2788 4204
302 249 377 286 236
893 246 1278 283 POSTERIORUM
1306 247 1738 286 ANALYTICORUM
1768 250 1861 286 LIB.
1894 252 1907 287 Ι

862 479 1165 536 LECTIO
1204 481 1873 562 VIGESIMAQUINT
1877 486 1936 541 A

724 622 809 662 DE
842 620 1256 661 DIFFERENTIA
1288 595 1878 667 DEMONSTRA'Tioms
1914 626 2074 678 QUJA

444 703 486 742 A
519 700 1092 742 DEMONSTRATIONE
1124 700 1423 741 PROPTER
1457 702 1615 754 QUID
1646 704 1707 744 IN
1741 705 2021 747 DIVERSIS
2056 706 2348 749 SCIENTIIS

610 780 748 821 SIVE
781 779 1308 829 SUBALTERNATIS,
1344 780 1483 822 SIVE
1514 782 1644 823 NON
1678 783 2187 828 SUBALTERNATIS

291 930 412 961 Ἀλλον
436 923 473 960 δὲ
491 925 618 970 τρόπον
643 921 792 970 διαφέρει
818 925 859 958 τό
880 921 971 958 διότι
989 927 1051 959 τοῦ
1070 924 1123 959 ὅτι
1145 925 1187 958 τὸ
1205 921 1242 957 δι’
1267 926 1369 964 ἄλλης

364 972 492 1009 ἑπιστῆ
518 984 556 1008 ης
584 970 745 1014 ἑκάτερον
771 969 916 1015 θεωρεῖν.
970 969 974 972 ’

298 1018 454 1050 Τοιαῦτα
487 983 516 1049 δῖ
547 1016 639 1048 ἐστὶν
668 1014 732 1047 ὅσα
769 1014 875 1053 οὕτως
902 1015 972 1059 ἔχει
1004 1014 1084 1059 πρὸς
1122 1015 1258 1052 ἄλληλα
1283 1013 1364 1047 ὥστ’

364 1060 450 1094 εἶναι
474 1060 617 1104 θάτερον
644 1060 709 1092 ὑπὸ
743 1058 909 1102 θάτερον,
946 1059 1014 1091 οἷον
1043 1059 1091 1092 τοὶ
1126 1060 1257 1092 ὂπτικοὶ
1289 1060 1369 1103 πρὸς

363 1108 574 1152 γεωμετρίαν
591 1106 650 1137 καὶ
668 1104 716 1137 τοὶ
732 1105 910 1149 μηχανικὰ
926 1104 1005 1148 πρός
1023 1107 1284 1148 στερεομετρίαν
1310 1107 1368 1136 καὶ

363 1151 412 1183 τοὶ
442 1150 608 1196 ἁρμονικοὶ
640 1149 720 1194 πρὸς
753 1148 978 1192 ἀριθμητικήν
1011 1151 1069 1181 καὶ
1102 1149 1149 1181 τοὶ
1180 1149 1368 1194 φαινόμενα

365 1195 444 1240 πρὸς
473 1193 736 1240 ἀστρολογικήν.

298 1235 422 1285 Σχεδὸν
449 1235 487 1273 δέ
511 1238 694 1283 συνώνυμοί
713 1239 793 1270 εἰσιν
812 1238 898 1269 ἔνιαι
919 1236 1051 1270 τούτων
1070 1239 1136 1270 τῶν
1156 1238 1365 1282 ἐπιστημῶν,

366 1286 432 1317 οἷον
466 1285 676 1329 ἀστρολογία
701 1282 723 1319 ἥ
749 1295 786 1315 τε
812 1281 1039 1326 μαθηματική
1070 1284 1129 1314 καὶ
1154 1283 1175 1318 ἢ
1201 1282 1366 1324 ναυτικὴ,

363 1332 422 1362 καὶ
438 1329 601 1374 ἁρμονική
619 1328 641 1365 ἥ
655 1340 693 1360 τε
708 1326 934 1371 μαθηματική
952 1329 1010 1358 καὶ
1026 1328 1046 1364 ἡ
1059 1327 1156 1359 xmae
1169 1326 1234 1363 τήν
1250 1327 1366 1365 ἀκοήν.

291 1373 470 1406 Ἐνταῦθα
497 1373 561 1420 γαρ
587 1373 629 1405 τὸ
654 1372 713 1416 μὲν
741 1371 795 1404 ὅτι
821 1371 887 1403 τῶν
914 1370 1119 1408 αἰσθητικῶν
1151 1366 1299 1413 εἰδέναι,
1326 1372 1367 1404 τὸ

362 1414 514 1451 δεδιότι
540 1419 606 1450 τῶν
640 1416 900 1462 μαθηματικῶν·
933 1415 1027 1447 οὗτοι
1060 1416 1124 1462 γάρ
1159 1415 1273 1460 ἔχουσι
1299 1417 1366 1448 τῶν

361 1464 479 1495 αἰτίων
506 1463 568 1500 τοὶς
597 1457 807 1502 ἀποδείξεις,
838 1462 897 1492 καὶ
924 1459 1088 1498 πολλάκις
1122 1460 1181 1492 οὐκ
1205 1462 1299 1492 ἴσασι
1325 1460 1366 1494 τό

365 1507 438 1549 ὅτι,
472 1507 627 1551 καθάπερ
660 1509 689 1538 οἱ
715 1506 757 1539 τὸ
787 1504 936 1537 καθόλου
965 1504 1167 1550 θεωροῦντες
1201 1505 1365 1543 πολλάκις

363 1553 437 1584 ἔνια
463 1553 529 1585 τῶν
554 1551 627 1583 καθ’
658 1550 806 1582 ἕκαστον
841 1550 901 1581 οὐκ
924 1551 1019 1582 ἴσασι
1043 1544 1080 1581 δι’
1111 1549 1363 1594 ἀνεπισκεψίαν.

355 1598 454 1629 Ἔστι
478 1593 516 1629 δὲ
543 1597 662 1629 ταῦτα
689 1594 753 1627 ὅσα
779 1594 894 1638 ἕτερόν
914 1606 949 1627 τι
975 1594 1061 1627 ὄντα
1087 1594 1151 1632 τὴν
1179 1594 1296 1627 οὐσίαν
1312 1595 1369 1628 κε’-

362 1654 490 1686 χρηται
518 1645 589 1679 τοῖς
623 1635 756 1672 εἴδεσιν.
795 1639 847 1671 Tot
870 1639 935 1685 γάρ
961 1638 1160 1684 μαθήματα
1193 1641 1267 1685 περὶ
1292 1635 1364 1678 εἴδη

363 1687 468 1718 ἐστίν·
504 1687 541 1718 οὐ
573 1685 620 1732 γοὶ
662 1683 736 1717 καθ’
770 1683 993 1727 ὑποκειμένου
1026 1684 1132 1722 τινός·
1159 1685 1186 1717 εὶ
1210 1685 1275 1731 γάρ
1307 1687 1366 1718 καὶ

355 1729 436 1762 ’καθ’
467 1732 687 1774 ὁποκειμενου
718 1728 807 1767 τινος
834 1728 883 1761 τοὶ
905 1729 1120 1775 γεωμετρικά
1145 1731 1258 1771 ἐστιν,
1287 1730 1361 1763 ἀλλ’

364 1775 400 1807 οὗ
452 1775 473 1818 ’ᾗ
498 1788 536 1822 γε
561 1773 636 1807 καθ’
667 1769 900 1818 ὑποκειμένου.

287 1821 382 1866 Ἔχει
407 1820 444 1853 ὸὲ
467 1823 526 1852 καὶ
552 1819 632 1864 πρὸς
658 1818 722 1855 τήν
750 1817 911 1859 ὀπτικήν,
931 1818 972 1856 ὠς
992 1817 1082 1856 αὕτη
1103 1819 1181 1863 πρὸς
1201 1819 1264 1856 τήν
1282 1831 1364 1865 γεω-

361 1868 516 1910 μετρίαν,
544 1864 629 1902 ἅλλη
657 1863 738 1907 πρὸς
757 1862 905 1903 ταύτην,
926 1863 995 1895 οἷον
1013 1863 1055 1896 τό
1073 1866 1147 1907 περὶ
1166 1864 1229 1902 τῆς
1248 1860 1366 1907 ἴριδος·

361 1910 402 1942 τὸ
427 1909 487 1954 μὲν
504 1910 569 1956 γοὶρ
589 1909 643 1942 ὅτι
660 1909 798 1952 φυσικοῦ
819 1902 959 1949 εἰδέναι,
981 1908 1022 1941 τό
1040 1903 1078 1940 δὲ
1094 1904 1186 1942 διότι
1205 1909 1364 1951 ὁπτικοῦ,

361 1953 382 1991 ἦ
410 1955 523 1992 ἁπλῶς
550 1953 571 1990 ἦ
595 1953 692 1986 κατοὶ
716 1953 757 1986 τό
782 1951 938 1997 μοίθημα.

294 2001 420 2031 Πολλαὶ
445 1995 483 2031 δὲ
506 2001 564 2031 καὶ
590 2000 656 2032 τῶν
682 1997 729 2042 μή
756 1998 813 2030 ὑπ’
844 1996 999 2035 ἀλλήλας
1019 1998 1142 2035 ἑπιστη
1172 1997 1247 2030 ῶνέ
1277 2010 1365 2031 ουσιν

362 2043 489 2085 οὕτως,
517 2045 585 2076 οἷον
610 2043 748 2087 ἰατρική
775 2042 856 2085 πρὸς
910 2044 1110 2087 εωμετρίαν·
1139 2054 1192 2075 οτι
1217 2054 1276 2087 μεν
1301 2043 1365 2089 γσὶρ

361 2088 409 2121 τοὶ
441 2087 519 2126 ἕλκη
553 2089 601 2121 τοὶ
631 2101 672 2121 πε
696 2088 789 2133 ιφερῆ
823 2053 1031 2133 βραδύτερον
1066 2086 1269 2134 ὑγιάζεται,
1302 2088 1365 2120 τοῦ

359 2133 482 2178 ἰατροῦ
508 2128 646 2175 εἰδέναι,
673 2100 764 2166 διότι
789 2126 827 2164 δὲ
851 2134 916 2166 τοῦ
941 2131 1147 2179 γεωμέτρου.

354 2238 502 2266 ΞΥΝοΡεῐε.
519 2254 554 2258 -
576 2247 599 2265 1.
614 2238 827 2274 Argumentum
849 2243 877 2264 et
898 2235 1001 2264 divisio
1022 2243 1125 2264 textus.
1142 2252 1161 2258 -
1175 2236 1293 2265 Thesis:
1316 2237 1366 2264 de-

293 2278 464 2306 monstratio
486 2278 552 2315 quia
573 2277 669 2306 differt
688 2286 705 2305 a
726 2276 975 2305 demonstratione
992 2282 1118 2314 propter
1132 2277 1210 2314 quid,
1228 2276 1314 2305 etiam
1337 2277 1367 2304 in

293 2318 410 2347 diversis
432 2318 564 2346 scientiis.
581 2335 600 2339 -
615 2325 642 2345 2.
659 2318 869 2345 Praenotamen
884 2316 1025 2353 primum:
1042 2317 1107 2344 Una
1121 2316 1240 2345 scientia
1254 2323 1297 2345 est
1311 2317 1366 2344 sub

293 2359 396 2393 altera,
418 2358 463 2386 vel
485 2357 553 2395 quia
574 2357 734 2386 subiectum
761 2357 847 2385 unius
875 2356 1011 2385 scientiae
1039 2363 1082 2384 est
1108 2357 1218 2393 species
1246 2356 1366 2385 subiecti

294 2398 450 2434 superioris
471 2397 622 2432 scientiae3
637 2397 682 2425 vel
697 2396 765 2434 quia
785 2396 946 2425 subiectum
969 2395 1112 2424 inferioris
1133 2396 1269 2425 scientiae
1284 2406 1366 2425 com-

294 2444 411 2474 paratur
431 2439 467 2466 ad
490 2437 650 2465 subiectum
672 2437 837 2473 superioris,
860 2437 933 2464 sicut
955 2436 1102 2464 materiale
1123 2437 1160 2464 ad
1182 2437 1312 2465 formale.
1334 2437 1367 2464 In

294 2479 351 2506 hoc
373 2478 500 2505 secundo
522 2487 608 2505 sensu
629 2477 766 2513 accipitur
780 2476 811 2504 in
825 2477 879 2504 hac
893 2476 1016 2505 lectione
1032 2485 1121 2504 unam
1139 2476 1290 2504 scientiam
1305 2485 1367 2504 esse

294 2518 348 2545 sub
369 2518 467 2545 altera.
480 2534 498 2538 -
511 2517 536 2545 3.
552 2519 763 2545 Praenotamen
778 2517 916 2544 alterum:
933 2516 1075 2544 Scientiae
1091 2516 1120 2544 in
1135 2517 1264 2544 secundo
1280 2525 1367 2544 sensu

295 2563 443 2593 acceptae,
466 2558 522 2585 hoc
544 2563 586 2585 est
607 2557 804 2591 subalternae,
831 2562 898 2584 sunt
927 2556 984 2584 fere
1005 2556 1147 2584 univocae
1168 2556 1205 2584 ad
1227 2555 1366 2590 invicem,

436 2684 447 2696 .
494 2665 732 2706 ⁴„ostquam
762 2656 927 2693 ostendit
960 2657 1218 2705 Philosophus
1247 2657 1364 2706 quali-

546 2718 611 2747 ter
640 2709 913 2747 demonstratio
944 2710 1033 2758 quia
1064 2709 1190 2746 differt
1207 2710 1227 2730 *
1252 2722 1274 2746 a
1300 2710 1364 2747 de-

467 2790 470 2791 r
502 2765 510 2782 ⁴·
556 2763 827 2800 monstratione
850 2769 1008 2811 propter
1036 2763 1127 2811 quid
1153 2763 1191 2799 in
1226 2763 1363 2800 eadem

357 2844 368 2850 ε
412 2812 731 2862 ‘'fv-'scientim
762 2816 823 2853 hic
858 2816 1023 2853 ostendit
1059 2816 1260 2864 quomodo
1297 2816 1364 2853 dif-

57 2884 267 2915 mmmm-ffe-
296 2871 366 2907 fert
384 2870 403 2890 '¹‘
422 2869 460 2905 in
481 2869 639 2907 diversis
668 2869 843 2907 scientiis.
875 2871 923 2907 Et
948 2869 1046 2906 circ'a
1065 2870 1140 2906 hoc
1160 2869 1237 2906 duo
1264 2868 1362 2906 facit.

56 2911 268 2939 ''⁴'‘“ffl‘d'fferas'
296 2924 438 2969 Primo,
460 2923 639 2972 proponit
658 2923 856 2970 intentum,
875 2923 1004 2960 dicens
1019 2922 1125 2971 quod
1140 2922 1213 2959 alio
1242 2922 1363 2960 modo

56 2728 65 2737 '
76 2733 106 2748 m·
113 2734 118 2748 ε
134 2726 237 2754 differat.

297 2990 318 3014 a
336 2976 537 3026 praedictis
558 2977 683 3014 differt
695 2982 853 3025 propter
872 2977 962 3025 quid
979 2976 1028 3012 ab
1046 2973 1131 3024 ipso
1152 2975 1253 3024 quia,
1274 2983 1372 3024 pro-'

56 3045 126 3065 um:
138 3049 184 3071 per
198 3043 249 3064 noc.
295 3038 379 3079 pter
393 3030 413 3051 *
427 3030 502 3066 hoc
522 3030 627 3079 quod
646 3030 684 3067 in
705 3030 863 3067 diversis
884 3029 1046 3066 scientiis
1063 3028 1362 3076 considerantur,

296 3084 393 3121 idest
422 3083 527 3132 quod
547 3083 596 3120 ad
614 3096 733 3120 unam
754 3083 949 3120 scientiam
978 3082 1142 3131 pertinet
1161 3082 1256 3119 scire
1270 3093 1362 3130 pro—

155 3156 172 3172 α
290 3143 376 3186 pter
386 3137 485 3185 quid,
503 3144 539 3173 et
549 3137 598 3174 ad
609 3137 722 3174 aliam
738 3136 933 3174 scientiam
948 3135 1111 3185 pertinet
1126 3134 1220 3172 scire
1236 3135 1360 3184 quia⁰‘.

349 3273 378 3312 α)
396 3276 440 3302 Ad
453 3284 532 3301 unam
547 3276 682 3302 scientiam
691 3277 810 3308 pertinet
822 3276 890 3301 scire
903 3281 975 3300 etc.—
986 3276 1033 3300 Est
1051 3276 1126 3301 lectio
1145 3276 1262 3300 omnium
1283 3275 1366 3306 codd.‚

296 3318 402 3345 excepto
421 3312 457 3342 G,
477 3312 521 3345 qui
541 3319 600 3336 cum
620 3312 698 3336 Pinna
717 3311 790 3344 legit:
811 3311 848 3336 ad
867 3318 946 3336 unam
966 3311 1103 3336 scientiam
1119 3311 1238 3343 pertinet
1251 3314 1367 3343 propter

296 3348 367 3380 quid,
381 3351 407 3372 et
422 3348 459 3372 ad
471 3348 551 3372 aliam
571 3347 707 3372 scientiam
727 3347 798 3379 quia.
813 3347 894 3371 Codd.
910 3347 1113 3371 CEHILMNOR
1128 3347 1215 3371 minus
1230 3348 1309 3371 bene:
1329 3347 1367 3371 ad

296 3383 377 3407 aliam
402 3383 546 3412 scientiam,
566 3383 666 3407 omisso
681 3385 707 3407 et
713 3389 722 3411 ;
740 3390 848 3412 omnes,
867 3390 921 3407 exc.
935 3382 1022 3412 GQR,
1042 3383 1163 3407 omittunt
1182 3382 1296 3406 secunda
1309 3381 1366 3406 vice

295 3418 448 3447 scientiam
477 3418 587 3450 denique
614 3417 669 3442 ST:
694 3417 763 3442 scire
781 3418 844 3450 quia
867 3417 995 3449 pertinet.
1020 3417 1223 3449 Adoptavimus‚
1246 3417 1366 3449 pertinet

296 3453 376 3482 scire,
396 3453 429 3477 ob
449 3453 502 3478 fere
517 3454 666 3478 unanimem
679 3453 754 3477 codd.
769 3453 954 3482 auctoritatem,
970 3453 1033 3485 quin
1048 3458 1135 3477 tamen
1157 3452 1262 3477 Pianam
1277 3453 1363 3477 minus

296 3493 392 3512 rectam
412 3489 540 3513 dicamus:
565 3489 659 3512 etenim
680 3496 701 3513 s.
715 3488 832 3513 Thomas
857 3487 905 3513 hac
924 3488 1001 3512 etiam
1027 3487 1110 3512 forma
1129 3488 1222 3518 utitur,
1244 3487 1363 3520 pertinet

292 3526 406 3554 propter
424 3523 494 3555 quid,
511 3523 630 3555 pertinet
648 3523 718 3555 quia.

351 3554 376 3592 β)
392 3558 512 3588 Qualiter
529 3565 556 3583 se
576 3558 690 3583 habeant
701 3558 826 3583 scientiae
841 3558 878 3583 ad
894 3558 1004 3583 invicem
1018 3563 1066 3582 etc.
1076 3558 1138 3582 —-*lta
1153 3557 1230 3582 Pinna
1241 3565 1302 3582 cum
1317 3565 1360 3582 co-

298 3593 352 3617 dice
366 3594 397 3618 G.
412 3594 461 3617 Alii
476 3593 577 3618 codices
591 3593 744 3618 unanimiter
759 3594 859 3626 legunt:
875 3593 990 3626 qualiter
1003 3600 1030 3618 se
1045 3593 1160 3618 habeant
1177 3593 1305 3618 scientiae
1324 3592 1362 3617 ad

1391 2235 1397 2593 Ι

1423 927 1441 946 *
1452 928 1527 958 Alio
1550 935 1658 959 autem
1674 929 1774 960 modo
1795 929 1896 961 differt
1914 938 2044 971 propter
2060 932 2138 973 quid
2154 933 2193 963 ab
2212 932 2283 973 ipso
2303 933 2390 974 quia,
2406 935 2496 975 quod

1491 979 1538 1003 est
1561 983 1617 1013 per
1640 973 1734 1004 aliam
1757 974 1920 1005 scientiam
1943 982 2117 1017 utrumque
2140 977 2306 1017 speculari.
2381 975 2384 978 ⁴

1423 1017 1620 1048 Huiusmodi
1644 1025 1752 1049 autem
1775 1026 1850 1050 sunt
1867 1029 2090 1061 quaecumque
2106 1021 2150 1052 sic
2168 1031 2201 1052 se
2220 1021 2338 1053 habent
2359 1022 2399 1052 ad
2415 1022 2495 1054 invi-

1491 1072 1575 1100 cem,
1601 1063 1692 1103 quod
1714 1063 1850 1094 alterum
1873 1065 1932 1095 sub
1956 1065 2054 1096 altero
2084 1073 2146 1096 est:
2168 1073 2204 1097 ut
2235 1066 2428 1107 speculativa
2455 1067 2495 1098 ad

1489 1107 1712 1146 geometriam,
1733 1114 1763 1138 et
1786 1108 1996 1140 machinativa
2018 1110 2059 1140 ad
2082 1110 2348 1150 stereometriam,
2372 1117 2403 1142 et
2424 1111 2494 1142 har-

1491 1151 1618 1182 monica
1641 1152 1681 1182 ad
1705 1152 1945 1192 arithmeticam,
1960 1160 1991 1185 et
2010 1154 2192 1195 apparentia
2216 1155 2256 1184 ad
2278 1155 2493 1196 astrologiam.

2524 944 2534 956 ⁸
2545 944 2599 973 Seq.
2610 950 2662 973 cap.
2674 951 2723 968 m.

2524 975 2546 993 et
2559 974 2616 993 text.
2627 977 2664 1000 3⁰.

2532 1026 2788 1132 7534&

1422 1239 1500 1270 Fere
1524 1246 1632 1270 autem
1655 1240 1809 1271 univocae
1842 1249 1916 1272 sunt
1946 1242 2060 1273 harum
2084 1243 2242 1283 quaedam
2272 1243 2493 1276 scientiarum:
2540 1235 2543 1238 ¹

1490 1291 1525 1315 ut
1548 1284 1717 1325 astrologia
1740 1285 1962 1317 mathematica
1984 1294 2015 1317 et
2037 1297 2120 1327 quae
2143 1287 2261 1318 navalis
2285 1294 2346 1326 est,
2372 1294 2403 1318 et
2425 1288 2494 1318 har-

1489 1329 1616 1359 monica
1642 1329 1863 1360 mathematica
1887 1337 1917 1362 et
1939 1341 2022 1371 quae
2045 1338 2091 1362 est
2114 1332 2293 1362 secundum
2315 1332 2471 1363 auditum.

1422 1373 1495 1403 Hoc
1519 1373 1605 1403 enim
1633 1373 1741 1414 ipsum
1769 1374 1846 1415 quia
1872 1375 2069 1406 sensibilium
2092 1382 2138 1406 est
2167 1376 2262 1415 scire;
2287 1377 2342 1406 sed
2365 1379 2495 1417 propter

1489 1417 1568 1458 quid
1590 1418 1903 1450 mathematicorum:
1930 1420 1962 1450 hi
1987 1420 2073 1450 enim
2100 1420 2217 1452 habent
2246 1430 2413 1452 causarum
2443 1421 2494 1452 de-

1489 1462 1746 1506 monstrationes,
1763 1469 1794 1494 et
1816 1463 1980 1495 multoties
2003 1464 2147 1496 nesciunt
2170 1465 2278 1506 ipsum
2301 1465 2392 1506 quia;
2413 1465 2495 1497 sicut

1490 1505 1664 1537 universale
1681 1507 1913 1540 considerantes
1929 1508 2091 1540 multoties
2110 1510 2268 1550 quaedam
2287 1509 2495 1550 singularium

1489 1551 1645 1589 nesciunt,
1662 1559 1792 1592 propter
1814 1552 1847 1582 id
1870 1553 1960 1593 quod
1989 1563 2056 1584 non
2078 1553 2257 1585 intendunt.
2283 1554 2364 1586 Sunt
2386 1561 2495 1586 autem

1490 1595 1549 1626 hae
1572 1605 1783 1637 quaecunque
1803 1597 1938 1628 alterum
1957 1597 2111 1638 quiddam
2134 1606 2209 1629 sunt
2227 1599 2406 1629 secundum
2421 1599 2494 1630 sub-

1489 1640 1650 1679 stantiam,
1671 1647 1702 1671 et
1717 1647 1851 1672 utuntur
1867 1641 2041 1682 speciebus.
2057 1642 2297 1674 Mathematicae
2313 1642 2400 1673 enim
2414 1643 2495 1675 circa

1490 1685 1610 1725 species
1633 1692 1718 1724 sunt,
1735 1695 1801 1716 non
1825 1686 1911 1716 enim
1933 1686 1973 1717 de
1997 1686 2138 1718 subiecto
2162 1687 2288 1728 aliquo:
2306 1687 2332 1718 si
2355 1687 2441 1727 enim
2464 1694 2495 1719 et

1489 1730 1527 1760 de
1551 1729 1693 1761 subiecto
1709 1730 1818 1771 aliquo
1833 1731 2043 1771 geometricae
2059 1738 2143 1771 sunt,
2161 1732 2216 1762 sed
2232 1741 2299 1762 non
2317 1732 2495 1763 secundum

1489 1775 1579 1815 quod
1602 1774 1640 1805 de
1664 1775 1806 1805 subiecto
1831 1782 1914 1806 sunt.
2158 1811 2162 1815 ,

1421 1819 1526 1850 Habet
1541 1825 1649 1850 autem
1665 1829 1698 1850 se
1714 1820 1754 1850 ad
1769 1819 2009 1860 perspectivam,
2027 1819 2107 1851 sicut
2126 1820 2204 1851 haec
2219 1820 2259 1851 ad
2275 1820 2494 1861 geometriam,

1489 1870 1519 1894 et
1534 1863 1594 1894 alia
1617 1864 1658 1894 ad
1679 1863 1783 1902 istam,
1804 1870 1840 1895 ut
1854 1864 1887 1894 id
1906 1864 1996 1905 quod
2012 1870 2059 1895 est
2074 1865 2113 1895 de
2129 1864 2220 1895 iride:
2238 1865 2347 1905 ipsum
2361 1865 2494 1906 quidem

1489 1908 1564 1949 quia
1586 1908 1709 1949 physici
1725 1915 1772 1939 est
1794 1908 1888 1947 scire;
1908 1909 1963 1939 sed
1983 1915 2113 1950 propter
2128 1909 2206 1950 quid
2226 1909 2423 1950 perspectivi,
2440 1916 2495 1941 aut

1488 1952 1680 1993 simpliciter,
1705 1959 1760 1984 aut
1782 1953 1961 1984 secundum
1983 1953 2170 1984 doctrinam.

1421 1997 1541 2029 Multae
1564 2003 1672 2028 autem
1696 2003 1727 2027 et
1749 2007 1815 2027 non
1839 1997 1898 2028 sub
1927 1997 2062 2028 invicem
2093 1997 2294 2028 scientiarum
2320 1997 2438 2030 habent
2461 2008 2493 2030 se

1488 2041 1552 2080 sic,
1576 2048 1612 2072 ut
1644 2041 1799 2072 medicina
1822 2042 1862 2072 ad
1885 2042 2111 2082 geometriam:
2143 2042 2233 2083 quod
2256 2042 2342 2073 enim
2363 2042 2495 2074 vulnera

1489 2085 1650 2117 circularia
1673 2086 1926 2117 tardesanentur
1948 2085 2063 2117 medici
2087 2093 2134 2118 est
2156 2086 2234 2118 scire
2252 2086 2345 2128 quia,
2364 2093 2495 2128 propter

1490 2130 1568 2172 quid
1591 2137 1699 2161 autem
1719 2137 1909 2171 geometrae.

1422 2242 1564 2273 quatenus
1585 2242 1613 2265 et
1634 2235 1852 2265 communicant
1873 2236 1903 2264 in
1924 2235 2045 2264 nomine
2065 2235 2187 2273 generis,
2209 2241 2238 2265 et
2258 2241 2291 2264 ut
2310 2235 2341 2265 in
2361 2235 2494 2273 pluribus

1421 2275 1452 2304 in
1472 2276 1592 2304 nomine
1613 2275 1727 2313 speciei.
1743 2293 1763 2298 -
1781 2286 1809 2311 4.
1832 2277 1864 2304 In
1886 2275 2011 2304 scientiis
2031 2275 2220 2311 subalternis,
2241 2275 2405 2313 superiores
2425 2277 2493 2305 sub-

1421 2316 1596 2345 alternantes
1618 2317 1818 2345 demonstrant
1834 2321 1961 2354 propter
1974 2316 2053 2354 quid,
2074 2316 2132 2344 hoc
2145 2322 2188 2344 est
2205 2315 2346 2353 principia
2361 2315 2494 2346 formalia

1421 2355 1590 2384 inferiorum
1605 2355 1789 2384 scientiarum
1804 2356 2075 2392 subaltematarum,
2095 2365 2170 2393 quae
2184 2355 2252 2384 ideo
2265 2355 2411 2393 accipiunt
2421 2365 2493 2394 pro—

1412 2397 1487 2434 'pter
1508 2396 1577 2434 quid
1597 2405 1615 2424 a
1636 2395 1902 2424 subalternantibus
1916 2402 1944 2425 et
1959 2395 2104 2433 applicant
2123 2396 2161 2425 ad
2175 2394 2412 2433 cognoscendum
2426 2396 2493 2434 quia

1421 2435 1531 2473 proprii
1552 2435 1683 2464 subiecti.
1694 2453 1714 2458 -
1730 2436 1756 2464 5.
1775 2436 1886 2464 Eadem
1901 2435 2013 2464 ratione
2027 2435 2146 2464 scientia
2161 2435 2280 2465 inferior
2293 2442 2436 2473 quatenus
2450 2442 2494 2465 est

1422 2476 1623 2504 subalternans
1637 2482 1768 2512 respectu
1789 2475 1906 2504 alterius
1920 2475 2065 2511 scientiae,
2081 2476 2260 2504 demonstrat
2277 2481 2403 2514 propter
2423 2475 2494 2513 quid

1423 2515 1508 2544 huius
1522 2515 1664 2544 inferioris
1686 2515 1907 2544 subalternatae.
1919 2532 1936 2537 -
1951 2516 1979 2544 6.
1995 2515 2138 2543 Differunt
2154 2521 2281 2553 propter
2300 2515 2370 2553 quid
2383 2521 2411 2544 et
2425 2515 2493 2554 quia

1423 2555 1509 2584 etiam
1529 2555 1560 2583 in
1580 2555 1700 2584 diversis
1721 2555 1846 2583 scientiis
1867 2564 1929 2583 non
1945 2554 2155 2584 subalternatis.
2188 2561 2191 2563 “

1474 2656 1654 2694 Secundo
1675 2669 1764 2693 cum
1786 2656 1889 2694 dicit:
1909 2656 2144 2693 Huiusmodi
2160 2661 2285 2692 autem
2299 2661 2388 2692 sunt
2405 2663 2489 2702 etc.,

1420 2709 1635 2746 manifestat
1647 2709 1901 2758 propositum.
1919 2710 1968 2746 Et
1983 2708 2082 2746 circa
2100 2709 2175 2745 hoc
2195 2709 2273 2746 duo
2293 2708 2399 2745 facit:
2415 2708 2490 2758 pri·

1419 2774 1498 2809 mo,
1511 2762 1726 2799 manifestat
1739 2762 1980 2811 propositum
1996 2762 2035 2799 in
2049 2761 2224 2809 scientiis,
2237 2774 2401 2811 quarum
2411 2773 2491 2800 una

1420 2822 1475 2852 est
1489 2816 1560 2852 sub
1575 2816 1703 2861 altera;
1715 2815 1898 2861 secundo,
1911 2815 1949 2852 in
1960 2815 2135 2862 scientiis,
2149 2827 2311 2864 quarum
2322 2827 2400 2852 una
2410 2827 2491 2852 non

1420 2876 1475 2905 est
1503 2869 1574 2906 sub
1604 2869 1738 2914 altera;
1768 2868 1831 2905 ibi:
1856 2868 2006 2905 Multae
2034 2874 2159 2905 autem
2188 2880 2262 2910 non
2291 2868 2395 2906 sibi·
2417 2875 2488 2906 etc.

1419 2921 1531 2959 Circa
1557 2921 1727 2970 primum
1757 2921 1834 2959 duo
1864 2921 1970 2958 facit:
2000 2922 2139 2970 primo,
2174 2920 2340 2959 ostendit
2371 2921 2490 2971 quali-

1417 2981 1482 3012 ter·
1501 2987 1543 3012 se
1571 2975 1738 3012 habeant
1756 2974 1934 3012 scientiae
1955 2974 2004 3012 ad
2023 2974 2202 3022 invicem,
2222 2975 2392 3024 'quarum
2410 2987 2489 3012 una

1419 3035 1476 3065 est
1494 3028 1564 3065 sub
1594 3028 1720 3075 altera,
1751 3028 1800 3065 ad
1820 3040 1983 3077 quarum
2011 3040 2130 3065 unam
2149 3028 2312 3078 pertinet
2331 3033 2491 3077 propter

1418 3081 1518 3130 quid,
1540 3081 1589 3118 ad
1609 3081 1767 3118 alteram
1787 3088 1916 3118 autem
1943 3082 2033 3130 'quia
2052 3079 2090 3126 Ρς
2121 3081 2304 3128 secundo,
2325 3080 2490 3119 ostendit

1418 3134 1618 3183 quomodo
1647 3134 1685 3171 in
1713 3134 1916 3183 praedictis
1945 3134 2108 3172 scientiis
2137 3134 2187 3172 ad
2214 3146 2333 3172 unam
2354 3145 2488 3172 earum

1421 3275 1540 3304 invicem,
1555 3275 1593 3300 ad
1606 3282 1720 3308 quarum
1735 3282 1816 3300 unam
1827 3275 1945 3307 pertinet
1955 3278 2070 3307 propter
2082 3274 2154 3308 quid,
2169 3274 2438 3307 (BCDELMNQRST
2450 3274 2487 3307 et)

1420 3310 1458 3335 ad
1475 3311 1588 3336 alteram
1609 3310 1661 3343 (G:
1680 3310 1718 3335 ad
1735 3310 1833 3342 aliam)
1853 3310 1953 3343 quia.—
1964 3311 2038 3341 Quae
2049 3318 2113 3335 vero
2128 3315 2275 3343 sequuntur
2289 3310 2417 3342 (secundo
2427 3310 2487 3341 etc.)

1420 3346 1470 3370 sub
1483 3346 1560 3371 variis
1579 3345 1670 3371 formis
1685 3353 1699 3370 a
1714 3345 1845 3370 codicibus
1860 3346 2039 3379 proferuntur:
2053 3346 2091 3370 Αι
2106 3345 2132 3371 in
2148 3345 2265 3371 secunda
2279 3348 2361 3377 parte
2369 3344 2489 3370 ostendit

1419 3382 1535 3414 qualiter
1550 3381 1585 3411 in,
1600 3386 1649 3406 cet.
1667 3386 1697 3406 ut
1715 3381 1749 3412 P;
1769 3381 1803 3405 B:
1822 3381 1938 3406 secundo
1957 3381 2074 3406 ostendit
2092 3381 2119 3406 in
2138 3387 2191 3413 qua
2206 3381 2314 3406 illarum
2327 3380 2364 3406 sit
2378 3380 2486 3405 demon-

1418 3417 1516 3442 stratio
1534 3416 1605 3449 quia,
1625 3419 1652 3441 et
1666 3416 1692 3441 in
1708 3423 1760 3449 qua
1775 3416 1810 3441 sit
1824 3416 2018 3441 demonstratio
2032 3419 2147 3448 propter
2165 3415 2230 3449 quid
2235 3422 2244 3445 ,·
2258 3415 2282 3440 G
2295 3415 2410 3440 secundo
2430 3421 2486 3439 ma—

1419 3452 1528 3485 nifestat
1546 3452 1705 3484 quomodo...
1724 3451 1762 3476 ad
1779 3451 1862 3476 aliam
1878 3452 1996 3484 pertinet
2008 3451 2071 3484 quia
2085 3454 2111 3476 et
2123 3451 2161 3476 ad
2178 3451 2260 3476 aliam
2275 3453 2390 3483 propter
2407 3449 2486 3483 quid,-

1418 3486 1678 3517 CDEHILNOQST:
1693 3487 1809 3512 secundo
1822 3487 1940 3512 ostendit
1953 3487 2013 3518 (10,
2028 3486 2192 3520 manifestat)
2206 3485 2340 3518 quomodo
2354 3485 2392 3510 ad
2403 3492 2484 3510 unam

1416 3529 1508 3547 earum
1524 3522 1644 3554 pertinet
1657 3525 1772 3554 propter
1786 3522 1859 3557 quid,
1874 3522 1911 3547 ad
1924 3521 2010 3555 (10Q,
2025 3524 2052 3547 et
2063 3521 2116 3554 ad)
2129 3521 2243 3546 alteram
2257 3520 2321 3554 quia
2329 3527 2338 3549 ,·
2351 3520 2377 3545 Μ
2391 3520 2485 3544 omittit

1415 3557 1478 3582 haec
1496 3557 1598 3587 omnim
1618 3557 1654 3582 R:
1673 3557 1789 3582 secundo
1808 3557 1962 3591 manifestat
1975 3557 2025 3582 hoe
2043 3557 2070 3582 in
2086 3555 2234 3588 praedictis
2247 3555 2364 3581 scientiis
2380 3554 2483 3587 (ceteris

1415 3593 1531 3625 omissis)
1551 3592 1622 3625 quia,
1643 3592 1686 3622 ibi,
1707 3597 1755 3617 etc.
2070 3606 2071 3609 =

2534 2045 2776 2138 uest

2517 2877 2530 2888 ³
2539 2877 2611 2900 Num.
2621 2876 2645 2900 6.
