2548 4192
929 241 985 277 IN
1014 241 1052 277 S.
1074 240 1316 277 THOMAM
1343 240 1668 287 AQUINATEM

265 319 417 360 Agnitam
435 319 474 349 ab
494 325 622 349 auctore
645 318 943 359 Areopagiticorum
962 317 1049 349 hanc
1062 318 1268 360 efficientiam

199 374 287 395 mere
308 363 451 394 divinam
475 362 589 393 fatetur
611 363 814 403 Lequienus,
839 373 937 404 quam
961 363 1106 394 Christus
1130 373 1268 393 commu-

198 418 271 439 nem
288 417 359 438 cum
378 407 477 438 Patre
495 412 526 437 et
543 406 668 446 Spiritu
693 412 805 437 sancto
821 407 945 438 habeat.
970 407 1122 445 Alteram,
1140 407 1183 437 ait
1205 407 1268 446 ille,

197 453 237 483 ab
261 452 376 483 eodem
398 457 527 481 auctore
551 450 702 490 distingui
726 457 756 481 et
779 451 929 491 appellari
957 451 1266 490 humano-divinam,

199 506 282 538 quae
298 505 356 527 nec
373 496 466 526 Patri
482 504 540 526 nec
557 494 694 535 Spiritui
711 500 823 526 sancto
840 496 1017 526 communis
1032 500 1100 526 est:
1118 495 1207 536 quod
1222 506 1268 526 re-

198 546 330 581 pugnat,
354 539 469 580 inquit,
493 538 668 569 inviolabili
692 539 853 569 doctrinae
876 539 1044 578 Ecclesiae,
1059 549 1141 580 quae
1165 540 1266 571 tradit:

198 591 324 615 externa
346 583 476 625 quaevis
492 582 623 614 Deitatis
647 592 744 623 opera
767 581 892 626 (omnia
914 590 1023 614 autem
1041 593 1138 624 opera
1161 591 1268 615 nostra

198 634 230 659 et
251 628 319 668 ipse
343 633 492 668 operatur
514 625 616 669 Deus)
640 626 740 657 tribus
763 627 906 667 personis
929 627 1059 668 perinde
1083 629 1268 660 communia

197 682 276 703 esse.
302 672 418 712 Magna
440 671 515 702 latet
538 670 769 712 aequivocatio,
793 671 826 701 in
850 682 948 713 quarn
976 671 1121 702 incidisse
1144 672 1268 704 videtur

195 716 245 747 vir
268 716 480 747 doctissimus.
505 715 733 746 Animadverto
757 715 913 746 humanas
934 716 1134 756 operationes
1150 716 1268 748 Christi

196 760 260 791 hoc
282 760 356 791 loco
380 760 418 790 ab
442 759 499 790 illo
523 766 651 790 auctore
675 760 825 800 appellari
843 760 1136 798 humano-divinas,
1153 762 1268 792 eodem

195 805 292 846 plane
315 814 409 835 sensu
433 814 500 845 quo
524 803 598 834 alibi
622 804 747 834 vocavit
770 814 821 835 eas
843 805 1034 835 Deiviriles:
1049 811 1161 845 utpote
1186 816 1267 847 quae

195 859 215 880 a
237 855 349 879 natura
372 848 513 879 humana
535 848 623 879 velut
645 848 802 888 principio
827 848 952 879 formali
976 849 1172 889 procedunt,
1197 857 1227 881 et
1250 862 1268 882 a

196 897 333 934 persona
348 892 455 923 divina
470 899 635 933 tamquam
652 892 820 933 supposito
837 900 964 933 agente;
981 899 1056 924 sunt
1071 893 1157 924 enim
1172 895 1268 926 actio-

197 942 253 968 nes
277 937 504 978 passionesque
535 937 787 978 suppositorum.
817 937 959 968 Rursum
981 937 1209 976 animadverto,
1235 941 1268 971 in

195 982 283 1012 hisce
305 981 581 1012 humano-divinis
608 981 846 1021 operationibus
875 981 1042 1022 quidpiam
1072 991 1156 1020 esse,
1179 985 1269 1023 quod

196 1025 411 1057 sanctissimae
443 1025 590 1056 Trinitati
620 1034 793 1056 commune
832 1031 897 1063 est,
922 1035 1038 1065 nempe
1070 1025 1269 1059 efficientiam

196 1070 304 1109 illam,
335 1080 400 1111 qua
424 1069 537 1101 dicitur
559 1069 646 1100 Deus
670 1067 779 1099 omnia
802 1079 899 1109 opera
922 1075 1030 1099 nostra
1052 1069 1190 1109 operari:
1214 1072 1269 1103 sed

199 1114 295 1145 etiam
313 1113 479 1155 quidpiam
502 1113 625 1144 admitti
648 1119 811 1153 oportere,
836 1113 926 1154 quod
949 1119 1030 1143 esset
1051 1114 1147 1144 Verbi
1171 1115 1268 1146 divini

197 1157 385 1199 proprium,
409 1157 499 1188 cuius
527 1157 648 1187 ratione
681 1156 842 1187 dicebatur
864 1157 918 1187 ille
945 1157 979 1187 in
1002 1157 1198 1190 humanitate
1222 1170 1269 1190 as-

197 1207 326 1242 sumpta
348 1201 532 1241 intelligere,
555 1200 647 1239 velle,
672 1201 799 1239 esurire,
819 1200 914 1239 sitire,
938 1200 1040 1239 edere,
1060 1201 1176 1242 bibere,
1192 1204 1268 1244 pati;

196 1255 265 1277 non
287 1246 365 1276 item
386 1246 488 1284 Pater,
507 1255 574 1275 non
598 1245 732 1285 Spiritus
754 1251 892 1275 sanctus.
909 1244 996 1275 Haec
1019 1245 1090 1276 trita
1114 1254 1161 1278 est
1182 1248 1269 1288 apud

195 1289 366 1331 theologos
381 1289 532 1320 doctrina.
551 1289 696 1330 Sylvium
710 1289 818 1320 audire
828 1288 919 1319 liceat
929 1289 969 1319 111
985 1299 1064 1329 pan,
1075 1299 1195 1330 quaest.
1206 1303 1268 1331 xrx,

197 1341 254 1366 art.
277 1342 302 1365 1:
320 1347 336 1368 ,ς
348 1336 392 1365 At
407 1334 496 1365 dices
507 1332 570 1374 (sic
591 1333 757 1376 opponit).·
776 1333 915 1364 actiones
934 1333 975 1364 ad
989 1340 1074 1364 extra
1093 1343 1167 1367 sunt
1182 1346 1269 1367 com-

201 1391 217 1407 »
239 1388 353 1409 munes
375 1378 435 1409 toti
458 1377 623 1409 Trinitati:
639 1378 715 1408 tales
738 1384 847 1409 autem
866 1384 953 1408 erant
976 1377 1135 1410 humanae
1158 1391 1269 1421 opera-

200 1435 217 1451 »
238 1422 342 1454 tiones
361 1422 498 1454 Christi:
520 1432 652 1462 ergo...-
669 1422 764 1463 Resp.
782 1432 853 1462 neg.
874 1421 912 1453 C.
931 1422 1095 1460 Quoniam
1110 1424 1270 1456 humanae

198 1479 216 1495 2
238 1466 356 1498 Christi
379 1466 580 1507 operationes
604 1473 692 1497 erant
714 1467 846 1508 quidem
870 1476 1059 1498 communes
1083 1469 1141 1499 toti
1165 1469 1270 1500 Trini-

175 1541 179 1543 r
197 1523 216 1540 ι
237 1511 303 1550 tati,
319 1511 510 1552 inquantum
535 1520 572 1541 ex
596 1521 642 1549 ea,
658 1511 746 1542 velut
769 1521 863 1542 causa
881 1511 1094 1552 principaliter
1117 1513 1270 1545 efficiente

199 1568 216 1584 2
238 1555 466 1596 procedebant;
485 1555 636 1596 peculiari
659 1562 766 1586 tamen
789 1555 895 1596 aliqua
918 1555 1039 1586 ratione
1058 1558 1271 1597 procedebant

179 1630 182 1632 .
198 1612 216 1628 ιν
237 1610 256 1631 a
279 1599 419 1639 Christo,
437 1599 614 1631 secundum
629 1610 729 1641 quam
747 1610 814 1630 non
833 1600 1046 1640 procedebant
1061 1611 1079 1631 a
1094 1602 1197 1641 Patre,
1212 1613 1270 1634 nec

200 1656 216 1672 ›
239 1654 257 1675 a
280 1643 399 1684 Spiritu
423 1651 542 1675 sancto.
563 1644 648 1681 Quia
674 1643 819 1675 Christus
843 1645 1032 1685 operabatur
1057 1655 1109 1677 eas
1137 1657 1194 1687 per
1216 1657 1270 1678 na-

199 1701 216 1716 »
238 1695 343 1719 turam
366 1688 561 1727 humanam,
586 1688 645 1719 sibi
668 1687 755 1729 (non
771 1689 874 1726 Patri,
896 1687 1120 1730 non'Spiritui
1137 1691 1269 1734 sancto)

200 1745 216 1761 ι
238 1732 435 1774 hypostatice
467 1732 610 1771 unitam;
634 1743 670 1763 ac
693 1743 750 1773 per
782 1742 980 1774 consequens
1012 1734 1151 1766 Persona
1175 1736 1270 1767 Verbi

199 1789 216 1805 ν
238 1775 320 1818 (non
329 1777 438 1814 Pater,
456 1786 519 1807 non
536 1777 677 1817 Spiritus
691 1776 840 1819 sanctus)
851 1783 916 1807 erat
932 1787 1026 1808 causa
1040 1779 1185 1818 proxima
1200 1780 1269 1811 illas

197 1833 215 1849 ν
238 1820 364 1852 eliciens
387 1830 444 1861 per
466 1827 613 1852 naturam
628 1820 814 1860 humanam,
831 1831 930 1862 quam
948 1822 1155 1862 terminabat;
1175 1831 1270 1866 atque

197 1877 215 1893 π
237 1865 280 1895 ita
303 1865 449 1895 dicebant
470 1865 676 1896 intrinsecum
699 1865 845 1896 ordinem
865 1865 904 1895 ad
923 1865 1165 1906 humanitatem,
1181 1876 1216 1900 ut
1230 1869 1270 1899 ad

199 1921 216 1937 ι
237 1908 430 1950 principium
453 1919 520 1950 quo
544 1907 689 1951 (agitur)
707 1915 738 1940 et
761 1909 801 1940 ad
823 1909 966 1941 Verbum
981 1910 1170 1944 humanitati
1190 1923 1264 1944 con-

175 1948 177 1951 *
199 1965 215 1981 ›
237 1953 394 1992 iunctum,
419 1959 455 1984 ut
477 1953 517 1983 ad
540 1953 734 1994 principium
757 1953 846 1995 quod
865 1952 978 1997 (agit).
1000 1968 1014 1983 ιι

265 1997 302 2028 Id
324 2007 427 2028 unum
451 1997 543 2028 docet
566 2005 676 2029 auctor
689 1998 996 2039 Areopagiticorum.
1021 2000 1076 2031 Ait
1089 2001 1151 2032 ille:
1166 2002 1269 2033 Porro

194 2051 218 2073 a
241 2041 470 2083 benignissima
494 2052 576 2084 erga
599 2052 658 2073 nos
681 2042 854 2084 efficientia
877 2043 987 2075 divina
1011 2042 1107 2087 (quae
1125 2046 1184 2077 toti
1199 2046 1269 2077 Tri-

193 2086 284 2119 nitati
315 2086 527 2117 sanctissimae
560 2087 742 2118 communis
775 2085 834 2130 est)
857 2089 1057 2127 secernitur,
1086 2091 1172 2131 quod
1203 2092 1270 2131 ipse

192 2130 284 2162 Deus
312 2131 458 2169 Verbum,
483 2132 539 2172 qui
560 2141 661 2172 supra
683 2131 895 2163 substantiam
915 2138 963 2164 est
980 2130 1062 2175 (non
1080 2135 1182 2174 Pater,
1201 2145 1268 2166 non

194 2174 328 2215 Spiritus
352 2173 492 2217 sanctus)
517 2176 644 2216 integre
666 2181 697 2207 et
720 2185 805 2214 vere,
830 2177 922 2207 iuxta
946 2187 986 2208 ac
1009 2188 1082 2217 nos,
1107 2185 1204 2220 atque
1227 2190 1269 2211 ex

194 2219 284 2250 nobis
301 2219 534 2251 substantiatus
549 2219 668 2260 fiaeerit.
683 2222 735 2251 An
749 2220 805 2261 qui
821 2222 1024 2253 contenderet
1044 2233 1063 2253 a
1075 2223 1146 2254 Deo
1161 2224 1266 2255 Verbo

193 2263 397 2304 adsumptam
420 2263 516 2294 fuisse
539 2264 781 2303 humanitatem,
797 2265 976 2296 mutilatam
994 2267 1100 2298 anima
1113 2268 1163 2298 vel
1178 2278 1266 2299 men-

193 2314 235 2346 te,
258 2308 394 2348 propriis
418 2307 619 2339 facultatibus
642 2315 673 2340 et
696 2309 934 2349 operationibus
958 2311 1138 2351 spoliatam,
1153 2312 1196 2343 ita
1218 2313 1265 2343 lo-

193 2358 353 2393 queretur,
377 2358 414 2383 ut
436 2362 472 2384 ex
496 2352 588 2383 nobis
611 2353 842 2385 humanitatem
865 2355 1076 2396 adsumpserit
1097 2356 1217 2397 integre
1237 2363 1268 2388 et

192 2405 276 2435 vere,
300 2406 336 2427 ac
358 2396 460 2427 homo
484 2397 584 2428 factus
608 2404 689 2428 esset
710 2397 797 2429 iuxta
819 2408 855 2429 ac
879 2397 960 2430 nos?
983 2400 1067 2430 Hinc
1091 2401 1187 2431 etiam
1205 2401 1266 2431 ori-

193 2446 256 2479 tur,
280 2441 368 2481 quod
392 2440 460 2481 ipse
483 2441 569 2472 Deus
593 2441 736 2472 Verbum
759 2444 863 2483 egerit
886 2449 917 2474 et
928 2453 1103 2484 perpessus
1116 2446 1168 2482 sit,
1184 2455 1267 2486 quae

193 2484 480 2516 humano-divinae
502 2486 698 2526 operationis
721 2487 821 2526 ipsius
846 2489 1026 2528 praecipua
1049 2494 1125 2519 sunt
1148 2494 1179 2519 et
1200 2490 1266 2520 sin-

192 2529 345 2570 gularia,
371 2529 450 2570 quin
473 2530 506 2559 in
529 2529 579 2560 his
601 2539 769 2561 commune
798 2531 922 2571 aliquid
948 2532 1096 2563 habuerit
1117 2533 1215 2564 Pater
1237 2539 1268 2564 et

193 2573 334 2613 Spiritus
355 2578 506 2604 sanctus:
529 2580 696 2614 propterea
718 2584 834 2615 nempe
858 2576 948 2616 quod
969 2576 1057 2607 Deus
1076 2577 1219 2607 Verbum
1233 2577 1266 2608 in

193 2616 390 2648 humanitate
414 2617 582 2658 adsumpta
605 2618 755 2658 peculiari
778 2619 846 2650 iure
869 2620 1030 2651 exercebat
1051 2621 1208 2662 quidquid
1227 2622 1267 2652 ad

191 2661 349 2692 humanas
373 2661 548 2702 pertinebat
570 2662 787 2702 operationes:
811 2663 943 2705 ipseque
967 2664 1128 2696 dicebatur
1154 2665 1267 2696 intelli-

191 2715 276 2746 gere,
299 2705 391 2745 velle,
415 2706 542 2745 esurire,
567 2707 669 2745 edere,
694 2707 789 2745 sitire,
813 2708 918 2738 bibere
945 2718 980 2739 ac
1003 2710 1085 2749 pati:
1105 2719 1172 2740 non
1191 2710 1268 2741 item

192 2749 302 2788 Pater,
326 2760 393 2781 non
417 2750 551 2791 Spiritus
575 2757 711 2782 sanctus.
728 2751 790 2782 Sed
808 2752 881 2782 istas
898 2752 1054 2783 humanas
1069 2760 1175 2784 tamen
1190 2765 1267 2795 ope—

193 2794 330 2825 rationes
354 2804 389 2825 ac
412 2795 631 2835 perpessiones
654 2803 747 2826 vocat
776 2796 907 2837 insuper
929 2804 1040 2828 auctor
1065 2799 1269 2829 humano-di-

193 2839 306 2877 vinas,·
329 2849 404 2870 cum
427 2849 493 2869 non
516 2839 604 2870 solus
627 2838 744 2879 homo,
768 2841 823 2871 sed
846 2841 934 2872 Deus
948 2848 979 2872 et
992 2841 1093 2873 homo
1109 2849 1189 2874 esset
1202 2843 1266 2882 ille,

192 2882 250 2924 qui
273 2889 394 2923 ageret,
419 2883 474 2924 qui
498 2890 665 2924 pateretur.

261 2927 361 2964 Quod
383 2934 522 2958 attamen
544 2928 578 2958 in
601 2928 721 2959 eisdem
744 2929 982 2969 operationibus
1001 2940 1174 2961 commune
1198 2941 1268 2961 san-

194 2969 350 3001 ctissimae
373 2971 520 3003 Trinitati
543 2972 604 3003 dici
627 2979 761 3012 poterat,
777 2974 883 3004 statim
906 2981 1027 3005 enarrat
1049 2975 1195 3006 laudatus
1214 2986 1269 3006 au-

197 3019 280 3044 ctor:
295 3014 369 3045 Nisi
390 3017 481 3055 quis,
511 3016 675 3057 inquiens,
699 3017 786 3048 dicat
807 3018 983 3048 secundum
1007 3019 1267 3060 benignissimam

196 3057 392 3088 voluntatem
403 3067 415 3089 .·
437 3069 472 3089 ac
495 3059 625 3100 insuper
642 3062 817 3092 secundum
832 3072 956 3092 omnem
972 3062 1061 3093 illam
1077 3065 1266 3095 eminentem

196 3107 293 3142 atque
316 3102 509 3142 ineffabilem
532 3104 674 3134 divinam
698 3107 933 3146 operationem,
957 3117 1072 3147 quam,
1097 3108 1186 3148 apud
1209 3118 1267 3139 nos

195 3147 336 3176 existens
360 3147 387 3176 is
409 3148 464 3187 qui
482 3148 688 3179 immutabilis
702 3155 784 3188 erat,
800 3151 955 3188 exercuit,
972 3152 1162 3192 inquantum
1177 3153 1268 3183 Deus

195 3195 226 3220 et
248 3190 311 3220 Dei
340 3190 473 3221 Verbum
483 3198 497 3229 ;
514 3201 596 3232 quae
614 3193 709 3223 verba
722 3194 939 3234 praetermittit
952 3195 1144 3236 Lequienus.
1159 3196 1267 3227 Primo

194 3234 302 3275 itaque
333 3234 528 3266 sanctissima
561 3236 700 3267 Trinitas
731 3238 864 3269 consilio
895 3245 926 3269 et
961 3239 1158 3279 beneplacito
1189 3250 1267 3279 su0,

195 3278 278 3309 sicut
299 3278 504 3310 humanitatis
527 3279 786 3321 adsumptionem
809 3283 1005 3322 adprobavit,
1022 3283 1065 3314 ita
1084 3290 1114 3314 et
1133 3290 1267 3314 caeteras

196 3332 309 3354 omnes
332 3323 428 3354 Verbi
451 3323 550 3354 divini
582 3325 782 3364 operationes
804 3326 838 3356 in
860 3326 1056 3358 humanitate
1086 3327 1264 3368 adsumpta.

194 3367 318 3398 Deinde
342 3367 523 3398 communis
547 3367 650 3398 eidem
673 3369 819 3400 Trinitati
843 3376 907 3401 erat
930 3369 1095 3401 efficientia
1116 3371 1170 3401 illa
1189 3372 1267 3402 emi-

196 3421 275 3442 nens
299 3418 330 3442 et
352 3411 515 3442 ineffabilis
539 3411 655 3450 divina,
679 3423 743 3453 qua
765 3420 796 3444 et
818 3414 961 3444 Verbum
983 3420 1020 3444 ut
1042 3415 1214 3445 subsistens
1233 3415 1267 3445 in

182 3485 184 3488 ,
196 3462 308 3486 natura
331 3455 437 3486 divina
460 3461 490 3486 et
503 3456 594 3486 Pater
608 3462 638 3487 et
652 3456 785 3496 Spiritus
800 3464 926 3488 sanctus
940 3458 1140 3498 operationes
1154 3468 1267 3489 omnes

195 3499 352 3530 humanas
376 3499 494 3531 Christi
517 3500 612 3531 simul
635 3501 856 3541 operabantur.

263 3544 348 3575 Tam
371 3544 535 3585 perspicue
558 3555 645 3582 vero,
669 3552 735 3575 tam
758 3545 880 3585 egregie
901 3555 976 3576 cum
998 3552 1108 3576 auctor
1125 3547 1267 3586 Areopa-

194 3587 366 3628 giticorum
389 3589 427 3619 de
450 3589 722 3620 humano-divinis
741 3589 836 3621 Verbi
860 3589 1014 3620 lncarnati
1029 3590 1266 3630 operationibus

2315 258 2399 284 CLIX

1325 325 1355 349 et
1378 318 1578 358 passionibus
1602 325 1688 359 agat;
1712 319 1830 350 mirum
1854 329 1945 358 sane,
1970 320 2094 351 silentio
2119 324 2312 362 praeteriisse
2336 326 2396 355 Le-

1324 362 1480 402 quienum
1502 363 1721 403 perpessiones
1745 363 1861 394 Christi
1885 374 2008 402 omnes,
2033 375 2137 406 neque
2158 367 2303 399 animum
2316 369 2348 399 in
2363 369 2396 399 id

1324 406 1530 446 applicuisse,
1555 407 1644 448 quod
1668 417 1704 437 ea
1726 417 1808 448 quae
1836 408 1979 438 Verbum
2006 409 2065 439 Dei
2097 419 2227 449 passum
2250 411 2314 450 est,
2338 423 2396 443 nec

1323 450 1414 481 Pater
1437 451 1503 481 sine
1527 451 1637 489 dubio,
1661 461 1719 482 nec
1742 451 1876 491 Spiritus
1900 458 2026 482 sanctus
2050 454 2188 493 perpessi
2212 455 2310 486 sunt!
2335 457 2394 486 Mi-

1323 504 1396 524 rum
1419 495 1524 533 etiam,
1549 495 1706 535 praedicta
1729 496 1848 534 omnia,
1873 496 1989 536 quibus
2012 497 2104 527 Pater
2127 504 2158 528 et
2176 498 2310 538 Spiritus
2325 510 2395 530 san-

1323 545 1391 568 ctus
1415 538 1500 570 iuxta
1524 540 1712 571 sententiam
1735 539 1872 570 auctoris
1896 550 1963 570 non
1986 541 2275 581 communicarunt,
2300 553 2394 583 pecu-

1322 582 1390 612 liari
1421 583 1537 614 scilicet
1567 593 1605 614 eo
1629 584 1696 614 iure
1727 594 1794 625 quo
1818 584 1930 614 eadem
1959 584 1991 614 in
2017 595 2107 616 carne
2139 586 2308 627 adsumpta
2336 587 2395 618 sibi

1322 626 1500 657 vindicabat
1522 628 1674 666 Verbum,
1690 628 1730 658 ad
1755 638 1853 659 unam
1867 629 2021 668 redegisse
2036 629 2238 670 Lequienum
2253 631 2394 672 efficien-

1323 671 1399 701 tiam
1424 671 1526 710 illam,
1551 682 1615 712 qua
1638 673 1756 702 eximia
1780 682 1877 713 opera
1900 682 1957 703 seu
1981 674 2141 704 miracula
2165 674 2276 705 edebat
2302 675 2395 705 Chri-

1322 720 1411 752 stus;
1434 725 1509 746 cum
1533 716 1651 757 absque
1682 716 1748 748 ulla
1771 717 1902 757 ambage
1926 717 1964 747 de
1987 717 2025 747 iis
2055 725 2220 758 pertractet
2243 719 2394 750 omnibus

1323 765 1450 798 auctor,
1475 770 1556 800 quae
1580 761 1684 801 egerit
1714 760 1858 791 Christus
1882 766 1912 791 et
1935 771 2110 802 perpessus
2141 763 2210 793 sit!
2232 763 2321 800 Quid
2349 770 2396 794 est

1322 813 1410 841 vero,
1435 803 1524 844 quod
1546 803 1579 833 in
1603 804 1722 834 eisdem
1745 804 1940 835 mirabilibus
1964 805 2124 845 operibus,
2144 817 2225 847 quae
2249 807 2394 838 Christus

1323 847 1474 887 patrabat,
1498 857 1565 878 non
1589 847 1767 878 discreverit
1789 848 1841 878 ille
1865 849 1954 889 quod
1975 849 2034 880 toti
2049 850 2195 881 Trinitati
2210 861 2394 890 commune,

1323 891 1412 931 quod
1435 891 1602 931 proprium
1625 898 1656 922 et
1679 891 1835 931 peculiare
1859 892 1954 923 Verbi
1978 892 2068 924 erat?
2091 895 2130 925 V.
2150 905 2180 934 g.
2197 902 2292 935 sputo
2308 895 2395 926 coeci

1323 935 1388 965 nati
1412 935 1524 965 oculos
1547 935 1700 973 liniendo,
1724 935 1829 966 visum
1853 936 1956 966 eidem
1970 937 2103 968 restituit
2118 938 2272 970 Christus.
2290 940 2395 970 Linire

1323 985 1419 1018 sputo
1452 979 1564 1009 oculos
1595 989 1714 1020 eosque
1738 986 1864 1019 tangere
1895 987 1982 1010 erant
2005 981 2144 1012 actiones
2173 983 2314 1014 hominis
2345 984 2395 1014 vel

1324 1022 1419 1052 etiam
1448 1023 1750 1060 humano-divinae,
1775 1030 1811 1054 ut
1839 1033 1931 1063 saepe
1955 1024 2093 1063 dictum;
2123 1036 2230 1057 curare
2262 1032 2396 1058 coecum

1323 1076 1359 1096 ac
1381 1066 1487 1096 visum
1510 1067 1671 1097 restituere
1695 1073 1759 1098 erat
1783 1067 1925 1107 operatio
1949 1068 2063 1099 divina.
2085 1070 2130 1100 lta
2152 1070 2239 1101 Deus
2253 1072 2396 1102 Verbum

1323 1110 1356 1140 in
1380 1117 1492 1140 natura
1514 1110 1654 1141 humana
1678 1111 1849 1141 subsistens
1873 1111 2015 1143 delinivit
2038 1114 2161 1151 oculos,
2178 1121 2213 1145 ut
2234 1125 2291 1146 nec
2305 1116 2396 1146 Pater

1324 1163 1381 1184 nec
1405 1153 1539 1193 Spiritus
1563 1161 1688 1185 sanctus
1712 1155 1855 1185 dicantur
1883 1156 1995 1186 oculos
2018 1156 2156 1187 linivisse
2179 1168 2215 1188 ac
2238 1159 2392 1199 tetigisse:

1323 1204 1355 1228 at
1378 1198 1498 1228 curatio
1523 1198 1609 1229 coeci
1632 1198 1696 1229 nati
1720 1199 1790 1229 Deo
1814 1199 1919 1230 Verbo
1943 1206 1974 1230 et
1996 1200 2078 1230 Patri
2098 1208 2128 1231 et
2141 1201 2271 1242 Spiritui
2286 1211 2394 1234 sancto

1323 1251 1427 1282 aequo
1451 1242 1550 1272 modo
1575 1243 1737 1273 convenit:
1762 1243 1828 1273 imo
1853 1249 1883 1274 et
1912 1243 1979 1283 ipse
2003 1245 2173 1276 oculorum
2203 1252 2302 1277 tactus
2326 1258 2396 1278 mo-

1323 1293 1439 1327 tusque
1468 1286 1640 1327 impressus
1670 1286 1861 1318 efficiebatur
1884 1298 1902 1318 a
1934 1288 2129 1319 sanctissima
2159 1290 2330 1329 Trinitate‚
2360 1298 2396 1323 ut

1325 1329 1451 1361 effectus
1475 1341 1493 1361 a
1517 1341 1610 1361 causa
1634 1342 1790 1372 suprema.
1816 1331 1904 1369 Quid
1928 1338 1974 1362 est
2001 1339 2182 1372 postremO,
2206 1335 2300 1365 verba
2322 1335 2394 1375 illa,

1324 1380 1491 1415 operatum
1516 1385 1714 1416 passumque
1744 1377 1862 1406 eximia
1895 1386 2113 1418 quaecumque
2143 1383 2174 1408 et
2206 1380 2395 1411 excellentia

1324 1419 1610 1450 divino-humanae
1633 1420 1825 1461 efficientiae
1847 1430 1957 1460 opera,
1982 1420 2016 1450 in
2039 1431 2169 1452 sensum
2188 1423 2396 1465 Monophysi-

1324 1463 1425 1494 ticum
1456 1464 1650 1504 pertrahere:
1675 1475 1710 1495 ac
1739 1465 1764 1495 si
1796 1464 1958 1502 Christus,
1990 1475 2057 1495 non
2086 1466 2185 1496 modo
2210 1477 2274 1507 qua
2296 1468 2396 1499 homo

1325 1508 1473 1546 exstabat,
1498 1518 1610 1539 verum
1633 1508 1728 1539 etiam
1751 1509 1819 1549 ipsa
1842 1509 1965 1539 Deitate
1989 1519 2065 1540 cum
2088 1509 2284 1542 humanitate
2308 1522 2396 1542 com-

1324 1552 1428 1592 posita
1450 1559 1580 1593 propter
1610 1563 1685 1591 nos,
1710 1553 1888 1585 sublimiori
1917 1554 2056 1594 quadam
2080 1554 2201 1585 ratione
2225 1562 2305 1586 esset
2327 1566 2397 1596 pas-

1324 1594 1401 1626 sus?
1423 1597 1553 1627 Pervius
1577 1604 1607 1628 et
1629 1597 1743 1637 planus
1763 1607 1873 1628 sensus
1888 1597 2061 1628 catholicus
2076 1598 2124 1628 his
2140 1598 2265 1629 effertur
2278 1600 2395 1631 verbis:

1324 1640 1502 1671 sublimiori
1526 1641 1665 1682 quadam
1688 1641 1809 1672 ratione
1829 1641 1993 1672 Christum
2007 1649 2186 1682 operatum,
2202 1654 2396 1686 passumque

1324 1695 1391 1715 esse
1415 1685 1529 1716 eximia
1552 1695 1774 1726 quaecumque
1798 1692 1828 1716 et
1851 1686 2050 1725 excellentia,
2075 1697 2157 1727 quae
2187 1688 2228 1718 ad
2251 1688 2318 1719 eius
2346 1690 2396 1719 In-

1325 1729 1540 1760 carnationem
1563 1737 1594 1761 et
1613 1730 1838 1761 lncarnationis
1853 1730 2078 1761 oeconomiam
2093 1731 2304 1771 pertinebant:
2320 1734 2396 1774 quia

1325 1783 1391 1804 non
1414 1774 1515 1804 homo
1539 1774 1638 1812 solus,
1662 1784 1773 1805 verum
1797 1775 1883 1805 Deus
1907 1781 1938 1805 et
1961 1775 2061 1806 horno
2086 1782 2150 1806 erat
2172 1775 2234 1814 ille,
2250 1777 2306 1817 qui
2323 1787 2394 1818 age-

1324 1818 1387 1856 bat,
1412 1818 1468 1859 qui
1491 1818 1677 1859 patiebatur,
1702 1825 1798 1860 prout
1821 1819 2046 1850 lncarnationis
2070 1819 2261 1860 dispensatio
2285 1829 2394 1861 postu-

1323 1862 1416 1893 labat.

1391 1907 1478 1938 Haec
1502 1907 1612 1938 omnia
1641 1908 1708 1948 pari
1738 1907 1859 1939 ratione
1888 1918 1923 1938 ac
1951 1918 2045 1939 sensu
2075 1908 2227 1940 intellexit
2256 1909 2396 1940 Scholia-

1324 1957 1404 1990 stes;
1434 1952 1608 1993 eademque
1638 1952 1844 1994 Eutychianis
1880 1953 2068 1984 commentis
2098 1953 2235 1984 maxime
2267 1954 2396 1984 adversa

1324 1995 1495 2027 adnotavit.
1516 1996 1643 2027 Scholia
1661 1996 1805 2037 profero:
1825 2010 1839 2025 x
1857 1997 2054 2034 Secernitur,
2072 1998 2122 2028 vel
2139 1998 2322 2028 distinctum
2340 2003 2394 2029 est.

1326 2052 1341 2068 ι
1363 2041 1458 2079 Nota,
1483 2041 1578 2071 Verbi
1603 2041 1855 2072 lncarnationem
1878 2051 1896 2071 a
1915 2048 2020 2072 sancta
2036 2041 2190 2072 Trinitate
2213 2042 2347 2073 omnino
2363 2053 2398 2073 ac

1327 2097 1341 2112 »
1363 2095 1435 2116 vere
1459 2085 1639 2116 distinctam
1662 2095 1738 2116 esse.
1757 2098 1772 2113 »
1800 2086 1895 2116 Item:
1915 2098 1929 2113 «
1948 2086 2070 2123 Nostri,
2092 2086 2142 2117 vel
2165 2087 2256 2117 iuxta
2272 2097 2312 2117 ac
2329 2096 2396 2117 nos.

1326 2144 1341 2159 ι
1364 2130 1436 2161 Hoc
1458 2130 1532 2161 loco
1556 2130 1672 2160 iterum
1695 2131 1734 2160 de
1757 2130 2000 2170 Dispensatione
2025 2140 2079 2160 seu
2105 2130 2321 2161 incarnatione
2337 2138 2397 2161 tra-

1325 2189 1340 2204 »
1363 2181 1461 2212 ctans,
1486 2184 1556 2204 eam
1580 2174 1639 2204 soli
1663 2175 1732 2205 Deo
1756 2175 1861 2205 Verbo
1885 2174 2035 2211 attribuit,
2060 2174 2126 2204 sine
2150 2175 2215 2205 ulla
2243 2175 2342 2205 Patris
2365 2181 2397 2206 et

1325 2233 1340 2248 »
1363 2218 1497 2259 Spiritus
1521 2219 1619 2250 sancti
1643 2218 1943 2256 communicatione,
1968 2218 2026 2248 nisi
2050 2219 2227 2249 secundum
2249 2219 2395 2249 volunta-

1325 2277 1340 2292 »
1363 2270 1437 2294 tem.
1462 2264 1547 2293 Nota
1569 2273 1644 2293 vero
1668 2270 1846 2294 accuratam
1869 2262 2120 2302 Dispensationis
2151 2263 2392 2294 enarrationem.

1324 2322 1339 2337 »
1363 2307 1527 2345 Quoniam
1550 2307 1636 2337 Deus
1660 2307 1802 2338 Verbum
1831 2307 2154 2347 supersubstantiale,
2187 2307 2395 2338 substantiam

1324 2366 1339 2381 2·
1363 2352 1604 2382 immutabiliter
1633 2351 1819 2391 assumpsit,
1849 2351 2021 2391 permansit
2053 2351 2139 2381 enim
2162 2351 2269 2390 Deus;
2294 2358 2324 2382 et
2347 2353 2396 2382 uti

1325 2411 1340 2425 ι
1362 2406 1430 2433 nos,
1456 2406 1493 2426 ex
1516 2395 1608 2426 nobis
1632 2395 1839 2426 substantiam
1862 2396 1989 2436 integre
2012 2395 2146 2435 accepit,
2171 2395 2251 2426 idest
2278 2406 2394 2436 corpus

1324 2453 1339 2468 »
1362 2446 1393 2470 et
1416 2439 1556 2470 animam
1579 2439 1766 2470 rationalem
1793 2449 1864 2470 vere
1888 2439 2007 2470 habuit.
2034 2439 2112 2470 Item
2142 2440 2229 2470 Deus
2253 2440 2395 2470 Verbum

1325 2498 1340 2513 »
1363 2490 1409 2514 est
1431 2483 1482 2522 id,
1506 2484 1596 2525 quod
1617 2484 1821 2524 patiebatur,
1846 2483 1964 2514 scilicet
1994 2484 2171 2514 secundum
2194 2493 2341 2522 carnem,
2365 2491 2396 2515 et

1325 2542 1340 2558 »
1363 2529 1505 2558 humana
1529 2528 1625 2558 simul
1649 2538 1684 2559 ac
1699 2528 1809 2559 divina
1826 2534 1891 2558 erat
1906 2528 1974 2558 eius
1990 2528 2145 2568 operatio,
2162 2529 2269 2568 quoad
2286 2528 2395 2559 omnia

1325 2587 1340 2602 2
1363 2582 1444 2613 quae
1469 2579 1664 2603 concernunt
1678 2572 1958 2613 dispensationem.
1974 2572 2033 2602 His
2049 2579 2157 2602 autem
2172 2573 2263 2603 Pater
2279 2579 2310 2603 et
2324 2572 2394 2612 Spi-

1325 2630 1340 2645 »
1363 2617 1440 2647 ritus
1464 2627 1531 2647 non
1555 2617 1848 2654 communicarunt,
1873 2616 1932 2647 nisi
1956 2626 1993 2647 ex
2017 2616 2233 2656 beneplacito,
2257 2617 2395 2647 volendo

1325 2674 1340 2690 >
1363 2661 1616 2691 lncarnationem
1639 2668 1670 2692 et
1688 2661 1721 2691 in
1741 2661 1855 2691 divinis
1875 2660 1971 2700 signis
1987 2661 2057 2691 Deo
2079 2661 2161 2691 Filio
2181 2661 2394 2700 cooperando.

1325 2719 1340 2734 2
1362 2706 1447 2736 Nota
1468 2715 1544 2736 vero
1567 2705 1655 2743 haec,
1679 2705 1815 2736 maxime
1839 2712 1948 2736 contra
1970 2704 2175 2735 Nestorianos
2199 2711 2230 2735 et
2252 2705 2394 2745 Acepha-

1325 2763 1340 2778 ιι
1363 2750 1412 2780 los
1436 2756 1530 2791 atque
1554 2749 1793 2780 Phantasiastas.
1814 2762 1828 2776 ιν

1391 2794 1443 2825 111.
1468 2794 1576 2825 Latior
1595 2801 1626 2825 et
1640 2794 1890 2825 luculentissima
1910 2793 1972 2823 divi
1987 2793 2134 2823 Thomae
2165 2792 2392 2823 commentatio

1323 2845 1419 2879 caput
1442 2838 1576 2869 claudat.
1594 2839 1696 2869 Verba
1725 2838 1792 2869 eius
1809 2838 1884 2868 haec
1900 2844 1974 2868 sunt
1998 2837 2066 2868 lect.
2079 2848 2111 2867 111
2122 2837 2155 2867 in
2170 2847 2237 2877 cap.
2245 2844 2282 2867 11:
2309 2849 2323 2864 ε
2334 2837 2392 2866 Di-

1326 2896 1341 2911 »
1363 2888 1502 2914 scretum
1518 2888 1582 2914 est:
1596 2883 1677 2913 idest
1693 2883 1733 2912 ad
1756 2892 1854 2913 unam
1884 2889 2009 2912 tantum
2032 2891 2201 2921 personam
2216 2881 2393 2921 pertinens:

1326 2941 1341 2955 ι»
1363 2927 1671 2967 supersubstantiale
1694 2927 1839 2963 Verbum,
1863 2926 1944 2956 idest
1959 2925 2017 2956 Dei
2034 2925 2163 2962 Filium,
2180 2935 2248 2955 esse
2261 2924 2392 2965 factum

1326 2985 1341 3000 ι
1362 2971 1537 3002 secundum
1562 2981 1630 3009 nos,
1648 2971 1728 3001 idest
1750 2970 1916 3001 hominem
1940 2969 2076 3000 similem
2095 2969 2187 2999 nobis
2210 2969 2243 2998 in
2267 2975 2392 3007 natura,

1326 3029 1341 3044 »
1364 3026 1406 3046 ex
1429 3016 1518 3046 nobis
1531 3022 1659 3055 accepta
1673 3025 1776 3052 carne,
1791 3025 1857 3044 non
1873 3015 1910 3044 de
1926 3014 2016 3044 coelo
2033 3013 2124 3043 allata
2138 3013 2315 3043 secundum
2331 3013 2391 3043 Va-

1326 3073 1341 3088 »
1362 3059 1541 3098 lentinum;
1556 3060 1709 3096 totaliter,
1724 3059 1804 3089 idest
1827 3068 1893 3088 non
1909 3058 2065 3088 subtracta
2088 3057 2194 3087 anima
2207 3057 2257 3087 vel
2271 3056 2392 3087 intelle-

1326 3117 1340 3132 »
1364 3110 1416 3134 ctu
1434 3104 1611 3134 secundum
1621 3103 1735 3134 Arium
1749 3110 1780 3133 et
1794 3102 2039 3142 Apollinarium,
2059 3107 2090 3132 et
2105 3111 2190 3138 vere,
2207 3111 2274 3131 non
2292 3101 2392 3141 phan-

1325 3162 1340 3176 ι»
1360 3148 1467 3178 tastice
1482 3148 1659 3178 secundum
1673 3147 1904 3178 Manichaeum.
1928 3146 1969 3176 Et
1991 3155 2058 3176 non
2081 3146 2188 3175 solum
2206 3145 2274 3185 ipsa
2291 3145 2392 3175 lncar-

1325 3206 1340 3221 >›
1362 3192 1490 3223 natione
1505 3192 1685 3229 discretum,
1697 3191 1752 3221 sed
1771 3191 1946 3221 secundum
1965 3190 2060 3220 etiam
2076 3191 2218 3220 actiones
2228 3196 2258 3220 et
2267 3190 2392 3229 passio-

1325 3250 1340 3265 >
1363 3246 1419 3267 nes
1437 3236 1496 3266 Dei
1513 3236 1630 3266 Filium
1645 3235 1801 3266 credimus
1824 3235 2039 3272 incarnatum;
2063 3243 2281 3274 quaecumque
2293 3238 2389 3270 sunt,

1324 3294 1339 3308 >
1363 3290 1438 3311 cum
1452 3280 1591 3320 quadam
1614 3279 1766 3310 electione
1785 3285 1816 3309 et
1835 3278 2049 3318 segregatione
2077 3278 2115 3308 ab
2143 3277 2222 3314 aliis,
2243 3277 2389 3307 attributa

1325 3337 1339 3352 »
1363 3324 1490 3355 Christo
1507 3324 1684 3354 secundum
1699 3322 1984 3354 considerationem
2009 3321 2212 3352 humanitatis
2227 3321 2336 3360 ipsius,
2356 3327 2391 3350 ut

1324 3382 1339 3397 »
1362 3367 1609 3407 concipi,nasci,
1634 3367 1810 3404 comedere,
1825 3366 1944 3404 bibere,
1957 3366 2104 3403 dormire,
2125 3364 2263 3403 crucifigi
2278 3371 2308 3394 et
2331 3364 2391 3394 alia

1324 3425 1339 3440 ›
1361 3411 1557 3442 huiusmodi.
1582 3411 1658 3442 Istis
1681 3412 1764 3441 enim
1787 3411 1885 3440 Pater
1908 3415 1938 3440 et
1960 3410 2100 3450 Spiritus
2121 3408 2296 3439 secundum
2317 3408 2390 3438 nul-

1324 3469 1339 3484 »
1362 3456 1426 3485 Iam
1451 3456 1607 3486 rationem
1632 3456 1966 3491 communicaverunt‚·
1988 3453 2063 3493 quia
2083 3459 2193 3483 neuter
2207 3462 2320 3482 eorum
2345 3458 2392 3482 est

1323 3512 1338 3527 »
1361 3499 1539 3529 incarnatus
1569 3505 1624 3528 aut
1651 3505 1807 3528 mortuus.
1832 3498 1906 3528 Nisi
1928 3497 2008 3527 forte
2031 3497 2117 3527 dicat
2139 3497 2275 3536 aliquis,
2300 3496 2391 3536 quod

1323 3556 1338 3571 ι
1361 3542 1676 3573 communicaverunt
1698 3541 1875 3582 praemissis
1897 3541 2071 3572 secundum
2088 3541 2282 3571 voluntatem
2299 3540 2391 3570 boni-

1324 3599 1338 3614 »
1361 3586 1416 3618 tati
1440 3587 1563 3617 divinae
1587 3587 1822 3618 convenientem
1854 3592 1884 3616 et
1906 3586 2078 3626 benignam
2107 3585 2216 3626 quoad
2238 3591 2315 3615 nos:
2340 3594 2392 3615 ac-
