2548 4192
2269 269 2372 294 CCLIX

793 532 1435 599 DISSERTATIO
1505 534 1765 596 XXIII.

370 701 436 741 De
466 700 812 741 Commentariis
840 700 886 740 in
914 700 1177 740 Aristotelis
1206 700 1345 740 libros
1374 700 1564 750 aliisque
1592 699 1924 749 Philosophicis
1960 698 2181 749 Operibus

968 773 1025 812 ab
1053 772 1280 822 Aquinate
1309 771 1595 812 elucubratis.

582 1182 781 1219 CAPUT
816 1183 842 1218 Ι.

183 1278 272 1312 Opera
290 1278 470 1312 Philosophica
489 1284 656 1304 recensentur
675 1279 706 1304 ab
725 1278 854 1311 Aquinate
872 1277 1033 1303 elucubrata:
1059 1277 1204 1309 eademque
1222 1275 1254 1300 ab

253 1314 311 1347 ipso
330 1314 452 1346 confecta,
471 1320 593 1348 provecta
612 1315 663 1339 iam
682 1318 772 1339 aetate.
791 1313 904 1345 Latinae,
920 1321 986 1346 quae
1005 1313 1086 1347 ipsius
1105 1320 1170 1338 aevo
1188 1312 1254 1337 fere-

235 1377 242 1379 >
253 1350 362 1382 baumes
371 1350 516 1376 Aristotelis
535 1351 678 1376 versiones.

486 1455 570 1491 )cost
593 1448 700 1488 Opera
731 1446 927 1486 theologica,
959 1445 1069 1476 ordine
1100 1444 1255 1486 sequioris

476 1519 479 1523 .
520 1492 678 1533 dignitatis
702 1502 737 1522 ac
757 1491 853 1522 etiam
877 1490 1102 1530 chronologiae
1122 1495 1255 1527 servato,

518 1536 751 1577 Philosophicis
766 1536 876 1567 locum
893 1535 1016 1573 damuS,
1032 1544 1114 1575 quae
1130 1540 1255 1564 sanctus

454 1604 457 1609 ,
479 1587 497 1619 <⁴
518 1582 663 1612 Thomas
686 1580 830 1622 Aquinas
847 1578 1050 1610 elucubravit.
1066 1579 1256 1609 Provectum

361 1639 417 1664 ac,v
459 1626 505 1659 Νη
519 1632 618 1657 aetate
642 1625 836 1666 Aquinatem
858 1624 891 1654 in
914 1623 947 1654 id
974 1633 1074 1664 genus
1098 1623 1256 1663 Operum,

414 1668 436 1703 ⁵.
452 1670 473 1679 ‘'
518 1670 673 1700 maiorem
697 1680 732 1700 ac
755 1668 959 1710 praecipuam
986 1668 1098 1698 saltem
1121 1674 1254 1708 partem,

196 1736 203 1744 .
494 1714 715 1753 incubuisse,
743 1719 866 1744 vetusta
894 1718 1103 1742 monumenta
1131 1721 1166 1741 ac
1189 1711 1258 1751 ipsa

184 1761 279 1793 etiam
294 1760 401 1801 Opera
417 1760 566 1801 produnt.
590 1759 796 1789 Ptolomaeus
818 1756 969 1788 Lucensis
989 1756 1022 1786 in
1041 1755 1123 1786 Hist.
1146 1755 1254 1786 eccles.

183 1805 264 1837 libro
280 1805 379 1844 XXII,
402 1804 503 1845 capite
525 1813 598 1834 xx1v
621 1803 682 1833 ait:
706 1815 720 1831 κ
733 1803 827 1832 Tunc
843 1801 937 1832 frater
959 1801 1097 1830 lemas
1119 1799 1203 1830 redit
1217 1799 1258 1830 de

185 1862 202 1878 ι
223 1850 360 1880 Parisiis
375 1848 479 1890 (anno
489 1846 618 1890 1361)
637 1847 717 1877 etad
732 1845 920 1886 petitionem
934 1844 1054 1875 Urbani
1069 1844 1171 1875 multa
1185 1843 1258 1874 fecit

185 1907 201 1922 2
224 1900 255 1925 et
270 1893 426 1934 scripsit...
442 1893 505 1924 lsto
520 1898 628 1923 autern
647 1898 792 1931 tempore
811 1888 967 1930 (eiusdem
987 1889 1121 1926 Urbani,
1143 1889 1199 1929 qui
1217 1888 1257 1918 ab

185 1951 202 1967 »
223 1948 311 1969 anno
329 1936 404 1968 1261
417 1937 531 1978 dieque
551 1945 591 1978 29
614 1936 733 1966 mensis
755 1935 889 1975 augusti
908 1933 1021 1964 Sedem
1042 1933 1256 1974 Apostolicam

184 1994 201 2010 2
224 1983 326 2014 tenuit
352 1982 396 2013 ad
417 1991 539 2012 annum
559 1979 641 2017 1264
658 1985 689 2010 et
706 1979 789 2010 diem
814 1988 832 2009 2
856 1979 974 2009 mensis
995 1977 1152 2019 octobris)
1169 1977 1257 2007 Tho-

185 2039 201 2054 »
223 2037 291 2058 mas
315 2033 425 2058 tenens
448 2025 591 2057 studium
614 2025 755 2063 Romae,
779 2023 870 2064 quasi
893 2029 995 2054 totam
1017 2021 1258 2062 Philosophiam

185 2084 201 2100 ι»
224 2071 289 2102 sive
307 2071 468 2102 Moralem
485 2070 550 2101 sive
565 2069 759 2101 Naturalem
776 2067 921 2108 exposuit
936 2074 966 2098 et
982 2067 1015 2097 in
1031 2067 1184 2107 scriptum
1201 2076 1257 2097 seu

187 2128 203 2143 >
226 2122 448 2147 commentum
474 2114 607 2155 redegit:
632 2113 687 2144 sed
710 2112 878 2153 praecipue
901 2112 1048 2143 Ethicam
1073 2119 1104 2142 et
1131 2112 1256 2142 Mathe-

187 2172 202 2187 »
225 2162 376 2192 maricam
394 2157 686 2201 (Metaphysicam)
706 2157 849 2198 quodam
872 2156 1023 2196 singulari
1039 2163 1070 2187 et
1085 2165 1171 2186 novo
1188 2166 1258 2186 mo-

186 2217 202 2232 »
225 2205 268 2235 do
291 2204 444 2236 tradendi.
467 2216 482 2231 »
515 2202 773 2234 Commentarios
803 2211 900 2231 nemo
930 2211 997 2231 non
1027 2200 1212 2231 intellexerit
1239 2210 1258 2230 a

182 2249 372 2280 Ptolomaeo
395 2247 586 2286 recensitos,
617 2256 699 2288 quos
731 2246 875 2276 Thomas
899 2245 997 2276 edidit
1024 2245 1058 2275 in
1081 2244 1257 2276 Aristotelis

182 2293 279 2324 libros
302 2294 527 2334 physicorum,
552 2292 739 2322 Ethicorum
764 2295 795 2321 et
816 2290 1126 2331 Metaphysicorum.

249 2338 346 2369 Libro
370 2338 555 2378 insequente
577 2336 699 2374 XXIII,
723 2334 824 2375 capite
846 2344 879 2364 xx
902 2335 1003 2375 pergit
1025 2334 1168 2374 Angelici
1191 2334 1256 2364 Do-

184 2382 278 2413 ctoris
303 2392 400 2423 opera
422 2390 582 2412 recensere
597 2380 803 2411 Ptolomaeus
819 2385 850 2409 et
865 2378 923 2410 ait:
945 2393 960 2408 ‹
979 2380 1052 2409 Hoc
1067 2378 1163 2409 etiarn
1177 2385 1256 2409 tem-

185 2439 200 2454 »
223 2436 301 2468 pore
325 2424 503 2468 (Gregorii
524 2426 562 2456 X
580 2426 636 2466 qui
658 2433 712 2455 an.
732 2433 804 2464 1271
825 2423 878 2454 die
896 2433 912 2453 1
927 2425 1045 2454 mensis
1068 2423 1255 2463 septembris

186 2481 201 2498 π»
225 2472 343 2502 electus
361 2470 452 2511 fuit,
483 2479 583 2510 usque
606 2469 649 2500 ad
671 2478 793 2499 annnm
818 2473 914 2507 1274,
939 2478 1001 2509 quo
1025 2469 1092 2508 ipse
1120 2468 1257 2498 Thomas

187 2527 203 2542 >
226 2515 356 2557 obiit)...
379 2514 502 2555 scripsit
525 2513 620 2545 etiam
644 2522 739 2553 super
760 2512 1018 2552 Philosophiam:
1038 2512 1184 2542 videlicet
1206 2512 1258 2542 De

188 2572 203 2587 ›
227 2559 317 2591 caelo
340 2565 371 2589 et
393 2559 444 2589 De
465 2559 687 2600 generatione,
712 2557 768 2587 sed
790 2566 857 2587 non
881 2557 1061 2597 complevit.
1083 2557 1124 2587 Et
1146 2556 1256 2586 simili-

187 2615 203 2631 »
225 2611 272 2635 ter
294 2604 483 2634 Politicam:
506 2603 561 2633 sed
584 2603 643 2632 hos
666 2602 763 2632 libros
787 2601 958 2641 complevit
981 2601 1128 2641 magister
1146 2601 1256 2631 Petrus

188 2660 203 2676 ›
227 2649 265 2679 de
293 2647 459 2686 Alvernia,
489 2646 692 2677 fidelissimus
725 2645 899 2686 discipulus
929 2646 1016 2685 eius,
1046 2645 1194 2685 magister
1223 2646 1256 2675 in

187 2704 202 2719 ι
225 2692 386 2732 theologia
417 2698 448 2722 et
477 2701 612 2732 magnus
635 2689 848 2731 philosophus
872 2697 903 2721 et
926 2690 1059 2721 demum
1077 2690 1256 2730 Episcopus

187 2749 203 2764 ›
226 2735 510 2768 Claromontensis.
522 2747 537 2763 2·
564 2736 656 2766 Hanc
675 2741 870 2775 postremam
885 2734 968 2765 Petri
992 2734 1176 2775 dignitatem
1191 2745 1257 2765 non

185 2781 377 2813 concordare
400 2781 551 2811 admonet
573 2779 736 2810 Echardus
760 2779 792 2809 in
817 2779 884 2809 eius
908 2779 1013 2819 elogio
1043 2789 1117 2810 cum
1140 2779 1257 2809 Necro-

183 2825 272 2866 logio
296 2825 483 2856 sorbonico:
508 2825 634 2855 Forsan
659 2824 778 2854 electus
789 2823 900 2864 fuerit
930 2822 1079 2866 (inquit),
1112 2823 1169 2854 sed
1193 2833 1255 2854 non

185 2870 404 2911 confirmatus.
428 2869 603 2910 Dionysius
627 2868 887 2899 Sammarthanus
906 2868 939 2898 in
955 2868 1022 2898 eius
1038 2867 1196 2898 Ecclesiae
1211 2874 1256 2898 ta-

185 2913 268 2944 bulis
293 2913 336 2944 sic
360 2913 416 2944 ait:
445 2927 460 2942 ‹
478 2914 589 2943 Petrus
613 2913 651 2943 de
676 2912 779 2943 Croso
803 2910 857 2954 (al.
882 2912 925 2942 du
952 2910 1049 2955 Croc)
1066 2912 1181 2942 dicitur
1196 2912 1256 2942 ele-

188 2970 203 2985 »
227 2964 295 2988 ctus
318 2957 351 2987 in
374 2957 572 2997 Episcopum
596 2957 646 2987 die
672 2957 688 2987 3
714 2956 860 2987 februarii
884 2966 969 2986 anno
998 2957 1113 2987 1301...
1138 2956 1257 2996 Appel-

188 3014 203 3028 ›
226 3001 309 3032 latur
331 3003 488 3042 magister
510 3002 626 3032 Petrus
648 3001 688 3032 de
709 3001 865 3031 Alvernia
891 3001 1028 3031 clericus
1047 3001 1258 3041 confirmatus

188 3058 203 3072 ι»
226 3045 404 3085 Episcopus
426 3045 459 3075 in
481 3045 679 3076 restitutione
702 3045 762 3085 ipsi
786 3045 867 3075 facta
890 3045 929 3075 de
950 3045 1102 3085 Regalia,
1131 3045 1181 3075 die
1209 3045 1255 3075 io-

189 3102 204 3117 »
227 3089 274 3119 vis
297 3096 371 3129 post
402 3089 622 3128 Dominicam,
653 3089 686 3119 in
716 3099 780 3130 qua
804 3095 946 3119 cantatur
977 3089 1072 3119 Oculi
1094 3090 1174 3127 mei,
1200 3099 1255 3119 seu

189 3147 204 3161 w
227 3133 395 3164 Dominica
425 3133 466 3163 III
496 3133 753 3174 quadragesimae
784 3133 858 3163 anni
897 3135 973 3164 1301
1007 3145 1021 3160 ν
1063 3131 1164 3175 (stylo
1197 3143 1255 3163 no-

186 3188 228 3208 vo
259 3175 366 3220 1302).

252 3221 348 3252 Nulla
371 3221 562 3261 temporaria
584 3221 719 3251 indicata
742 3228 829 3260 nota,
849 3222 925 3252 haec
949 3222 1009 3251 alia
1031 3221 1256 3261 Philosophica

187 3266 284 3297 sancti
313 3265 460 3296 Doctoris
500 3265 606 3305 Opera
635 3272 791 3296 memorat
821 3266 908 3296 idem
939 3266 1144 3296 Ptolomaeus
1174 3265 1255 3295 libro

187 3311 237 3342 cit.
261 3310 375 3348 XXIII,
400 3309 500 3349 capite
518 3317 568 3339 xv:
597 3322 611 3337 «
634 3310 713 3340 Item
735 3309 863 3340 tradidit
885 3310 1077 3350 quibusdam
1095 3309 1255 3339 nobilibus

188 3367 204 3382 ι
226 3354 402 3385 Aristotelis
426 3351 578 3396 (Artistis)
601 3354 780 3394 Loycalia:
803 3353 879 3393 quia
901 3353 1024 3393 scripsit
1054 3353 1203 3383 Modales
1226 3359 1257 3383 et

189 3412 204 3427 >›
226 3399 391 3429 Fallacias
420 3405 450 3428 et
479 3397 720 3428 Introductoria
748 3397 791 3427 ad
818 3398 962 3437 Loycam
990 3397 1131 3427 multum
1163 3397 1253 3427 clara.

189 3456 204 3471 »
226 3443 314 3474 Fecit
338 3449 558 3473 commentum
582 3432 676 3482 supel-
698 3441 816 3471 librum
830 3442 1047 3471 Posteriorum
1063 3447 1093 3471 et
1107 3450 1202 3480 super
1217 3440 1253 3470 li-

189 3500 203 3514 »
226 3489 321 3518 brum
343 3487 608 3517 Perihermenias.
627 3498 642 3512 »
669 3485 741 3515 Alia
763 3491 902 3515 recenset
924 3485 1004 3515 inter
1027 3484 1200 3524 Opuscula.

254 3533 290 3562 In
312 3531 432 3570 litteris,
457 3541 535 3571 quas
559 3536 632 3571 post
656 3529 781 3560 obitum
803 3529 870 3560 Viri
893 3528 1079 3559 sanctissimi
1095 3528 1255 3559 Universi—

187 3582 233 3607 tas
248 3576 429 3606 Parisiensis
448 3575 534 3605 misit
549 3575 589 3605 ad
604 3574 759 3614 generalia
776 3573 904 3604 Ordinis
919 3573 1175 3603 Praedicatorum
1192 3572 1255 3602 Co-

186 3620 288 3659 mitia,
307 3630 389 3661 quae
412 3619 562 3660 Lugduni
579 3629 664 3649 anno
693 3627 775 3659 1274
790 3617 1024 3648 celebrabantur
1044 3617 1093 3647 die
1111 3627 1151 3647 20
1168 3626 1255 3647 men-

1310 1178 1352 1208 sis
1375 1178 1462 1217 maii,
1487 1178 1713 1218 Philosophica
1736 1178 1894 1219 quaedam
1917 1178 2023 1219 Opera
2045 1186 2273 1219 memorantur,
2297 1191 2379 1221 quae

1310 1222 1455 1253 extremis
1478 1223 1560 1253 vitae
1584 1223 1674 1253 annis
1697 1223 1855 1263 inceperat
1877 1223 2030 1263 Aquinas.
2050 1223 2150 1254 Aiunt
2165 1224 2260 1254 enim:
2279 1237 2294 1252 «
2307 1226 2377 1255 Hu-

1312 1279 1328 1294 »
1350 1267 1466 1297 militer
1496 1267 1713 1307 supplicamus
1736 1273 1773 1298 ut
1796 1277 1871 1297 curn
1894 1267 2051 1307 quaedam
2074 1268 2188 1308 scripta
2211 1268 2250 1298 ad
2271 1269 2377 1300 Philo-

1313 1324 1327 1339 »
1349 1311 1492 1351 sophiam
1516 1311 1703 1352 pertinentia
1719 1318 1750 1342 et
1768 1311 1949 1351 spectantia,
1973 1311 2097 1342 Parisiis
2121 1312 2267 1343 inchoata
2282 1314 2320 1343 ab
2339 1323 2378 1344 eo

1311 1367 1326 1383 ›
1350 1354 1507 1396 (secunda
1518 1357 1585 1387 vice
1593 1356 1733 1387 scholam
1745 1355 1995 1386 Saniacobaeam
2012 1362 2144 1397 regente
2153 1357 2193 1387 ab
2202 1367 2288 1388 anno
2298 1357 2377 1399 1269

1312 1412 1327 1427 2»
1349 1400 1394 1431 ad
1407 1410 1529 1431 annum
1540 1400 1639 1441 1271),
1657 1400 1690 1430 in
1709 1410 1769 1431 suo
1785 1410 1908 1431 recessu
1925 1398 2028 1441 (anno
2044 1400 2131 1442 1271)
2147 1401 2307 1442 reliquerit
2322 1403 2379 1432 im-

1312 1456 1327 1471 »
1343 1444 1493 1485 perfecta
1517 1451 1547 1475 et
1569 1445 1677 1485 ipsum
1705 1445 1869 1475 credamus
1894 1444 1948 1475 ubi
1979 1445 2146 1475 translatus
2170 1445 2270 1476 fuerat
2293 1456 2379 1476 corn-

1312 1499 1327 1515 »
1350 1489 1495 1529 plevisse;
1518 1489 1611 1520 nobis
1634 1489 1852 1520 benevolentia
1867 1495 1968 1519 vestra
1985 1489 2047 1520 cito
2064 1490 2292 1520 communicari
2308 1500 2380 1530 pro-

1312 1544 1327 1559 >
1351 1533 1465 1564 curetis
1489 1540 1520 1564 et
1542 1533 1717 1574 specialiter
1740 1543 1835 1574 super
1858 1534 1974 1564 librum
1990 1533 2156 1574 Simplicii,
2173 1544 2268 1574 super
2283 1534 2382 1566 libros

1313 1589 1328 1604 »
1350 1578 1402 1608 De
1425 1578 1513 1609 caelo
1537 1583 1568 1608 et
1590 1578 1709 1609 mundo
1733 1585 1764 1608 et
1787 1578 2019 1618 expositionem
2047 1579 2169 1609 Timaei
2190 1579 2336 1610 Platonis
2351 1585 2382 1610 et

1313 1634 1328 1649 »
1350 1623 1402 1652 De
1425 1632 1584 1663 aquarum
1609 1622 1815 1653 conductibus
1839 1628 1869 1653 et
1888 1623 2038 1663 ingeniis,
2055 1622 2136 1653 idest
2151 1623 2306 1654 machinis
2322 1623 2380 1654 eri-

1314 1679 1328 1694 »
1351 1666 1480 1706 gendis:
1513 1667 1551 1697 de
1575 1667 1691 1708 quibus
1715 1667 1807 1697 nobis
1835 1666 1996 1697 mittendis
2020 1667 2146 1707 speciali
2170 1667 2381 1707 promissione

1313 1722 1328 1737 1·
1351 1710 1466 1742 fecerat
1481 1711 1688 1742 mentionem.
1713 1711 1745 1742 Si
1761 1721 1825 1752 qua
1839 1711 1981 1742 similiter
1996 1711 2039 1742 ad
2054 1706 2208 1752 Logicam
2224 1712 2381 1752 pertinen-

1313 1766 1328 1781 »
1351 1755 1394 1786 tia
1417 1755 1618 1796 composuit,
1647 1755 1728 1786 sicut
1751 1755 1879 1796 quando
1910 1755 2035 1786 recessit
2058 1766 2076 1786 a
2098 1756 2190 1786 nobis
2219 1756 2382 1787 humiliter

1314 1811 1329 1826 »
1351 1799 1521 1840 petivimus
1544 1800 1582 1830 ab
1607 1800 1732 1838 eodem,
1756 1806 1857 1830 vestra
1880 1800 2054 1840 benignitas
2074 1807 2183 1831 nostro
2200 1801 2380 1831 communi-

1313 1855 1328 1870 »
1351 1854 1420 1874 care
1437 1843 1583 1884 Collegio
1599 1844 1754 1884 dignetur.
1771 1844 1891 1874 Datum
1906 1844 2029 1874 Parisiis
2044 1854 2129 1875 anno
2145 1845 2277 1875 Domini
2298 1854 2380 1887 1274

1314 1900 1330 1915 1>
1353 1888 1402 1918 die
1425 1888 1571 1919 mercurii
1595 1895 1666 1919 ante
1691 1888 1911 1919 Inventionem
1934 1895 2057 1919 sanctae
2082 1889 2203 1920 Crucis.
2222 1901 2237 1916 ιν

1379 1932 1620 1963 Commentario
1636 1932 1669 1963 in
1684 1933 1801 1963 librum
1810 1933 2067 1964 Perihermenias
2076 1933 2282 1973 praemissam
2292 1944 2381 1974 prae-

1313 1984 1395 2008 stant
1426 1977 1549 2008 codices
1579 1987 1655 2008 mss.
1686 1978 1767 2008 bene
1795 1977 1888 2007 multi
1917 1978 2183 2017 nuncupatoriam
2214 1978 2382 2018 epistolam

1311 2022 1437 2052 Dilecto
1456 2022 1516 2052 sibi
1533 2022 1720 2062 Praeposito
1743 2022 1948 2060 Lovaniensi,
1968 2022 2019 2052 cui
2038 2022 2223 2062 adprecatur
2228 2022 2282 2063 fr.
2303 2023 2381 2053 Tho-

1312 2076 1383 2097 mas
1405 2066 1445 2097 de
1466 2067 1594 2107 Aquino
1616 2067 1753 2097 salutem
1777 2071 1808 2096 et
1838 2075 1934 2097 verae
1964 2067 2142 2106 sapientiae
2174 2067 2381 2097 incrementa.

1313 2111 1470 2150 Integram
1493 2111 1613 2151 profert
1635 2111 1668 2141 in
1692 2111 1797 2141 lucem
1820 2110 1993 2149 Echardus,
2019 2121 2094 2141 curn
2109 2111 2142 2141 in
2158 2111 2308 2141 omnibus
2323 2111 2382 2141 im-

1312 2155 1426 2196 pressis
1450 2155 1651 2186 desideretur.
1676 2155 1828 2186 Conditio
1852 2155 2032 2195 Praepositi
2062 2155 2273 2186 Lovaniensis
2296 2155 2382 2186 evin-

1313 2210 1381 2230 cere
1404 2199 1528 2231 videtur
1551 2200 1714 2230 Thomam
1731 2199 1929 2230 elucubrasse
1946 2199 2038 2239 Opus
2053 2199 2196 2230 Parisiis:
2217 2210 2292 2230 cum
2306 2209 2383 2230 vero

1312 2244 1535 2284 imperfectum
1557 2245 1637 2275 illud
1658 2245 1708 2282 sit,
1725 2250 1838 2284 sponte
1855 2243 2013 2283 colligitur
2036 2244 2144 2284 potius
2160 2244 2266 2282 altera,
2282 2254 2381 2284 quarn

1312 2288 1416 2329 prima
1438 2289 1526 2328 vice,
1551 2299 1625 2320 cum
1658 2289 1801 2319 scholam
1824 2288 2040 2318 moderaretur
2071 2288 2195 2318 Parisiis
2218 2289 2382 2329 Aquinas,

1312 2333 1489 2364 confectam
1513 2334 1551 2364 ab
1574 2333 1630 2364 illo
1653 2339 1775 2373 partem
1798 2332 1885 2363 illam
1909 2332 2150 2371 Commentarii,
2167 2343 2248 2373 quae
2272 2342 2381 2373 super-

1312 2384 1367 2408 est.
1393 2378 1463 2418 Ipse
1495 2385 1625 2408 testatur
1647 2378 1681 2408 in
1705 2377 1838 2418 epistola
1866 2377 2098 2417 nuncupatoria
2121 2379 2262 2415 Auctor,
2289 2377 2382 2417 Opus

1311 2422 1391 2452 illud
1415 2422 1574 2462 scripsisse
1602 2423 1686 2453 inter
1716 2422 1907 2462 multiplices
1935 2423 2178 2462 occupationum
2207 2421 2381 2452 solicitudi—

1313 2477 1378 2497 nes.
1403 2467 1571 2504 Quaenam
1602 2467 1674 2497 illae
1704 2464 1847 2497 fuerint?
1879 2466 2009 2506 Absque
2041 2466 2138 2496 dubio
2173 2466 2383 2507 Theologicae

1312 2513 1530 2553 quaestiones,
1562 2522 1640 2552 quas
1664 2511 1697 2541 in
1721 2510 1829 2542 schola
1852 2510 2006 2541 tradebat:
2033 2510 2165 2540 Summa
2191 2511 2380 2551 theologiae,

1313 2556 1364 2587 cui
1388 2556 1589 2586 adornandae
1613 2562 1714 2586 totam
1744 2565 1876 2595 operam
1906 2555 2099 2585 collocabat:
2130 2555 2262 2585 Summa
2287 2554 2383 2585 etiam

1313 2606 1426 2631 contra
1452 2601 1609 2641 gentiles,
1644 2610 1742 2641 quarn
1773 2599 1944 2638 scribebat,
1975 2599 2126 2639 aliaeque.
2156 2599 2254 2640 Atqui
2277 2599 2310 2629 in
2333 2598 2383 2628 his

1313 2645 1472 2685 Operibus
1496 2645 1716 2675 elucubrandis
1740 2651 1876 2675 extrema
1899 2643 1980 2674 vitae
2004 2643 2136 2683 periodo
2159 2643 2336 2674 insudabat.

1381 2690 1418 2720 II.
1444 2689 1511 2720 Cur
1533 2699 1608 2719 vero
1632 2689 1672 2719 ad
1695 2695 1829 2719 aetatem
1859 2694 2041 2728 provectam
2064 2694 2169 2718 tantus
2191 2687 2281 2718 labor
2304 2687 2381 2717 dila-

1312 2732 1386 2764 tus?
1418 2733 1614 2764 Crediderim
1645 2743 1704 2773 ego
1735 2733 1890 2763 librorum
1919 2732 2096 2763 Aristotelis
2125 2731 2381 2762 Commentarios

1313 2778 1440 2818 adgredi
1463 2778 1604 2809 noluisse
1628 2778 1801 2815 Thomam,
1826 2787 1892 2807 non
1916 2777 2003 2816 prius
2026 2776 2149 2806 meliori
2173 2777 2301 2806 obtenta
2324 2785 2378 2805 eo-

1312 2823 1460 2853 rumdem
1482 2823 1578 2853 latina
1601 2822 1745 2853 versione
1768 2829 1804 2852 ut
1826 2820 2013 2860 Philosophi
2036 2827 2176 2851 mentem
2200 2830 2235 2850 ac
2258 2826 2380 2850 senten-

1312 2867 1390 2898 tiam
1408 2867 1530 2898 felicius
1553 2867 1684 2908 adsequi
1713 2873 1829 2907 posset.
1854 2865 2157 2896 Luculentissimum
2185 2871 2264 2904 puto
2289 2863 2380 2894 Guil-

1310 2911 1398 2941 lelmi
1422 2912 1461 2942 de
1484 2912 1595 2942 Tocco
1626 2911 1847 2942 testimonium
1870 2909 1902 2939 in
1926 2910 1998 2940 Vita
2022 2909 2121 2949 capite
2145 2918 2193 2947 1v,
2218 2918 2306 2938 num.
2328 2908 2379 2946 18,

1312 2956 1398 2996 apud
1420 2956 1566 2986 Bollandi
1591 2955 1853 2986 Continuatores:
1882 2967 1896 2981 «
1915 2953 2044 2993 Scripsit
2067 2953 2172 2991 etiarn,
2197 2953 2378 2993 inquientis,

1313 3012 1328 3027 »
1352 3010 1446 3040 super
1465 3000 1706 3040 Philosophiam
1721 2999 1913 3030 Naturalem
1932 3005 1961 3028 et
1976 2997 2136 3027 Moralem
2154 3004 2183 3027 et
2199 3007 2293 3037 super
2308 2998 2378 3027 Me-

1313 3056 1327 3071 »
1351 3045 1572 3085 taphysicam:
1602 3054 1743 3085 quorum
1772 3043 1927 3073 librorum
1957 3041 2136 3082 procuravit
2174 3041 2263 3082 quod
2293 3040 2381 3071 fieret

1312 3101 1327 3115 »
1351 3098 1434 3119 nova
1459 3089 1640 3126 translatio,
1666 3098 1747 3129 quae
1772 3086 1942 3118 sententiae
1965 3085 2141 3116 Aristotelis
2161 3085 2301 3116 continet
2317 3085 2379 3116 cla-

1312 3144 1326 3159 »
1349 3143 1414 3163 rius
1437 3139 1609 3163 veritatem.
1627 3144 1642 3159 2·
1863 3152 1867 3155 -

1377 3177 1570 3207 Ferebantur
1603 3187 1680 3207 aevo
1713 3176 1859 3206 Thomae
1889 3174 2048 3204 versiones
2081 3173 2204 3214 aliquae
2238 3173 2378 3213 Operum

1309 3221 1491 3251 Aristotelis
1513 3220 1643 3259 latinae,
1667 3220 1732 3250 sive
1755 3230 1792 3250 ex
1821 3228 1932 3258 graeco
1956 3218 2021 3248 sive
2054 3228 2090 3248 ex
2120 3218 2243 3248 arabico
2268 3217 2377 3247 factae.

1310 3265 1534 3295 Hermannum
1557 3264 1766 3295 Contractum
1789 3270 1946 3300 memoro,
1971 3262 2038 3303 qui,
2054 3262 2232 3292 Trithemio
2252 3267 2328 3291 teste
2343 3261 2377 3290 in

1310 3308 1487 3338 Annalibus
1503 3308 1780 3348 Hirsaugiensibus
1797 3307 1837 3337 ad
1851 3317 1972 3336 annum
1993 3307 2086 3344 1005,
2102 3306 2258 3336 nonnulla
2278 3305 2378 3335 Grae-

1311 3362 1421 3383 corum
1446 3358 1476 3382 et
1497 3353 1640 3382 Arabum
1665 3353 1828 3383 volumina
1852 3352 1884 3381 in
1909 3351 2044 3381 latinum
2068 3359 2245 3380 sermonem
2270 3354 2377 3379 trans-

1311 3397 1403 3433 tulit,
1437 3397 1520 3426 sicut
1552 3397 1619 3435 ipse
1639 3396 1772 3436 fatetur
1797 3397 1829 3425 in
1854 3395 1990 3435 quodam
2022 3394 2202 3424 Aristotelis
2224 3393 2377 3433 prologo.

1310 3440 1416 3470 Refert
1439 3439 1598 3479 Rigordus
1626 3441 1664 3469 de
1693 3439 1795 3470 Gestis
1822 3438 1961 3478 Philippi
1988 3437 2161 3468 Galliarum
2185 3437 2278 3476 Regis
2298 3437 2379 3467 circa

1311 3493 1432 3513 annum
1450 3483 1582 3513 Domini
1607 3493 1706 3521 1210,
1733 3483 1799 3523 legi
1821 3483 1956 3512 Parisiis
1979 3483 2117 3522 coepisse
2140 3481 2261 3511 libellos
2283 3490 2378 3521 quos-

1310 3528 1384 3558 dam
1408 3528 1599 3564 Aristotelis,
1617 3529 1672 3567 qui
1686 3527 1840 3557 docebant
1854 3527 2123 3566 Metaphysicam,
2141 3526 2181 3556 de
2196 3535 2277 3556 novo
2295 3525 2378 3555 Con—

1310 3572 1518 3611 stantinopoli
1549 3571 1671 3602 delatos
1704 3577 1734 3601 et
1756 3581 1776 3601 a
1808 3580 1928 3611 graeco
1953 3571 1984 3600 in
2021 3570 2156 3600 latinum
2190 3570 2377 3600 translatos.

1311 3615 1445 3656 Insignis
1470 3622 1515 3646 est
1533 3615 1636 3646 versio
1655 3616 1718 3655 illa,
1738 3625 1837 3656 quam
1851 3614 1918 3645 fieri
1936 3614 2027 3645 iussit
2045 3615 2069 3644 F
2072 3614 2221 3645 ridericus
2240 3614 2379 3654 Impera-
