2788 4204
1176 287 1287 323 CAP.
1319 288 1367 334 11,
1398 286 1550 325 LECT.
1581 288 1633 325 1v

103 398 108 404 ,
306 377 536 415 quocunque
564 365 674 403 simili
699 365 830 402 modo.
861 365 911 401 Et
927 364 1002 400 hoc
1027 370 1082 400 est
1105 364 1198 400 scire
1222 376 1294 412 per
1312 377 1373 402 ac-

64 431 277 480 hgoddq-‚mtquan-
306 420 441 466 cidens,
462 419 551 467 quia
580 419 753 456 scilicet*
779 417 871 455 scito
901 416 1028 465 aliquo
1041 428 1116 464 per
1141 428 1192 462 se,
1214 417 1374 454 dicimur

63 463 223 531 3m.‘.⁰¹0.·¹1{0‘et’.
249 463 277 478 '²¹¹
306 473 399 510 scire
437 472 529 509 illud
557 472 662 520 quod
699 471 835 508 accidit
872 471 905 507 ei
937 481 1168 518 quocunque
1202 470 1322 506 modo
1340 471 1371 506 *.

65 516 170 586 5ξῖτῖἑό
188 515 276 586 “mms-
307 525 468 563 Intendit
495 525 603 573 igitur
631 524 883 574 Philosophus
909 522 1100 561 definire*
1118 522 1213 558 scire
1233 522 1373 570 simpli-

65 564 277 619 ὴῐοοᾱςὶῖἷῗῗὲιαῖἱ
307 579 407 626 citer,
428 591 506 615 non
534 585 663 615 autem
691 578 785 614 scire
813 577 1026 614 secundum
1050 574 1226 612 accidens
1240 576 1270 611 ³¹⁶.
1302 576 1373 612 Hic

64 619 279 689 ξιιωεῗιῗῖιῖῗέἷῗ-ῗῑ
306 632 408 669 enim
436 631 576 668 modus
604 630 746 668 sciendi
762 638 818 667 est
836 629 1072 679 sophisticus
1093 629 1256 666 Utuntur
1271 628 1373 665 enim

64 700 74 709 ·
83 675 134 731 ⁰0²?-
143 674 276 727 ’ἑῗςῖἶιῗηὶ
305 684 495 733 sophistae
506 684 568 720 tali
580 684 700 720 modo
708 684 894 732 arguendi
903 684 940 720 *t
958 694 1148 731 cognosco
1159 681 1372 727 Coriscum3

64 725 140 748 '‘²⁸⁶'‘
306 737 484 774 Coriscus
513 744 568 773 est
593 737 772 784 veniens3
803 749 892 785 ergo
923 747 1112 784 cognosco
1139 734 1372 772 venientem.

363 791 396 828 5.
427 790 606 827 Secundo
623 790 655 838 ²¹⁸,
673 803 761 827 cum
783 790 890 827 dicit:
917 791 1012 827 Cum
1037 800 1192 826 causam
1212 788 1374 824 arbitra-

304 855 393 880 mur
420 852 508 892 etc.,
532 843 640 892 ponit
668 843 929 881 definitionem
962 842 1078 891 ipsius
1104 842 1201 879 scire
1233 840 1373 889 simpli-

305 896 405 934 citer.
437 898 547 934 Circa
575 897 680 946 quod
714 897 1035 934 considerandum
1064 902 1120 932 est
1147 894 1252 943 quod
1278 894 1375 930 scire

62 962 163 984 *Autem
172 950 444 1102 omin.0.{aliquid
465 958 520 987 est
537 951 701 1000 perfecte
718 963 948 999 cognoscere
967 950 1105 998 ipsum,
1120 949 1195 986 hoc
1213 955 1341 984 autem
1352 947 1373 967 *

62 796 73 807 “
84 795 119 817 Cf.
128 800 205 822 supra,
214 799 264 820 n.3.

62 1012 277 1064 mugga-{3333
305 1011 360 1040 est
369 1005 533 1053 perfecte
549 1004 835 1053 apprehendere
844 1004 1042 1041 veritatem
1051 1005 1072 1022 ⁴*
1087 1001 1203 1050 ipsius
1214 1014 1223 1038 z
1236 1000 1374 1038 eadem

305 1068 407 1094 emm
427 1065 513 1095 sunt
530 1057 713 1106 principia
743 1069 824 1094 esse
853 1057 906 1094 rei
935 1065 971 1093 et
997 1055 1162 1093 veritatis
1186 1054 1313 1104 ipsius,
1332 1061 1375 1090 ut

61 1118 274 1170 1353533133
304 1117 407 1170 patet
426 1123 471 1147 ex
484 1112 516 1147 II
531 1111 820 1159 Metaphysicae
834 1111 864 1147 *.
883 1110 1045 1159 Oportet
1063 1109 1173 1157 igitur
1186 1108 1372 1153 scientem,

60 1173 273 1222 Pss'ffflzssff'ui'
305 1175 335 1199 st
364 1171 420 1200 est
437 1164 602 1212 perfecte
631 1175 865 1211 cognoscens
887 1164 918 1210 *,
939 1163 1043 1211 quod
1065 1169 1268 1210 cognoscat
1287 1173 1373 1197 cau-

60 1214 276 1250 ·xizretteicfre‚·
305 1227 388 1252 sam
402 1222 411 1237 ⁸
431 1217 483 1253 rei
504 1217 618 1253 scitae
632 1217 663 1253 *.
686 1216 726 1253 Si
748 1225 877 1253 autem
900 1223 1146 1264 cognosceret
1166 1226 1321 1251 causam
1335 1214 1376 1235 **

61 1258 91 1276 ⁰³
109 1256 275 1301 'affusam
303 1276 471 1316 tantum,
505 1270 679 1307 nondum
713 1277 959 1317 cognosceret
993 1268 1171 1305 effectum
1200 1268 1238 1304 in
1267 1274 1372 1313 actu,

59 1315 220 1366 vuaim-
230 1338 275 1360 ret.
304 1322 410 1370 quod
430 1330 485 1359 est
513 1323 607 1359 scire
636 1323 853 1372 simpliciter
871 1329 897 1369 ¹,
919 1322 987 1359 sed
1014 1322 1151 1359 virtute
1166 1322 1187 1342 *
1214 1328 1372 1367 tantum,

60 1390 110 1424 ..g
123 1375 260 1425 ἅξωψ,
297 1375 410 1427 Δ(ψοά
421 1376 588 1413 estscire
601 1376 805 1413 secundum
821 1376 912 1424 quid
925 1383 961 1412 et
975 1375 1083 1423 quasi
1097 1387 1171 1423 per
1189 1374 1371 1411 accidens.

59 1430 76 1478 Ξ
131 1432 225 1470 *⁶²5⁰-
241 1427 276 1485 ᾗ
304 1429 354 1465 Et
372 1428 458 1466 ideo
474 1437 623 1478 oportet
637 1429 819 1466 scientem
839 1429 1056 1478 simpliciter
1076 1439 1305 1475 cognoscere
1322 1434 1373 1463 et-

61 1492 127 1519 un.-
138 1470 275 1538 33:⁶23
303 1481 380 1519 iam
396 1482 688 1532 applicationem
705 1495 842 1520 causae
857 1483 905 1520 ad
922 1481 1101 1519 effectum
1120 1482 1149 1518 *.
1163 1481 1264 1528 Quia
1278 1492 1372 1517 vero

37 1575 40 1579 .
59 1518 238 1589 wi&-
303 1534 457 1573 scientia
477 1544 533 1574 est
552 1536 666 1574 etiam
682 1538 702 1556 ⁴⁸
719 1544 818 1573 certa
838 1535 1002 1584 cognitio
1023 1535 1091 1581 rei;
1119 1534 1224 1583 quod
1244 1541 1373 1570 autem

82 1706 125 1722 ‘'³⁶'‘
303 1711 383 1736 scitur
396 1709 529 1735 conclusio
542 1709 637 1735 virtute
651 1710 765 1742 quidem,
780 1718 834 1735 non
847 1715 935 1735 tamen
949 1715 1015 1737 actu.
1035 1709 1170 1743 Perceptio
1182 1716 1245 1741 ergo
1259 1707 1374 1734 actualis

303 1746 488 1780 principiorum
511 1750 552 1770 est
570 1746 693 1771 virtualis
706 1746 882 1779 praecognitio
895 1746 1101 1775 conclusionum,
1114 1753 1182 1778 quae
1196 1750 1257 1769 tunc
1270 1743 1374 1776 proprie

297 1782 488 1815 percipiuntur
506 1782 532 1806 in
546 1781 689 1814 principiis
708 1782 813 1814 quando
827 1789 877 1813 ope
890 1781 1013 1806 ratiocinii
1026 1781 1150 1813 principia
1168 1780 1328 1813 applicantur
1342 1779 1374 1804 ad

303 1825 363 1848 eas,
386 1821 415 1842 ut
437 1817 464 1842 in
489 1817 608 1850 sequenti
627 1825 653 1841 n.
670 1816 684 1841 5
704 1817 882 1842 declarabitur.
908 1817 974 1847 Quia
997 1817 1075 1849 igitur
1093 1824 1115 1840 s.
1129 1815 1246 1840 Thomas
1265 1815 1317 1847 agit
1342 1815 1374 1839 de

303 1853 451 1886 cognitione
468 1853 666 1878 conclusionum
691 1852 717 1877 in
740 1853 872 1886 principiis
895 1857 1035 1885 antequam
1058 1851 1103 1876 fiat
1126 1851 1298 1881 ratiocinatio,
1324 1850 1374 1883 legi

303 1888 381 1914 debet
393 1889 561 1920 praescimus
579 1896 638 1913 cum
657 1888 742 1918 codd„
761 1893 787 1913 et
805 1896 858 1913 non
871 1888 1035 1920 percipimus
1054 1895 1114 1912 cum
1133 1887 1220 1911 Piana.

359 1923 378 1956 ι)
399 1923 479 1954 Quod
496 1927 641 1957 cognoscat
659 1931 768 1949 causam
788 1924 828 1948 rei
845 1924 936 1949 scitae.
960 1923 1039 1948 Piana
1062 1922 1211 1947 immediate
1231 1922 1312 1946 addit:
1338 1922 1375 1947 Et

297 1962 414 1992 propter
426 1959 477 1984 hoc
489 1959 556 1984 dicit
568 1958 757 1992 (Aristoteles):
779 1959 845 1984 Cum
864 1965 972 1984 causam
986 1959 1160 1984 arbitramur.
1180 1958 1214 1982 Et
1231 1957 1296 1982 infra
1314 1962 1375 1990 post

302 1994 395 2027 verba,
413 1995 617 2028 applicationem
636 2002 733 2020 causae
747 1995 785 2020 ad
798 1995 927 2028 effectum,
943 1995 1121 2027 prosequitur:
1143 1994 1178 2018 Et
1191 1997 1306 2026 propter
1325 1993 1374 2018 hoc

304 2029 383 2056 dicit.-
397 2029 433 2055 Et
446 2030 572 2063 quoniam
586 2030 656 2055 illius
670 2037 751 2056 causa
764 2034 811 2055 est.
826 2030 899 2060 Quae
913 2030 993 2055 verba
1006 2031 1101 2055 desunt
1109 2029 1135 2053 in
1145 2029 1267 2054 omnibus
1279 2029 1373 2054 nostris

303 2065 466 2091 codicibus.-
476 2066 584 2097 Revera,
598 2071 626 2091 ut
639 2066 720 2091 lector
734 2073 782 2099 per
798 2066 915 2099 seipsum
931 2066 1056 2098 intelligit,
1071 2065 1185 2098 praefata
1197 2065 1276 2089 verba
1290 2069 1373 2090 textus

302 2100 458 2126 aristotelici
477 2107 588 2135 possunt
605 2102 698 2127 adesse
721 2107 747 2126 et
764 2101 856 2126 abesse
874 2102 946 2127 salva
965 2100 1186 2134 argumentatione
1209 2108 1230 2125 s.
1245 2100 1373 2125 Thomae.

303 2134 359 2162 Imo
373 2141 434 2161 sunt
445 2137 583 2170 superflua,
597 2137 657 2169 quia
675 2137 701 2161 in
719 2135 771 2161 fine
789 2136 865 2161 huius
884 2137 986 2162 numeri
1004 2137 1116 2170 praefata
1135 2140 1218 2161 textus
1235 2136 1314 2161 verba
1332 2144 1373 2160 as-

303 2178 442 2197 sumuntur
455 2178 481 2198 et
495 2173 653 2206 explicantur
671 2180 686 2197 a
700 2180 721 2197 s.
736 2173 884 2197 Doctore.-
897 2173 972 2204 Hinc,
985 2180 1053 2204 quae
1067 2180 1082 2197 a
1096 2171 1174 2196 Piana
1187 2177 1247 2205 post
1260 2171 1373 2197 Venetas

303 2208 363 2233 edd.
381 2213 522 2240 ponuntur,
542 2208 649 2234 dicenda
668 2213 729 2232 sunt
747 2209 852 2233 notulae
871 2208 974 2234 lectoris
992 2208 1018 2232 in
1037 2207 1154 2240 margine
1177 2207 1272 2232 codicis
1291 2215 1372 2241 appo-

304 2243 376 2274 sitae,
396 2248 422 2268 et
439 2249 532 2276 postea
550 2244 581 2268 ab
601 2243 752 2268 amanuensi
772 2244 850 2268 textui
870 2243 987 2269 insertae.

357 2279 399 2304 Ad
417 2279 612 2312 intelligentiam
637 2284 723 2304 autem
742 2286 841 2309 eorum,
857 2287 925 2312 quae
937 2280 963 2304 in
982 2278 1032 2303 hoc
1051 2285 1162 2303 numero
1179 2278 1291 2303 breviter
1308 2279 1374 2303 indi-

304 2319 395 2340 cantur
418 2316 506 2348 quoad
530 2320 647 2340 naturam
666 2314 807 2343 scientiae,
827 2315 946 2340 videlicet
964 2315 1034 2348 quod
1059 2313 1127 2339 scire
1151 2318 1192 2338 est
1209 2321 1317 2339 causam
1336 2314 1373 2339 rei

304 2349 384 2375 scitae
397 2358 567 2384 cognoscere,
582 2355 702 2375 notamus
717 2357 825 2375 causam
840 2351 877 2375 rei
892 2350 971 2375 scitae
990 2350 1100 2382 duplicis
1114 2349 1217 2381 generis
1237 2349 1262 2374 in
1277 2350 1373 2375 scholis

303 2385 446 2418 assignari,
470 2391 496 2411 et
514 2386 592 2411 aliam
611 2385 659 2410 dici
676 2393 786 2411 causam
804 2393 852 2410 seu
870 2386 1002 2411 rationem
1022 2385 1194 2418 cognoscendi
1213 2393 1278 2417 rem,
1297 2386 1374 2410 aliam

303 2428 367 2446 vero
386 2429 446 2447 esse
465 2429 570 2447 causam
588 2429 635 2446 seu
653 2421 780 2447 rationem
793 2421 869 2446 etiam
883 2422 987 2447 essendi
998 2421 1047 2453 ipsi
1062 2420 1107 2447 rei.
1126 2420 1161 2445 Ita
1174 2420 1278 2446 effectus
1299 2421 1373 2446 nobis

304 2462 345 2482 est
363 2464 442 2482 causa
459 2458 501 2482 vel
515 2457 580 2482 ratio
599 2456 772 2489 cognoscendi
790 2464 902 2488 causam,
918 2465 932 2482 a
946 2465 999 2490 qua
1014 2455 1149 2490 dependet,
1169 2456 1216 2480 sed
1232 2464 1310 2481 causa
1328 2465 1374 2482 ne-

305 2499 357 2525 que
375 2493 536 2518 constituitur
553 2493 580 2518 in
599 2500 646 2517 sua
659 2498 748 2518 natura
767 2499 852 2525 neque
872 2493 999 2525 dependet
1017 2492 1049 2516 ab
1064 2493 1171 2522 effectu;
1191 2499 1253 2524 ergo
1269 2492 1373 2518 effectus

305 2532 346 2553 est
364 2529 532 2554 solummodo
553 2536 630 2553 causa
652 2536 699 2553 seu
718 2528 782 2553 ratio
807 2528 979 2560 cognoscendi
1003 2535 1116 2553 causam.
1139 2528 1174 2552 At
1192 2528 1373 2560 spiritualitas,

304 2571 328 2588 e.
347 2571 390 2596 g.,
410 2564 567 2590 substantiae
590 2568 630 2589 est
648 2571 726 2588 causa
744 2571 791 2588 seu
814 2563 878 2588 ratio
901 2564 957 2588 eius
980 2563 1178 2588 immortalitatis
1204 2563 1372 2595 intrinsecae,

304 2599 365 2632 quia
388 2607 419 2624 ex
443 2599 601 2625 substantiae
624 2599 800 2632 spiritualitate
823 2599 989 2632 consequitur
1011 2598 1158 2624 necessario
1181 2599 1318 2624 intrinseca
1335 2600 1373 2624 in-

305 2635 512 2668 corruptibilitas,
531 2640 556 2660 et
581 2635 639 2660 ideo
663 2635 841 2660 immortalitas
861 2635 1020 2665 substantiae
1043 2634 1153 2659 viventis
1178 2639 1204 2659 et
1226 2634 1372 2667 spiritualis.

303 2669 332 2696 Si
350 2678 414 2703 ergo
431 2671 516 2696 scitur
533 2670 712 2695 immortalitas
731 2678 762 2695 ex
780 2670 963 2703 spiritualitate,
978 2670 1057 2695 scitur
1071 2670 1134 2695 haec
1153 2678 1194 2695 res
1209 2678 1256 2703 per
1270 2678 1374 2696 causam

303 2713 352 2731 teu
370 2707 509 2738 rationem,
534 2714 602 2739 quae
621 2711 661 2731 est
678 2706 756 2730 simul
775 2711 801 2730 et
819 2706 895 2730 nobis
917 2706 982 2731 ratio
1004 2706 1176 2738 cognoscendi
1196 2711 1222 2731 et
1239 2706 1276 2731 rei
1295 2707 1374 2732 scitae

304 2749 383 2767 causa
401 2750 447 2767 seu
466 2742 530 2767 ratio
548 2741 795 2771 essendi.-Quaeri
810 2749 872 2774 ergo
886 2746 972 2775 potest
991 2741 1053 2774 quid
1071 2741 1266 2773 intelligendum
1281 2742 1315 2767 sit
1326 2751 1374 2776 per

303 2783 428 2807 causam,
448 2778 552 2811 quando
571 2777 679 2802 dicimus
698 2777 769 2810 quod
787 2778 879 2806 sciens,
899 2777 920 2802 si
940 2782 980 2802 est
998 2776 1112 2809 perfecte
1131 2785 1306 2810 cognoscens,
1328 2786 1373 2803 ne-

305 2820 380 2838 cesse
398 2819 438 2838 est
455 2818 485 2838 ut
503 2818 643 2846 cognoscat
656 2820 765 2838 causam
780 2813 817 2838 rei
831 2811 924 2837 scitae?
939 2818 1026 2837 utrum
1039 2813 1136 2837 scilicet
1148 2820 1230 2838 causa
1243 2813 1269 2838 in
1283 2814 1374 2839 ordine

305 2848 338 2872 ad
357 2849 544 2881 cognitionem,
557 2849 600 2874 vel
615 2849 692 2874 etiarn
707 2849 733 2873 in
746 2849 837 2873 ordine
851 2848 883 2873 ad
897 2848 982 2881 ipsam
991 2856 1047 2872 rem
1062 2847 1196 2873 scitam't-
1206 2849 1276 2873 Haec
1290 2849 1374 2881 prima

305 2884 423 2916 quaestio
441 2885 542 2909 videtur
559 2884 641 2909 facilis
655 2884 798 2909 solutionis.
818 2883 885 2908 Infra
899 2884 969 2909 enim
983 2892 1008 2908 n.
1019 2883 1036 2908 8
1050 2884 1142 2909 dicitur
1155 2885 1226 2917 quod
1238 2887 1279 2910 est
1288 2885 1373 2910 estam

304 2919 374 2944 scire
387 2927 440 2952 per
457 2919 592 2953 effectum,
610 2919 662 2944 hoc
680 2924 720 2944 est
737 2927 785 2952 per
808 2927 914 2944 causam
933 2927 980 2944 seu
999 2920 1126 2944 rationem
1145 2927 1198 2944 non
1216 2920 1372 2952 absolutam,

306 2955 353 2979 sed
371 2955 504 2980 relativam
531 2955 564 2980 ad
591 2959 707 2980 nostram
726 2954 916 2987 cognitionem:
943 2955 975 2979 de
994 2963 1046 2987 quo
1065 2960 1152 2980 tamen
1175 2955 1271 2981 sciendi
1294 2957 1373 2981 modo

305 2997 360 3014 non
382 2990 432 3021 hic',
451 2991 498 3015 sed
525 2990 551 3014 in
579 2990 747 3022 sequentibus
771 2990 881 3014 disseret
901 2990 1063 3015 Aristoteles.
1086 2991 1157 3023 Ergo
1178 2991 1373 3024 impraesentia-

305 3033 365 3050 rum
384 3033 472 3050 sermo
490 3030 531 3050 est
553 3025 586 3050 de
603 3025 671 3050 scire
695 3033 742 3058 per
764 3032 890 3054 causam,
916 3033 984 3058 quae
1008 3031 1034 3050 et
1052 3031 1093 3051 est
1114 3026 1178 3051 ratio
1201 3028 1373 3059 cognoscendi

306 3065 333 3085 et
351 3060 429 3086 simul
448 3068 525 3085 causa
538 3061 642 3086 essendi
655 3060 692 3085 rei
707 3061 800 3090 scitae;
820 3061 886 3086 sicut
904 3068 991 3085 sermo
1010 3066 1050 3086 est
1068 3062 1100 3086 de
1117 3062 1186 3087 scire
1198 3070 1245 3095 per
1259 3070 1372 3094 causam,

306 3103 355 3121 seu
372 3103 420 3129 per
433 3096 693 3127 demonstrationem,
712 3101 742 3120 ut
755 3096 920 3128 distinguitur
937 3105 953 3121 a
971 3096 1036 3122 scire
1055 3097 1208 3123 immediate
1222 3103 1248 3123 et
1260 3098 1317 3123 sine
1329 3099 1374 3124 de-

307 3132 502 3156 monstratione.

361 3168 412 3192 Sed
426 3167 476 3192 hoc
489 3167 582 3200 posito,
598 3167 676 3192 altera
695 3167 813 3200 quaestio
827 3167 966 3192 suboritur.
984 3168 1069 3193 Causa
1082 3168 1160 3199 enim,
1175 3176 1243 3202 quae
1255 3174 1296 3194 est
1309 3169 1373 3194 ratio

307 3202 411 3228 essendi
429 3203 466 3227 rei
485 3203 570 3234 scitae,
590 3203 686 3235 duplici
705 3210 784 3228 sensu
801 3202 881 3235 accipi
903 3207 998 3235 potest,
1015 3204 1058 3228 vel
1081 3204 1200 3229 strictiori
1216 3212 1295 3230 sensu
1310 3213 1374 3237 qua-

306 3243 383 3263 tenus
402 3243 444 3263 est
461 3245 552 3263 revera
569 3245 660 3268 causa,
679 3239 722 3263 vel
741 3238 823 3263 latiori
841 3246 922 3264 sensu
940 3243 1067 3272 quatenus
1085 3240 1149 3264 ratio
1165 3247 1212 3265 cur
1225 3240 1322 3273 aliquid
1336 3240 1373 3272 rei

307 3274 376 3299 inest
398 3273 488 3298 dicitur
510 3281 570 3298 esse
594 3281 680 3298 causa.
697 3273 797 3299 Artifex
818 3281 895 3299 causa
913 3279 953 3299 est
975 3273 1086 3306 artificii,
1109 3275 1265 3300 rationalitas
1284 3280 1324 3300 est
1348 3275 1373 3299 in

306 3308 414 3334 homine
433 3317 510 3334 causa
523 3309 678 3340 risibilitatis‚
698 3314 760 3341 etc-3
779 3314 805 3334 at
818 3309 1012 3334 immutabilitas
1030 3310 1156 3341 absoluta,
1176 3319 1199 3336 e.
1214 3319 1247 3342 g.⁷
1263 3316 1303 3335 est
1316 3310 1373 3342 qui-

308 3345 368 3370 dem
388 3344 467 3375 ratio,
486 3344 534 3369 sed
547 3344 748 3378 haudquaquam
766 3350 807 3370 est
823 3353 885 3370 vera
903 3353 981 3370 causa
998 3345 1154 3371 aeternitatis
1169 3345 1225 3370 Dei.
1245 3346 1319 3370 Ratio
1334 3350 1374 3369 est

306 3380 368 3413 quia
387 3388 465 3405 causa
487 3379 652 3412 distinguitur
670 3379 776 3405 'realiter
799 3388 814 3406 a
837 3388 887 3406 suo
906 3381 1009 3412 effectu,
1035 3386 1074 3406 est
1092 3381 1162 3413 prior
1186 3381 1256 3413 ipso,
1281 3380 1372 3405 saltem

307 3415 438 3448 prioritate
456 3420 574 3446 naturae,
598 3420 624 3441 et
641 3415 719 3441 habet
735 3415 860 3441 rationem
879 3416 1064 3449 superior-itatis
1083 3424 1162 3448 super
1180 3415 1308 3445 effectum,
1327 3415 1373 3447 qui

307 3451 367 3476 ideo
385 3451 507 3483 importat
524 3451 650 3476 rationem
674 3451 860 3484 dependentiae
884 3456 910 3476 et
933 3451 1105 3476 inferioritatis
1128 3455 1248 3483 respectu
1272 3458 1372 3475 causae.

307 3486 383 3516 Quae
395 3486 483 3511 omnia
498 3494 551 3511 non
564 3486 728 3519 requiruntur
744 3487 771 3512 in
784 3487 889 3512 ratione
903 3487 1014 3511 essendi.
1034 3486 1100 3510 Cum
1116 3493 1178 3517 ergo
1193 3485 1283 3509 dicitur
1301 3485 1373 3517 quod

308 3521 374 3546 scire
391 3522 497 3554 proprie
515 3527 555 3547 est
572 3522 735 3555 causamsei
754 3523 832 3548 scitae
851 3529 1015 3554 cognoscere,
1035 3521 1179 3545 sumiturne
1198 3528 1275 3544 causa
1291 3520 1372 3544 latiori

307 3564 388 3582 sensu
401 3565 449 3590 pro
463 3558 573 3588 ratione,
591 3558 634 3582 vel
648 3562 736 3583 contra
749 3558 867 3583 strictiori
890 3565 970 3581 sensu
984 3554 1153 3580 causalitatis?
1173 3556 1243 3580 Haec
1259 3555 1373 3579 secunda

307 3599 367 3625 pars
385 3593 486 3618 videtur
499 3600 558 3618 esse
572 3593 700 3625 neganda,
721 3598 747 3618 et
764 3594 885 3618 standum
904 3600 952 3625 pro
971 3591 1061 3624 prima,
1076 3598 1171 3623 nempe
1185 3598 1232 3623 pro
1247 3597 1323 3614 causa
1337 3591 1373 3614 la-

306 3627 365 3653 tiori
382 3635 463 3653 sensu
481 3634 592 3661 accepta,
603 3628 722 3654 videlicet
734 3637 783 3662 pro
795 3628 901 3653 ratione.
921 3628 1021 3652 Revera
1039 3635 1061 3651 s.
1071 3626 1188 3651 Thomas
1208 3626 1233 3650 in
1248 3625 1373 3657 principio

2423 288 2488 325 151

1430 367 1609 415 contingit
1635 367 1740 404 aliter
1767 379 1808 404 se
1835 368 1987 414 habere,
2018 380 2097 405 non
2115 375 2238 417 potest
2265 368 2398 417 aliquis
2425 381 2494 417 per

1430 419 1691 457 certitudinem
1713 422 1733 442 *
1753 433 2001 468 cognoscere;
2038 421 2124 458 ideo
2158 421 2310 457 ulterius
2345 429 2495 470 oportet

1429 472 1534 519 quod
1562 473 1599 509 id
1627 473 1732 521 quod
1758 474 1870 510 scitur
1889 486 1967 511 non
1994 474 2113 522 possit
2140 474 2244 511 aliter
2271 486 2310 510 se
2339 475 2491 510 habere.

1430 524 1529 571 Quia
1571 537 1659 573 ergo
1689 526 1842 564 scientia
1871 534 1926 563 est
1956 527 2123 576 perfecta
2158 527 2338 575 cognitio,
2369 527 2455 563 ideo
2474 527 2495 548 *

1430 577 1532 613 dicit:
1558 579 1653 614 Cum
1682 591 1835 616 causam
1869 581 2102 617 arbitramur
2128 592 2372 630 cognoscere;
2406 580 2494 628 quia

1428 641 1522 666 vero
1543 638 1598 666 est
1617 632 1770 668 actualis
1791 633 1953 680 cognitio
1972 631 1986 654 λ
2003 646 2072 682 per
2090 646 2208 681 quam
2237 633 2377 670 scimus
2405 632 2494 669 sim-

1428 681 1581 729 pliciter,
1611 683 1729 721 addit:
1755 686 1806 721 Et
1831 687 2009 733 quoniam
2038 687 2135 723 illius
2163 692 2217 723 est
2242 698 2375 732 causa3
2405 686 2494 734 quia

1427 746 1521 770 vero
1547 743 1602 771 est
1622 744 1721 773 certa
1742 738 1921 786 cognitio,
1949 739 2091 776 subdit:
2110 741 2162 776 Et
2178 752 2253 776 non
2273 745 2326 776 est
2353 739 2492 776 contin-

1427 798 1520 836 gere
1547 788 1655 824 aliter
1682 801 1721 825 se
1747 791 1896 827 hahere.

1483 841 1518 876 6.
1549 841 1679 878 Tertio
1702 843 1735 889 *,
1766 843 1832 879 ibi:
1862 845 2110 893 Manifestum
2145 846 2261 895 igitur
2288 853 2376 891 etc.,
2413 853 2493 881 ma-

1428 892 1576 929 nifestat
1593 894 1757 942 positam
1779 896 2038 934 definitionem
2065 910 2134 947 per
2152 899 2226 935 hoc
2240 905 2270 945 μ,
2288 898 2392 946 quod
2412 906 2492 934 tam

1428 945 1607 993 scientes,
1646 959 1763 994 quam
1801 961 1879 985 non
1916 950 2091 997 scientes,
2130 951 2383 988 existimantes
2402 952 2422 972 ³*
2440 958 2493 987 ta-

1428 1011 1519 1035 men
1547 1011 1587 1035 se
1612 999 1717 1046 scire,
1746 1001 1820 1037 hoc
1849 1003 1967 1039 modo
1996 1003 2182 1052 accipiunt
2203 1005 2299 1041 scire
2327 1005 2421 1041 sicut
2440 1003 2494 1041 di-

1429 1059 1532 1088 ctum
1562 1059 1636 1088 est:
1672 1065 1750 1089 non
1784 1054 1941 1091 scientes
1979 1056 2080 1093 enim
2109 1057 2172 1105 qui
2208 1057 2419 1094 existimant
2453 1069 2493 1093 se

1427 1104 1543 1153 scire,
1578 1105 1780 1154 opinantur
1812 1107 1863 1143 sic
1892 1120 1931 1144 se
1959 1109 2099 1146 habere
2133 1110 2171 1147 in
2205 1110 2471 1158 cognoscendo
2482 1139 2491 1158 ‚

1428 1158 1524 1194 sicut
1543 1157 1685 1195 dictum
1715 1167 1789 1206 est;
1819 1161 1977 1198 scientes
2006 1170 2133 1199 autem
2161 1175 2252 1200 vere
2281 1164 2333 1200 sic
2363 1176 2402 1200 se
2426 1165 2492 1200 ha-

1428 1212 1529 1248 bent.
1561 1212 1628 1247 Est
1656 1220 1783 1249 autem
1820 1214 1914 1250 haec
1947 1223 2047 1251 recta
2075 1216 2326 1253 manifestatio
2361 1216 2492 1253 defini-

1427 1264 1550 1301 tionis.
1585 1265 1766 1302 Definitio
1801 1266 1902 1304 enim
1936 1276 1991 1304 est
2018 1269 2134 1314 ratio,
2165 1282 2281 1317 quam
2310 1269 2494 1317 significat

1428 1330 1592 1365 nomen,
1622 1325 1663 1354 ut
1692 1318 1823 1355 dicitur
1857 1320 1895 1356 in
1923 1322 1974 1357 IV
2001 1322 2288 1370 Metaphysicae
2310 1324 2347 1368 *ς
2383 1323 2493 1370 signi-

1427 1371 1554 1408 ficatio
1597 1378 1725 1408 autern
1770 1373 1933 1410 nominis
1977 1374 2196 1422 accipienda
2239 1383 2294 1412 est
2331 1377 2380 1412 ab
2425 1388 2492 1422 eo,

1428 1424 1534 1472 quod
1566 1424 1762 1461 intendunt
1795 1427 2047 1464 communiter
2078 1429 2274 1476 loquentes
2306 1440 2374 1476 per
2406 1428 2494 1465 illud

1428 1489 1573 1515 nomen
1600 1477 1811 1526 significare
1831 1485 1858 1515 ἰ
1888 1481 1990 1517 unde
2020 1488 2055 1517 et
2091 1481 2130 1517 in
2159 1482 2190 1517 II
2225 1483 2260 1518 T
2255 1482 2449 1530 opicorum
2473 1482 2494 1502 ⁸²

1429 1531 1562 1568 dicitur
1598 1531 1704 1579 quod
1732 1532 1948 1569 nominibus
1980 1534 2166 1571 utendum
2199 1542 2273 1582 est,
2303 1542 2344 1571 ut
2370 1535 2495 1583 plures

1427 1705 1505 1731 huius
1519 1714 1545 1731 n.
1563 1705 1576 1731 5
1597 1706 1656 1731 dicit
1670 1707 1762 1731 eadem
1777 1715 1835 1732 esse
1845 1708 1979 1740 principia
1992 1715 2046 1733 esse
2061 1709 2100 1733 rei
2111 1712 2137 1734 et
2151 1708 2271 1734 veritatis
2286 1709 2368 1741 ipsius
2372 1716 2381 1738 ;
2396 1717 2426 1734 ex
2441 1718 2494 1743 quo

1427 1742 1503 1767 infert
1521 1742 1592 1775 quod
1610 1742 1679 1767 scire
1695 1748 1735 1767 est
1753 1750 1910 1775 cognoscere
1925 1752 2027 1768 causam
2047 1744 2083 1769 rei
2097 1745 2182 1769 scitae.
2203 1744 2365 1777 idemigitur
2383 1745 2494 1778 imprae-

1428 1778 1569 1803 sentiarum
1588 1785 1610 1803 s.
1619 1777 1739 1803 Thomae
1758 1784 1818 1803 sunt
1836 1786 1917 1803 causa
1936 1784 1961 1804 et
1984 1780 2120 1812 principia
2135 1787 2165 1804 ex
2185 1780 2278 1813 quibus
2297 1788 2339 1804 res
2355 1781 2418 1805 scita
2432 1789 2493 1805 con-

1428 1813 1548 1838 stituitur.
1567 1813 1694 1846 Principia
1708 1819 1794 1839 autem
1819 1822 1848 1838 ex
1869 1815 1962 1847 quibus
1986 1823 2027 1839 res
2052 1815 2213 1840 constituitur
2233 1821 2293 1840 sunt
2316 1816 2387 1840 ratio
2409 1817 2492 1848 magis

1427 1857 1506 1882 quam
1520 1856 1609 1879 causa,
1629 1849 1697 1874 sicut
1715 1850 1858 1874 animalitas
1877 1855 1903 1874 et
1920 1851 2074 1875 rationalitas
2094 1856 2155 1875 sunt
2173 1851 2296 1883 principia
2317 1851 2412 1884 quibus
2432 1860 2493 1876 con-

1427 1884 1539 1910 stituitur
1556 1885 1621 1909 ratio
1640 1892 1686 1909 seu
1705 1884 1818 1910 definitio
1841 1885 1961 1910 hominis.
1980 1900 1999 1904 —
2022 1887 2142 1911 Ceterum
2166 1887 2381 1911 subscribendum
2400 1895 2494 1912 censeo

1427 1920 1515 1945 subtili
1530 1920 1745 1946 animadversioni
1760 1921 1871 1946 Caietani
1885 1919 1975 1953 (super
1989 1922 1998 1946 1
2013 1922 2165 1952 Posterior„
2180 1930 2235 1955 cap.
2250 1930 2276 1952 11,
2291 1922 2317 1955 ξ.
2330 1922 2407 1947 Circa
2420 1922 2494 1947 illam

1422 1956 1595 1988 particulam,
1610 1963 1648 1981 ex
1656 1956 1751 1983 causis,
1762 1964 1844 1989 prope
1854 1956 1908 1991 fin.)
1919 1957 2009 1981 aientis
2024 1965 2127 1982 causam
2138 1957 2178 1982 hic
2188 1958 2255 1982 sumi
2271 1958 2373 1990 proprie
2385 1959 2427 1983 vel
2442 1958 2495 1982 for-

1427 1992 1527 2017 maliter
1542 1992 1583 2016 vel
1595 1992 1744 2016 virtualiter.
1758 1992 1841 2016 Causa
1854 1992 1879 2016 in
1894 1993 2004 2017 essendo
2019 1991 2063 2025 (de
2077 2001 2127 2025 qua
2138 1999 2177 2017 est
2187 2001 2282 2024 sermo,
2297 2001 2357 2017 nam
2372 1994 2404 2018 de
2417 2001 2494 2018 causa

1427 2027 1453 2052 in
1466 2027 1646 2060 cognoscendo
1665 2028 1716 2052 iam
1736 2027 1832 2052 dictum
1846 2033 1886 2052 est
1904 2035 1982 2060 supra
1994 2028 2020 2052 in
2034 2028 2190 2053 resolutione
2203 2029 2300 2061 primae
2313 2028 2490 2063 quaestionis)

1420 2063 1577 2096 formaliter
1594 2067 1635 2088 est
1652 2064 1696 2088 illa
1711 2071 1778 2096 quae
1796 2071 1857 2088 vere
1871 2069 1970 2094 causat,
1990 2064 2135 2088 causalitate
2154 2064 2209 2088 sive
2223 2063 2358 2095 efficiente,
2373 2064 2428 2089 sive
2442 2064 2493 2088 for-

1426 2099 1496 2130 mali,
1516 2099 1572 2124 sive
1589 2099 1722 2129 materiali,
1742 2099 1797 2123 sive
1815 2098 1892 2123 finali.
1919 2099 2002 2123 Causa
2020 2107 2082 2124 vero
2101 2099 2127 2124 in
2152 2100 2263 2124 essendo
2283 2100 2435 2125 virtualiter
2453 2104 2494 2124 est

1425 2134 1482 2167 ipsa
1500 2134 1565 2159 ratio
1584 2134 1686 2160 essendi
1705 2141 1723 2159 a
1736 2135 1840 2166 priori,
1860 2142 1926 2167 quae
1946 2133 1978 2168 (si
1998 2135 2073 2166 illud,
2098 2135 2171 2159 cuius
2191 2143 2268 2160 causa
2287 2135 2384 2166 dicitur,
2405 2143 2494 2160 causa-

1426 2169 1507 2202 retur)
1527 2169 1656 2195 sufficiens
1677 2171 1703 2195 in
1722 2178 1771 2194 suo
1790 2170 1880 2195 ordine
1899 2178 1974 2195 causa
1993 2170 2061 2195 illius
2081 2175 2157 2195 esset.
2177 2170 2247 2195 Sicut
2266 2171 2291 2195 in
2310 2171 2435 2203 exemplis
2450 2171 2493 2195 ad-

1427 2206 1510 2231 ductis
1529 2206 1680 2231 omnimoda
1699 2206 1893 2230 immutabilitas
1913 2206 2007 2238 (quam
2026 2206 2167 2231 formaliter
2185 2206 2338 2231 aeternitatis
2357 2206 2491 2236 rationem,

1426 2249 1479 2266 non
1493 2241 1636 2266 formaliter
1650 2242 1767 2266 eiusdem
1782 2242 1936 2266 aeternitatis
1951 2249 2055 2266 causam
2071 2240 2192 2274 diximus)
2208 2247 2248 2266 est
2261 2242 2401 2266 virtualiter
2415 2249 2492 2266 causa

1427 2277 1595 2307 aeternitatis,
1615 2285 1668 2302 non
1680 2278 1755 2310 quasi
1769 2277 1904 2302 aeternitas
1924 2277 1955 2301 ab
1975 2277 2179 2302 immutabilitate
2192 2278 2246 2301 ullo
2265 2278 2343 2301 modo
2357 2285 2418 2302 vere
2433 2285 2493 2302 cau-

1428 2318 1507 2343 setur,
1527 2313 1574 2337 sed
1592 2313 1653 2345 quia
1673 2313 1694 2337 si
1714 2313 1850 2338 aeternitas
1874 2318 2031 2343 causaretur,
2056 2312 2158 2337 nonnisi
2177 2313 2208 2336 ab
2227 2312 2378 2337 omnimoda
2397 2312 2493 2337 immu-

1426 2348 1550 2373 tabilitate
1569 2353 1660 2381 posset
1679 2349 1794 2373 causari:
1820 2354 1845 2373 et
1868 2349 1936 2373 idem
1962 2348 2058 2373 dicatur
2083 2348 2114 2372 de
2137 2348 2349 2372 immaterialitate
2373 2353 2512 2380 respectu,

1427 2384 1626 2409 immortalitatis
1646 2382 1752 2417 (Venet.
1774 2385 1842 2417 apud
1865 2384 2015 2416 Hieronym.
2041 2384 2163 2414 Scotum,
2188 2383 2261 2415 1554,
2281 2383 2324 2408 fol.
2342 2391 2377 2414 40
2400 2391 2491 2414 verso,

1427 2420 1477 2444 col.
1493 2418 1564 2454 2).—
1578 2420 1656 2450 Quod
1675 2420 1697 2444 si
1717 2420 1786 2444 dicas
1805 2419 1945 2452 praefatam
1965 2427 2070 2444 causam
2088 2419 2223 2443 virtualem
2247 2427 2299 2443 non
2324 2426 2382 2443 esse
2404 2426 2493 2443 veram

1428 2455 1475 2480 sed
1494 2454 1607 2480 fictitiam
1627 2463 1749 2486 causam3
1775 2455 1921 2488 respondeo
1945 2463 2049 2479 causam
2072 2454 2207 2479 virtualem
2229 2454 2319 2487 procul
2344 2454 2422 2478 dubio
2441 2462 2493 2478 non

1427 2498 1487 2515 esse
1501 2491 1643 2516 formaliter
1655 2499 1743 2516 veram
1758 2498 1876 2520 causam;
1891 2491 1937 2515 sed
1952 2491 2045 2515 idcirco
2060 2490 2150 2514 dicitur
2162 2490 2284 2515 virtualis
2294 2497 2346 2514 non
2356 2490 2491 2523 formalis,

1427 2526 1488 2559 quia
1501 2534 1591 2551 revera
1606 2535 1658 2551 non
1673 2531 1767 2558 causat,
1783 2527 1829 2551 sed
1844 2527 2010 2550 solummodo
2025 2526 2046 2550 si
2061 2525 2198 2558 accipiatur
2212 2525 2237 2549 in
2254 2533 2301 2549 sua
2315 2525 2491 2555 obiectivitate,

1427 2567 1453 2586 et
1470 2562 1491 2586 si
1510 2567 1540 2587 ut
1557 2562 1614 2587 talis
1634 2562 1753 2587 existeret
1771 2562 1838 2586 sicut
1857 2570 1903 2594 per
1921 2566 2075 2594 conceptum
2095 2561 2207 2593 logicum
2227 2559 2277 2594 (Cf.
2293 2560 2379 2585 Perih.
2400 2561 2456 2585 lect.
2469 2568 2492 2589 x,

1428 2602 1480 2622 not.
1499 2597 1530 2632 γ)
1550 2597 1692 2623 formaliter
1710 2598 1866 2631 concipitur,
1887 2597 1991 2622 haberet
2009 2602 2092 2622 totum
2112 2597 2181 2629 quod
2206 2602 2246 2621 est
2265 2596 2439 2620 necessarium
2462 2596 2494 2620 ad

1428 2634 1596 2658 causandum.
1824 2632 1827 2634 ’

1480 2669 1506 2702 κ)
1528 2669 1607 2699 Quod
1624 2672 1664 2694 est
1681 2669 1749 2694 scire
1762 2668 1926 2700 simpliciter.
1944 2668 2018 2692 Hanc
2034 2667 2169 2692 lectionem
2185 2667 2258 2691 codd.
2274 2665 2416 2691 sufficimus
2435 2666 2492 2690 Pia-

1427 2712 1489 2730 nae:
1509 2705 1581 2737 quod
1598 2712 1650 2729 non
1674 2707 1714 2729 est
1731 2704 1798 2729 scire
1816 2704 1978 2736 simpliciter.
1999 2703 2025 2727 ln
2045 2703 2101 2727 cod.
2121 2702 2143 2726 K
2163 2703 2275 2726 secunda
2294 2710 2372 2726 rnanu
2391 2702 2493 2726 additur

1426 2740 1452 2765 in
1470 2740 1587 2772 margine
1606 2740 1729 2773 particula
1748 2747 1809 2770 non,
1823 2748 1874 2772 qua
1893 2744 1962 2763 caret
1975 2738 2200 2763 textus.—Planus
2215 2742 2255 2762 est
2269 2745 2360 2761 sensus
2375 2737 2492 2761 lectionis

1427 2776 1510 2806 codd„
1529 2783 1632 2808 nempe,
1653 2783 1810 2808 cognoscere
1829 2774 1948 2799 effectum
1967 2774 1992 2798 in
2012 2779 2068 2798 actu
2088 2778 2127 2798 est
2145 2773 2233 2805 ipsum
2253 2773 2317 2797 scire
2333 2772 2491 2804 simpliciter,

1427 2819 1584 2844 cognoscere
1603 2817 1688 2836 autem
1708 2811 1826 2836 effectum
1845 2810 1872 2834 in
1890 2810 1984 2834 virtute
2003 2815 2042 2834 est
2061 2809 2133 2833 illum
2153 2808 2218 2833 scire
2232 2808 2376 2832 secundum
2389 2808 2451 2840 quid
2466 2812 2492 2831 et

1426 2855 1473 2880 per
1487 2847 1613 2872 accidens.
1629 2847 1694 2871 Hinc
1713 2846 1820 2871 infertur
1838 2846 1909 2878 quod
1927 2845 1949 2869 si
1968 2845 2058 2877 aliquis
2078 2849 2247 2875 cognosceret
2265 2851 2369 2867 causam
2383 2848 2490 2873 tantum,

1427 2883 1544 2908 nondum
1564 2887 1732 2914 cognosceret
1751 2882 1870 2907 effectum
1885 2881 1911 2905 in
1924 2886 1979 2905 actu
2000 2878 2078 2912 (quae
2097 2879 2207 2911 cognitio
2222 2878 2325 2903 effectus
2341 2878 2366 2902 in
2381 2883 2437 2902 actu
2453 2883 2492 2902 est

1427 2918 1492 2943 scire
1511 2917 1679 2952 simpliciter),
1699 2918 1745 2942 sed
1765 2922 1931 2949 cognosceret
1949 2915 2066 2940 effectum
2084 2914 2249 2939 solummodo
2263 2914 2409 2943 virtualiter,
2424 2921 2491 2945 quae

1427 2959 1468 2979 est
1486 2954 1598 2986 cognitio
1617 2954 1760 2978 secundum
1780 2953 1850 2985 quid,
1870 2956 1896 2976 et
1914 2951 1986 2984 quasi
2006 2959 2052 2983 per
2065 2949 2360 2974 accidens-Praeterea
2375 2948 2452 2973 Piana
2464 2948 2490 2972 in

1427 2990 1541 3015 secunda
1554 2994 1626 3022 parte
1637 2989 1697 3021 legit
1711 2988 1808 3021 optime
1823 2995 1881 3012 cum
1896 2987 1984 3011 codd.:
1998 2986 2068 3018 quod
2077 2989 2116 3010 est
2129 2985 2196 3010 scire
2206 2984 2348 3009 secundum
2359 2983 2424 3016 quid
2434 2988 2490 3015 etc.,

1426 3033 1494 3058 quae
1511 3025 1591 3049 verba
1610 3024 1754 3049 referuntur
1773 3024 1804 3048 ad
1823 3029 1979 3055 cognoscere
1998 3021 2115 3055 effectum
2136 3020 2232 3044 virtute
2251 3023 2370 3047 tantum,·
2388 3027 2450 3050 ergo
2466 3024 2491 3043 et

1426 3062 1454 3086 in
1472 3061 1554 3093 prima
1574 3065 1645 3093 parte
1665 3060 1751 3091 legere
1770 3059 1845 3083 debet
1869 3066 1927 3082 curn
1946 3057 2044 3081 eisdem
2064 3056 2146 3081 codd.:
2166 3055 2238 3088 quod
2255 3058 2294 3079 est
2307 3056 2374 3079 scire
2392 3054 2491 3086 simpli-

1426 3097 1500 3125 citer,
1520 3096 1654 3120 referendo
1672 3094 1737 3119 haec
1755 3094 1834 3119 verba
1853 3094 1884 3118 ad
1902 3099 2059 3126 cognoscere
2077 3090 2195 3124 effectum
2216 3091 2241 3115 in
2261 3093 2331 3115 actu.

1479 3131 1509 3164 λ)
1530 3131 1600 3161 Quia
1619 3137 1681 3155 vero
1699 3133 1738 3154 est
1756 3126 1868 3154 actualis
1880 3128 2004 3161 cognitio.
2025 3127 2132 3151 Codices
2146 3126 2242 3155 CEMQ
2254 3125 2391 3150 manifesto
2405 3132 2491 3149 errore

1427 3167 1534 3192 habent:
1554 3166 1616 3198 quia
1635 3173 1697 3190 vero
1712 3172 1763 3190 non
1778 3168 1818 3189 est
1831 3164 1942 3189 actualis
1956 3163 2072 3196 cognitio
2077 3169 2086 3190 ;
2104 3169 2170 3194 quae
2184 3161 2324 3194 propositio
2343 3160 2492 3184 contradicit

1427 3202 1585 3235 praemissis,
1596 3209 1663 3234 quae
1677 3200 1718 3224 hic
1732 3200 1844 3232 epilogat
1858 3199 1996 3231 Angelicus
2010 3203 2038 3222 ut
2050 3203 2102 3222 tres
2113 3197 2270 3221 characteres
2285 3197 2333 3220 τοῦ
2347 3196 2414 3220 scire
2427 3195 2490 3220 sim-

1425 3238 1531 3269 pliciter
1549 3237 1583 3260 ob
1601 3237 1690 3260 oculos
1705 3240 1791 3268 ponat.
1804 3235 1856 3258 —I:
1876 3234 1938 3266 quia
1957 3241 2018 3258 vero
2037 3236 2075 3258 est
2093 3235 2154 3257 actu
2167 3232 2256 3264 aliqua
2275 3237 2431 3263 cognoscere
2439 3238 2492 3262 per

1427 3280 1503 3305 quem
1521 3272 1618 3296 scimus
1638 3276 1684 3295 etc.
1705 3270 1779 3300 Quae
1797 3275 1837 3294 est
1855 3269 1929 3293 lectio
1950 3277 2002 3293 non
2021 3268 2244 3293 admittenda—A
2263 3266 2369 3296 omittit,
2388 3269 2441 3295 est,
2461 3273 2490 3290 ac

1428 3308 1502 3340 legit:
1522 3307 1585 3339 quia
1604 3313 1666 3330 vero
1684 3305 1797 3330 actualis
1814 3304 1932 3337 cognitio
1951 3309 1998 3328 etc.

1481 3342 1510 3376 μ.)
1526 3342 1578 3366 Per·
1589 3342 1638 3366 hoc
1651 3340 1722 3372 quod
1735 3340 1860 3364 etc.—-Est
1879 3339 1953 3363 lectio
1966 3339 2040 3363 codd.
2054 3336 2349 3367 CDHIKLMNOQRST
2363 3334 2395 3370 (Ε
2408 3335 2487 3361 habet

1429 3376 1586 3411 lacunam).—
1597 3376 1679 3405 ABG,
1691 3380 1716 3405 et
1731 3375 1797 3399 forte
1815 3375 1920 3399 melius:
1932 3382 1985 3406 per
1998 3374 2047 3398 hoc
2059 3374 2164 3406 signum
2173 3390 2179 3399 ‚
2191 3372 2262 3404 quod
2272 3371 2343 3406 (AG,
2358 3371 2430 3403 quial
2442 3377 2490 3396 etc.

1428 3412 1537 3437 Intendit
1564 3412 1632 3436 enim
1651 3410 1823 3442 Philosophus
1843 3417 1916 3433 suam
1936 3410 1968 3434 de
1989 3409 2055 3434 scire
2074 3407 2247 3433 definitionem
2273 3407 2441 3439 comprobare
2460 3414 2491 3431 ex

1427 3449 1500 3480 signo
1519 3447 1614 3479 aliqu0‚
1634 3453 1681 3470 seu
1700 3453 1730 3470 ex
1749 3445 1835 3477 aliquo
1854 3444 1927 3474 facto,
1942 3444 2012 3476 quod
2026 3449 2064 3468 est
2080 3450 2221 3468 consensus
2240 3450 2293 3475 quo
2311 3447 2366 3466 tum
2381 3441 2491 3466 scientes

1426 3489 1481 3508 tum
1492 3491 1542 3507 non
1556 3482 1665 3506 scientes
1680 3480 1728 3505 hoc
1741 3480 1894 3504 vocabulum
1909 3479 1976 3504 scire
1990 3484 2140 3511 usurpant.—-
2150 3478 2197 3502 Ed.
2208 3477 2299 3502 Pinna:
2310 3481 2423 3509 propter
2432 3477 2489 3502 hoc.

1480 3517 1503 3549 v)
1523 3518 1575 3542 Per
1594 3516 1660 3541 illud
1684 3523 1776 3540 nomen
1799 3515 1958 3548 significare.
1983 3514 2066 3538 Editio
2090 3514 2179 3538 Plana:
2198 3513 2393 3546 significatio...
2407 3512 2440 3537 ab
2459 3519 2490 3537 eo

1427 3553 1498 3584 quod
1516 3552 1656 3577 intendunt
1673 3550 1847 3576 communiter
1864 3551 1997 3582 loquentes
2010 3556 2062 3581 per
2080 3548 2109 3573 id
2127 3549 2195 3573 enim
2214 3548 2312 3573 scilicet
2337 3555 2430 3572 nomen
2451 3547 2491 3572 in-

1426 3588 1538 3612 tendunt
1551 3587 1710 3620 significare.
1719 3601 1739 3605 —
1748 3586 1855 3611 Codices
1871 3593 1928 3610 eam
1942 3585 2037 3610 habent
2050 3584 2185 3609 lectionem
2200 3591 2279 3616 quam
2293 3583 2371 3608 textui
2385 3583 2490 3614 inserui,

1427 3630 1547 3655 quaeque
1565 3622 1700 3656 perspicua
1719 3626 1767 3646 est.

2523 421 2533 430 '
2544 426 2564 441 1:
2579 426 2629 441 cum
2643 421 2736 442 certitu-

2523 446 2585 468 dine.

2522 530 2532 540 ⁴
2546 535 2662 554 ruuonsr.
2672 541 2682 545 -
2693 530 2732 550 ΑΙ.

2523 556 2592 577 codd.
2600 562 2647 577 om.
2663 555 2717 577 ideo
2724 571 2732 581 ,

2521 582 2586 630 ffliood.
2607 582 2694 603 deletur

2618 635 2636 660 λ

2522 854 2532 865 “
2542 853 2577 875 Cf.
2591 859 2667 880 supra,
2680 859 2702 874 n.
2713 859 2732 880 3.

2621 907 2639 932 μ

2521 954 2531 963 ·
2541 958 2624 974 Αεκικ.
2633 964 2643 969 -
2656 959 2682 974 1³:
2697 958 2734 973 ae·

2521 980 2652 1005 stimantes,
2665 983 2687 1000 et
2702 979 2733 1000 ita

2521 1006 2588 1027 infra.

2521 1327 2530 1335 ·
2541 1326 2632 1347 Comm.
2656 1333 2674 1348 s.
2685 1327 2731 1348 Th.

2521 1353 2733 1374 lect.xv1.-Ed.l)id.

2522 1379 2560 1400 lib.
2576 1379 2615 1405 111,
2631 1385 2682 1406 cap.
2694 1386 2731 1405 vn,

2521 1411 2544 1426 n.
2556 1411 2578 1433 9.

2522 1490 2734 1542 ’Cap.1‚vn.5;et

2523 1547 2573 1568 cap.
2582 1547 2604 1568 u,
2615 1547 2637 1562 n.
2646 1547 2665 1569 5.
