2788 4204
89 420 98 428 ·
114 425 132 440 ιε
145 417 301 446 praedicare-

90 447 136 466 tur.

91 472 102 483 ¹'
122 471 176 492 Hoc
196 476 245 492 om.
264 476 301 496 A1;

88 504 117 519 u:
134 498 177 519 hic.

89 739 97 747 ·
113 737 180 759 Male.
195 743 244 758 om.
258 742 273 757 1.

88 945 112 965 ’A
122 951 126 964 ε
134 943 300 971 praedicatur,-

87 974 108 991 et
119 977 166 991 om.
177 975 299 997 scq.pr.‘1e-

84 997 169 1018 dicari.

83 1207 93 1216 ⁸
105 1205 142 1227 Cf.
156 1206 209 1227 lect.
218 1212 263 1233 xw,
272 1212 296 1227 n.

83 1239 98 1258 4
108 1236 129 1254 et
143 1239 205 1255 xxv1.
215 1239 237 1254 n.
247 1233 268 1254 8.

185 1259 196 1284 Θ

84 1635 92 1642 ·
113 1639 156 1655 ao:
179 1633 248 1655 talem
254 1641 263 1659 ;
282 1640 297 1655 A

82 1668 130 1684 orn.

183 1793 197 1808 χ

81 1897 142 1945 ῑίΕά.
154 1903 168 1918 a
178 1905 185 1918 .·
203 1897 232 1918 Ut
244 1896 295 1924 qui—

99 1931 140 1945 em.

178 1951 195 1976 λ

80 2164 88 2173 ·
101 2163 175 2185 Codd.
186 2165 242 2189 (exc.
253 2166 290 2189 ul:

82 2190 290 2217 praedicabuntur.

79 2223 140 2264 “bt-N
149 2224 154 2238 :
165 2219 188 2238 et
195 2223 290 2239 conver-

178 2281 196 2306 μ

328 217 403 264 278

328 308 407 333 non
436 296 615 344 contingit
645 296 854 345 procedere
887 296 925 332 in
953 294 1164 340 infinitum,
1194 304 1320 341 neque
1352 291 1391 327 in

329 361 479 386 sursum
518 361 642 397 neque
672 349 709 385 in
739 349 937 386 deorsum:
968 347 1062 383 sicut
1090 346 1120 382 si
1145 346 1253 394 bipes
1281 357 1390 393 prae-

330 402 474 439 dicatur
495 402 515 422 *
544 402 591 439 de
611 401 780 448 homine,
802 409 838 438 et
866 401 1004 437 animal
1034 399 1082 436 de
1110 398 1266 447 bipede,
1288 405 1324 434 et
1343 397 1390 434 de

329 455 481 492 animali
510 455 651 503 aliquid
679 455 849 499 alterum,
870 465 949 490 non
977 459 1033 488 est
1056 452 1164 488 hoc*
1183 450 1391 500 procedere

328 508 367 544 in
394 507 583 544 infinitum
612 507 650 543 in
687 519 859 552 sursum;
893 517 1017 553 neque
1045 504 1084 540 in
1120 504 1321 550 deorsum,
1350 511 1392 540 ut

329 561 360 598 si
379 561 518 597 animal
548 560 691 596 dicatur
720 559 765 596 de
794 558 951 595 homine
975 558 1014 594 in
1034 569 1080 594 eo
1101 558 1202 605 quod
1219 557 1309 606 quid
1326 562 1389 603 est,

331 621 366 650 et
383 614 502 650 homo
525 613 571 649 de
593 612 721 659 Callia,
738 619 774 648 et
788 613 862 648 hoc
883 611 930 647 de
950 611 1120 659 quodam
1141 610 1214 646 alio
1235 613 1391 659 (suppo-

329 666 398 703 sito
429 666 532 714 quod
560 666 678 701 homo
709 673 807 701 esset
844 677 962 712 genus
981 670 995 687 ⁷¹
1025 663 1221 700 continens
1251 664 1321 700 sub
1351 676 1391 700 se

328 719 464 755 multas
481 720 499 738 θ’
522 718 677 766 species,
699 730 862 766 quarum
889 729 967 754 una
997 725 1094 753 esset
1114 716 1281 763 Callias),
1312 729 1391 754 non

326 778 455 820 posset
483 771 535 807 sic
567 770 724 819 procedi
749 771 791 807 ‘in
819 770 1021 807 infinitum.
1061 771 1110 807 Et
1144 770 1301 806 resumit
1334 783 1390 807 ra-

326 824 469 861 tionem
499 823 547 860 ad
567 823 847 861 ostendendum
877 824 982 872 quod
1002 836 1116 872 supra
1134 823 1272 871 posuit,
1303 824 1391 872 quia

327 889 484 913 ornnem
499 877 719 914 huiusmodi
735 877 996 923 substantiam,
1009 889 1106 926 quae
1123 876 1261 913 scilicet
1277 877 1391 913 habet

326 929 467 978 aliquid
494 930 756 977 universalius,
787 930 892 979 quod
919 931 966 967 de
995 930 1076 979 ipsa
1103 930 1342 978 praedicetur
1359 931 1389 978 *,

325 990 362 1019 et
389 995 487 1031 quae
514 990 639 1032 potest
667 984 714 1021 de
746 983 818 1020 alio
847 983 1012 1022 inferiori
1044 983 1275 1032 praedicari,
1302 996 1390 1021 con-

324 1036 429 1083 tingit
458 1035 632 1073 definire:
654 1048 793 1084 genera
811 1049 905 1074 vero
930 1037 1223 1085 generalissima,
1242 1037 1289 1074 de
1309 1037 1390 1086 qui-

324 1089 395 1125 bus
425 1089 496 1126 alia
523 1089 798 1126 universaliora
827 1102 905 1126 non
939 1091 1220 1139 praedicantur,
1253 1098 1288 1127 et
1316 1091 1389 1128 sin-

323 1142 490 1190 gularia,
511 1155 608 1191 quae
638 1155 716 1179 non
743 1143 1011 1191 praedicantur
1039 1144 1085 1181 de
1120 1144 1306 1192 aliquibus
1335 1144 1389 1181 in-

322 1195 533 1242 ferioribus,
563 1208 642 1232 non
671 1196 850 1244 contingit
870 1196 1028 1234 definire
1045 1199 1076 1234 ²¹².
1108 1198 1242 1234 Solum
1273 1210 1361 1245 ergo
1378 1196 1391 1219 θ

323 1249 571 1286 substantiam
592 1249 760 1286 mediam
777 1250 935 1287 definire
961 1250 1150 1298 contingit.
1174 1252 1278 1288 Illam
1294 1264 1388 1288 vero

323 1302 571 1339 substantiam
592 1315 671 1339 non
687 1303 866 1351 contingit
890 1303 1059 1349 definire,
1082 1304 1128 1340 de
1149 1317 1224 1353 qua
1244 1304 1390 1341 infinita

322 1356 607 1406 praedicantur:
643 1356 731 1406 quia
760 1364 909 1404 oportet
937 1363 944 1377 ‘
980 1357 1225 1394 definientem
1258 1358 1389 1395 intelli-

324 1409 448 1457 gendo
468 1409 695 1457 pertransire
716 1409 846 1446 omnia
877 1409 950 1456 illa,
971 1422 1069 1459 quae
1099 1411 1390 1448 substantialiter

323 1463 589 1512 praedicantur
617 1463 664 1499 de
694 1462 872 1507 definito;
903 1475 991 1499 cum
1027 1463 1157 1500 omnia
1187 1464 1323 1502 cadant
1350 1465 1388 1501 in

325 1516 565 1562 definitione,
595 1516 656 1552 vel
686 1515 781 1551 sicut
799 1527 930 1562 genus,
950 1516 1012 1552 vel
1042 1516 1137 1553 sicut
1165 1517 1386 1555 differentia.

325 1570 475 1607 Infinita
512 1577 640 1606 autern
678 1581 757 1604 non
795 1568 974 1616 contingit
1007 1570 1245 1618 pertransire.
1285 1572 1387 1619 Ergo

324 1630 474 1671 oportet
498 1634 655 1658 omnem
679 1621 935 1658 universalem
955 1623 975 1643 ³¹²
1003 1623 1264 1671 substantiam,
1290 1637 1388 1673 quae

323 1689 402 1713 non
432 1683 488 1712 est
515 1687 740 1723 supremum
760 1687 891 1722 genus,
912 1687 1038 1724 neque
1067 1676 1244 1714 infimum
1265 1678 1389 1714 subie-

323 1737 438 1776 ctum,
455 1741 533 1765 non
548 1728 688 1764 habere
709 1727 865 1774 infinita,
883 1741 981 1777 quae
997 1729 1044 1766 de
1064 1729 1146 1778 ipsa
1165 1731 1388 1768 substantia-

321 1782 403 1819 liter
430 1782 696 1830 praedicentur
710 1787 734 1817 ’ἢ
757 1782 819 1818 Sic
839 1794 928 1830 ergo
950 1794 1028 1819 non
1049 1790 1104 1819 est
1121 1783 1331 1831 procedere
1352 1784 1389 1822 in

321 1835 527 1882 infinitum,
562 1847 686 1883 neque
715 1834 753 1871 in
783 1847 934 1872 sursum
967 1847 1092 1884 neque
1126 1836 1165 1873 in
1194 1837 1388 1875 deorsum.

377 1890 411 1925 6.
433 1888 583 1926 Deinde
613 1900 701 1924 cum
731 1888 835 1925 dicit:
861 1889 935 1925 Si*
955 1889 1104 1937 quidem
1133 1887 1276 1939 igitur*
1304 1889 1388 1938 etc„

321 1942 485 1979 ostendit
517 1941 622 1990 quod
650 1941 688 1978 in
717 1941 1023 1979 substantialibus
1050 1942 1275 1990 praedicatis
1310 1956 1389 1981 non

319 1995 439 2044 possit
459 2007 540 2032 esse
559 2007 761 2043 processus
781 1995 819 2032 in
839 1995 1029 2032 infinitum
1048 2008 1117 2044 per
1136 1996 1299 2033 modum
1321 1997 1389 2034 cir—

321 2049 528 2086 culationis.
563 2049 612 2084 Et
641 2048 728 2085 dicit
747 2049 852 2097 quod
872 2048 902 2085 si
922 2048 1047 2097 aliqua
1065 2049 1282 2097 praedicata
1301 2051 1389 2087 sub-

320 2102 503 2138 stantialia
530 2101 796 2150 praedicantur
825 2102 871 2139 de
900 2102 1026 2150 aliquo
1057 2110 1100 2139 ut
1130 2115 1280 2150 genera,
1310 2116 1389 2141 non

318 2155 613 2203 praedicantur*
628 2155 676 2192 ad
698 2154 863 2192 invicem
884 2155 1100 2203 aequaliter,
1113 2155 1208 2193 idest
1229 2169 1388 2194 conver-

318 2207 478 2254 tibiliter,
495 2207 544 2245 ita
559 2208 665 2257 quod
683 2221 805 2245 unum
821 2208 867 2245 sit
881 2220 1000 2256 genus
1015 2208 1194 2246 alteriust‘
1210 2217 1246 2246 et
1261 2222 1281 2246 e
1298 2223 1387 2247 con-

317 2273 442 2298 verSO.
474 2262 522 2298 Et
550 2261 599 2298 ad
627 2262 702 2298 hoc
729 2261 975 2310 probandum
1013 2262 1157 2299 subdit:
1187 2263 1259 2299 erit
1285 2264 1385 2300 enim

372 2430 400 2465 η)
421 2430 563 2462 Supposito
578 2430 650 2462 quod
667 2430 745 2454 homo
765 2433 832 2455 esset
845 2431 1010 2463 genus.—lta
1025 2439 1055 2456 ex
1074 2431 1225 2465 hypothesis
1245 2438 1342 2464 natura,
1361 2438 1386 2458 et

320 2475 351 2492 ex
364 2466 414 2497 his,
434 2474 500 2498 quae
520 2466 551 2490 de
570 2465 714 2498 speciebus,
730 2473 842 2497 quarum
863 2474 916 2490 una
935 2470 1001 2492 esset
1022 2467 1128 2497 Callias,
1147 2469 1283 2498 adduntur,
1299 2469 1386 2501 legen-

321 2503 382 2527 dum
395 2502 496 2526 videtur
509 2509 568 2526 cum
582 2501 656 2525 codd.
670 2500 748 2525 ABDI
763 2505 788 2525 et
808 2509 829 2525 s.
844 2509 878 2525 m.
899 2502 949 2526 S.—
959 2502 1007 2526 Alii
1021 2503 1095 2527 codd.
1110 2511 1169 2527 cum
1189 2504 1206 2528 S
1226 2512 1251 2536 p.
1266 2512 1310 2528 m.:
1325 2511 1386 2536 sup-

315 2537 406 2570 posito
426 2536 478 2568 (O,
497 2535 684 2570 supponendo)
705 2536 776 2568 quod
795 2536 834 2568 (G
852 2545 905 2561 om.
918 2538 1004 2570 quod)
1025 2545 1076 2563 non
1093 2541 1160 2563 esset
1180 2537 1217 2572 (C
1235 2546 1288 2563 om.
1302 2539 1385 2573 esset)

319 2579 418 2606 genu55
438 2572 483 2596 sed
503 2577 542 2597 est
565 2579 636 2596 error
657 2571 808 2596 manifestus
827 2573 1036 2603 amanuensium,
1060 2573 1104 2606 qui
1129 2574 1186 2598 loco
1210 2574 1338 2599 scribendi
1357 2575 1386 2604 h,

320 2608 478 2641 scripserunt
492 2615 518 2632 n.
534 2607 618 2638 Quem
634 2614 748 2631 errorem
763 2606 873 2639 legimus
893 2607 1015 2640 irreptum
1030 2608 1055 2632 in
1068 2608 1169 2633 Venett.
1181 2609 1238 2634 edd.
1249 2623 1268 2628 -
1279 2609 1311 2634 P:
1325 2617 1386 2642 sup—

318 2643 406 2676 posito
421 2642 492 2675 quod
510 2642 549 2668 ita
567 2645 635 2667 esset
648 2649 745 2674 genu35
764 2642 800 2666 N:
819 2643 991 2674 supponendo
1007 2642 1050 2676 (i)
1070 2644 1141 2676 quod
1153 2644 1229 2669 aliud
1241 2648 1281 2669 est
1294 2652 1387 2677 genus.

374 2677 398 2712 θ)
420 2679 512 2703 Solum
532 2685 596 2711 ergo
615 2677 831 2703 substantiam.-—
847 2678 918 2702 Haec
936 2678 1014 2703 verba
1033 2686 1118 2711 usque
1142 2679 1173 2704 ad
1197 2680 1307 2712 definire
1325 2687 1387 2705 con-

321 2714 402 2748 tingit
420 2714 558 2744 inclusive,
577 2713 703 2738 mendose
721 2720 775 2738 om.
790 2713 846 2738 cod.
862 2713 893 2738 N.
913 2714 935 2738 1:
956 2714 1046 2738 Solam
1066 2721 1131 2747 ergo
1138 2721 1147 2743 ;
1166 2715 1204 2739 H:
1225 2715 1316 2739 Solum
1337 2715 1387 2748 igi-

320 2753 366 2774 tur
379 2750 492 2774 mediam
503 2749 599 2779 subst.,·
614 2749 651 2774 O:
667 2748 759 2773 Solum
775 2749 843 2774 enim
851 2755 860 2778 ,·
874 2749 914 2773 M:
929 2749 1021 2774 Solum
1036 2749 1221 2774 substantiam.
1235 2750 1285 2774 Alii
1298 2751 1387 2775 codd.:

321 2785 413 2810 Solum
433 2792 497 2818 ergo
517 2790 573 2815 etc.;
594 2789 619 2808 et
637 2783 703 2808 hanc
721 2784 858 2809 lectionem
877 2784 1064 2816 adoptavimus.
1084 2785 1118 2809 P:
1138 2785 1230 2810 Solum
1248 2788 1346 2810 autem.

374 2819 393 2855 ι)
416 2820 485 2850 Quia
509 2822 615 2852 oportet
637 2824 717 2844 etc.—
731 2820 769 2843 A:
795 2820 858 2852 quia
876 2822 982 2851 oportet
1008 2819 1211 2852 intelligentem,
1239 2820 1307 2846 idest
1325 2821 1387 2854 defi-

320 2856 434 2881 nientem
449 2855 633 2887 pertransire;
658 2855 696 2879 G:
715 2854 779 2887 quia
797 2862 862 2888 ergo
881 2858 987 2887 oportet
1005 2855 1116 2890 desinire
1138 2855 1309 2888 intelligendo
1324 2863 1387 2888 per-

320 2891 437 2916 transire
443 2898 452 2920 ‚·
471 2891 494 2915 1:
514 2890 583 2923 (om.
596 2889 674 2924 quia)
694 2893 799 2921 oportet
817 2898 895 2924 ergo,·
915 2891 952 2915 0:
969 2890 1135 2924 definientem
1149 2891 1328 2923 definitionem
1348 2892 1388 2916 in-

320 2926 498 2959 telligendo.—
507 2926 595 2951 Lectio
605 2926 625 2950 P
635 2930 661 2951 et
675 2925 784 2950 aliorum
799 2926 873 2951 codd.
884 2925 1019 2958 perspicua
1033 2931 1081 2951 est.
1096 2926 1128 2950 Et
1141 2926 1272 2959 signanter
1285 2934 1306 2951 s.
1317 2926 1388 2951 Tho-

321 2970 376 2986 mas
396 2962 455 2986 dicit
474 2961 658 2994 intelligendo:
678 2968 730 2985 non
744 2961 812 2986 enim
830 2961 955 2986 definiens
971 2962 1047 2986 debet
1059 2962 1086 2986 in
1099 2960 1246 2986 definitione
1261 2962 1388 2987 adducere

320 2998 407 3022 omnia
425 3005 519 3030 genera
538 2997 684 3029 superiora,
704 2996 752 3021 sub
773 2997 868 3029 quibus
888 2997 1033 3022 continetur
1057 3004 1140 3029 genus
1161 2997 1321 3029 proximum;
1342 2998 1387 3022 sed

320 3038 419 3063 tamen,
438 3038 467 3057 ut
485 3040 569 3064 genus
589 3031 739 3064 'proximum
759 3032 887 3064 assignet,
906 3039 1014 3057 necesse
1034 3037 1074 3056 est
1097 3037 1126 3057 ut
1144 3037 1232 3057 mente
1256 3038 1389 3065 percurrat

320 3076 414 3100 genera
432 3068 573 3101 superiora,
588 3075 655 3101 quae
675 3068 874 3099 condensantur,
887 3073 915 3092 ut
928 3068 962 3093 ita
975 3067 1067 3098 dicam,
1082 3068 1107 3092 in
1121 3075 1216 3100 genere
1230 3067 1319 3093 infimo
1333 3068 1388 3101 (Cf.

321 3104 378 3128 lect.
388 3110 471 3134 nvm,
486 3109 538 3128 not.
552 3111 576 3137 γ,
596 3109 621 3128 et
640 3103 697 3128 lect.
711 3103 828 3135 praeced.
842 3112 867 3128 n.
882 3104 922 3136 2).

374 3138 399 3173 κ)
422 3139 496 3169 Quae
520 3139 553 3163 de
572 3139 629 3170 ipsa
649 3143 696 3163 etc.
709 3152 728 3157 —
743 3139 767 3163 H
786 3146 838 3163 non
857 3143 939 3164 recte:
963 3138 1026 3171 quia
1045 3138 1092 3166 de,-
1109 3139 1168 3163 AB:
1187 3145 1255 3171 quae
1278 3139 1311 3163 de
1330 3139 1388 3171 ipsa

322 3174 521 3204 universaliter-,²
540 3174 577 3199 G:
597 3173 787 3203 essentialiter,-
806 3174 1101 3204 ACDEHKLMNQST:
1116 3174 1388 3206 praedicatum-P:

339 3209 520 3235 medicantur.

316 3217 338 3242 P
374 3243 402 3277 λ)
415 3245 520 3270 Deinde
529 3252 588 3270 cum
603 3249 676 3270 etc.—
686 3245 749 3269 Cod.
760 3245 769 3269 1
780 3244 817 3270 sic
832 3245 959 3270 mendose
974 3244 1060 3277 incipit
1074 3244 1142 3270 hunc
1152 3252 1303 3270 numerum:
1321 3245 1389 3270 Con-

321 3280 405 3305 cludit
424 3280 449 3305 in
470 3280 602 3314 infinitum
618 3287 670 3312 per
688 3280 795 3304 modum
814 3280 1004 3305 circulationis.
1025 3280 1061 3304 Et
1079 3280 1128 3306 hoc
1140 3283 1180 3305 est
1195 3281 1267 3313 quod
1283 3280 1389 3305 subdit.-

321 3315 386 3347 quid
399 3315 483 3349 igitur·
494 3322 593 3348 genera
606 3315 643 3340 ad
656 3315 766 3340 invicem
780 3323 831 3340 non
842 3315 1073 3348 praedicabuntur
1084 3316 1240 3348 aequaliter,
1259 3316 1328 3341 idest
1340 3321 1388 3341 etc.

376 3350 403 3385 μ)
426 3351 466 3376 Ita
479 3351 550 3383 quod
563 3359 643 3375 unum
657 3351 693 3376 sit
704 3358 788 3384 genus
807 3351 951 3376 alterius.—
963 3351 1009 3375 Est
1022 3351 1138 3383 explicita
1156 3351 1231 3376 lectio
1243 3351 1319 3376 codd.
1331 3351 1388 3377 GN.

322 3386 387 3410 Edd.
406 3393 430 3416 a,
444 3394 459 3411 c
478 3391 503 3411 et
521 3387 600 3411 altera
617 3385 691 3417 1526,
706 3394 754 3411 nec
773 3394 824 3411 non
844 3386 884 3412 alii
898 3387 973 3411 codd.
990 3386 1099 3411 habent:
1120 3387 1138 3412 i.
1155 3394 1191 3419 q..·
1210 3394 1278 3420 quae
1296 3386 1388 3412 abbre-

321 3421 445 3446 viationes
460 3422 601 3454 generatim
620 3427 752 3454 ponuntur
769 3429 829 3454 pro,
850 3422 918 3447 idest
936 3422 1015 3454 quod.
1039 3422 1090 3447 Sed
1109 3422 1158 3447 hoc
1177 3422 1235 3447 loco
1253 3422 1336 3447 forma
1349 3423 1388 3447 lo·

323 3456 431 3481 curionis
450 3457 582 3490 postulare
599 3457 700 3482 videtur
720 3457 758 3482 ita
777 3457 855 3490 quod,
876 3462 904 3482 ut
916 3457 1012 3482 habent
1025 3457 1071 3482 GN
1087 3455 1124 3491 (Ρ
1137 3465 1191 3483 om.
1205 3458 1273 3490 ita):
1293 3465 1354 3482 nam
1366 3457 1388 3482 si

323 3499 417 3523 genera
435 3492 640 3524 praedicarentur
655 3493 686 3517 ad
700 3492 809 3517 invicem
827 3493 976 3525 aequaliter,
989 3493 1023 3517 ita
1037 3493 1068 3518 ad
1088 3493 1196 3518 invicem
1211 3500 1241 3518 se
1255 3493 1387 3524 haberent,

323 3531 351 3550 ut
370 3535 451 3551 unum
470 3533 539 3552 esset
558 3535 639 3559 genus
659 3527 762 3552 ulterius
783 3533 807 3552 et
821 3535 837 3552 e
851 3535 991 3552 converso:
1011 3536 1106 3560 nempe
1124 3529 1147 3553 Α
1161 3534 1201 3553 est
1219 3529 1249 3559 B,
1264 3529 1284 3552 Β
1303 3533 1343 3553 est
1356 3529 1388 3553 A.

376 3562 399 3596 ν)
421 3563 480 3587 Non
502 3566 591 3594 potest
611 3563 649 3588 ire
668 3568 742 3587 etc.—-
755 3563 1000 3593 ABCDEKLQST:
1027 3571 1078 3588 non
1098 3567 1189 3595 potest
1210 3571 1265 3589 esse
1284 3564 1311 3588 in
1331 3569 1388 3595 etc.;

912 213 1296 252 POSTERIORUM
1323 212 1753 251 ANALYTICORUM
1781 215 1875 251 LIB.
1907 216 1920 250 Ι

1446 291 1566 339 ipsum
1579 293 1598 311 ³*
1614 293 1715 340 quod
1731 303 1821 329 vere
1840 293 1960 341 ipsum
1975 293 2016 314 '¹⁵⁴‘
2032 292 2191 341 aliquid;
2217 294 2325 342 quasi
2355 295 2512 333 diceret:

1446 344 1476 380 si
1497 344 1637 393 aliquid
1655 345 1896 394 praedicatur
1915 346 1962 382 de
1983 346 2109 395 aliquo
2133 354 2175 383 ut
2194 359 2325 395 genus,
2345 348 2436 385 illud
2466 349 2513 385 de

1447 409 1523 445 quo
1542 398 1793 446 praedicatur,
1816 406 1871 435 est
1889 399 2041 447 aliquid,
2063 399 2168 448 quod
2186 412 2278 437 vere
2299 408 2355 437 est
2373 401 2511 450 ipsum,

1446 449 1542 486 idest
1562 458 1618 487 est
1641 451 1783 500 aliquid
1801 451 2084 500 particulariter,
2101 452 2207 502 quod
2222 453 2514 491 substantialiter

1446 503 1578 551 recipit
1608 504 1933 553 praedicationem
1967 505 2085 554 ipsius
2113 507 2144 543 *.
2176 506 2216 543 Si
2251 518 2340 554 ergo
2370 508 2412 528 ⁴⁵*
2439 508 2514 544 hoc

1445 556 1685 604 praedicetur
1719 557 1766 594 de
1800 557 1862 594 illo
1897 566 1939 594 ut
1972 570 2112 607 genus,
2151 567 2332 608 sequetur
2355 560 2375 580 ’¹‘
2408 560 2514 609 quod

1445 609 1589 657 ipsum,
1620 610 1726 658 quod
1752 610 2025 658 particulariter
2053 613 2306 649 conveniebat
2335 612 2462 661 alicui,
2493 626 2514 649 e

1447 674 1635 699 converso
1663 663 1936 711 particulariter
1968 664 2122 713 recipiat
2148 666 2473 714 praedicationem
2495 666 2515 687 *

1445 714 1561 761 illlus3
1582 715 1688 764 quod
1708 723 1764 752 est
1777 716 1797 737 '¹‘
1815 716 1919 752 idem
1939 725 2114 765 respectu
2134 718 2306 756 eiusdem
2327 719 2514 768 esse'par-

1446 775 1524 804 tem
1554 775 1590 804 et
1614 776 1759 816 totum,
1795 769 1901 817 quod
1934 777 1990 806 est
2023 770 2269 818 impossibile.
2300 773 2349 808 Et
2377 773 2514 809 eadem

1446 820 1540 857 ratio
1561 828 1617 857 est
1637 821 1685 858 de
1706 821 1925 858 differentiis
1939 822 1970 858 *.
1992 823 2102 859 Unde
2123 823 2165 844 *³¹³
2194 832 2230 860 et
2257 824 2296 860 in
2317 826 2330 860 1
2359 826 2395 861 T
2391 826 2514 873 opico-

1446 886 1532 910 rum
1553 874 1573 895 *
1603 874 1737 911 dicitur
1756 875 1861 923 quod
1880 875 2083 923 problema
2103 875 2150 913 de
2171 876 2384 914 differentia
2403 879 2515 916 redu-

1447 926 1541 963 citur
1569 927 1618 964 ad
1645 928 1847 976 problema
1877 928 1924 964 de
1953 940 2103 976 genere.

1499 992 1535 1029 7.
1566 980 1716 1018 Deinde
1746 993 1835 1017 curn
1856 980 1964 1018 dicit:
1993 982 2130 1030 Neque
2148 987 2273 1019 tamen
2294 983 2416 1032 qualis
2432 991 2514 1032 etc.,

1445 1033 1609 1070 ostendit
1627 1033 1733 1083 quod
1751 1046 1831 1070 non
1849 1042 1974 1082 potest
1993 1047 2075 1071 esse
2093 1047 2295 1084 processus
2314 1042 2326 1056 ¹'
2339 1036 2379 1073 in
2392 1036 2516 1074 infini-

1445 1094 1526 1123 tum
1545 1099 1616 1135 per
1634 1087 1797 1124 modum
1818 1087 2069 1124 circulationis
2095 1089 2134 1125 in
2151 1089 2515 1138 praedicationibus,

1444 1140 1482 1176 in
1503 1141 1641 1189 quibus
1652 1140 1893 1189 praedicatur
1908 1141 2084 1178 accidens
2100 1142 2148 1179 de
2168 1142 2350 1180 subiecto.
2363 1144 2413 1180 Et
2428 1143 2518 1181 dicit

1445 1194 1551 1242 quod
1564 1194 1584 1215 '¹‘
1599 1206 1724 1243 neque
1754 1194 1868 1230 etiam
1896 1194 2014 1242 ipsius
2038 1196 2159 1243 qualis
2176 1203 2303 1244 potest
2322 1209 2405 1234 esse
2425 1209 2515 1234 con-

1444 1247 1570 1284 versio
1592 1260 1681 1284 cum
1701 1260 1771 1284 suo
1793 1248 1981 1295 subiecto,
2007 1254 2075 1285 aut
2097 1249 2261 1286 aliorum
2281 1250 2427 1287 nullum
2445 1262 2514 1299 po-

1444 1308 1515 1337 test
1529 1301 1670 1337 habere
1690 1301 1912 1337 huiusmodi
1922 1301 1942 1322 '¹‘
1951 1301 2288 1350 praedicationem,
2305 1315 2404 1351 quae
2419 1303 2514 1340 acci—

1445 1353 1642 1392 dentaliter
1668 1354 1955 1403 praedicantur,
1990 1355 2060 1391 nisi
2089 1355 2155 1392 fiat
2186 1355 2418 1404 praedicatio
2445 1369 2516 1405 per

1444 1407 1620 1444 accidens
1633 1408 1669 1454 *3
1690 1408 1904 1444 secundum
1925 1408 2031 1456 quod
2050 1408 2193 1445 dictum
2210 1417 2266 1445 est
2278 1409 2319 1430 ²⁸*
2330 1409 2435 1458 quod
2455 1422 2515 1447 ac·
2543 1427 2552 1436 ·

1444 1460 1606 1497 cidentia
1638 1473 1717 1497 non
1749 1461 2017 1509 praedicantur
2053 1462 2100 1498 de
2138 1462 2315 1499 subiectis
2352 1463 2423 1500 nisi
2445 1476 2516 1513 per

1443 1513 1630 1550 accidens.
1653 1514 1824 1560 Qualitas
1844 1514 1946 1550 enirn
1967 1522 2004 1550 et
2022 1515 2153 1551 omnia
2172 1515 2245 1552 alia
2262 1516 2483 1554 huiusmodi
2495 1519 2514 1537 ¹*

1443 1567 1619 1604 accidunt
1647 1567 1895 1603 substantiae:
1924 1567 2028 1604 unde
2055 1568 2322 1617 praedicantur
2351 1569 2398 1606 de
2427 1570 2515 1607 sub—

1443 1620 1586 1657 stantiis
1605 1617 1619 1643 ⁶
1637 1620 1734 1657 sicut
1761 1619 1938 1657 accidens
1967 1620 2013 1657 de
2043 1621 2227 1659 subiecto.

1498 1675 1532 1710 8.
1563 1673 1712 1710 Deinde
1743 1685 1831 1710 cum
1852 1673 1956 1710 dicit:
1986 1675 2061 1711 Sed
2078 1675 2203 1723 utique
2230 1686 2350 1723 neque
2368 1675 2406 1712 in
2433 1688 2516 1714 sur·

1442 1740 1526 1764 sum
1556 1735 1639 1773 etc„
1669 1726 1832 1764 ostendit
1850 1727 2112 1764 universaliter
2141 1728 2247 1777 quod
2269 1728 2308 1765 in
2327 1730 2432 1765 nullo
2453 1742 2515 1778 ge-

1445 1793 1535 1818 nere
1563 1780 1855 1830 praedicationis
1883 1781 1929 1817 sit
1955 1781 2167 1829 procedere
2195 1781 2243 1826 in&
2258 1781 2448 1819 infinitum
2476 1783 2516 1821 in

1445 1847 1597 1872 sursum
1627 1842 1691 1871 aut
1720 1834 1912 1871 deorsum.
1948 1835 1998 1871 Et
2025 1834 2113 1872 dicit
2148 1835 2253 1884 quod
2281 1848 2360 1872 non
2389 1837 2513 1874 solum

1444 1901 1523 1925 non
1539 1895 1595 1924 est
1608 1887 1817 1937 procedere
1833 1887 1872 1924 in
1886 1887 2231 1936 praedicationibus
2241 1889 2261 1910 ³⁸
2270 1889 2309 1926 in
2323 1889 2514 1927 infinitum

1443 1941 1657 1978 secundum
1687 1941 1992 1988 circulationem,
2022 1941 2090 1979 sed
2109 1954 2235 1991 neque
2264 1942 2513 1992 etiam*pro-

1445 1995 1618 2032 cedendo
1638 1995 1677 2032 in
1697 2007 1848 2031 sursum
1877 1994 2023 2031 infinita
2051 2003 2161 2032 erunt
2188 1996 2404 2044 praedicata
2419 2002 2447 2044 ⁰,
2478 2005 2514 2034 et

1444 2048 1614 2086 similiter
1632 2060 1704 2085 nec
1722 2048 1790 2084 in*
1801 2047 1993 2085 deorsum.
2016 2049 2065 2085 Et
2084 2048 2133 2085 ad
2151 2049 2227 2086 hoc
2245 2049 2512 2098 probandum,

1443 2102 1568 2151 primo
1604 2101 1762 2139 resumit
1796 2101 1987 2150 quaedam
2015 2114 2131 2150 supra
2164 2102 2308 2151 posita3
2343 2104 2513 2141 secundo

1443 2167 1489 2192 ex
1517 2155 1575 2192 his
1602 2156 1740 2203 probat
1772 2154 1981 2202 intentum3
2015 2155 2087 2192 ibi:
2122 2156 2260 2204 Neque
2293 2157 2330 2193 in
2362 2168 2512 2194 sursum

1442 2221 1536 2259 ergo
1557 2209 1577 2230 ’¹‘
1598 2216 1668 2245 etc.

1497 2274 1532 2310 9.
1563 2261 1674 2299 Circa
1687 2260 1857 2310 primum
1872 2266 1902 2308 π,
1914 2261 2040 2310 primo
2055 2261 2214 2299 resumit
2234 2262 2341 2312 quod
2355 2262 2403 2300 de
2417 2275 2513 2300 uno·
2527 2293 2535 2299 .

1441 2433 1479 2457 G:
1495 2439 1636 2465 processus
1654 2440 1706 2459 non
1722 2436 1813 2465 potest
1831 2439 1887 2458 esse
1906 2433 1932 2458 in
1952 2438 2014 2464 etc.;
2034 2434 2134 2458 fflMN:
2154 2441 2206 2459 non
2226 2437 2317 2466 potest
2334 2442 2390 2461 esse
2403 2443 2512 2468 procee-

1440 2475 1485 2494 sus
1504 2468 1555 2501 (M,
1571 2476 1647 2500 proc.
1662 2468 1727 2502 esse)
1749 2468 1775 2493 in
1796 2469 1916 2494 etc.-P:
1937 2476 1989 2494 non
2004 2472 2095 2501 potest
2114 2469 2153 2494 ire
2173 2469 2199 2494 in
2224 2470 2298 2503 infin.

1494 2502 1518 2535 Ε)
1529 2504 1725 2529 Praedicantur
1736 2504 1768 2529 de
1780 2503 1943 2529 substantiis.
1951 2505 2013 2529 -lta
2026 2504 2210 2530 codd—Pinna
2225 2505 2515 2539 habet‚praed1'cantur

1441 2538 1474 2564 de
1493 2539 1630 2564 subiectis:
1648 2547 1716 2572 quae
1732 2545 1772 2564 est
1786 2540 1863 2564 etiam
1879 2539 1954 2564 lectio
1970 2540 2071 2565 Venett.
2084 2540 2142 2565 edd.
2157 2548 2210 2566 sec.
2223 2548 2256 2565 xv
2271 2546 2296 2566 et
2319 2541 2394 2567 1526.
2414 2543 2512 2572 Quam·

1441 2574 1479 2598 vis
1495 2579 1582 2599 autem
1601 2574 1664 2599 haec
1683 2575 1758 2599 lectio
1777 2583 1829 2599 non
1844 2575 1877 2599 sit
1895 2582 2002 2600 erronea
2021 2575 2171 2608 (proprium
2190 2576 2259 2600 enim
2279 2578 2448 2603 accidentium
2467 2585 2511 2603 su—

1441 2609 1554 2634 biectum
1573 2614 1613 2634 est
1631 2609 1804 2642 substantia),
1829 2615 1917 2634 tamen
1940 2611 2032 2635 melior
2050 2615 2089 2634 est
2115 2611 2189 2635 codd.
2208 2611 2297 2642 lectio,
2317 2617 2346 2636 ut
2363 2612 2512 2638 immediate

1441 2645 1619 2677 praecedentia
1638 2650 1664 2670 et
1682 2645 1830 2670 immediate
1853 2645 1986 2677 sequentia
2006 2649 2093 2678 aperte
2112 2645 2296 2672 demonstrant.
2314 2660 2332 2665 —
2347 2647 2406 2678 Qua
2424 2653 2511 2674 autem

1442 2680 1540 2704 ratione
1559 2680 1698 2705 accidentia
1716 2681 1894 2712 praedicentur
1913 2681 1945 2705 de
1964 2681 2080 2705 subiecto
2099 2688 2145 2713 per
2160 2682 2296 2712 accidens,
2316 2682 2365 2707 hoc
2385 2687 2424 2708 est
2441 2684 2511 2710 acci-

1442 2715 1592 2745 dentaliter,
1608 2720 1634 2740 et
1652 2720 1739 2740 tamen
1757 2716 1822 2740 tales
1842 2715 2044 2748 praedicationes
2063 2716 2110 2740 dici
2131 2717 2207 2741 etiam
2226 2718 2328 2749 possint
2342 2725 2394 2750 per
2412 2725 2447 2748 se,
2468 2726 2511 2744 ex-

1441 2751 1593 2782 plicavimus
1619 2751 1677 2775 lect.
1691 2758 1722 2781 x,
1748 2756 1801 2775 not.
1817 2748 1840 2783 β.
1860 2751 1934 2781 Quae
1952 2756 2039 2776 autem
2058 2751 2091 2776 ib.
2111 2752 2178 2777 dicta
2196 2758 2271 2783 sunt,
2296 2752 2446 2778 confirmata
2470 2753 2512 2780 hie

1442 2785 1522 2810 habes
1541 2793 1556 2810 a
1574 2793 1596 2810 s.
1606 2785 1709 2810 Thomu
1724 2785 1773 2817 (Cf.
1788 2786 1845 2811 lect.
1861 2786 1988 2819 praeced„
2002 2795 2028 2811 n.
2043 2785 2078 2819 8).
2089 2800 2108 2805 -
2119 2788 2141 2812 Α
2156 2795 2207 2812 non
2221 2787 2302 2813 bene:
2323 2792 2352 2813 ut
2366 2789 2511 2821 praedica—

1442 2823 1503 2849 tur,·
1522 2820 1771 2850 CDHKLMNQST:
1793 2821 1863 2846 unde
1876 2823 1909 2851 et,
1921 2826 1945 2846 et
1959 2821 2025 2846 forte
2040 2822 2141 2847 melius.
2156 2822 2181 2847 G
2193 2822 2252 2848 hab.
2263 2823 2391 2849 lacunam.
2400 2837 2419 2843 —-
2429 2825 2512 2857 Supra

1442 2861 1529 2880 autem
1548 2863 1620 2880 error
1638 2856 1773 2888 irrepsisse
1793 2857 1906 2881 videtur:
1926 2858 2080 2889 praedicatio
2100 2858 2168 2882 enim
2187 2866 2234 2890 per
2258 2859 2388 2890 accidens,
2408 2859 2441 2884 de
2459 2867 2512 2893 qua

1443 2891 1547 2922 dicitur,
1566 2891 1619 2916 nisi
1629 2891 1687 2926 flat,
1702 2897 1758 2922 etc„
1778 2897 1819 2916 est
1838 2893 1894 2922 illa,
1918 2900 1984 2925 quae
2003 2893 2167 2924 distinguitur
2185 2901 2199 2918 a
2219 2895 2392 2927 qualicunque
2410 2896 2512 2928 praedi-

1442 2926 1541 2951 catione
1563 2934 1610 2958 per
1628 2933 1671 2957 ae,
1691 2927 1768 2951 etiam
1787 2928 1949 2958 accidentali3
1968 2928 2037 2953 unde
2062 2928 2164 2953 videtur
2188 2929 2342 2962 legendum:
2366 2930 2511 2956 secundum

1440 2962 1512 2994 quod
1525 2962 1625 2987 dictum
1644 2964 1684 2986 est
1702 2962 1774 2994 quod
1791 2963 1907 2988 subiecta
1926 2971 1978 2987 non
1995 2963 2191 2995 praedicantur
2207 2965 2241 2989 de
2260 2965 2440 2991 accidentibus
2459 2965 2512 2992 nisi

1437 3004 1490 3029 per
1507 2997 1630 3022 accidens
1649 2997 1698 3029 (Cf.
1714 2997 1771 3022 lect.
1786 2999 1914 3030 praeced„
1929 3007 1954 3023 n.
1970 2997 2005 3030 5).

1496 3032 1522 3064 ο)
1543 3033 1651 3065 Infinita
1670 3036 1748 3058 erunt
1763 3034 1937 3065 praedicata,
1963 3037 1990 3059 et
2007 3034 2131 3059 similiter
2150 3040 2228 3060 ετα-
2242 3036 2316 3061 Hanc
2334 3036 2472 3061 lectionem
2491 3036 2511 3061 P

1442 3068 1602 3093 concorditer
1625 3067 1720 3092 habent
1739 3069 1841 3094 codices
1859 3077 1969 3100 omnes,
1995 3078 2047 3094 uno
2066 3070 2075 3094 1
2095 3076 2215 3103 excepto,
2241 3072 2285 3104 qui
2304 3072 2384 3096 modo
2403 3079 2511 3104 prorsus

1442 3103 1575 3128 arbitrario
1593 3103 1668 3136 legit:
1695 3113 1708 3125 ι
1721 3103 1817 3128 infinita
1836 3110 1911 3129 erunt
1930 3106 2081 3137 praedicata.
2107 3105 2139 3130 Et
2158 3105 2207 3131 hoc
2226 3107 2340 3132 ostendit
2359 3108 2410 3132 sic:
2436 3107 2512 3140 quid-

1444 3148 1457 3161 »
1478 3139 1540 3171 quid
1554 3139 1715 3171 praedicatur
1733 3139 1765 3164 de
1784 3145 1902 3172 utraque,
1918 3146 1961 3165 aut
1980 3139 2105 3173 significat
2118 3142 2269 3174 qualitatem
2284 3147 2328 3167 aut
2341 3142 2511 3175 quantitatem

1445 3183 1457 3196 ι
1478 3179 1521 3199 aut
1540 3174 1645 3207 aliquod
1663 3174 1810 3199 huiusmodi
1831 3176 1976 3206 accidentis,
1996 3181 2040 3200 aut
2058 3175 2183 3209 significat
2203 3176 2374 3202 substantiam
2393 3177 2510 3203 subiecti.

1445 3219 1457 3232 »
1478 3210 1510 3234 Et
1529 3210 1742 3242 qualitercunque
1759 3209 1804 3235 fiat
1818 3211 1980 3242 praedicatio,
1995 3219 2105 3236 necesse
2123 3217 2164 3237 est
2182 3213 2253 3244 quod
2270 3213 2303 3237 sit
2317 3218 2399 3238 status
2414 3213 2439 3238 in
2453 3220 2511 3238 aur-

1445 3254 1457 3268 »
1478 3253 1546 3270 sum.
1566 3245 1598 3270 Et
1617 3246 1715 3270 excedit
1733 3245 1891 3278 (excludit)
1910 3247 2027 3271 diversos
2042 3247 2145 3277 modos,
2159 3248 2185 3272 in
2199 3248 2294 3280 quibus
2314 3248 2406 3281 aliquis
2420 3252 2511 3280 posset

1444 3290 1457 3303 »
1478 3281 1562 3305 dicere
1581 3281 1652 3314 quod
1671 3281 1816 3313 proceditur
1835 3282 1859 3306 in
1879 3281 2014 3313 infinitum,
2034 3282 2100 3307 idest
2119 3282 2180 3315 (in)
2199 3284 2426 3315 praedicamentis:
2445 3290 2511 3316 quo-

1445 3325 1457 3339 »
1478 3323 1537 3340 rum
1554 3323 1636 3341 unum
1655 3321 1696 3341 est
1720 3317 1741 3341 si
1761 3317 1852 3349 aliquis
1872 3317 1938 3342 dicat
1963 3318 2034 3350 quod
2060 3318 2188 3350 quantitas
2212 3319 2372 3351 praedicatur
2398 3319 2430 3343 de
2448 3317 2510 3343 sub-

1445 3361 1457 3374 »
1478 3352 1578 3383 stantia,
1593 3356 1618 3376 et
1633 3352 1743 3384 qualitas
1763 3352 1796 3377 de
1810 3353 1959 3384 quantitate,
1974 3358 1999 3378 et
2013 3354 2050 3377 sic
2064 3353 2089 3378 in
2103 3352 2239 3378 infinitum.
2258 3354 2316 3379 Hoc
2329 3354 2427 3379 excedit
2445 3353 2511 3384 (ex-

1445 3397 1457 3409 ι
1477 3387 1577 3419 cludit)
1596 3387 1684 3412 dicens
1703 3387 1774 3420 quod
1793 3395 1888 3420 genera
1906 3388 2174 3420 praedicamentorum
2191 3394 2253 3414 aunt
2271 3388 2355 3420 {initu
2379 3393 2423 3414 aut
2441 3389 2510 3413 enim

1445 3432 1457 3445 2
1479 3423 1556 3454 quale
1577 3421 1735 3456 significant,
1762 3428 1805 3447 aut
1829 3429 1954 3456 quantum
1967 3442 1973 3454 ,
1998 3428 2042 3448 aut
2065 3424 2098 3448 ad
2120 3424 2234 3456 aliquid,
2261 3429 2304 3449 aut
2323 3423 2357 3449 c'.
2375 3423 2510 3449 Secundus

1445 3467 1457 3480 »
1478 3458 1573 3482 modus
1598 3463 1637 3483 est
1662 3458 1733 3490 quod
1758 3463 1848 3491 posset
1873 3459 1965 3491 aliquis
1991 3459 2075 3484 dicere
2099 3459 2171 3492 quod
2194 3460 2356 3492 praedicatur
2377 3465 2459 3484 unum
2478 3459 2511 3483 de

1444 3502 1457 3516 ι
1477 3501 1530 3518 uno
1542 3503 1554 3516 »
1575 3498 1632 3523 etc„
1650 3498 1679 3518 ut
1698 3493 1764 3518 linea
1787 3492 1816 3518 16
1836 3502 1893 3526 seq.
1912 3501 1984 3519 num.
2003 3502 2029 3527 9.

1496 3529 1525 3561 π)
1548 3529 1625 3553 Circa
1640 3529 1759 3560 primum
1779 3534 1852 3554 etc.-
1863 3529 1949 3554 Verba
1960 3529 2034 3554 circa
2048 3529 2169 3561 primum
2183 3537 2236 3554 om.
2246 3529 2306 3560 CG,
2322 3529 2369 3554 sed
2383 3533 2424 3554 eat
2435 3535 2510 3554 men—

1443 3564 1514 3594 dum,
1533 3569 1562 3589 ut
1579 3569 1649 3596 patet
1668 3572 1699 3589 ex
1712 3569 1846 3595 contextu;
1865 3565 1891 3589 M
1904 3569 1930 3589 et
1944 3572 2009 3589 mm.
2023 3565 2054 3590 S:
2077 3565 2155 3590 Circa
2169 3565 2289 3596 primum
2303 3564 2418 3597 quinque
2425 3564 2511 3597 facin

2543 310 2551 318 '¹
2566 315 2580 330 Α
2591 316 2595 330 :
2607 315 2662 331 vere
2671 310 2755 337 ipsum.

2543 346 2553 350 -
2566 335 2602 357 Cf.
2618 339 2675 357 text.

2541 361 2641 389 ”Ipsum
2650 369 2677 384 ex
2685 363 2755 384 codd.

2542 399 2551 403 -
2560 394 2574 408 n
2583 392 2604 409 et
2615 395 2629 410 c
2637 395 2701 410 s.m.:
2710 390 2756 410 ali-

2541 414 2598 441 quid
2605 415 2754 437 esa—essen.

2541 515 2549 523 ¹
2561 513 2598 535 Cf.
2609 514 2661 536 lect.
2671 521 2747 542 praec.

2540 546 2563 577 ρ’.
2573 547 2657 589 {odda
2667 569 2757 595 igitur.

2541 594 2549 602 '¹
2566 593 2649 620 Codd.,
2659 601 2708 616 exc.
2719 601 2734 616 ι.
2744 606 2754 611 -

2540 625 2553 640 Ρ
2562 627 2567 640 z
2578 623 2731 651 sequentum
2740 628 2754 643 ιε

2541 648 2654 673 sequntur.

2540 678 2551 686 ¹¹
2566 683 2592 698 o:
2614 679 2756 706 appelatio-

2541 709 2601 725 nem.

2542 731 2552 740 ⁶
2567 736 2580 751 Λ
2590 738 2594 751 :
2606 731 2662 758 quia
2682 737 2755 759 opor-

2542 758 2604 778 teret
2616 757 2685 779 Idem.

2542 835 2553 845 ⁸
2569 835 2605 856 Cf.
2621 836 2675 857 lect.
2687 842 2757 864 xxxi,

2543 867 2567 899 η’*-
2576 867 2608 909 ‹¹:3f
2615 887 2662 909 Ut.-
2669 888 2700 910 Et
2707 895 2756 920 om.

2543 920 2593 939 ann
2605 920 2619 935 ιι
2629 920 2678 936 om.
2689 917 2756 937 etm.

2545 944 2551 950 “
2568 940 2625 968 Cap.
2638 947 2670 968 ιιι,
2681 947 2704 963 n.
2715 947 2736 963 α.
2745 953 2757 958 -

2646 1052 2658 1069 ν

2544 1209 2551 1217 “
2568 1209 2656 1236 Codd.,
2669 1216 2720 1232 exc.
2735 1217 2758 1232 or

2542 1238 2564 1256 et
2579 1241 2602 1263 p.
2618 1242 2650 1258 m.
2665 1243 2693 1264 κ,
2708 1243 2757 1259 om.

2543 1262 2613 1289 quod.

2542 1319 2663 1342 “Ηια“ιιεηι.
2669 1327 2757 1344 our-An.

2568 1432 2590 1448 ις
2622 1427 2758 1451 medicatio

2541 1453 2594 1474 acci
2639 1454 2702 1475 talis.

2542 1481 2561 1489 *¹
2568 1479 2632 1501 Lect.
2640 1481 2756 1510 praeced„

2541 1511 2640 1560 {hiber
2647 1533 2741 1565 lumem·
2685 1533 2690 1538 ’
2741 1542 2759 1561 .,·

2541 1565 2557 1580 ιι
2571 1565 2621 1581 om.
2632 1559 2691 1581 alsa.

2641 1630 2654 1662 t

2541 1905 2551 1914 '¹
2560 1910 2575 1926 Α
2583 1911 2589 1926 z
2596 1904 2756 1932 praedicatis.

2540 1953 2551 1964 ⁸
2559 1952 2638 1975 Etiam
2643 1960 2672 1975 ex
2677 1953 2737 1975 codd
2742 1970 2756 1981 .,

2541 1985 2591 2001 exc.
2602 1986 2627 2002 κ.

2540 2063 2550 2075 “
2571 2062 2598 2084 In
2619 2069 2647 2085 ex
2676 2063 2756 2090 codd..

2542 2095 2591 2111 exc.
2607 2095 2623 2111 ι.

2539 2228 2546 2236 ·
2565 2226 2637 2249 Num.
2651 2233 2685 2249 ιο.
