2548 4192
846 555 1124 668 LEO
1203 558 1410 667 1³1³.
1480 558 1760 668 XIII.

738 810 826 851 AD
864 809 1283 852 PERPETUAM
1320 812 1439 852 REI
1477 811 1859 853 MEMORIAM

207 1160 334 1224 ‘⁷²21
364 1172 368 1175 “
435 1162 572 1226 'Qum
610 1159 711 1212 hoc
741 1160 806 1213 sit
844 1171 895 1213 et
933 1172 1114 1214 natura
1152 1161 1360 1214 insitum
1402 1171 1452 1212 et
1489 1160 1556 1212 ab
1592 1160 1833 1213 Ecclesia
1874 1161 2127 1214 catholica
2166 1183 2410 1233 compro-

317 1246 354 1307 ἑ(
408 1230 411 1233 ’
446 1256 450 1260 ·
485 1231 687 1300 batum,
719 1242 774 1284 ut
811 1252 842 1284 a
880 1232 1002 1285 viris
1041 1233 1308 1286 sanctitate
1349 1232 1628 1302 praeclaris
1667 1232 2029 1302 patrocinium,
2060 1234 2127 1286 ab
2156 1235 2408 1288 excellen-

355 1314 438 1387 fn*
484 1298 622 1356 tibus
651 1314 825 1356 autem
855 1304 1249 1384 perfectisque
1238 1326 1287 1358 m
1318 1305 1494 1373 aliquo
1525 1324 1722 1374 genere
1754 1305 1995 1374 exempla
2014 1305 2081 1357 ad
2103 1305 2408 1386 imitandum

418 1361 451 1394 ³
484 1374 724 1428 homines
764 1376 1058 1445 exquirant3
1093 1377 1290 1430 idcirco
1323 1376 1561 1431 Ordines
1601 1376 1830 1446 religiosi
1870 1397 1975 1429 non
2011 1378 2180 1446 pauci,
2211 1378 2407 1447 Lycea,

189 1417 371 1499 coetus
410 1446 773 1516 litteratorum,
813 1448 1134 1518 Apostolica
1179 1448 1324 1502 Sede
1370 1448 1724 1518 approbante,
1765 1448 1958 1501 iamdiu
1999 1449 2302 1519 magistrum
2348 1471 2408 1503 ac

187 1527 469 1587 patronum
508 1518 607 1572 sibi
647 1531 883 1573 sanctum
914 1520 1182 1574 Thomam
1212 1520 1540 1589 Aquinatem
1573 1541 1688 1573 esse
1728 1520 2020 1590 voluerunt,
2053 1542 2140 1589 qul
2175 1508 2410 1574 doctrina

190 1599 242 1641 et
261 1588 464 1660 virtute,
485 1590 610 1644 solis
641 1591 812 1661 instar,
834 1613 1047 1662 semper
1077 1593 1244 1646 eluxit.
1266 1592 1475 1645 Nostris
1506 1613 1633 1644 vero
1665 1592 2009 1662 temporibus,
2031 1604 2184 1645 aucto
2215 1593 2409 1662 passim

189 1661 364 1715 studio
405 1662 759 1716 doctrinarum
796 1664 948 1733 Eius,
987 1665 1193 1734 plurimi
1235 1664 1529 1744 extiterunt,
1571 1664 1658 1732 qui
1698 1675 1958 1734 peterent,
1998 1676 2053 1717 ut
2092 1665 2288 1717 cunctis
2328 1665 2409 1717 ille

189 1731 408 1803 Lyceis,
448 1734 783 1805 Academiis,
825 1747 875 1788 et
912 1736 1105 1789 scholis
1150 1736 1385 1816 gentium
1426 1736 1818 1805 catholicarum,
1868 1736 2019 1789 huius
2058 1736 2407 1806 Apostolicae

190 1803 347 1885 Sedis
395 1807 724 1876 auctoritate,
768 1819 1021 1877 patronus
1069 1809 1431 1889 assignaretur.
1472 1808 1596 1860 Hoc
1646 1808 1860 1877 quidem
1910 1819 2091 1877 optare
2127 1829 2183 1861 se
2233 1809 2408 1878 plures

189 1874 239 1929 E
280 1878 446 1948 1scopi
486 1878 859 1959 significarunt,
900 1880 1032 1933 datis
1072 1901 1122 1933 1n
1163 1880 1215 1933 id
1255 1880 1432 1933 litteris
1473 1901 1591 1933 cum
1631 1880 1981 1950 singularibus
2027 1891 2135 1932 tum
2176 1901 2407 1933 commu-

189 1897 365 2019 nibus,
396 1950 497 2003 hoc
527 1950 720 2020 pariter
757 1951 1069 2005 studuerunt
1097 1952 1373 2005 multarum
1403 1952 1820 2005 Academiarum
1855 1952 2064 2005 sodales
2101 1963 2151 2004 et
2190 1952 2410 2032 collegia

188 1993 467 2101 doctorum
487 2023 726 2093 supplice
747 2035 903 2093 atque
926 2024 1103 2077 humili
1125 2024 1492 2077 obsecratione
1514 2024 1820 2094 deposcere
1824 2023 2154 2094 —Quorum
2178 2045 2409 2076 omnium

187 2091 426 2147 incensas
467 2094 731 2155 desiderio
771 2117 957 2166 preces
998 2117 1117 2149 cum
1148 2096 1357 2150 differre
1389 2096 1558 2149 visum
1599 2107 1760 2165 esset,
1801 2107 1856 2148 ut
1893 2096 2241 2165 productione
2282 2107 2407 2148 tem-

188 2165 334 2289 &oris
361 2179 696 2237 augerentur,
720 2167 912 2221 idonea
932 2168 999 2221 ad
1028 2190 1138 2221 rem
1161 2169 1526 2239 opportunitas
1546 2168 1766 2221 accessit
1791 2168 1857 2220 ab
1880 2168 2031 2237 Ency
2036 2168 2174 2220 clicis
2198 2167 2407 2220 Litteris

250 2238 402 2291 ostris
428 2238 517 2291 De
537 2239 872 2309 philosophia
902 2240 1197 2294 christiana
1227 2241 1306 2294 ad
1327 2249 1543 2293 mentem
1569 2261 1606 2293 3.
1644 2240 1696 2292 Τ
1685 2240 1867 2292 homae
1894 2239 2187 2308 Aquinatis
2217 2239 2406 2291 Docto-

191 2329 269 2362 ris
301 2309 552 2379 Angelioi
588 2313 644 2364 in
682 2312 873 2365 scholis
911 2312 1180 2366 catholicis
1218 2312 1607 2381 instauranda,
1648 2333 1777 2380 quas
1815 2332 2086 2381 superiore
2121 2332 2259 2364 anno
2303 2311 2403 2363 hoc

190 2380 306 2450 ipso
348 2382 432 2435 die
471 2383 868 2452 publicavimus.
908 2385 1119 2465 Etenim
1157 2384 1430 2454 Episcopi,
1466 2383 1812 2452 Academiae,
1845 2383 2091 2436 doctores
2117 2383 2405 2436 decuriales

189 2451 518 2524 Lyceorum,
558 2467 714 2524 atque
756 2477 819 2508 ex
860 2457 1000 2509 omni
1041 2468 1292 2509 terrarum
1341 2456 1556 2526 regione
1598 2455 1824 2508 cultores
1863 2455 2046 2508 artium
2092 2455 2404 2524 optimarum

190 2544 247 2577 se
286 2525 461 2579 Nobis
501 2526 641 2607 dicto
682 2527 954 2581 audientes
995 2539 1045 2581 et
1084 2549 1199 2581 esse
1249 2540 1300 2581 et
1344 2528 1543 2580 futuros
1591 2549 1695 2587 una
1741 2548 1878 2597 pene
1923 2548 2056 2580 voce
2098 2538 2148 2579 et
2187 2547 2405 2579 consen·

190 2595 435 2651 tientibus
474 2599 657 2652 animis
698 2600 863 2652 testati
904 2612 1041 2653 sunt:
1083 2600 1243 2653 immo
1282 2600 1416 2652 velle
1447 2621 1503 2653 se
1544 2600 1594 2652 in
1634 2599 1900 2652 tradendis
1925 2598 2307 2679 philosophicis
2346 2619 2406 2651 ac

190 2668 501 2739 theologicis
541 2671 826 2741 disciplinis
852 2673 1014 2725 sancti
1044 2672 1289 2725 Thomae
1334 2672 1564 2742 vestigiis
1595 2671 1801 2741 penitus
1841 2671 2099 2739 insistere,
2131 2671 2229 2723 sibi
2270 2670 2405 2722 enim

191 2761 297 2793 non
337 2762 489 2795 secus
528 2763 589 2796 ac
627 2743 817 2813 Nobis,
859 2744 1185 2814 exploratum
1226 2765 1341 2797 esse
1381 2744 1652 2812 affirmant,
1694 2764 1743 2796 1n
1785 2743 2033 2796 doctrinis
2068 2742 2405 2795 Thomisticis

191 2812 431 2866 eximiam
458 2815 789 2896 quamdam
778 2837 948 2869 messe
979 2817 1362 2886 praestantiam,
1394 2827 1445 2869 et
1469 2816 1536 2869 ad
1567 2815 1800 2868 sananda
1829 2816 1977 2883 mala,
2000 2814 2191 2883 quibus
2230 2825 2406 2866 nostra

190 2885 442 2955 premitur
479 2898 644 2957 aetas,
675 2888 780 2940 vim
820 2888 1168 2958 virtutemque
1193 2889 1522 2958 singularem.
1554 2888 1670 2940 Nos
1710 2887 1886 2956 igitur,
1918 2908 2005 2955 qui
2037 2886 2124 2939 diu
2165 2886 2403 2938 multum-

191 2976 295 3025 que
335 2958 595 3028 cupimus,
630 2931 824 3012 'florere
864 2961 1070 3013 scholas
1110 2961 1498 3030 disciplinarum
1540 2960 1807 3012 universas
1847 2971 1950 3011 tam
1991 2957 2258 3011 excellenti
2299 2978 2404 3009 ma-

191 3027 353 3097 gistro
393 3050 443 3082 1n
484 3030 645 3083 fidem
686 3043 736 3084 et
775 3032 1064 3085 clientelam
1096 3033 1505 3113 commendatas,
1538 3032 1785 3100 quoniam
1818 3043 1919 3083 tam
1961 3031 2096 3082 clara
2135 3040 2185 3081 et
2223 3040 2405 3081 testata

192 3111 312 3152 sunt
350 3102 648 3155 communia
687 3103 963 3172 desideria,
995 3105 1337 3157 maturitatem
1368 3104 1645 3156 advenisse
1678 3123 1953 3155 censemus
1984 3101 2320 3169 decernendi,
2351 3112 2405 3152 ut

192 3171 436 3224 Thomae
476 3173 759 3242 Aquinatis
806 3176 1095 3228 immortale
1136 3176 1299 3229 decus
1346 3196 1515 3228 novae
1563 3175 1713 3227 huius
1761 3174 2062 3227 accessione
2106 3173 2273 3225 laudis
2318 3193 2402 3224 cu-

193 3243 428 3296 muletur.

302 3315 426 3367 Hoc
466 3327 543 3369 est
571 3329 744 3371 autem
775 3340 1091 3387 caussarum,
1122 3319 1313 3388 quibus
1343 3339 1731 3388 permovemur,
1764 3329 1919 3387 caput
1949 3329 1999 3369 et
2028 3333 2251 3383 summa,
2279 3315 2402 3367 emi-

194 3407 318 3439 nere
359 3387 489 3439 inter
528 3409 712 3441 omnes
750 3402 986 3442 sanctum
1024 3391 1307 3458 Thomam,
1348 3406 1506 3458 quem
1545 3411 1595 3442 1n
1636 3390 1787 3441 variis
1836 3389 2164 3441 scientiarum
2204 3386 2401 3454 studiis,

194 3469 460 3540 tamquam
487 3461 767 3540 exemplar,
800 3461 1036 3514 catholici
1066 3462 1305 3514 homines
1335 3462 1638 3513 intueantur.
1664 3461 1734 3512 Et
1762 3481 1887 3513 sane
1917 3460 2182 3529 praeclara
2210 3458 2403 3538 lumina

194 3531 350 3583 animi
373 3543 423 3584 et
443 3532 652 3600 ingenn,
670 3532 862 3612 quibus
883 3533 951 3585 ad
973 3532 1308 3585 imitationem
1330 3533 1407 3585 sui
1429 3533 1537 3584 iure
1559 3543 1715 3584 vocet
1734 3532 1877 3600 alios,
1909 3553 1958 3584 1n
1981 3552 2045 3583 eo
2067 3542 2186 3583 sunt
2215 3530 2401 3583 omnia:

196 3602 432 3656 doctrina
471 3604 748 3673 uberrima,
780 3604 1092 3673 incorrupta,
1119 3615 1239 3673 apte
1270 3604 1544 3673 disposita,
1577 3604 1891 3672 obsequium
1922 3603 2044 3656 fidei
2076 3614 2127 3655 et
2165 3623 2283 3655 cum
2313 3623 2404 3654 ve-
