2788 4204
1078 279 1189 316 CAP.
1219 280 1327 326 XIX,
1357 281 1507 318 LECT.
1537 281 1664 317 XXXI

337 372 350 396 1
360 361 394 397 3.
411 358 561 396 Deinde
577 371 666 395 cum
682 358 789 395 dicit:
805 357 880 394 Sed
892 357 929 393 in
945 357 1245 393 convertibilihus
1260 365 1343 405 etc„

36 419 251 470 {ggdd--mtdt'-
278 413 442 450 ostendit
469 412 507 449 in
527 412 664 460 quibus
691 410 1188 460 praedictae*quaestiones
1215 411 1344 447 locum

36 477 46 484 ¹
55 475 116 503 Quia
131 479 180 495 om.
194 479 210 494 1.

279 478 358 503 non
373 466 548 502 habeant.
563 464 693 511 Quia*
702 464 740 500 in
755 463 824 509 his,
837 474 935 511 quae
951 462 1156 511 aequaliter
1171 462 1217 499 de
1234 475 1273 499 se
1289 463 1343 499 in-

277 519 404 557 vicem
413 517 680 567 praedicantur
691 524 727 553 et
737 523 1009 553 convertuntur
1022 516 1071 552 ad
1081 515 1258 561 invicem,
1266 528 1344 553 non

280 579 336 609 est
354 571 525 620 accipere
545 569 699 618 aliquod
718 569 823 617 prius
849 576 886 605 et
912 567 1100 617 posterius
1129 569 1341 605 secundum

278 625 385 662 illurn
413 623 588 670 modum,
609 635 686 671 quo
714 621 819 670 prius
839 629 906 668 est,
928 634 951 658 a
979 633 1056 670 quo
1076 633 1155 657 non
1185 634 1343 658 conver-

278 678 366 714 titur
393 675 664 724 consequentia
684 675 845 721 essendi,
865 682 980 723 prout
1006 674 1234 711 universalia
1258 683 1345 711 sunt

276 730 425 779 priora;
446 729 534 778 quia
562 728 643 765 sive
670 728 888 777 praedicata
915 727 988 764 sint
1015 727 1172 774 infinita,
1198 727 1248 764 ita
1276 727 1345 764 sci-

277 783 363 819 licet
391 782 495 831 quod
528 781 757 830 procedatur
785 781 823 818 in
851 780 1042 818 infinitum
1067 780 1105 817 in
1123 780 1344 829 praedican-

279 835 342 883 do,
364 835 445 878 sive
473 835 546 872 sint
573 831 719 871 infinita
748 847 792 871 ex
815 842 975 883 utraque
1002 841 1121 883 parte,
1142 834 1238 871 idest
1265 841 1343 871 tam

279 901 325 925 ex
342 897 447 938 parte
467 887 673 937 praedicati
697 900 813 937 quam
834 899 879 924 ex
897 895 1003 936 parte
1024 887 1193 934 subiecti,
1214 887 1345 923 omnia

279 941 500 979 huiusmodi
518 941 665 978 infinita
679 941 848 978 similiter
862 953 903 978 se
921 941 1118 978 habebunt
1132 941 1182 977 ad
1201 940 1343 986 omnia3

278 1125 355 1150 vertit
373 1125 496 1150 nonnulla
515 1124 660 1149 Aristotelis
679 1131 772 1156 opera,
791 1123 857 1148 inter
875 1131 951 1156 quae,
970 1128 1035 1148 teste
1054 1124 1148 1148 eodem
1162 1123 1278 1154 Alberto,
1292 1124 1342 1148 Po-

278 1159 394 1186 steriora
411 1159 572 1193 Analstica5
591 1159 638 1184 sed
651 1167 683 1183 an
698 1159 731 1183 sit
745 1159 854 1183 Ioannes
868 1159 899 1183 de
918 1159 1096 1191 Basingstoke‚
1108 1159 1150 1183 vel
1170 1159 1235 1183 alius
1250 1158 1344 1183 homo-

278 1203 389 1228 nymuS,
408 1196 535 1220 incertum
547 1194 669 1227 relinquit
686 1194 718 1219 Α.
732 1194 851 1218 lourdain
871 1192 1050 1227 (Recherches
1073 1194 1194 1227 critiques
1214 1202 1260 1219 sur
1278 1194 1343 1227 rage

279 1230 431 1263 etl'origine
445 1231 491 1255 des
506 1230 664 1255 traductions
679 1230 770 1254 latines
785 1229 934 1260 d'Aristote‚
947 1237 1003 1262 cap.
1015 1237 1043 1260 11,
1058 1229 1074 1262 ἕ
1089 1237 1122 1259 11,
1135 1237 1194 1262 pag.
1206 1228 1238 1254 56
1247 1248 1254 1260 ‚
1267 1237 1343 1262 seqq.

279 1270 305 1291 et
316 1265 332 1298 fi
342 1273 380 1296 ιιι,
390 1264 572 1299 pagg.62-3.-·
580 1266 653 1290 Paris
667 1264 754 1299 1819).
767 1265 849 1289 Porro
861 1264 924 1289 haec
937 1265 1024 1289 versio
1038 1265 1138 1289 loannis
1152 1273 1239 1297 neque
1253 1266 1344 1290 eadem

278 1306 319 1326 eet
337 1309 398 1326 cum
415 1302 535 1326 versione
553 1300 667 1330 Boethii,
687 1308 773 1333 neque
798 1307 859 1325 cum
877 1305 979 1330 ηοω-ιη
999 1308 1066 1333 quae
1084 1308 1177 1325 ornnes
1196 1308 1255 1325 cum
1275 1306 1345 1325 textu

277 1335 348 1361 haud
366 1337 428 1361 satis
447 1336 593 1361 cohaerent.
613 1337 639 1360 S.
653 1335 770 1360 Thomas
795 1336 912 1367 exponit:
937 1336 1073 1368 accipiatur
1091 1337 1157 1360 sicut
1175 1337 1291 1360 medium
1311 1337 1346 1366 B,

279 1379 294 1397 a
310 1379 364 1404 quo
379 1372 403 1396 A
420 1377 584 1397 removeatur
603 1369 723 1404 (nempex
743 1367 799 1396 οἷον
818 1366 839 1396 εἷ
861 1367 891 1396 τὸ
913 1372 935 1396 Α
956 1368 990 1405 μὴ
1009 1367 1119 1406 ὑπάρχει
1138 1373 1174 1405 τῷ
1193 1372 1214 1396 Β
1234 1369 1346 1405 μηδενί);

254 1423 262 1425 s
277 1411 321 1432 ent
334 1407 400 1440 'ergo
418 1408 503 1439 primo
521 1407 738 1432 considerandum
751 1411 840 1431 utrum
863 1407 886 1431 Α
910 1412 1074 1431 removeatur
1094 1415 1109 1432 a
1132 1408 1153 1431 B
1176 1408 1273 1439 primo,
1293 1407 1348 1431 sive

278 1442 426 1468 immediate
445 1439 519 1476 (ἦτοι
537 1441 659 1476 πρώτῳ),
679 1447 723 1467 aut
741 1442 774 1467 sit
793 1442 862 1467 aliud
881 1442 996 1467 medium
1010 1442 1140 1474 accipere,
1159 1450 1173 1467 a
1191 1450 1244 1483 qqo
1262 1442 1348 1483 primo

277 1482 442 1503 removeatur
459 1478 484 1502 A
502 1485 583 1510 quam
602 1485 618 1502 a
636 1478 658 1502 B
679 1475 709 1511 (ἦ
728 1474 800 1502 ἔσται
820 1485 843 1502 τι
863 1475 958 1511 μεταξὺ
976 1475 998 1511 ᾧ
1016 1477 1134 1511 προτέρῳ
1150 1474 1200 1512 οὐχ
1218 1478 1347 1512 υπαρχει),

2387 283 2460 320 265

1398 359 1486 407 quia
1514 359 1710 408 quodlibet
1738 372 1872 397 eorum
1900 361 2038 409 poterit
2064 361 2273 409 praedicari
2303 361 2349 398 de
2370 374 2463 410 quo-

1398 412 1498 459 libet,
1521 420 1556 449 et
1575 413 1706 449 subiici
1727 413 1878 450 cuilibet
1898 414 2213 450 convertibilium.
2235 414 2318 450 Nisi
2338 417 2462 452 solum

1399 465 1504 513 quod
1531 473 1657 514 potest
1677 478 1759 503 esse
1778 467 1861 503 talis
1891 466 2112 513 differentia,
2135 467 2239 516 quod
2258 480 2380 504 unum
2402 480 2464 504 eo-

1399 530 1484 554 rum
1504 519 1743 566 praedicatur
1761 527 1803 556 ut
1831 520 2018 567 accidens,
2040 528 2076 557 et
2095 520 2197 557 aliud
2224 520 2464 569 praedicatur

1399 570 1494 607 sicut
1522 572 1894 619 praedicamentum,
1929 573 2025 610 idest
2057 573 2152 610 sicut
2185 573 2425 610 substantiale
2444 575 2464 594 ’¹‘

1398 624 1670 671 praedicatum.
1692 626 1741 662 Et
1759 626 1854 662 haec
1873 634 1929 663 est
1949 626 2159 663 differentia
2178 626 2320 675 proprii
2345 634 2381 663 et
2401 627 2464 663 de-

1398 676 1589 722 finitionis,
1603 690 1767 726 quorum
1782 686 1986 728 utrumque
2003 687 2059 716 est
2078 679 2339 725 convertibile;
2357 688 2393 716 et
2412 687 2464 716 ta-

1398 741 1489 765 men
1505 729 1673 766 definitio
1694 739 1749 767 est
1762 732 2021 779 praedicatum
2041 733 2242 779 essentiale,
2260 741 2296 770 et
2308 741 2464 782 propter

1398 782 1473 818 hoc
1493 790 1548 819 est
1565 783 1669 831 prius
1689 784 1905 821 naturaliter
1917 786 2088 833 proprio,
2110 786 2214 834 quod
2243 794 2298 823 est
2315 786 2462 835 praedi-

1400 842 1525 871 catum
1542 836 1782 873 accidentale.
1805 838 1854 873 Et
1873 837 1959 874 inde
1981 846 2036 874 est
2055 839 2160 887 quod
2175 839 2212 876 in
2229 839 2463 876 demonstra-

1398 887 1563 924 tionibus
1582 894 1594 908 ¹·
1618 889 1760 926 utimur
1785 890 2004 927 definitione
2030 892 2136 939 quasi
2166 892 2294 929 medio
2324 893 2372 930 ad
2397 893 2464 930 de-

1399 941 1691 978 monstrandum
1713 943 1913 990 propriam
1932 944 2150 992 passionem
2171 945 2217 982 de
2243 945 2412 983 subiecto
2429 947 2460 983 ²¹².

1397 1129 1459 1156 puta
1477 1125 1498 1148 si
1516 1125 1588 1156 prius
1607 1130 1771 1150 removeatur
1786 1126 1816 1150 ab
1833 1126 1855 1156 Ι,
1877 1127 1948 1158 quod
1967 1134 1984 1150 o
2003 1132 2070 1151 ortet
2083 1128 2261 1152 universaliter
2273 1129 2412 1161 praedicari
2431 1130 2463 1154 de

1398 1160 1418 1183 B
1435 1156 1503 1193 (οἷον
1523 1155 1543 1184 εἷ
1563 1156 1594 1184 τὸ
1614 1160 1647 1190 Η,
1665 1157 1679 1184 ὅ
1693 1161 1729 1194 τῷ
1748 1161 1768 1185 Β
1787 1157 1895 1195 ὑπάρχει
1915 1162 2019 1195 παντι);
2040 1167 2064 1186 et
2082 1162 2175 1187 iterum
2189 1163 2236 1187 erit
2250 1164 2463 1189 considerandum

1398 1199 1487 1219 utrum
1502 1196 1524 1219 A
1539 1201 1703 1220 removeatur
1720 1196 1752 1220 ab
1773 1196 1859 1228 aliquo
1874 1204 1919 1228 per
1933 1197 2005 1228 prius
2024 1205 2103 1229 quam
2123 1198 2153 1222 ab
2173 1198 2190 1224 l¹
2211 1199 2306 1223 scilicet
2318 1207 2332 1223 a
2346 1200 2378 1230 T,
2393 1200 2464 1232 quod
2496 1221 2499 1224 .

1399 1230 1560 1262 praedicatur
1579 1231 1758 1255 universaliter
1771 1232 1803 1255 de
1818 1232 1826 1255 l
1843 1228 1900 1264 (καὶ
1916 1228 1994 1257 πάλιν
2013 1231 2107 1257 τούτου
2121 1231 2158 1257 ’έτι
2172 1229 2246 1267 ἄλλῳ
2261 1234 2378 1268 προτέρῳ
2391 1234 2464 1268 (sup-

1399 1266 1441 1298 ple
1451 1262 1502 1300 ⁰¹32(
1515 1262 1647 1300 ὑπάρχει),
1663 1263 1719 1291 οἷον
1734 1262 1754 1290 εἷ
1770 1263 1799 1291 τὸ
1811 1264 1847 1297 Θ,
1865 1264 1879 1291 ὅ
1894 1269 1930 1300 τῷ
1940 1265 1964 1292 H
1975 1265 2051 1292 παντὶ
2067 1265 2194 1303 ὑπάρχει.)
2207 1270 2343 1302 Perspicua
2353 1276 2392 1294 est
2401 1270 2464 1295 haec

1401 1309 1423 1326 s-
1433 1301 1552 1326 ”rhomae
1567 1302 1701 1334 expositio,
1720 1309 1787 1334 quae
1799 1302 1847 1326 dici
1862 1308 1947 1334 potest
1962 1304 2047 1327 versio
2061 1303 2141 1328 ferme
2156 1305 2259 1329 literalis
2273 1310 2356 1329 textus
2366 1306 2464 1330 Aristo-

1401 1337 1467 1361 telis.
1488 1337 1566 1367 Quod
1587 1345 1649 1361 sane
1668 1343 1822 1370 argumento
1841 1345 1901 1362 esse
1919 1343 2007 1370 potest
2027 1339 2059 1363 ad
2078 1338 2258 1364 affirmandum
2277 1345 2374 1365 textum
2392 1349 2465 1373 grae-

1402 1380 1461 1396 cum
1481 1372 1624 1397 innotuisse
1643 1373 1775 1405 Aquinati.

1455 1407 1480 1442 ν)
1502 1408 1532 1432 In
1557 1408 1827 1433 demonstrationibus
1846 1413 1894 1433 etc.
1907 1421 1926 1428 —
1944 1409 2234 1439 BCDEGKLNQRST:
2254 1411 2280 1435 in
2300 1411 2466 1436 demonstra-

1402 1443 1478 1471 tivis,·
1498 1443 1539 1468 M:
1559 1443 1585 1468 in
1606 1443 1823 1469 demonstrativis
1847 1444 2002 1469 scientiis.-
2014 1445 2081 1469 Cum
2100 1445 2134 1470 Gl
2153 1446 2277 1479 legimus,
2297 1446 2413 1475 utimum·
2430 1446 2466 1470 P:

1403 1481 1523 1503 utuntur.

419 3677 488 3710 Opp.
507 3677 538 3702 D.
553 3677 666 3701 Tuomm
680 3676 712 3701 T.
731 3677 749 3701 1.

2489 582 2499 592 ⁸
2510 588 2602 604 Anam.-
2612 583 2703 612 essor—

2491 609 2560 629 male.

2490 934 2500 945 ¹*
2515 933 2551 955 cf.
2565 935 2616 956 lect.
2632 941 2690 961 xm,

2489 966 2512 982 n.
2527 966 2546 987 3.
