2548 4192
195 272 286 297 LXXX
291 271 311 295 11

195 339 314 369 dicitur
332 341 512 377 reportasse
526 333 690 364 Postillam
710 341 807 372 super
826 336 890 361 tres
905 330 1088 360 Nocturnos
1101 326 1265 376 Fsalterii,

198 384 264 423 ipso
284 382 425 422 legente,
446 389 529 420 quae
543 379 670 418 incipit:
688 376 727 406 In
744 376 831 406 omni
849 383 944 414 opere
962 382 1020 403 suo
1035 370 1121 402 dedit
1140 368 1264 409 confes-

197 428 327 457 sionem.
343 424 396 455 Ait
415 424 490 454 iste:
519 423 614 452 Circa
627 421 731 462 finem
753 421 835 450 vitae
852 418 980 457 scripsit
997 424 1095 455 super
1113 419 1179 464 tres
1198 413 1263 443 No-

198 476 329 502 cturnos
343 468 501 499 Psalterii.
517 467 572 497 Fr.
589 463 790 505 Reginaldus
804 463 922 492 dicitur
936 464 1126 500 reportasse,
1139 467 1207 508 ipso
1222 457 1264 486 le-

197 520 304 556 gente,
314 513 489 548 Postillam,
506 520 588 551 quae
602 509 729 548 incipit:
742 507 781 537 In
797 506 884 537 omni
902 513 997 544 opere
1011 513 1069 552 suo
1083 501 1170 532 ded1t
1189 510 1262 531 con-

189 558 376 599 fessionem.
397 555 459 586 Sed
472 555 552 584 hanc
571 552 800 593 expositionem
815 548 972 589 Operibus
992 548 1030 577 ab
1050 556 1120 586 ipso
1136 545 1265 575 Thoma

198 602 319 642 scriptis
343 607 373 631 et
396 597 582 630 elucubratis
611 601 774 626 accensent
797 593 986 624 Guillelmus
1024 591 1062 620 de
1086 590 1196 619 Tocco
1235 595 1265 618 et

197 645 378 678 Ludovicus
388 642 631 675 Valleoletanus:
643 640 786 679 Scripsit,
802 637 904 677 inquit
917 636 981 673 ille,
995 644 1094 684 super
1108 642 1261 673 magnam

192 696 319 732 partem
343 687 501 718 Psalterii.
533 686 629 715 Item:
660 683 783 723 Incepit
804 681 962 717 scribere,
993 679 1035 709 ait
1058 684 1136 715 iste,
1166 686 1264 717 super

197 734 386 765 Psalterium
426 736 456 761 et
477 730 604 768 scripsit
626 737 724 767 super
749 732 814 756 tres
836 726 962 765 primos
995 724 1200 758 Nocturnos,
1231 726 1262 750 et

191 781 386 819 praeventus
397 770 595 816 (praevento)
607 776 707 802 morte
722 770 876 800 remansit
886 767 1119 807 incompletum.
1131 765 1260 805 Incipit:

197 823 236 852 In
260 821 346 851 omni
368 827 463 858 opere
484 827 552 847 suo.

261 867 311 894 An
336 861 525 892 discordiam
547 866 720 899 componat
753 858 851 889 codex
871 867 928 887 ms.
950 855 1080 893 Triveti,
1101 863 1199 894 quem
1217 852 1260 882 le-

196 909 286 949 gebat
314 903 497 937 Echardus?
527 905 612 935 Haec
641 904 673 933 in
703 913 741 933 eo
771 902 911 942 primum
934 901 1108 931 habentur:
1138 898 1260 928 Iterum

196 955 333 984 Lectura
350 960 448 991 super
461 955 526 980 tres
544 949 737 979 Nocturnos.
758 947 798 977 Et
812 946 906 976 infra:
932 945 1037 985 Super
1051 943 1178 974 tertium
1195 941 1260 971 No-

196 1003 343 1028 cturnum
368 994 534 1025 Psalterii:
557 993 637 1023 inter
660 1002 755 1032 opera
788 990 903 1021 scilicet
927 1000 944 1019 a
968 989 1059 1019 fratre
1084 985 1260 1025 Reginaldo

196 1046 360 1082 reportata.
386 1038 469 1069 Hinc
492 1047 566 1068 vero
589 1037 627 1067 ad
646 1037 678 1067 id
696 1046 795 1076 genus
810 1034 962 1075 pertinere
985 1033 1107 1062 videtur
1121 1031 1260 1061 Lectura

195 1094 292 1126 super
316 1084 443 1114 tertium
469 1082 630 1112 dumtaxat
652 1082 863 1111 Nocturnum.
889 1081 931 1108 At
950 1077 1035 1107 enim
1059 1076 1171 1106 eadem
1194 1074 1261 1104 sine

196 1129 293 1160 dubio
317 1127 415 1168 fulget
439 1127 556 1167 ubique
580 1136 614 1156 ac
638 1125 754 1166 passim
778 1121 999 1163 interpretandi
1024 1120 1122 1158 ratio,
1150 1119 1261 1169 eadem

196 1173 380 1211 methodus,
404 1170 450 1201 vis
474 1171 599 1208 eadem,
624 1169 719 1200 dictio
743 1168 862 1199 eadem.
890 1167 969 1197 Tres
993 1172 1099 1196 autem
1123 1163 1260 1203 intelhge

195 1219 395 1254 Nocturnos,
427 1215 546 1255 primos
570 1213 797 1255 quinquaginta
825 1219 855 1242 et
884 1220 986 1241 unum
1009 1209 1174 1246 Psalmos,
1205 1207 1260 1248 qui

197 1261 365 1293 matutinas
398 1259 490 1290 feriae
508 1259 614 1290 tertiae
633 1259 725 1288 horas
745 1257 903 1287 claudunt.
920 1255 1018 1286 Silent
1037 1254 1167 1295 quidem
1187 1253 1260 1283 Pto-

194 1307 338 1337 lomaeus
353 1305 513 1342 Lucensis,
533 1304 642 1334 Petrus
657 1301 810 1341 Rogerius
827 1307 857 1331 et
877 1301 1010 1330 Ioannes
1025 1299 1063 1329 de
1079 1298 1259 1329 Columna:

195 1350 283 1391 quod
302 1358 413 1380 eorum
433 1348 591 1379 silentium
607 1346 809 1377 disertissimo
828 1344 1011 1375 testimonio
1032 1353 1091 1373 suo
1111 1342 1185 1372 satis
1200 1342 1260 1372 ele-

195 1401 268 1425 vant
282 1404 316 1424 ac
332 1393 452 1424 elidunt
466 1392 575 1423 caeteri
590 1401 671 1432 quos
686 1389 884 1420 laudavimus
899 1388 1038 1429 optimae
1053 1387 1126 1417 fidei
1141 1393 1244 1417 testes.

261 1438 405 1469 Tertium
429 1437 537 1468 locum
560 1436 679 1467 obtinet
702 1435 867 1474 Expositio
891 1435 923 1463 in
951 1433 1086 1463 Cantica
1111 1431 1260 1462 Cantico-

195 1494 278 1520 rum,
299 1482 337 1513 de
356 1492 419 1522 qua
441 1482 537 1523 paulo
560 1480 724 1521 operosius
743 1478 981 1519 accuratiusque
1001 1476 1162 1517 agendum
1181 1475 1259 1506 mihi

196 1535 250 1558 est.
275 1526 426 1557 Divinum
448 1527 543 1556 hocce
563 1524 730 1556 Canticum
750 1522 979 1554 commentario
999 1532 1058 1552 suo
1079 1521 1260 1561 expositum

194 1572 446 1610 illustratumque
473 1581 490 1600 a
519 1570 591 1600 divo
616 1569 743 1599 Thoma
770 1567 910 1598 dubitare
935 1566 1056 1607 antiq’ui
1076 1573 1169 1596 testes
1194 1575 1259 1595 non

195 1617 311 1646 sinunt.
338 1615 435 1646 Silent
458 1615 659 1645 Ptolomaeus
679 1613 716 1642 de
737 1613 838 1650 Luca,
859 1611 1050 1642 Guillelmus
1075 1611 1113 1641 de
1137 1611 1259 1648 Tocco,

194 1660 342 1691 Nicolaus
366 1658 527 1697 Trivetus;
558 1666 588 1689 at
612 1668 693 1698 opus
718 1663 855 1687 recenset
880 1656 1078 1696 Logotheta,
1103 1655 1158 1696 qui
1183 1665 1260 1685 enu-

194 1704 318 1736 meratis
339 1703 569 1734 commentariis
592 1702 623 1732 in
638 1702 734 1732 libros
763 1701 839 1731 novi
866 1708 897 1732 et
925 1700 1037 1732 veteris
1051 1699 1260 1737 Testamenti,

195 1749 344 1779 continuo
365 1748 464 1778 addit:
485 1747 588 1788 Super
609 1747 753 1777 Cantica.
776 1745 954 1776 Bernardus
974 1744 1148 1776 Guidonis:
1173 1744 1260 1775 Scri—

188 1794 254 1834 psit
277 1798 307 1823 et
328 1802 425 1833 super
450 1792 583 1823 Cantica
610 1791 828 1822 Canticorum.
853 1791 964 1821 Petrus
983 1789 1154 1831 Rogerius:
1180 1788 1260 1819 Item

193 1846 289 1877 super
305 1837 448 1868 Cantica.
465 1837 596 1867 loannes
616 1836 653 1866 de
669 1835 842 1874 Columna,
858 1845 913 1866 seu
934 1834 1144 1874 Interpolator
1163 1840 1262 1864 aetate

194 1889 326 1922 suppar:
351 1881 454 1922 Super
480 1881 612 1912 Cantica
639 1880 857 1911 Canticorum.
884 1880 971 1910 Idem
995 1878 1160 1920 perhibent
1180 1878 1262 1908 Lau-

195 1926 311 1957 rentius
334 1926 456 1966 Pignon
487 1933 516 1956 et
545 1925 727 1956 Ludovicus
759 1925 996 1956 Valleoletanus
1029 1922 1260 1954 testimonium.

195 1971 338 2011 Denique
369 1981 392 2001 s.
413 1970 608 2001 Antoninus:
633 1969 768 2010 Scripsit
789 1975 819 2000 et
836 1979 935 2010 super
956 1968 1091 1999 Cantica
1114 1967 1262 1998 Cantico-

195 2025 278 2053 rum,
303 2015 435 2046 multum
459 2020 564 2046 tamen
589 2014 726 2046 breviter
754 2019 784 2044 et
807 2014 851 2045 ad
874 2014 1024 2044 litteram.

260 2062 310 2090 An
326 2066 463 2090 extremo
478 2060 621 2090 laborans
637 2059 751 2089 morbo
766 2058 799 2089 in
815 2058 1008 2089 monasterio
1024 2057 1262 2095 Fossaenovae;

194 2114 233 2134 an
251 2114 324 2135 cum
342 2104 459 2135 viribus
478 2111 507 2135 et
526 2104 654 2135 sanitate
674 2103 799 2143 valeret,
819 2103 992 2144 litterisque
1012 2101 1170 2134 tradendis
1189 2102 1262 2133 scri-

193 2149 365 2189 bendisque
383 2149 468 2179 libris
487 2158 617 2189 operam
639 2149 735 2186 daret,
755 2158 880 2179 sacrum
895 2147 1146 2188 Epithalamium
1166 2157 1262 2187 expo-

194 2193 288 2224 suerit
311 2191 475 2224 Thomas?
505 2194 607 2224 Verba
636 2199 710 2224 sunt
738 2192 901 2224 Guillelmi
931 2193 970 2223 de
999 2193 1109 2223 Tocco
1133 2191 1166 2222 in
1190 2191 1262 2222 Vita

193 2249 259 2279 cap.
274 2249 305 2277 x,
325 2249 413 2269 num.
434 2239 492 2268 58:
516 2238 665 2279 Rogatus
683 2238 723 2268 ab
741 2238 904 2279 aliquibus
936 2237 1111 2274 monachis,
1132 2237 1188 2277 qui
1206 2246 1261 2267 ca-

188 2293 268 2324 pere
285 2288 448 2323 poterant,
470 2288 504 2313 ut
527 2283 657 2323 aliquod
680 2282 867 2313 memoriale
889 2291 969 2313 suae
986 2282 1140 2312 scientiae
1159 2282 1204 2311 eis
1228 2281 1261 2311 in

185 2329 257 2369 fine
275 2328 479 2368 relinqueret,
500 2327 637 2358 breviter
656 2329 701 2357 eis
720 2328 866 2368 exposuit
888 2327 1022 2358 Cantica
1041 2326 1260 2357 Canticorum.

195 2372 278 2402 Hinc
301 2372 358 2402 sibi
383 2372 525 2412 colligere
550 2382 658 2412 posse,
683 2381 717 2402 ac
742 2371 870 2402 definire
895 2382 960 2402 non
985 2370 1077 2412 pauci
1107 2377 1262 2401 nostrates

195 2416 340 2447 videntur
354 2416 427 2446 editi
442 2417 479 2446 ab
494 2416 651 2457 Aquinate
666 2416 821 2447 morituro
837 2416 1068 2447 Commentarii
1083 2415 1115 2446 in
1131 2415 1263 2446 Cantica

196 2468 331 2501 tempus.
362 2461 464 2491 Immo
489 2467 519 2491 et
542 2461 702 2491 nonnullis
726 2461 945 2492 additamentis
969 2461 1088 2492 factum
1110 2467 1263 2491 exornant

196 2505 259 2543 illi;
283 2515 363 2546 quae
383 2505 475 2536 refert
498 2505 606 2535 omnia
625 2505 728 2536 Sixtus
753 2506 898 2536 Senensis
922 2505 1002 2536 libro
1023 2505 1065 2536 IV
1087 2504 1261 2536 Bibliothe-

197 2559 250 2580 cae
265 2556 397 2580 sanctae:
417 2563 431 2577 «
449 2549 534 2580 Cum
554 2550 586 2580 in
610 2551 836 2581 monasterio...
853 2550 1116 2581 Fossaenovae...
1133 2550 1262 2581 decum-

199 2606 214 2621 ιο
236 2594 338 2631 beret,
363 2601 489 2634 rogatus
513 2604 530 2624 a
553 2594 734 2633 monachis,
759 2595 813 2636 qui
837 2595 953 2626 lectulo
977 2595 1045 2626 eius
1068 2595 1262 2633 assidebant,

199 2651 214 2665 »
237 2645 272 2669 ut
291 2638 458 2669 Canticum
477 2638 657 2669 Salomonis
676 2639 715 2669 ad
734 2639 943 2670 imitationem
960 2650 1070 2670 sensus
1085 2649 1120 2670 ac
1136 2639 1263 2680 spiritus

199 2695 213 2710 x
237 2683 299 2713 divi
322 2683 480 2721 Bernardi,
505 2683 559 2713 sed
582 2683 676 2723 longe
691 2684 815 2714 brevius
832 2684 1013 2724 explicaret,
1030 2684 1199 2723 recusavit,
1217 2683 1263 2714 in-

199 2739 213 2754 »
236 2727 362 2768 quiens:
383 2728 461 2758 Date
477 2727 553 2758 mihi
568 2727 713 2768 spiritum
730 2729 890 2767 Bernardi,
906 2736 936 2759 et
956 2739 1016 2769 ego
1031 2729 1122 2759 vobis
1141 2728 1263 2770 exposi-

200 2784 213 2798 »
236 2771 357 2802 tionem
373 2772 542 2812 spirantem
558 2772 705 2802 Bernardi
722 2773 866 2813 spiritum
881 2773 1045 2804 exhibebo.
1058 2773 1178 2805 Verum
1189 2783 1264 2804 cum

200 2828 214 2842 ³>
237 2815 280 2846 illi
301 2816 421 2846 enixius
436 2817 538 2847 adhuc
554 2816 768 2856 efflagitarent,
784 2824 818 2848 ut
833 2817 944 2848 saltem
960 2818 999 2848 de
1018 2818 1149 2859 proprio
1169 2828 1263 2849 sensu

200 2872 214 2886 10
237 2860 363 2890 brevem
386 2860 524 2901 aliquam
548 2860 754 2892 Canticorum
778 2862 1031 2902 explanationem
1053 2863 1264 2904 depromeret,

201 2916 214 2931 »
237 2904 389 2935 accersitis
404 2905 443 2935 ad
458 2915 489 2935 se
505 2905 665 2936 nonnullis
685 2907 860 2944 monachis,
880 2907 934 2948 qui
955 2917 991 2938 ex
1010 2917 1065 2938 ore
1084 2907 1152 2939 eius
1171 2908 1265 2939 verba

202 2960 215 2975 2>
238 2949 443 2980 describentes
467 2949 652 2990 exciperent,
678 2960 805 2981 exorsus
825 2958 871 2982 est
890 2951 1061 2982 secundam
1080 2952 1113 2982 in
1134 2947 1265 2984 Cantica

202 3005 215 3019 τι
243 2993 471 3024 enarrationem
490 2992 722 3035 (incipientem,
743 2995 894 3026 Salomon
915 2997 1112 3039 inspiratus)
1132 2997 1215 3038 stylo
1235 3003 1266 3027 et

201 3048 215 3063 w
238 3037 412 3068 eruditione
427 3048 444 3067 a
459 3038 554 3078 priori
574 3037 677 3079 (quae
697 3040 815 3080 incipit,
836 3040 933 3070 Sonet
953 3050 1015 3071 vox
1031 3041 1109 3083 tua)
1129 3041 1160 3072 in
1176 3051 1265 3072 eum-

203 3093 216 3107 »
240 3081 312 3111 dem
335 3081 450 3112 librum
479 3082 674 3122 expositione
708 3083 879 3122 diversam,
903 3084 1000 3115 veluti
1028 3092 1156 3126 tempus
1186 3085 1265 3117 illud

202 3136 216 3151 »
240 3131 270 3155 et
288 3135 393 3164 preces
422 3127 652 3157 monachorum
668 3134 698 3158 et
713 3127 913 3167 aegritudinis
929 3129 1109 3168 postulabat
1123 3130 1263 3161 occasio:

203 3181 216 3195 »
240 3169 375 3199 scribens
390 3180 455 3200 non
470 3171 557 3211 quod
577 3181 635 3209 ars,
656 3171 710 3201 sed
729 3172 817 3212 quod
837 3172 955 3203 sincera
969 3173 1068 3213 pietas
1092 3181 1122 3205 et
1141 3174 1266 3206 animus

203 3224 217 3240 ι»
239 3213 303 3243 iam
320 3213 383 3243 iam
402 3214 441 3244 ad
460 3213 599 3244 futuram
618 3215 887 3247 immortalitatem
906 3227 1089 3257 properans,
1105 3219 1264 3250 eructavit.

203 3269 217 3284 »
241 3257 276 3287 In
300 3257 357 3288 hac
380 3258 474 3298 igitur
497 3259 734 3298 explanatione,
764 3270 838 3291 cum
863 3271 963 3302 usque
987 3262 1026 3291 ad
1050 3269 1173 3294 sextum
1197 3263 1266 3294 libri

203 3313 217 3328 ιν
240 3308 335 3342 caput
357 3303 545 3342 exponendo
565 3303 769 3343 pervenisset;
793 3314 892 3346 eaque
911 3306 1004 3336 verba
1023 3306 1165 3338 eiusdem
1184 3307 1266 3348 capi-

204 3357 218 3371 »
240 3345 289 3384 tis,
305 3356 385 3387 quae
400 3346 444 3377 illi
465 3347 636 3377 novissima
655 3347 798 3387 fuerunt,
816 3349 993 3380 vehementi
1008 3351 1135 3391 spiritus
1155 3352 1266 3383 ardore

204 3402 218 3415 ¹>
242 3396 271 3420 et
294 3400 420 3421 summa
443 3391 529 3422 vocis
553 3391 718 3431 alacritate,
743 3393 851 3424 erectis
874 3393 906 3424 in
922 3394 1045 3425 caelum
1069 3395 1170 3426 oculis
1194 3407 1266 3437 pro-

205 3446 218 3459 »
242 3433 341 3465 ferret:
373 3435 458 3473 Veni,
483 3435 596 3467 dilecte
614 3437 668 3474 mi,
691 3437 900 3478 egrediamur
918 3439 950 3469 in
970 3439 1116 3471 hortum:
1139 3448 1266 3481 repente

204 3490 218 3504 1>
241 3479 433 3509 sanctissima
461 3479 528 3510 eius
552 3480 657 3511 anima
685 3482 723 3512 de
752 3482 877 3513 mortali
906 3493 1039 3524 corpore
1062 3494 1204 3525 egressa,
1233 3485 1264 3516 in

205 3533 219 3547 ³>
242 3521 369 3553 hortum
384 3524 589 3564 sempiternae
609 3525 759 3557 felicitatis
774 3527 813 3557 ad
828 3527 986 3558 Dilectum
1001 3539 1097 3560 suum
1116 3530 1266 3561 omnibus

206 3576 220 3591 »
242 3565 321 3596 vitae
331 3567 440 3598 diebus
451 3569 622 3609 expetitum
637 3577 667 3600 et
681 3571 848 3610 postremis
859 3571 939 3602 vitae
949 3573 1080 3604 vocibus
1098 3581 1266 3605 evocatum

207 3620 221 3635 2
244 3608 370 3640 feliciter
388 3611 495 3643 abiit...
511 3613 682 3654 Reliquum
696 3625 770 3645 vero
786 3616 990 3656 expositionis
1006 3627 1107 3659 usque
1121 3618 1153 3648 in
1168 3617 1266 3649 finem

918 245 1377 287 DISSERTATIONES
1416 243 1664 281 CRITICAE

1328 337 1341 351 ³>
1364 323 1434 354 libri
1468 322 1629 353 studiosus
1659 321 1791 361 quidam
1820 319 1972 349 adiecit.»
2006 319 2129 349 Eadem
2155 329 2190 350 ac
2214 319 2338 360 Sixtus,
2371 321 2405 352 in

1323 368 1396 398 Vita
1415 379 1439 398 s.
1452 367 1600 397 Thomae
1623 375 1707 395 anno
1733 365 1814 406 1737
1838 363 1949 403 gallice
1968 363 2094 393 Parisiis
2114 363 2197 394 edita
2216 372 2320 396 narrat
2338 368 2404 397 An-

1323 412 1431 442 tonius
1446 411 1599 447 Touron;
1620 409 1674 439 sed
1689 408 1849 448 integrum
1865 407 2047 446 Canticum,
2065 407 2188 448 integro
2204 419 2301 449 opere
2315 411 2406 451 quod

1323 456 1452 486 desinit:
1477 455 1599 485 Nostra
1623 453 1824 483 conversatio
1848 453 1880 482 in
1906 452 2005 482 caelis
2028 458 2076 483 est
2099 459 2169 491 etc.,
2190 453 2229 483 ab
2244 455 2404 494 Aquinate

1322 498 1488 530 monachis
1504 504 1662 528 annuente
1678 497 1882 537 explanatum
1900 503 2011 527 contra
2025 496 2150 527 Sixtum
2165 497 2267 529 refert.
2293 499 2329 529 In
2348 510 2405 531 ora

1322 543 1454 584 paginae
1469 549 1578 573 tomus
1593 541 1716 581 primus
1735 540 1839 570 martii
1858 540 2059 571 Bollandiani
2070 552 2142 582 pag.
2158 542 2222 584 677
2239 543 2403 584 allegatur,

1321 598 1436 627 nempe
1457 586 1621 617 Guillelmi
1642 586 1680 615 de
1695 585 1806 615 Tocco
1826 585 1917 615 locus
1936 585 2001 615 iam
2021 596 2117 626 supra
2136 586 2327 628 descriptus:
2349 590 2404 620 ubi

1321 639 1427 662 tamen
1447 631 1574 661 nullum
1589 640 1625 660 ex
1641 629 1862 660 additamentis
1881 629 1966 669 legas
1985 640 2068 671 quae
2087 641 2106 661 a
2124 631 2212 662 Sixto
2232 639 2263 663 et
2280 642 2298 662 a
2312 633 2402 664 Tou-

1321 676 1413 706 ronio
1429 675 1644 715 proferuntur.
1667 673 1779 704 Tradit
1798 673 1860 712 ille,
1881 674 1979 705 nimia
1993 675 2065 706 licet
2084 675 2243 707 debilitate
2259 678 2402 719 corporis

1320 730 1465 760 pressum
1485 719 1660 756 Thomam,
1680 718 1843 749 benevolis
1865 718 2045 759 hospitibus
2065 720 2312 760 postulantibus,
2333 723 2402 754 bre-

1320 765 1402 795 viter
1425 764 1611 804 exposuisse
1637 763 1773 793 Cantica
1800 763 2028 795 Canticorum:
2056 772 2127 795 tum
2151 765 2402 798 animadverten-

1320 808 1399 838 dum
1416 807 1580 848 proponit,
1600 807 1723 847 optime
1743 807 1864 838 factum
1884 813 1920 839 ut
1932 809 2096 849 praedicti
2109 810 2263 842 Doctoris
2281 813 2401 843 transi-

1319 853 1387 883 turi
1399 853 1440 883 de
1454 853 1599 892 corporis
1614 852 1782 893 ergastulo
1796 852 1938 883 studium
1953 863 2034 884 suae
2047 855 2226 895 sapientiae
2238 857 2271 886 in
2282 856 2402 888 Dilecti

1319 902 1350 927 et
1367 897 1515 927 Dilectae
1536 896 1706 927 Canticum
1726 898 1917 928 terminaret
1935 899 2075 929 amoris:
2093 909 2129 929 ac
2148 900 2281 930 demum
2299 901 2402 941 pergit

1319 951 1408 971 num.
1423 942 1463 982 59
1475 950 1511 971 ea
1526 950 1651 971 narrare
1671 951 1753 982 quae
1768 941 1893 972 adscitis
1908 941 2057 973 historiae
2078 944 2272 975 ornamentis
2292 945 2401 976 adver-

1319 985 1378 1016 sari
1402 985 1558 1016 videntur.
1579 985 1634 1016 Ait
1649 993 1782 1026 nempe:
1806 986 1933 1017 Deinde
1951 997 2024 1018 cum
2044 989 2198 1028 coepisset
2210 989 2401 1029 praedictus

1316 1031 1442 1061 Doctor
1460 1031 1560 1061 nimia
1580 1030 1743 1061 debilitate
1761 1031 1898 1072 deficere
1927 1037 1958 1062 et
1975 1033 2028 1063 sui
2046 1033 2168 1063 exitum
2195 1033 2236 1064 de
2254 1034 2316 1065 hac
2335 1036 2400 1065 vita

1311 1076 1497 1115 praescire,
1523 1085 1595 1106 cum
1621 1085 1744 1116 magna
1768 1075 1935 1107 devotione
1947 1078 2043 1117 petiit
2063 1077 2208 1108 exhiberi
2230 1079 2291 1109 sibi
2314 1079 2399 1110 chri-

1315 1120 1444 1150 stianae
1453 1121 1732 1161 peregrinationis
1748 1120 1916 1159 Viatieum,
1927 1127 2170 1152 sacrosanctum
2186 1122 2307 1154 Christi
2319 1123 2399 1154 Cor-

1311 1165 1406 1204 poris
1425 1164 1716 1196 Sacramentum...
1739 1164 1812 1202 Quo
1833 1165 2045 1197 Sacramento
2072 1172 2264 1207 suscepto...,
2283 1169 2400 1208 petivit

1317 1214 1549 1250 consequenter
1561 1209 1614 1240 die
1627 1210 1733 1240 altera
1752 1219 1868 1240 sacrae
1890 1210 2058 1241 Unctionis
2075 1211 2192 1249 oleum,
2211 1214 2398 1244 exeuntium

1316 1253 1598 1285 Sacramentum...
1612 1255 1689 1285 Post
1706 1255 1894 1295 paullulum
1918 1260 2025 1286 autem
2045 1265 2140 1286 suum
2159 1257 2308 1297 spiritum
2332 1258 2400 1288 Do-

1316 1299 1404 1329 mino
1427 1299 1577 1330 reddidit.
1603 1299 1701 1330 Nulla
1729 1299 1762 1329 in
1791 1299 1841 1330 his
1869 1300 1972 1330 verbis
2001 1300 2136 1341 expositi
2166 1301 2244 1331 sacri
2274 1301 2399 1333 Cantici

1317 1343 1455 1382 mentio,
1480 1343 1567 1374 nulla
1590 1343 1734 1384 inceptae
1753 1343 1960 1384 expositionis
1984 1345 2132 1385 abruptio
2153 1346 2193 1375 ad
2217 1345 2309 1376 illum
2332 1356 2400 1377 ver-

1317 1387 1465 1418 siculum:
1491 1388 1579 1426 Veni,
1599 1389 1724 1419 Dilecte
1745 1390 1790 1419 mi
1794 1396 1808 1426 ,²
1827 1388 1894 1420 imo
1915 1389 2023 1420 nullus
2042 1389 2124 1420 inter
2142 1390 2218 1421 haec
2237 1397 2400 1431 postrema

1316 1432 1463 1463 morituri
1487 1432 1635 1463 Thomae
1659 1433 1712 1473 pia
1735 1433 1841 1464 officia
1864 1441 1970 1474 patere
1994 1434 2103 1465 divino
2129 1434 2280 1474 Cantico,
2302 1435 2400 1466 veluti

1316 1477 1355 1507 ab
1374 1476 1430 1507 illo
1450 1483 1526 1508 tunc
1545 1478 1725 1518 explanato,
1745 1478 1870 1509 videtur
1888 1479 1990 1510 locus.
2016 1478 2101 1510 Hinc
2121 1479 2217 1510 etiam
2236 1480 2400 1521 superiora

1316 1520 1480 1552 Guillelmi
1506 1522 1544 1552 dc
1563 1523 1675 1553 Tocco
1694 1523 1789 1553 verba
1813 1522 1858 1554 sic
1876 1523 2079 1563 intelligenda
2098 1531 2204 1555 censet
2222 1524 2398 1564 Echardus,

1316 1572 1352 1596 ut
1375 1566 1504 1597 nonnisi
1527 1567 1700 1598 versiculos
1724 1567 1884 1608 quosdam
1907 1567 1977 1598 libri
2002 1567 2212 1599 Canticorum
2231 1569 2399 1601 monachis

1316 1610 1507 1650 petentibus,
1523 1612 1631 1652 quoad
1646 1611 1847 1652 permittebat
1860 1612 2034 1653 aliquando
2050 1613 2194 1651 morbus,
2204 1613 2400 1654 quibusdam

1317 1655 1541 1686 collationibus
1560 1656 1741 1697 exposuerit
1765 1667 1788 1687 s.
1802 1657 1938 1688 Doctor:
1954 1667 2034 1698 quas
2049 1667 2086 1688 ex
2101 1657 2169 1688 eius
2184 1668 2240 1709 or«,²
2254 1665 2399 1699 exceptas

1316 1700 1467 1731 monachi
1477 1700 1521 1731 illi
1534 1701 1592 1731 sibi
1608 1701 1755 1741 privatim
1770 1701 1961 1742 scripserint,
1973 1702 2028 1732 sed
2043 1712 2109 1732 non
2121 1702 2291 1734 edidermt:
2305 1703 2400 1740 Quae

1316 1746 1436 1783 omnia,
1449 1745 1553 1786 inquit
1571 1745 1635 1784 ille,
1654 1747 1886 1787 sapientiorum
1906 1756 2064 1778 censurae
2081 1747 2183 1778 libens
2194 1748 2360 1788 permitto.

1385 1790 1422 1820 11.
1447 1792 1490 1821 At
1513 1790 1695 1831 expositum
1719 1801 1737 1821 a
1758 1791 1834 1821 divo
1853 1791 1983 1822 Thoma
2003 1791 2186 1822 Salomonis
2215 1791 2398 1831 Canticum,

1317 1833 1382 1864 sive
1405 1834 1534 1875 propria
1558 1845 1656 1866 manu
1676 1835 1944 1866 commentarium
1968 1835 2126 1876 scripserit
2148 1836 2236 1877 ipse,
2265 1837 2331 1868 sive
2352 1836 2399 1867 di-

1317 1878 1444 1910 ctaverit
1458 1879 1681 1920 excipiendum
1695 1880 1735 1910 ab
1750 1879 1830 1918 aliis,
1853 1880 1951 1921 idque
1975 1881 2014 1911 ab
2038 1881 2153 1911 eodem
2181 1881 2231 1912 vel
2250 1891 2329 1912 sano
2349 1881 2400 1912 vel

1317 1923 1475 1955 morituro
1500 1924 1620 1956 factum
1644 1924 1757 1963 fuerit,
1787 1924 1953 1956 dubitandi
1977 1924 2057 1956 ratio
2086 1925 2174 1956 nulla
2202 1926 2296 1957 debet
2319 1935 2397 1957 esse.

1317 1969 1407 1999 Duae
1418 1969 1478 2000 sub
1489 1969 1556 2000 eius
1571 1969 1703 2000 nomine
1718 1969 1984 2002 circumferuntur
2005 1980 2041 2000 ac
2061 1970 2145 2011 typis
2163 1970 2309 2011 vulgatae
2323 1977 2399 2002 sunt

1318 2013 1541 2054 expositiones.
1558 2014 1671 2055 Incipit
1686 2014 1791 2046 altera:
1807 2014 1906 2045 Sonet
1925 2024 1989 2046 vox
2003 2020 2071 2052 tua,
2083 2025 2165 2056 quae
2184 2016 2304 2056 absque
2322 2015 2398 2046 loco

1317 2059 1465 2090 editionis
1494 2059 1612 2100 prodiit
1637 2069 1722 2089 anno
1753 2060 1846 2099 1545,
1867 2059 1898 2097 8,
1923 2059 2009 2100 apud
2033 2059 2164 2090 Petrum
2188 2059 2398 2099 Gualterum,

1317 2110 1348 2134 et
1362 2104 1513 2144 Lugduni
1531 2114 1616 2135 anno
1638 2104 1732 2141 1562,
1744 2103 1775 2141 8,
1791 2110 1920 2134 curante
1934 2104 2081 2134 Amadeo
2098 2104 2207 2143 Scoto,
2228 2111 2259 2136 et
2272 2104 2398 2136 Parisiis

1317 2159 1402 2180 anno
1428 2149 1522 2189 1634,
1543 2148 1574 2187 8,
1595 2149 1681 2189 apud
1712 2148 1923 2180 Guillelmum
1946 2149 2043 2187 Pete,
2073 2155 2104 2179 et
2132 2148 2248 2180 iterum
2272 2148 2398 2180 Parisiis

1317 2204 1402 2224 anno
1424 2194 1517 2232 1656,
1533 2193 1554 2224 s.
1571 2193 1655 2234 typis
1675 2193 1802 2224 loannis
1822 2193 1888 2224 lost
1906 2199 2001 2234 atque
2021 2193 2128 2224 studio
2147 2193 2230 2225 Petri
2246 2193 2396 2226 Pelicani.

1317 2238 1474 2269 Eamdem
1506 2248 1543 2269 ex
1570 2237 1679 2269 codice
1703 2248 1778 2268 mss.
1799 2238 1938 2269 Venetae
1969 2248 2009 2268 ss.
2031 2237 2159 2269 loannis
2185 2245 2216 2270 et
2238 2238 2330 2270 Pauli
2350 2238 2398 2270 bi-

1316 2283 1492 2317 bliothecae
1516 2289 1655 2321 erutam,
1679 2289 1870 2323 procurante
1893 2283 2026 2313 demum
2050 2282 2238 2314 Innocentio
2255 2283 2397 2315 Pencino

1317 2327 1460 2359 eiusdem
1484 2334 1660 2358 conventus
1684 2327 1833 2366 alumno,
1853 2327 1942 2368 prelo
1963 2327 2125 2358 commisit
2143 2328 2285 2359 Venetus
2304 2335 2398 2370 typo-

1316 2372 1456 2413 graphus
1471 2372 1736 2403 Bartholomaeus
1751 2371 1984 2402 Tramontinus
2004 2382 2090 2403 anno
2113 2373 2207 2414 1670,
2219 2372 2254 2410 f.,
2269 2372 2302 2404 in
2313 2373 2398 2404 calce

1316 2417 1430 2448 Novae
1445 2418 1560 2448 veteris
1573 2417 1672 2458 Legis
1687 2417 1956 2458 mystico-sacrae
1971 2415 2142 2448 Galaxiae.
2161 2416 2317 2448 Codicem
2331 2427 2398 2449 me-

1317 2468 1422 2492 morat
1435 2461 1468 2492 in
1483 2461 1549 2492 suis
1564 2461 1763 2492 bibliothecis
1782 2461 1902 2492 venetis
1917 2471 1991 2492 mss.
2003 2461 2171 2502 Philippus
2183 2461 2397 2502 Tomasinus;

1317 2506 1372 2548 qui
1387 2513 1494 2537 tamen
1510 2505 1602 2547 periit
1615 2512 1689 2547 post
1703 2505 1893 2537 editionem:
1908 2505 2082 2547 ipsumque
2096 2513 2227 2537 testatur
2238 2506 2398 2539 Pencinuz

1317 2550 1506 2592 inscriptum
1526 2550 1639 2581 fuisse:
1663 2551 1774 2582 Aurea
1794 2550 1860 2582 divi
1881 2550 2021 2581 Thomae
2038 2551 2210 2591 Aquinatis
2227 2551 2397 2592 Expositio

1318 2597 1351 2627 in
1374 2595 1510 2626 Cantica
1533 2595 1752 2626 Canticorum.
1778 2595 1826 2626 De
1850 2595 1918 2635 ipsa
1941 2605 2017 2626 vero
2035 2595 2185 2632 editione,
2207 2596 2396 2636 praeceden-

1318 2640 1403 2672 tibus
1421 2640 1518 2680 longe
1537 2646 1725 2680 praestante,
1741 2639 1784 2670 sic
1805 2639 1847 2670 ait
1866 2639 1918 2670 ille
1938 2639 1971 2670 in
1990 2639 2204 2670 Praefatione:
2231 2640 2314 2672 Vidit
2332 2638 2398 2683 (ex-

1319 2684 1438 2726 positio
1458 2682 1589 2726 isthaec)
1613 2684 1698 2715 alias
1721 2684 1844 2722 lucem,
1869 2683 1956 2725 quod
1978 2685 2165 2715 exercitatis
2183 2694 2259 2716 reor
2273 2686 2397 2717 innote-

1318 2739 1424 2767 scere,
1449 2734 1484 2760 at
1498 2728 1593 2770 sorte
1616 2738 1775 2769 nusquam
1799 2729 1977 2760 correctior
1999 2733 2030 2759 et
2046 2729 2175 2769 purior.

1386 2773 1526 2805 Alterius
1549 2773 1677 2804 initium
1705 2772 1912 2814 expositionis
1937 2779 2001 2804 est:
2031 2772 2184 2804 Salomon
2209 2774 2397 2815 inspiratus.

1320 2819 1412 2850 Hanc
1436 2818 1495 2849 sub
1519 2817 1651 2848 nomine
1684 2817 1782 2848 sancti
1807 2817 1975 2856 Thomae,
1999 2827 2036 2848 ex
2058 2827 2118 2848 ms.
2139 2817 2248 2849 codice
2272 2818 2399 2850 Fabria-

1320 2862 1426 2895 nensis
1441 2862 1588 2894 coenobii
1605 2862 1840 2903 depromptam,
1856 2861 1980 2902 primus
1994 2861 2027 2892 in
2041 2861 2148 2893 lucem
2167 2862 2300 2903 protulit
2315 2863 2398 2894 Lau—

1321 2909 1412 2939 datus
1428 2907 1590 2938 Amadeus
1608 2907 1722 2938 Scotus
1738 2906 1887 2947 Lugduni
1902 2916 1988 2937 anno
2010 2907 2103 2944 1562,
2115 2906 2146 2945 8,
2165 2908 2251 2948 apud
2266 2907 2398 2940 heredes

1322 2952 1427 2984 lacobi
1461 2952 1580 2983 luntae.
1611 2951 1683 2983 Una
1707 2951 1765 2982 ista
1793 2951 1826 2982 in
1850 2951 1997 2982 Romana
2027 2950 2173 2992 Operum
2204 2962 2228 2983 s.
2249 2951 2399 2985 Doctoris

1321 2997 1459 3029 editione
1478 2997 1538 3028 sub
1557 2996 1616 3028 Pio
1635 2996 1664 3027 V
1683 3006 1769 3027 anno
1794 2997 1888 3037 1570,
1905 2995 1926 3027 f.
1946 2995 2062 3027 iterum
2082 2995 2214 3036 prodiit:
2243 3007 2278 3028 ac
2298 2996 2397 3030 simul

1321 3049 1455 3083 utraque
1478 3042 1611 3072 demum
1635 3040 1668 3071 in
1692 3040 1784 3072 citata
1807 3040 1944 3072 Pelicani
1973 3039 2114 3071 editione
2143 3051 2228 3072 anno
2258 3041 2353 3080 16⁵6,
2375 3041 2398 3074 f.

1321 3093 1505 3128 praestatur.
1530 3085 1592 3117 Sed
1615 3085 1680 3117 iam
1699 3092 1790 3116 antea
1813 3085 1872 3116 sub
1901 3084 2088 3116 Cassiodori
2113 3085 2244 3117 nomine
2265 3085 2400 3118 seomim

1320 3142 1406 3162 anno
1423 3130 1516 3169 1538,
1528 3130 1560 3168 8,
1571 3129 1730 3171 prodierat
1746 3129 1907 3170 Friburgi:
1927 3129 2094 3171 eidemque
2110 3129 2304 3162 novissimus
2321 3141 2398 3173 ope-

1321 3186 1393 3207 rum
1417 3174 1601 3207 Cassiodori
1631 3174 1733 3206 editor
1761 3173 1908 3205 Garetius
1940 3174 2117 3206 monachus
2150 3185 2175 3206 s.
2196 3175 2300 3206 Mauri
2323 3185 2398 3207 con-

1319 3220 1490 3254 sulendum
1515 3218 1656 3257 censuit,
1687 3228 1728 3250 ne
1741 3218 1837 3260 sorte
1853 3219 1998 3260 periret,
2026 3226 2062 3250 ut
2085 3218 2209 3261 inquit,
2233 3219 2400 3262 deficiente

1321 3265 1459 3296 editione
1483 3263 1698 3302 Germanica,
1729 3273 1813 3304 quae
1835 3273 1915 3294 rara
1939 3269 1986 3294 est
2012 3268 2043 3294 et
2074 3265 2181 3295 unica.
2208 3266 2251 3296 At
2274 3263 2398 3305 pridem

1321 3309 1478 3341 Coloniae
1501 3307 1585 3350 typis
1609 3307 1692 3339 edita
1715 3307 1817 3339 fuerat
1842 3317 1928 3339 anno
1958 3309 2038 3340 1533
2065 3309 2124 3339 sub
2145 3308 2276 3340 nomine
2298 3308 2397 3350 Hay-

1321 3355 1424 3385 monis
1446 3353 1743 3385 Halberstatensis:
1765 3362 1901 3394 eamque
1925 3352 2058 3384 demum
2081 3353 2114 3384 in
2138 3363 2213 3384 mss.
2234 3352 2398 3384 codicibus

1320 3398 1471 3429 tributam
1492 3398 1641 3439 Remigio
1659 3397 1933 3428 Autissiodorensi
1950 3403 2082 3428 testatur
2100 3397 2276 3428 Casimirus
2295 3396 2397 3428 Oudi-

1321 3453 1401 3481 nuS,
1430 3449 1467 3474 ut
1489 3442 1570 3474 infra
1592 3441 1686 3473 latius
1710 3441 1892 3473 dicendum.
1920 3439 2031 3480 Quid?
2059 3441 2149 3483 quod
2177 3442 2236 3473 sub
2264 3441 2398 3472 nomine

1319 3487 1486 3518 Brunonis
1508 3487 1654 3518 Astensis
1683 3485 1836 3527 Episcopi
1866 3485 1989 3527 Signini
2018 3486 2165 3517 eamdem
2193 3495 2322 3527 prorsus
2346 3495 2396 3517 ex-

1321 3531 1514 3572 positionem
1538 3538 1630 3562 tomo
1652 3531 1664 3562 1
1693 3540 1829 3572 operum
1860 3530 1928 3562 eius
1949 3540 2035 3561 anno
2069 3530 2172 3567 1651,
2198 3529 2220 3560 f.
2241 3530 2398 3561 excuden-

1321 3576 1395 3606 dam
1414 3575 1554 3607 Venetiis
1573 3575 1704 3606 Maurus
1722 3574 1932 3614 Marchesius,
1952 3584 1990 3606 ex
2016 3573 2126 3606 codice
2145 3573 2327 3606 Casinensis
2350 3574 2397 3606 bi-

1320 3619 1496 3651 bliothecae
1518 3618 1720 3660 descriptam,
1745 3618 1874 3650 curavit.
