2548 4192
903 275 957 311 IN
988 275 1025 311 S.
1048 275 1290 313 THOMAM
1316 277 1639 324 AQUINATEM

178 355 312 385 Domini
335 354 446 391 nostri,
463 354 519 394 qui
540 353 628 383 mille
647 353 792 384 ducentis
815 351 964 397 annisget
979 355 1118 394 amplius
1139 354 1180 385 ab
1196 356 1243 385 in-

179 399 280 440 digne
302 397 539 439 confidentibus
561 402 619 427 etc.

246 443 286 474 V.
310 455 325 470 «
347 441 551 482 Opusculum
572 441 674 471 LXIV
697 441 748 471 De
770 442 863 472 modo
886 442 1058 483 confitendi
1086 452 1102 472 e
1127 442 1245 474 diame-

183 501 198 515 »
219 494 270 518 tro
292 491 447 526 repugnat
469 485 622 516 maiestati
646 491 676 516 et
699 485 858 516 doctrinae
875 486 1042 527 Aquinatis
1059 485 1176 527 (verba
1196 498 1245 518 re-

182 545 198 559 »
209 531 292 572 fero
304 529 514 571 Barbavara)
533 539 597 569 qua
622 535 709 569 parte
733 529 826 560 docet
847 531 1017 560 narrandas
1031 539 1098 560 esse
1112 531 1245 563 circum-

182 587 198 603 »
220 574 364 612 stantias,
393 583 475 614 quae
514 580 679 613 peccatum
714 574 1022 615 quomodocumque
1058 584 1244 614 aggravant:

181 632 197 647 ι»
219 618 316 650 veluti
330 618 454 658 gravius
470 623 516 648 est
533 616 662 658 (inquit,
680 618 734 648 ubi
753 619 824 659 agit
841 618 882 649 de
897 619 1139 650 circumstantia
1156 621 1245 663 loct),

181 675 196 691 »
219 662 385 694 hominem
408 659 542 703 (corpus
555 662 707 704 hominis)
731 663 839 692 animo
857 663 1015 703 impudico
1038 668 1175 705 tangere
1188 666 1247 696 sub

182 720 198 735 ι
214 707 346 748 pannis,
363 715 459 747 quam
483 716 614 736 manum
639 705 707 747 (vel
723 706 838 746 pedem
835 707 878 749 ).·
896 713 927 737 et
950 714 1069 738 caetera
1092 709 1123 738 id
1147 719 1246 749 genus

181 764 197 779 2
219 751 287 781 viro
311 750 407 790 gravi,
429 757 460 780 et
483 750 558 780 citra
581 750 836 790 superstitionem
869 751 991 782 erudito
1015 760 1144 792 prorsus
1168 754 1248 784 indi-

181 808 197 823 »
219 802 299 836 gna:
319 804 359 825 ne
375 794 501 824 interim
517 794 665 825 obiiciam
688 795 900 826 morosiorem
918 796 1005 826 illam
1021 797 1248 834 digressionem

183 852 198 867 :0
220 840 272 870 De
287 838 436 879 periculo
449 838 694 880 familiaritatis
716 839 920 870 dominarum
944 841 994 871 vel
1024 843 1206 873 mulierum.
1229 855 1244 870 »

246 884 338 914 Hanc
361 892 421 922 ego
445 893 593 913 censurae
616 889 749 923 partem,
765 893 847 924 quae
863 884 904 914 ad
918 885 1100 924 aperiendas
1123 886 1156 916 in
1172 896 1248 916 con-

178 927 332 958 fessiones
355 927 603 958 circumstantias
635 935 837 967 aggravantes
871 935 902 959 et
929 929 969 959 ad
991 930 1153 961 vitandam
1176 940 1248 960 mu-

178 972 293 1003 lierum
309 971 552 1002 familiaritatem
566 978 695 1012 spectat,
706 972 812 1002 minus
827 972 980 1012 adprobo.
997 974 1142 1005 Fortasse
1156 974 1248 1015 quid-

179 1016 266 1057 piam
289 1015 506 1056 scrupulosius
530 1021 585 1046 aut
607 1015 713 1046 minus
737 1016 898 1046 enucleate
913 1016 1035 1048 dictum
1058 1018 1096 1048 ab
1120 1024 1247 1048 auctore

178 1061 212 1091 in
236 1059 479 1098 circumstantia,
499 1059 617 1090 Coram
633 1069 706 1100 quo,
724 1059 902 1100 inquiente:
921 1061 1035 1093 Adhuc
1050 1067 1098 1093 est
1111 1063 1248 1103 gravius

178 1108 316 1146 tangere
337 1104 470 1134 Bertam
499 1103 694 1141 osculando,
721 1113 816 1144 quam
841 1105 942 1144 ipsam
976 1107 1008 1136 in
1038 1106 1146 1136 eodem
1179 1106 1248 1136 loco

179 1154 316 1189 tangere
338 1157 410 1178 cum
427 1147 546 1188 pede...
567 1147 659 1177 Unde
682 1157 745 1178 non
764 1147 887 1188 sufficit
908 1149 1034 1180 dicere:
1053 1150 1145 1190 tetigi
1166 1150 1247 1179 Ber-

179 1197 245 1223 tam
269 1192 437 1232 impudice,
454 1191 512 1222 sed
526 1196 650 1231 oportet
665 1192 772 1222 dicere
794 1192 898 1222 locum
918 1195 1072 1234 corporis,
1091 1194 1121 1224 si
1143 1194 1248 1234 tetigi-

176 1237 221 1267 sti
242 1245 374 1266 manum
405 1235 456 1266 vel
476 1240 609 1275 pectus,
626 1245 727 1275 supra
753 1245 884 1276 pannos
914 1238 964 1267 vel
986 1237 1031 1268 ad
1059 1237 1200 1268 nudum.-
1218 1243 1249 1268 et

177 1280 269 1312 dicas
291 1279 430 1317 modum,
447 1280 567 1310 scilicet
582 1289 653 1310 cum
673 1289 740 1318 ore,
765 1289 864 1310 manu
887 1281 938 1311 vel
960 1291 1031 1312 cum
1051 1281 1143 1322 pede.
1161 1282 1248 1313 Haec

178 1331 285 1356 tamen
308 1324 483 1356 Ductorem
505 1323 699 1364 Aquinatem
728 1333 795 1354 non
818 1324 971 1364 referunt,
995 1326 1050 1356 sed
1080 1325 1248 1356 casuistam

177 1363 350 1409 superioris
373 1367 491 1398 aetatis.

246 1412 300 1444 VI.
324 1425 339 1440 ‹
360 1411 565 1452 Opusculum
588 1412 674 1443 LXV
701 1412 753 1443 De
782 1411 890 1453 qfficio
919 1414 1095 1445 sacerdotis
1120 1413 1249 1455 (inquit

181 1469 197 1485 ›
217 1456 433 1498 Barbavara)
451 1455 549 1486 dubio
573 1456 686 1496 procul
703 1456 840 1497 vulgaris
856 1457 1034 1498 cuiuspiam
1050 1458 1160 1489 Curati
1175 1459 1248 1490 Bre-

180 1513 197 1530 2
217 1500 354 1532 viarium
376 1500 542 1542 quoddam
573 1507 638 1531 est:
665 1501 698 1531 in
722 1511 789 1541 quo
812 1500 892 1532 illud
924 1502 1106 1542 praesertim
1136 1510 1248 1534 notatu

180 1555 196 1574 2
219 1545 353 1586 dignum
376 1551 432 1583 est,
458 1545 548 1585 quod
571 1554 668 1585 opera
693 1545 838 1576 Cornelii
862 1546 1070 1578 Centurionis
1099 1547 1167 1578 vitii
1195 1548 1248 1578 da-

180 1601 196 1617 »
218 1595 325 1627 mnat;
342 1599 417 1620 cum
431 1595 538 1620 tamen
555 1589 708 1629 scriptum
723 1589 763 1620 sit
781 1592 850 1621 Act.
866 1598 896 1621 x:
917 1591 1011 1628 Quod
1027 1592 1250 1633 eleemosynae

181 1645 198 1662 ιι
219 1635 289 1665 eius
305 1638 336 1664 et
357 1634 521 1664 orationes
543 1633 761 1664 ascendissent
777 1634 809 1664 in
825 1636 1012 1666 memoriam
1030 1637 1062 1666 in
1079 1641 1248 1676 conspectu

181 1690 197 1706 2
217 1678 291 1709 Dei.
308 1677 401 1709 Unde
425 1677 523 1708 sancti
546 1678 652 1708 Patres
675 1687 751 1708 eum
774 1687 811 1708 ex
833 1677 896 1710 fide
918 1679 983 1710 iam
999 1687 1076 1711 tunc
1089 1680 1250 1711 viventem

182 1734 198 1750 »
219 1721 441 1763 pronunciant.
454 1722 534 1752 Item
543 1722 632 1762 quod
642 1722 780 1753 consulit
788 1723 944 1762 Parocho,
955 1731 992 1755 ut
1001 1734 1118 1764 pueros
1128 1731 1251 1755 semota

182 1779 198 1794 ι
220 1766 418 1797 solemnitate
434 1766 523 1796 domi
537 1766 712 1806 baptizatos
726 1772 855 1807 propter
868 1767 987 1798 instans
1002 1769 1113 1799 mortis
1127 1770 1250 1809 pericu-

181 1822 198 1838 »
219 1810 309 1848 lum,
328 1810 524 1851 rebaptizent
553 1810 612 1840 sub
641 1819 678 1840 ea
699 1810 871 1842 verborum
899 1811 1048 1850 formula,
1068 1813 1104 1843 Si
1127 1823 1190 1844 non
1215 1824 1248 1845 es

181 1866 198 1882 ›
219 1854 409 1896 baptizatus,
433 1863 496 1895 ego
518 1859 550 1885 te
571 1854 704 1895 baptizo.
727 1854 807 1885 Item
829 1856 919 1896 quod
941 1866 960 1887 a
974 1857 1164 1898 baptizando
1188 1858 1250 1889 exi—

181 1909 197 1926 »
218 1897 265 1938 git
282 1899 520 1929 contritionem:
545 1898 690 1939 quamvis
713 1898 746 1929 in
774 1899 832 1929 hac
855 1907 942 1939 parte
975 1901 1113 1932 excusari
1138 1902 1248 1942 possit,

180 1953 197 1970 ι
219 1942 417 1973 contritionis
439 1941 571 1972 nomine
602 1943 643 1972 ad
675 1953 912 1985 quemcumque
945 1945 1091 1976 dolorem
1114 1945 1153 1977 de
1177 1956 1249 1987 pec-

179 1998 197 2014 »
219 1986 295 2018 catis
318 1992 456 2017 extenso.
474 1998 489 2013 »

240 2030 333 2062 -Vitio
364 2030 530 2071 inquinata
562 2030 703 2062 Cornelii
735 2041 834 2072 opera
867 2033 1059 2064 existimasse
1088 2042 1250 2066 auctorem

178 2081 285 2106 censet
307 2075 524 2106 Barbavarius.
539 2075 615 2105 Non
638 2075 681 2106 ita
705 2083 824 2115 auctor,
849 2077 905 2118 qui
929 2078 1029 2118 capite
1046 2089 1077 2109 1v
1093 2079 1149 2110 ait:
1164 2079 1249 2110 ‹De-

181 2131 198 2147 ›
219 2119 349 2150 nunciet
371 2125 497 2158 tamen,
521 2120 611 2160 quod
633 2119 687 2150 illa
710 2130 826 2161 opera,
850 2131 932 2162 quae
964 2122 1038 2153 facit
1061 2123 1093 2153 in
1124 2124 1250 2155 mortali

181 2175 199 2191 x
221 2170 370 2204 peccato,
401 2173 467 2194 non
490 2171 626 2204 prosunt
649 2164 707 2195 sibi
735 2165 775 2195 ad
805 2165 904 2196 vitam
932 2173 1107 2198 aeternam:
1133 2168 1187 2198 sed
1211 2168 1250 2199 ad

183 2220 199 2235 ιι
221 2207 283 2238 hoc
306 2214 452 2248 prosunt,
471 2214 507 2238 ut
530 2208 700 2248 disponant
716 2216 747 2240 et
764 2209 930 2241 habilitent
947 2211 987 2241 ad
1010 2212 1249 2251 poenitentiam,

182 2263 199 2279 ν
221 2258 258 2283 ut
274 2251 389 2292 legitur
406 2252 446 2283 de
466 2252 626 2283 Cornelio.
641 2265 655 2280 »
675 2253 753 2284 Eius
772 2253 904 2285 fortasse
927 2262 992 2286 erat
1007 2256 1179 2287 sententiae
1195 2267 1250 2287 au-

178 2301 260 2335 ctor,
279 2296 427 2327 nondum
450 2295 637 2327 Cornelium
659 2297 864 2329 iustificatum
882 2298 990 2338 fuisse,
1006 2307 1177 2342 antequam
1201 2311 1249 2332 ac-

180 2346 351 2371 cerseretur
373 2350 392 2371 a
413 2341 518 2371 Petro.
545 2341 632 2372 Haec
660 2342 808 2373 tribuitur
837 2342 1090 2384 Chrysostomo‚
1114 2345 1249 2384 Basilio,

180 2383 380 2415 Oecumenio
407 2384 553 2426 aliisque:
572 2385 605 2416 in
629 2396 728 2427 quam
751 2386 931 2427 diligentius
951 2398 1010 2428 ego
1026 2398 1092 2419 non
1111 2389 1248 2430 inquiro.

180 2428 325 2460 Consule
340 2439 364 2460 s.
382 2429 546 2459 Thomam
562 2429 604 2460 11³
618 2430 683 2469 11¹0,
701 2441 732 2471 q.
749 2441 780 2469 x,
797 2438 852 2462 art.
869 2442 901 2461 1v
916 2442 952 2462 ac
968 2432 1147 2472 theologos.
1171 2433 1250 2464 Item

180 2472 472 2513 rebaptizationem,
496 2474 554 2504 sub
578 2474 736 2514 praedicta
766 2475 980 2506 conditionata
1008 2476 1146 2507 formula
1174 2487 1250 2507 con-

181 2516 257 2547 sulit
278 2516 332 2546 ille
356 2516 456 2557 capite
479 2526 504 2547 11
528 2518 657 2557 quando
675 2519 888 2558 probabiliter
910 2520 1085 2551 dubitatur.
1104 2521 1250 2562 Denique

180 2560 301 2591 ibidem
323 2560 367 2591 sic
391 2561 447 2591 ait:
466 2561 586 2592 Adulto
610 2571 672 2592 non
698 2563 872 2603 imponitur
881 2565 1080 2604 poenitentia
1103 2565 1144 2596 de
1166 2575 1249 2596 com-

179 2605 287 2636 missis
309 2610 385 2635 ante
407 2605 596 2645 baptismum
608 2628 616 2636 .
628 2629 636 2636 .
648 2629 656 2636 .
676 2607 865 2647 Requiritur
897 2613 1002 2639 tamen
1034 2609 1066 2639 in
1090 2619 1127 2640 eo
1146 2609 1252 2640 cordis

181 2649 341 2686 contritio,
366 2650 436 2680 sine
453 2659 518 2690 qua
542 2659 605 2680 non
626 2656 874 2691 consequeretur
897 2654 1022 2683 veniam
1053 2653 1094 2684 de
1117 2654 1252 2684 actuali-

179 2692 240 2724 bus
251 2694 404 2734 peccatis.
424 2693 516 2723 Hanc
539 2703 636 2724 nemo
659 2705 726 2725 non
749 2695 949 2736 amplectitur
967 2697 1154 2728 doctrinam.

248 2737 435 2768 Remotiora
457 2738 615 2778 quaedam
631 2749 649 2768 a
665 2739 748 2780 stylo
773 2746 803 2770 et
826 2750 844 2770 a
867 2740 1020 2771 methodo
1040 2741 1138 2772 sancti
1161 2741 1251 2772 Tho·

181 2790 254 2812 mae
276 2781 364 2812 affert
386 2781 536 2813 Oudinus
560 2792 597 2813 ex
620 2783 721 2823 capite
744 2791 786 2814 v:
808 2797 822 2812 ‹
840 2785 950 2815 Portet
972 2790 1078 2816 autem
1102 2786 1253 2818 sacerdos

183 2837 201 2853 ι
223 2825 305 2856 illud
327 2823 582 2868 (Sacramentum
605 2827 645 2857 ad
668 2826 826 2870 infirmos)
850 2829 988 2869 publice,
1002 2829 1135 2860 honeste
1150 2836 1180 2860 et
1194 2830 1253 2860 ho-

183 2881 200 2896 »
222 2868 363 2908 norifice,
387 2876 459 2900 ante
482 2877 602 2911 pectus.
615 2893 624 2902 .
637 2894 644 2902 .
680 2881 755 2902 cum
776 2882 924 2913 gausape
946 2874 1088 2904 mundo.
1101 2897 1109 2904 .
1123 2897 1130 2905 .
1152 2874 1254 2905 Debet

186 2924 203 2939 ι»
225 2919 333 2943 autem
355 2914 499 2944 sacerdos
531 2924 662 2946 monere
686 2917 978 2956 communicantes,
1003 2923 1039 2949 ut
1061 2924 1192 2949 sumant
1213 2919 1255 2949 de

186 2968 203 2983 ι·
225 2957 325 2987 calice
340 2957 443 2988 tribus
458 2959 578 2989 uicibus
600 2959 644 2990 ad
661 2961 778 2998 minus,
796 2970 863 2991 non
886 2968 1015 3002 propter
1039 2963 1169 3003 aliquod
1185 2973 1253 3003 my-

186 3012 203 3027 »
225 3000 367 3039 sterium,
386 3001 442 3031 sed
464 3009 500 3032 ut
522 3002 602 3033 bene
625 3003 769 3034 laventur
793 3014 848 3035 ora
871 3006 1086 3037 sumentium.
1099 3029 1106 3037 .
1120 3029 1127 3037 .
1153 3007 1255 3038 Debet

187 3056 203 3070 ιι
226 3051 334 3075 autem
356 3045 465 3083 teneri,
489 3046 568 3076 dum
587 3047 835 3087 communicant,
859 3049 991 3090 aliquod
1012 3060 1159 3091 gausape
1182 3058 1253 3082 ante

186 3100 204 3115 -n
225 3094 336 3128 pectus
351 3089 410 3118 sub
426 3095 536 3120 mento
553 3090 664 3121 saltem
678 3098 749 3122 ante
766 3099 861 3132 caput
875 3093 960 3124 illius
974 3096 1165 3135 gausapis...
1182 3095 1254 3126 Par-

188 3144 204 3160 »
225 3131 308 3163 vulis
331 3132 374 3162 ita
395 3132 520 3172 teneris,
545 3135 634 3174 quod
657 3145 780 3166 sumere
803 3136 883 3167 illud
906 3147 972 3168 non
996 3145 1141 3178 possunt,
1162 3139 1254 3170 debet

187 3188 203 3203 >
227 3176 371 3206 sacerdos
402 3176 436 3206 in
463 3177 574 3208 mortis
597 3178 729 3210 articulo
752 3180 864 3211 vinum
896 3191 971 3212 cum
994 3192 1077 3223 aqua
1099 3183 1132 3212 in
1160 3183 1254 3214 calice

188 3232 204 3247 2»
226 3230 285 3260 pro
309 3219 550 3251 confirmatione
573 3222 742 3262 porrigere,
759 3234 826 3255 non
842 3226 931 3266 quod
945 3226 985 3256 sit
1004 3227 1253 3265 Sacramentum,

189 3276 205 3291 >
227 3264 282 3294 sed
300 3263 378 3294 fides
393 3270 423 3295 et
442 3265 628 3296 assuefactio
652 3266 854 3300 Sacramenti.
868 3281 882 3296 »
903 3270 990 3300 Haec
1012 3270 1157 3301 Thomas
1180 3271 1253 3301 scri-

185 3308 299 3348 psisset
322 3318 520 3349 numquam,
544 3315 656 3349 utpote
688 3311 818 3342 barbara
848 3319 878 3343 et
910 3323 929 3343 a
957 3314 1068 3344 ritibus
1090 3315 1254 3345 Romanae

187 3352 345 3383 Ecclesiae
368 3352 479 3383 aliena.
504 3353 559 3384 Ait
581 3353 676 3384 etiam
700 3356 800 3395 capite
822 3366 881 3386 vm
900 3357 939 3387 de
962 3357 1164 3388 Sacramento
1188 3359 1254 3388 Ma-

186 3396 345 3427 trimonii:
370 3396 501 3428 Fundat
532 3397 777 3430 benedictionem
809 3409 907 3440 super
938 3402 1044 3440 capita
1075 3401 1255 3439 amborum;

181 3441 410 3481 principaliter
433 3446 539 3472 tamen
561 3451 660 3482 super
686 3443 873 3481 mulierem,
899 3446 1025 3475 ratione
1057 3446 1148 3475 cuius
1176 3445 1255 3476 cele-

185 3484 304 3515 bratur
325 3486 428 3516 Missa
460 3491 490 3516 et
519 3485 617 3516 datur
648 3486 831 3518 benedictio.
855 3487 922 3518 Cur
952 3487 1029 3518 haec
1060 3498 1156 3526 vero,
1181 3499 1255 3519 cum

188 3529 285 3559 Missa
317 3539 417 3570 aeque
434 3539 498 3569 pro
521 3539 636 3569 sponso
660 3536 690 3561 et
712 3541 828 3571 sponsa
860 3531 1046 3562 inscribatur
1070 3539 1099 3562 et
1129 3533 1255 3563 benedi-

187 3572 328 3603 ctionem
340 3573 481 3648 ddatprus
509 3583 608 3615 aeque
627 3574 670 3605 ad
687 3584 837 3615 sponsum
862 3581 892 3606 et
912 3585 1061 3616 sponsam
1078 3586 1110 3606 se
1127 3586 1254 3607 conver-

182 3622 231 3647 tat
254 3626 339 3648 sacer
362 3627 413 3648 os.

2252 291 2371 318 CCXLV

1366 356 1436 387 VII.
1462 370 1478 385 «
1495 356 1700 397 Opusculum
1714 357 1814 387 LXVI
1838 357 1890 387 De
1913 358 2109 397 expositione
2131 359 2253 389 Missae
2267 358 2369 399 (Bar-

1303 412 1317 427 >›
1340 401 1465 431 bavarii
1487 402 1629 432 censoris
1652 401 1748 431 verba
1779 401 1870 443 sunt)
1894 408 2114 442 praeterquam
2138 402 2226 442 quod
2249 412 2369 434 nomen

1303 456 1317 470 >›
1339 446 1535 475 sacramenti
1557 450 1588 476 et
1609 445 1761 486 sacrificii
1782 444 1926 485 imperite
1950 445 2136 484 confundit,
2160 445 2254 477 habet
2276 447 2367 486 phra-

1304 500 1318 514 »
1341 489 1402 519 sim
1418 489 1456 519 ab
1471 489 1600 529 ingenio
1626 496 1656 520 et
1674 489 1823 529 gravitate
1847 489 1910 519 divi
1929 489 2076 520 Doctoris
2100 489 2244 520 alienam.
2263 491 2367 528 Quae-

1304 543 1318 558 »
1341 543 1411 563 rens
1435 533 1521 563 enirn
1544 533 1611 563 eius
1630 533 1726 564 libelli
1749 540 1874 564 auctor:
1893 534 2005 571 Quare
2019 535 2052 564 in
2069 535 2162 565 tertio
2186 534 2296 565 ordine
2319 545 2369 565 ca-

1304 587 1318 601 »
1342 577 1434 607 nonis
1457 577 1540 607 duas
1564 582 1688 608 tantum
1713 587 1825 608 cruces
1843 577 2013 618 faciamus
2019 585 2032 615 ;
2061 584 2252 618 protestatur
2281 579 2367 619 prius

1306 633 1319 648 »
1342 621 1427 662 quod
1449 622 1504 651 ille
1527 621 1606 652 ordo
1629 622 1756 652 brevior
1778 622 1903 662 quidem
1928 627 1975 653 est
1997 632 2092 663 quam
2112 623 2208 660 alius,
2224 623 2281 654 sed
2290 633 2367 663 pro-

1306 678 1320 692 »
1334 665 1477 706 fundior
1500 670 1530 696 et
1551 666 1709 705 sapientia
1733 667 1839 706 magis
1856 666 1984 706 plenus.
2014 666 2076 697 Ubi
2104 673 2225 707 praeter
2247 666 2367 707 impro-

1305 722 1320 737 »
1342 709 1506 750 prietatem
1539 709 1605 740 eius
1628 709 1735 748 vocis,
1763 709 1871 747 Ordo,
1896 710 2071 741 Ecclesiam
2099 717 2201 741 taxare
2223 711 2366 750 videtur,

1305 766 1320 780 »
1342 753 1432 794 quasi
1459 763 1526 784 non
1549 753 1659 784 eadem
1678 760 1742 784 arte
1761 761 1792 785 et
1807 754 1958 794 sapientia
1977 755 2096 795 priores
2112 755 2242 785 canonis
2266 762 2369 795 partes

1306 810 1320 825 2>
1343 797 1548 835 contexuerit,
1567 807 1631 838 qua
1653 798 1786 828 tertiam.
1807 798 1954 828 Secundo
1977 799 2109 839 quaerit,
2133 809 2235 839 quare
2254 801 2286 829 in
2309 800 2369 830 hoc

1306 855 1321 869 »
1344 843 1436 872 tertio
1460 841 1574 872 ordine
1596 842 1751 872 elementa
1770 843 1868 882 panis
1891 847 1921 873 et
1943 843 2010 873 vini
2042 848 2209 874 transeant
2238 844 2270 874 in
2294 844 2367 874 sub-

1305 898 1320 912 »
1341 886 1494 916 stantiam
1521 885 1674 925 Corporis
1696 891 1727 916 et
1749 885 1928 926 Sanguinis
1953 886 2102 917 Christi?
2125 887 2170 918 Ita
2198 888 2367 927 respondet

1305 942 1320 957 »
1343 936 1379 960 ut
1397 930 1515 969 pudeat
1536 929 1778 969 responsionem
1801 929 1917 960 afferre.
1944 930 1998 961 Ait
2018 937 2144 971 nempe:
2173 932 2305 971 Triplex
2323 937 2370 962 est

1305 985 1320 999 »
1343 973 1442 1011 ordo,
1466 974 1586 1004 scilicet
1609 978 1767 1010 naturae,
1793 974 1932 1004 iustitiae
1954 979 1985 1004 et
2006 976 2156 1015 gratiae:
2174 975 2287 1006 ordine
2310 985 2368 1006 na-

1306 1030 1320 1044 »
1343 1022 1438 1047 turae
1451 1017 1522 1057 flos
1538 1017 1706 1057 praecedit
1720 1017 1883 1057 fructum,
1901 1018 2014 1048 ordine
2037 1020 2175 1049 iustitiae
2187 1029 2294 1059 poena
2318 1030 2367 1051 se-

1306 1072 1320 1087 »
1343 1062 1454 1101 quitur
1479 1066 1669 1101 peccatum,
1694 1061 1808 1091 ordine
1829 1063 1959 1102 gratiae
1989 1063 2229 1102 superabundat
2256 1065 2367 1105 gratia

1307 1117 1321 1131 »
1337 1110 1507 1144 peccatum
1532 1111 1563 1135 et
1585 1105 1805 1135 misericordia
1834 1105 2028 1145 impenditur
2051 1107 2104 1137 ubi
2127 1107 2251 1138 nullum
2269 1118 2367 1147 prae-

1306 1160 1321 1174 »
1343 1149 1425 1179 cedit
1448 1150 1606 1179 meritum.
1633 1149 1676 1179 Et
1699 1149 1768 1179 ideo
1797 1158 1856 1179 nec
1878 1155 1997 1179 natura
2019 1151 2145 1190 potuit,
2167 1161 2224 1181 nec
2247 1153 2367 1183 iustitia

1306 1204 1321 1219 »
1343 1192 1469 1230 debuit,
1490 1198 1525 1223 ut
1542 1194 1641 1232 panis
1669 1198 1699 1223 et
1722 1194 1830 1223 vinum
1849 1193 1973 1234 fierent
2004 1204 2140 1234 cotpuS‚
2165 1195 2216 1225 vel
2239 1205 2316 1226 caro
2339 1201 2369 1226 et

1307 1249 1322 1264 »
1343 1238 1502 1277 sanguis:
1532 1237 1589 1267 sed
1610 1237 1679 1267 sola
1702 1238 1813 1277 gratia
1845 1237 1954 1268 divina
1978 1238 2037 1268 hoc
2061 1239 2167 1278 potuit
2195 1244 2224 1270 et
2249 1240 2368 1278 voluit,

1306 1293 1320 1307 ›
1343 1281 1402 1311 hoc
1415 1280 1502 1321 fecit
1525 1287 1555 1312 et
1563 1280 1662 1322 facit.

1373 1337 1388 1353 α
1408 1325 1443 1355 In
1467 1325 1580 1366 quinto
1599 1325 1710 1355 ordine
1734 1335 1861 1355 causam
1884 1325 2028 1364 reddens,
2047 1335 2143 1366 quare
2166 1336 2232 1356 non
2251 1326 2287 1358 fit
2306 1325 2369 1368 (si-

1307 1382 1321 1397 »
1342 1379 1444 1410 gnum
1465 1370 1586 1412 crucis)
1604 1369 1644 1400 ad
1661 1369 1795 1400 verbum
1809 1370 1991 1407 creationis,
2009 1369 2089 1400 sicut
2107 1370 2147 1400 ad
2166 1370 2236 1408 alia,
2252 1373 2370 1402 sancti·

1306 1426 1320 1441 ›
1333 1414 1441 1455 ficas,
1467 1414 1625 1455 vivificas,
1650 1413 1826 1444 benedicis:
1844 1413 1902 1452 ait,
1927 1413 2002 1454 quia
2024 1414 2116 1444 homo
2140 1424 2182 1444 ex
2199 1415 2230 1445 vi
2241 1416 2370 1454 primae

1306 1470 1321 1485 ι
1343 1458 1533 1489 conditionis
1543 1468 1606 1489 non
1615 1463 1747 1498 poterat
1759 1463 1858 1495 stare,
1870 1467 1928 1488 nec
1938 1458 2099 1499 proficere
2112 1459 2181 1489 sine
2189 1460 2300 1499 gratia
2314 1459 2371 1489 ad-

1307 1515 1322 1530 »
1345 1503 1459 1533 iutrice
1473 1508 1503 1533 et
1517 1508 1650 1533 sanctae
1667 1502 1783 1533 Crucis
1802 1503 1928 1533 virtute.
1946 1502 1981 1532 ln
1998 1512 2062 1543 qua
2077 1512 2151 1532 sane
2167 1502 2287 1533 ratione
2303 1503 2371 1533 red-

1306 1559 1322 1574 »
1344 1546 1447 1577 denda
1465 1547 1557 1587 plura
1572 1554 1647 1578 sunt
1661 1547 1747 1585 vitia,
1763 1556 1862 1587 quam
1874 1547 1979 1584 verba;
1995 1556 2072 1577 nam
2087 1553 2118 1577 et
2131 1553 2255 1586 poterat
2270 1546 2370 1577 homo

1306 1603 1321 1618 κ
1343 1590 1377 1621 in
1393 1600 1432 1621 eo
1448 1597 1531 1621 statu
1546 1601 1653 1622 cavere
1670 1601 1766 1622 omne
1782 1597 1947 1630 peccatum
1960 1590 2075 1621 virtute
2090 1597 2219 1621 naturae
2234 1590 2372 1631 integrae

1307 1647 1321 1662 ι
1344 1641 1375 1665 et
1397 1635 1423 1665 si
1442 1635 1574 1676 quidem
1596 1635 1740 1673 stetisset,
1757 1634 1943 1674 indiguisset
1961 1635 2054 1675 plane
2069 1634 2167 1675 gratia
2182 1635 2222 1665 ad
2237 1635 2316 1665 bene
2333 1635 2372 1665 de

1306 1691 1321 1705 ›
1344 1679 1414 1709 Deo
1438 1680 1637 1718 merendum,
1661 1680 1716 1710 sed
1739 1689 1805 1709 non
1828 1678 1926 1718 gratia
1949 1685 2072 1710 sanctae
2096 1678 2217 1710 Crucis.
2235 1679 2278 1710 Ut
2301 1679 2371 1710 mit-

1307 1735 1322 1750 »
1344 1729 1411 1753 tam
1433 1723 1509 1754 alias
1528 1723 1597 1754 eius
1616 1723 1674 1754 viri
1697 1733 1797 1763 nugas
1827 1729 1921 1764 atque
1940 1723 2083 1763 ineptias.
2102 1735 2116 1749 »
2141 1723 2289 1754 Testatur
2304 1723 2371 1754 Ou-

1305 1766 1399 1797 dinus
1433 1767 1637 1808 Opusculum
1673 1778 1706 1798 se
1739 1767 1853 1798 vidisse
1884 1767 1917 1797 in
1950 1766 2111 1798 codicibus
2143 1777 2218 1798 mss.
2250 1767 2371 1807 integro

1305 1811 1431 1842 saeculo
1456 1811 1686 1852 antiquioribus
1708 1811 1886 1852 Aquinate:
1912 1810 2103 1851 impressum
2126 1818 2266 1851 prostare
2293 1811 2373 1842 inter

1305 1865 1402 1895 opera
1425 1855 1574 1896 Hugonis
1598 1856 1636 1886 de
1664 1862 1772 1886 sancto
1796 1855 1942 1893 Victore,
1968 1865 2004 1885 ac
2032 1855 2127 1886 etiam
2159 1856 2217 1886 sub
2241 1855 2372 1886 nomine

1306 1899 1469 1930 Guillelmi
1493 1900 1532 1930 de
1555 1910 1579 1931 s.
1600 1900 1821 1931 Theodorico:
1839 1899 1965 1930 Ioannis
1985 1899 2122 1940 denique
2145 1899 2372 1930 Cornubiensis

1304 1944 1400 1984 Angli
1433 1944 1565 1975 nomine
1596 1944 1784 1985 insignitum
1815 1943 1942 1984 reperiri
1970 1943 2003 1973 in
2030 1943 2188 1984 aliquibus
2214 1952 2289 1974 mss.
2319 1954 2372 1974 co-

1306 1988 1437 2019 dicibus.

1372 2033 1454 2064 VIII.
1475 2032 1623 2073 Sequitur
1637 2032 1840 2073 Opusculum
1855 2032 1969 2063 LXVII
1983 2032 2035 2062 De
2050 2032 2207 2072 emptione
2222 2037 2252 2063 et
2266 2031 2372 2063 vendi-

1305 2078 1391 2107 tione
1409 2077 1452 2108 ad
1475 2082 1607 2118 tempus.
1635 2076 1812 2108 Censuram
1839 2076 2016 2107 Barbavarii
2049 2075 2173 2116 accipe:
2203 2076 2375 2107 Tractatus

1305 2122 1432 2152 brevior
1447 2127 1504 2159 est,
1521 2122 1578 2152 sed
1596 2123 1628 2152 in
1652 2131 1714 2162 quo
1738 2131 1847 2152 veram
1871 2120 1937 2151 divi
1955 2121 2093 2151 Thomae
2115 2119 2256 2162 effigiem
2271 2129 2372 2161 agno-

1304 2175 1382 2196 sces.
1408 2166 1506 2206 Apud
1528 2172 1646 2196 veteres
1670 2165 1867 2196 mentionem
1882 2164 1949 2195 eius
1972 2164 2095 2195 nullam
2115 2164 2221 2194 haberi
2243 2164 2373 2194 adnotat

1305 2209 1483 2240 Echardus:
1512 2210 1702 2240 recensitum
1725 2220 1743 2240 a
1765 2209 1898 2240 Nicolao
1927 2208 2056 2239 Triveto
2088 2215 2178 2248 putat
2210 2207 2370 2246 Oudinus,

1305 2254 1354 2284 his
1377 2254 1497 2285 verbis:
1522 2254 1602 2284 Item
1633 2254 1882 2285 declarationem
1905 2258 2045 2293 quatuor
2076 2253 2296 2292 quaestionum
2329 2252 2374 2283 ad

1305 2299 1504 2339 Magistrum
1532 2297 1673 2329 Ordinis.
1698 2298 1798 2328 Porro
1822 2307 1911 2328 casus
1935 2303 1990 2327 aut
2012 2296 2212 2337 quaestiones
2235 2302 2373 2337 quatuor

1305 2342 1338 2373 in
1360 2342 1468 2373 libello
1491 2342 1701 2372 resolvuntur.
1719 2344 1762 2372 At
1778 2342 1871 2372 cubat
1890 2351 1975 2371 error
1993 2340 2026 2370 in
2044 2340 2105 2371 illis
2129 2340 2248 2371 Triveti
2270 2340 2372 2370 verbis

1305 2387 1389 2426 apud
1423 2386 1608 2417 Oudinum:
1639 2386 1810 2426 legendum
1842 2385 1981 2426 quippe,
2004 2382 2090 2427 {Item
2123 2384 2372 2415 declarationem

1304 2430 1524 2471 quadraginta
1543 2431 1764 2471 quaestionum
1787 2430 1831 2460 ad
1849 2430 2047 2470 Magistrum
2073 2428 2216 2466 Ordinis,
2233 2438 2315 2469 quae
2333 2428 2374 2458 ad

1305 2474 1466 2505 decimum
1489 2481 1629 2514 spectant
1652 2474 1856 2514 Opusculum
1878 2473 1911 2504 in
1928 2473 2065 2504 editione
2088 2473 2242 2503 Romana.

1373 2519 1425 2549 IX.
1453 2531 1468 2546 «
1488 2518 1714 2556 Quaternarius
1741 2518 1794 2549 ifle
1815 2518 1970 2548 virtutum
1993 2524 2024 2548 et
2046 2516 2197 2547 vitiorum
2220 2526 2372 2547 numerus

1307 2576 1322 2590 »
1344 2562 1378 2593 in
1401 2562 1568 2602 opusculo
1601 2562 1702 2593 LXXI
1730 2562 1981 2603 superstitiosam
2005 2561 2099 2592 nimis
2124 2560 2372 2599 affectationem,

1307 2619 1322 2634 >
1345 2605 1464 2647 (inquit
1486 2606 1695 2649 Barbavara)
1720 2613 1750 2637 et
1773 2607 1962 2647 plerumque
1991 2605 2157 2636 ridiculam
2179 2611 2316 2635 ostentat
2338 2615 2373 2635 ac

1307 2663 1322 2678 »
1345 2650 1479 2691 proinde
1500 2650 1665 2691 indignam
1687 2650 1840 2682 mediocri
1863 2650 2025 2690 theologo,
2049 2650 2170 2680 nedum
2187 2649 2258 2689 ipso
2274 2649 2374 2689 Aqui—

1308 2707 1323 2722 »
1346 2701 1428 2726 nate.
1454 2694 1566 2735 Capite
1589 2702 1639 2725 vr:
1667 2695 1832 2733 Quatuor,
1857 2694 1976 2735 inquit,
2007 2699 2083 2725 sunt
2114 2699 2202 2724 artes
2232 2693 2376 2723 homines

1309 2752 1324 2767 >›
1347 2741 1380 2770 in
1404 2739 1536 2770 assidua
1553 2740 1696 2779 penuria
1720 2745 1750 2770 et
1772 2740 1902 2770 miseria
1925 2739 2112 2775 nutrientes,
2128 2738 2248 2768 scilicet
2261 2747 2373 2778 gram-

1309 2796 1324 2811 »
1347 2784 1464 2814 matica
1472 2806 1483 2821 ,
1504 2783 1689 2822 dialectica,
1712 2784 1912 2814 arithmetica
1928 2788 1958 2813 et
1972 2782 2182 2823 geometria...
2199 2781 2280 2812 Item
2294 2790 2373 2821 qua-

1309 2839 1324 2854 »
1347 2833 1422 2858 tuor
1443 2833 1519 2858 sunt
1545 2829 1725 2868 praecipua
1755 2828 1839 2858 dona
1859 2827 1932 2868 fati
1960 2828 2028 2858 sive
2046 2826 2222 2866 fortunae,
2255 2825 2375 2855 scilicet

1310 2884 1325 2899 :v
1348 2882 1434 2903 uxor
1457 2872 1623 2912 prudens,
1659 2873 1793 2912 linguae
1815 2871 1998 2912 facundia,
2023 2870 2185 2901 naturalis
2207 2878 2320 2900 sensus
2343 2874 2374 2899 et

1310 2929 1325 2944 »
1348 2916 1513 2947 mundana
1536 2917 1657 2957 gratia.
1682 2916 1712 2947 Ο
1736 2916 1851 2946 bellam
1879 2913 2088 2946 sententiam!
2113 2914 2154 2944 Et
2176 2923 2242 2943 non
2268 2912 2374 2943 solum

1311 2973 1326 2988 1»
1349 2970 1367 2990 a
1381 2959 1536 2998 fidelium,
1547 2970 1658 2991 verum
1673 2960 1767 2990 etiam
1782 2959 2050 3000 philosophorum
2065 2957 2178 2988 scholis
2194 2956 2307 2997 pariter
2325 2966 2375 2986 ex-

1311 3017 1326 3032 »
1349 3004 1552 3044 plodendam.
1572 3017 1586 3031 »
1613 3004 1798 3044 Explodunt
1822 3010 1901 3034 certe
1933 3002 2135 3043 Opusculum
2158 3001 2320 3031 Echardus
2344 3007 2375 3031 et

1309 3048 1467 3079 Oudinus.

1698 3155 1906 3192 CAPUT
1942 3155 1988 3191 V.

1308 3259 1471 3292 Opusculum
1490 3259 1528 3284 De
1546 3259 1632 3283 usuris
1650 3266 1702 3283 non
1722 3264 1761 3284 est
1778 3258 1926 3291 Aquinatis:
1946 3266 2009 3283 num
2027 3257 2103 3283 tribui
2123 3258 2214 3283 debeat
2231 3257 2340 3290 Aegidio
2360 3265 2374 3281 a

1379 3294 1494 3319 Lessinia
1514 3294 1670 3327 expenditur.
1690 3293 1854 3327 Supposititia
1878 3293 1978 3318 videtur
2003 3293 2110 3326 epistola
2129 3293 2161 3317 de
2179 3293 2258 3317 modo
2282 3292 2375 3317 idoneo

1379 3329 1514 3354 salubriter
1532 3329 1678 3361 acquirendi
1697 3329 1838 3354 scientiam.
1857 3328 1897 3353 Ab
1916 3329 2009 3353 eodem
2027 3327 2129 3352 Thoma
2152 3328 2307 3352 abiudicatur
2324 3332 2375 3351 tra-

1379 3370 1460 3389 ctatus
1479 3364 1518 3388 De
1536 3364 1703 3396 praescientia
1722 3370 1748 3389 et
1755 3364 1986 3396 praedestinatione
2000 3363 2092 3388 divina.
2103 3363 2249 3394 semones,
2260 3362 2304 3395 qui
2312 3370 2373 3395 pro—

1379 3399 1449 3424 diere
1467 3399 1516 3424 sub
1535 3399 1590 3424 eius
1609 3399 1721 3430 nomine,
1741 3399 1926 3432 expenduntur.

1312 3501 1328 3515 2>
1341 3489 1363 3519 I.
1469 3488 1639 3527 pusculum
1662 3488 1790 3518 LXXIII
1818 3488 1869 3517 De
1892 3488 2000 3518 usuris
2032 3487 2197 3526 degenerat
2222 3487 2260 3517 ab
2275 3486 2374 3527 Aqui-

1311 3544 1326 3559 »
1469 3538 1540 3562 nate
1550 3530 1704 3572 (censura
1720 3537 1766 3562 est
1780 3531 2002 3572 Barbavarii),
2015 3531 2078 3561 sive
2095 3531 2213 3571 stylum
2229 3530 2292 3561 sive
2308 3540 2374 3563 me-

1312 3587 1327 3603 »
1349 3575 1486 3606 thodum
1509 3582 1539 3606 et
1562 3576 1721 3606 doctrinae
1743 3575 1928 3616 qualitatem
1951 3575 2164 3614 respiciamus.
2192 3575 2371 3612 Quoniam,

1313 3632 1327 3647 »
1349 3619 1453 3660 inquit
1475 3619 1508 3649 in
1531 3620 1720 3659 Prooemio,
1749 3621 1781 3650 in
1805 3620 1919 3657 dubiis,
1946 3629 2082 3659 quorum
2112 3619 2231 3650 veritas
2260 3620 2376 3661 agnita
