2788 4204
116 3303 170 3343 §⁶1¹⁷

352 215 427 251 318

942 211 1333 252 POSTERIORUM
1360 214 1792 252 ANALYTICORUM
1821 216 1915 253 LIB.
1947 217 1961 252 I

774 477 1079 533 LECTIO
1118 477 2130 558 QUADRAGESIMAQUARTA
2182 539 2187 544 ,

443 623 527 664 DE
561 619 1046 662 COMPARATIONE
1079 618 1403 660 SCIENTIAE
1436 590 1530 660 AD'
1557 621 1740 663 ALIOS
1775 623 2212 667 COGNOSCENDI
2245 627 2461 670 MODOS

349 769 395 801 'sd
419 764 448 798 δ’
478 765 663 804 ἐπιστητόν
687 769 745 799 καὶ
778 764 951 810 ἐπιστήμη
981 762 1130 811 διαφέρει
1156 767 1219 799 τοῦ
1244 761 1418 807 δοξαστοῦ

414 814 472 843 καὶ
496 806 610 852 δόξης,

350 856 402 889 ὅτι
428 857 448 892 ἡ
474 855 533 899 μὲν
560 855 733 900 ἐπιστήμη
758 854 906 888 καθόλου
930 857 988 887 καὶ
1018 850 1054 886 δι’
1086 852 1297 901 ἀναγκαίων,
1322 855 1363 887 τὸ
1384 849 1415 886 δ’

416 898 602 945 ἀναγκαῖον
631 899 690 933 οὐκ
716 896 895 946 ἐνδέχεται
923 900 1030 937 ἄλλως
1057 900 1156 944 ἔχειν.

339 944 437 977 Ἔστι
461 940 498 976 δέ
525 956 603 978 τινα
630 944 740 983 ἀληθῆ
766 947 825 990 μὲν
849 946 908 976 καὶ
935 945 1033 986 ὄντα,
1061 939 1269 999 ἐνδεχόμενα
1294 938 1331 976 δὲ
1357 946 1415 976 καὶ

414 988 522 1028 ἄλλως
552 990 652 1034 Ιε’χειν.
686 991 794 1027 Δῆλον
825 988 882 1022 οὖν
917 989 971 1021 ὅτι
1001 993 1073 1034 περὶ
1107 1001 1165 1033 μεν
1192 989 1311 1021 ταῦτα
1344 987 1415 1021 ἑπι-

411 1035 478 1071 στή
507 1049 526 1072 η
547 1036 607 1068 οὐκ
633 1035 738 1067 ἐ’στιν·
766 1036 816 1072 εἴη
842 1035 907 1081 γάρ
936 1033 974 1066 &v
1003 1029 1164 1078 ἀδύνατα
1191 1033 1299 1072 ἀλλως
1326 1033 1414 1078 ἔχειν

412 1080 460 1112 τά
506 1080 620 1113 ύνατα
647 1080 754 1117 ἀλλως
782 1079 1005 1125 ἔχειν.Ἀλλά
1028 1080 1094 1121 μήν
1114 1074 1192 1111 οὐδὲ
1210 1079 1298 1116 νοῦς·
1324 1079 1414 1125 λέγω

410 1125 475 1169 γάρ
499 1127 576 1157 νοῦν
609 1124 716 1169 ἀρχὴν
744 1123 947 1168 ἐπιστήμης·
980 1120 1050 1157 οὐδ’
1081 1121 1253 1167 ἐπιστήμη
1286 1121 1415 1156 ἀναπό-

410 1166 556 1208 δεικτος·
583 1171 691 1202 τοῦτο
716 1164 747 1200 δ’
778 1170 869 1202 ἐστὶν
897 1167 1061 1214 ὑπόληψις
1088 1171 1150 1206 τῆς
1180 1166 1306 1212 ἀμέσου
1337 1179 1417 1212 προ-

411 1214 554 1252 τάσεως.
577 1212 721 1252 Ἀληθής
744 1209 774 1245 δ’
798 1213 870 1246 ἐστὶ
889 1214 964 1251 νοῦς
982 1217 1040 1246 καὶ
1060 1213 1233 1257 ἐπιστήμη
1252 1215 1309 1245 καὶ
1328 1208 1414 1254 δόξα

409 1261 468 1291 καὶ
493 1260 535 1292 τὸ
552 1254 610 1291 διά
635 1258 769 1291 τούτων
787 1257 983 1305 λεγόμενον·
1010 1259 1098 1291 ὥστε
1123 1260 1283 1290 λείπεται
1308 1253 1413 1300 δόξαν

410 1301 497 1336 εἶναι
522 1305 596 1348 περὶ
621 1304 663 1336 τὸ
690 1304 810 1341 ἀληθὲς
843 1303 902 1347 μὲν
928 1301 948 1339 ἦ
974 1299 1106 1346 ψεῦδος,
1131 1298 1350 1348 ἐνδεχόμενον
1377 1298 1415 1335 δὲ

408 1351 468 1381 καὶ
495 1349 603 1386 ἄλλως
630 1348 730 1393 ἔχειν.
758 1349 870 1380 Τοῦτο
895 1342 924 1378 δ’
954 1347 1045 1380 ἐστὶν
1068 1347 1231 1391 ὑπόληψις
1251 1348 1313 1385 τῆς
1334 1346 1416 1392 ἀμέ-

410 1406 469 1425 σου
496 1392 693 1438 προτάσεως
717 1395 775 1424 καὶ
801 1391 847 1437 μή
875 1392 1081 1436 ἀναγκαίας.

341 1434 407 1465 Καὶ
434 1437 703 1483 ὁμολογούμενον
729 1433 757 1469 δ’
789 1436 878 1470 οὕτω
896 1441 967 1474 τοῖς
991 1435 1217 1481 φαινομένοις·
1245 1434 1266 1472 η’
1284 1447 1322 1469 τε
1348 1437 1413 1482 γάρ

408 1477 494 1523 δόξα
522 1482 700 1523 ἀβέβαιον,
726 1484 783 1514 καὶ
810 1484 830 1519 ή
857 1480 950 1525 φύσις
977 1482 997 1517 ή
1024 1480 1187 1518 τοιαύτη.

340 1523 421 1567 Πρός
439 1523 477 1559 δὲ
494 1527 631 1564 τούτοις
650 1523 758 1565 οὐδεὶς
778 1529 888 1559 οἴεται
905 1520 1075 1568 δοξάζειν,
1093 1526 1177 1558 ὅταν
1199 1526 1313 1562 οἴηται
1334 1523 1415 1557 ἀδύ-

408 1584 513 1605 νατον
533 1573 640 1610 ἄλλως
661 1573 762 1617 ἔχειν,
781 1572 852 1605 ἀλλ’
874 1569 1097 1603 ἐπίστασθαι·
1119 1571 1191 1603 ἀλλ’
1215 1568 1301 1603 ὅταν
1325 1566 1412 1602 εἶναι

406 1617 466 1661 μὲν
491 1616 611 1656 οὕτως,
639 1618 676 1649 οὐ
702 1617 768 1659 μήν
796 1615 887 1649 ἀλλά
909 1617 967 1647 καὶ
996 1615 1104 1654 ἄλλως
1136 1610 1232 1647 οὐδὲν
1258 1613 1410 1656 κωλύειν,

406 1660 489 1694 τότε
515 1657 685 1703 δοξάζειν,
711 1663 754 1700 ὠς
780 1662 844 1694 τοῧ
874 1659 932 1705 μὲν
963 1660 1123 1693 τοιούτου
1154 1655 1258 1701 δόξαν
1292 1658 1410 1701 οὖσαν,

405 1706 468 1738 τοῦ
493 1701 523 1738 δ’
555 1707 744 1751 ἀναγκαίου
770 1705 978 1749 ἐπιστήμην.

337 1749 406 1787 Πῶς
432 1749 488 1783 οὖν
516 1751 588 1784 ἔστι
614 1752 655 1783 τὸ
674 1748 762 1783 αὐτὸ
780 1746 926 1792 δοξάσαι
943 1751 1002 1781 καὶ
1021 1748 1250 1790 ἐπίστασθαι,
1269 1750 1327 1779 καὶ
1353 1743 1412 1781 διαὶ

406 1797 439 1826 τί
466 1795 526 1828 οὐκ
553 1796 644 1828 ἔστιν
663 1797 683 1832 ἢ
701 1791 788 1835 δόξα
814 1793 1002 1838 ἐπιστήμη,
1024 1796 1054 1826 εἴ
1075 1806 1126 1831 τις
1151 1792 1247 1830 θήσει
1274 1792 1367 1825 ἅπαν
1395 1794 1410 1826 ὃ

405 1834 493 1871 οἶδεν
524 1835 721 1883 ἐνδέχεσθαι
753 1836 926 1883 δοξάζειν;
960 1838 1183 1875 ἀκολουθήσει
1215 1838 1279 1885 γάρ
1307 1838 1323 1869 ὁ
1348 1838 1408 1882 μὲν

404 1879 498 1922 εἰδώς
517 1887 532 1918 ὁ
550 1880 588 1917 δὲ
605 1877 756 1928 δοξάζων
783 1881 842 1918 διοὶ
860 1886 926 1918 τῶν
946 1883 1068 1926 μέσων,
1088 1882 1148 1921 ἕως
1167 1883 1211 1921 εἰς
1230 1883 1278 1916 τοὶ
1297 1883 1409 1938 aig-scot

405 1928 498 1972 ἔλθῃ,
526 1928 607 1963 ὥστ’
638 1933 729 1974 εἴπερ
757 1928 878 1967 ἐκεῖνος
903 1925 985 1970 οἶδε,
1004 1929 1062 1961 καὶ
1089 1929 1105 1960 ὁ
1126 1923 1277 1970 δοξάζων
1305 1922 1405 1960 οιδεν.

397 1973 522 2018 ’Ὠσπερ
547 1975 612 2021 γάρ
637 1977 696 2008 καὶ
722 1975 763 2007 τὸ
790 1974 843 2009 ὅτι
868 1970 1023 2016 δοξάζειν
1047 1973 1134 2014 ἔστι,
1153 1975 1210 2005 καὶ
1236 1973 1278 2004 τὸ
1303 1967 1405 2005 διότι.

404 2019 511 2051 τοῦτο
537 2015 574 2052 δέ
600 2021 641 2053 τὸ
667 2019 781 2064 μέσον.

327 2062 374 2093 ’Ἡ
399 2063 426 2094 εὶ
451 2063 510 2107 μὲν
536 2064 642 2104 οὕτως
670 2063 886 2106 ὑπολήψεται
919 2063 967 2095 τά
991 2062 1037 2105 μή
1064 2057 1270 2117 ἐνδεχόμενα
1298 2061 1406 2100 ἄλλως

403 2107 490 2152 ἔχειν
516 2109 625 2152 ὥσπερ
660 2110 747 2155 ἔγειν
779 2109 859 2146 τούς
887 2107 1042 2152 ὁρισμούς
1066 2102 1103 2138 δι’
1132 2119 1175 2138 ων
1203 2108 1237 2138 αἱ
1271 2101 1408 2138 ἀποδεί-

400 2152 479 2194 ξεις,
501 2155 537 2185 οὐ
562 2148 714 2195 δοξάσεῖ,
736 2154 809 2186 ἀλλ’
840 2152 1084 2190 ἐπιστήσεται·
1103 2151 1132 2183 εἱ
1156 2146 1188 2182 δ’
1219 2150 1328 2188 ἀληθῆ
1346 2151 1405 2196 μὲν

402 2193 502 2240 εἶναι,
523 2199 559 2230 οὗ
578 2199 696 2244 μέντοι
714 2197 835 2231 ταῦτά
851 2211 888 2244 γε
916 2199 1034 2234 αὐτοῖς
1060 2194 1224 2241 ὑπάρχειν
1250 2197 1328 2228 κατ’
1352 2196 1407 2228 οὖ-

401 2243 477 2274 σίαν
502 2246 560 2275 καὶ
585 2243 682 2276 κατά
705 2243 747 2276 τό
773 2238 872 2284 εἶδος,
899 2237 1037 2284 δοξάσει
1061 2243 1120 2273 καὶ
1146 2241 1206 2273 οὐκ
1224 2238 1407 2278 ἐπιστήσε-

401 2298 461 2318 ται
488 2287 630 2330 ἀληθῶς,
657 2289 716 2319 καὶ
741 2288 783 2320 τό
810 2287 863 2321 ὅτι
887 2290 945 2320 καὶ
971 2287 1013 2319 τό
1038 2280 1143 2327 διότι,
1172 2285 1230 2318 ἐάν
1262 2285 1321 2329 μὲν
1346 2280 1407 2318 διά

400 2331 465 2363 τῶν
493 2332 624 2376 ἀμέσων
649 2327 794 2375 δοξάσῃ·
821 2332 878 2365 ἑάν
904 2327 942 2365 δέ
965 2331 1012 2375 μή
1030 2325 1090 2363 διά
1106 2331 1172 2363 τῶν
1192 2329 1340 2374 ἀμέσων,
1362 2330 1404 2363 τὸ

402 2374 456 2407 ὅτι
481 2377 582 2420 μόνον
607 2373 760 2417 δοξάσει.

333 2420 398 2451 Τοῦ
430 2414 458 2450 δ’
491 2420 600 2454 αὑτοῦ
631 2416 718 2462 δόξα
749 2422 808 2452 καὶ
843 2418 1018 2462 ἐπιστήμη
1053 2418 1090 2450 οὐ
1124 2417 1262 2456 πάντως
1296 2419 1402 2460 ἐστίν,

401 2463 475 2496 ἀλλ’
504 2466 615 2509 ὥσπερ
640 2468 698 2498 καὶ
723 2460 844 2509 ψευδής
870 2466 927 2495 καὶ
956 2462 1082 2501 ἀληθής
1109 2464 1171 2494 τοῦ
1197 2463 1307 2495 αὑτοῦ
1329 2463 1404 2508 τρό-

400 2520 462 2540 πον
488 2510 581 2551 τινά,
609 2509 698 2542 οὕτω
723 2511 782 2541 καὶ
808 2507 982 2552 ἐπιστήμη
1001 2510 1059 2539 καὶ
1082 2502 1168 2548 δόξα
1194 2509 1257 2540 τοῦ
1276 2508 1400 2542 αὐτοῦ.

398 2553 465 2585 Καὶ
490 2555 555 2601 γάρ
585 2550 688 2595 δόξαν
722 2552 830 2591 ἀληθῆ
860 2554 919 2584 καὶ
954 2548 1058 2596 ψευδῆ
1084 2552 1125 2588 ὠς
1151 2551 1210 2595 μέν
1237 2564 1324 2590 τινες
1348 2552 1403 2585 λε’-

399 2609 496 2643 γουσι
521 2600 584 2632 τοῦ
611 2598 722 2631 αὐτοῦ
747 2595 853 2638 εἶναι,
889 2596 1008 2630 α”τοπα
1033 2597 1209 2640 συμβαίνει
1236 2597 1403 2641 αἱρεῖσθαι

402 2643 491 2676 ’ἀλλα
517 2656 555 2676 τε
579 2645 638 2675 καὶ
664 2642 711 2688 μή
736 2637 873 2685 δοξάζει
901 2642 916 2673 ὃ
937 2636 1073 2683 δοξάζει
1098 2635 1234 2684 ψευδῶς·
1265 2642 1338 2674 ἐπεὶ
1363 2637 1403 2674 δὲ

400 2687 442 2720 τὸ
475 2688 564 2720 αὐτὸ
597 2688 792 2732 πλεοναχῶς
823 2686 987 2731 λέγεται,
1019 2686 1092 2718 ἐ’στι
1117 2685 1176 2728 μὲν
1202 2686 1244 2722 ὠς
1271 2682 1404 2731 ἐνδέχε-

400 2744 479 2775 ται,
507 2733 580 2765 ἐ’στι
609 2727 639 2764 δ’
667 2734 708 2771 ὠς
743 2732 792 2763 οὗ.
829 2732 875 2763 Τὸ
901 2731 959 2774 μὲν
993 2730 1057 2776 γάρ
1091 2729 1283 2773 σύμμετρον
1316 2728 1402 2763 εἶναι

400 2777 463 2813 τήν
489 2772 671 2821 διάμετρον
705 2775 835 2814 ἀληθῶς
867 2772 1021 2818 δοξάζειν
1057 2774 1202 2807 ἄτοπον·
1239 2773 1313 2806 ἀλλ’
1347 2773 1401 2808 ὅτι

399 2822 420 2857 ἡ
445 2817 641 2865 διάμετρος,
661 2824 734 2866 περὶ
760 2822 799 2858 ἦν
827 2823 862 2852 αἱ
886 2815 1000 2861 δόξαι,
1027 2819 1069 2851 τὸ
1096 2817 1198 2860 αὐτό,
1220 2817 1308 2851 οὕτω
1338 2821 1401 2852 τοῦ

399 2866 522 2899 αὐτοῦ·
549 2867 591 2899 τό
616 2862 653 2898 δὲ
678 2869 712 2899 τί
738 2864 777 2902 ἦν
803 2862 890 2897 εἶναι
919 2862 1069 2909 ἑκατέρῳ
1094 2863 1190 2896 κατά
1214 2863 1273 2896 τὸν
1298 2863 1400 2910 λόγον

399 2910 436 2942 οὐ
461 2912 503 2944 τό
530 2911 630 2944 αὐτό.
655 2911 795 2955 Ὁμοίως
821 2905 858 2942 δὲ
882 2911 941 2942 καὶ
961 2907 1133 2953 ἐπιστήμη
1152 2909 1211 2939 καὶ
1227 2903 1313 2950 δόξα
1337 2910 1401 2941 τοῦ

397 2956 518 2990 αὑτοῦ.
549 2957 556 2967 ‘
616 2955 675 3000 μὲν
700 2956 765 3002 γάρ
793 2953 898 2992 οὕτως
924 2954 987 2987 τοῦ
1011 2953 1097 2996 ζῳόυ
1123 2951 1212 2986 ὥστε
1237 2953 1283 2997 μή
1311 2948 1402 2986 ἑνδέ-

395 3000 515 3046 χεσθαι
570 3000 590 3038 ἠ
616 2997 702 3031 εἶναι
733 3000 837 3042 ζῷον,
864 3000 884 3036 η
911 2993 940 3030 δ’
969 2997 1051 3031 ὥστ’
1081 2993 1289 3042 ἐνδέχεσθαι.
1322 2998 1398 3030 Οῖον

395 3046 424 3077 εἰ
440 3045 487 3090 μή
513 3057 571 3088 μεν
599 3044 659 3077 ὅπε
705 3043 879 3090 ἀνθρώπου
899 3044 1004 3084 ἐστίν,
1024 3043 1044 3079 ή
1066 3037 1109 3074 δε’
1132 3041 1306 3086 ἀνθρώπου
1323 3042 1398 3087 μέν,

422 3090 442 3127 ἡ
462 3089 542 3133 ὅπερ
560 3085 590 3122 δ’
614 3057 800 3133 ἀνθρώπου.
821 3088 866 3121 Τό
885 3087 973 3120 αὐτὸ
990 3087 1055 3134 γάρ
1075 3086 1128 3120 ὅτι
1153 3087 1338 3131 ἄνθρωπος,
1359 3087 1399 3120 τὰ

395 3102 423 3168 δ’
445 3137 486 3173 ὠς
507 3135 543 3167 οὗ
569 3134 611 3168 τό
629 3133 731 3167 αὐτό.
748 3133 897 3178 Φανερόν
915 3128 946 3164 δ’
969 3133 1005 3164 ἐκ
1023 3131 1156 3166 τούτων
1175 3130 1229 3164 ὅτι
1248 3127 1326 3164 οὐδὲ
1343 3126 1401 3164 δο-

395 3178 507 3222 ξάζειν
535 3178 607 3221 ἅμα
625 3179 666 3211 τὸ
685 3178 773 3211 αὐτὸ
790 3180 847 3210 καὶ
866 3176 1074 3210 ἐπίστασθαι
1092 3171 1284 3223 ξνδέχεται.
1305 3175 1398 3221 “Aua

396 3224 460 3271 γάρ
487 3222 525 3256 ἂν
553 3223 625 3268 ἔχοι
644 3222 809 3266 ὑπόληψιν
829 3223 891 3255 τοῦ
912 3222 1018 3260 ἄλλως
1039 3221 1126 3267 ἔχειν
1144 3223 1200 3253 καὶ
1219 3221 1266 3265 μή
1288 3221 1396 3260 ἄλλως

395 3269 437 3302 τὸ
463 3267 563 3302 αὐτό·
589 3267 668 3313 ὅπερ
687 3268 747 3300 οὐκ
764 3262 954 3312 ἐνδέχεται.
977 3267 1033 3297 Ἐν
1053 3267 1141 3308 ἄλλῳ
1159 3265 1218 3309 μὲν
1236 3266 1301 3313 γάρ
1319 3265 1399 3299 ἑκά-

395 3325 489 3358 τερον
514 3310 600 3345 εἶναι
625 3308 804 3370 ἑνδέζεται
830 3313 892 3345 τοῦ
919 3312 1042 3352 αὑτοῦ,
1065 3312 1108 3349 ὠς
1133 3313 1279 3355 εἴρηται,
1307 3311 1341 3342 ἐν
1358 3305 1396 3343 δὲ

395 3359 443 3400 τῷ
469 3357 562 3399 αὐτῷ
582 3352 651 3390 οὐδ’
681 3369 788 3396 ουτως
808 3356 930 3390 οἷόντε·
956 3355 1022 3397 ἕξει
1040 3356 1104 3401 γάρ
1123 3354 1288 3399 ὑπόληψιν
1308 3354 1394 3399 ἅμα,

395 3403 462 3434 οἷον
490 3401 543 3435 ὅτι
569 3403 585 3434 ό
613 3401 784 3446 ἄνθρωπος
818 3400 898 3446 ὅπερ
923 3401 1007 3444 ζῷον
1040 3400 1168 3444 (τοῦτο
1219 3399 1257 3444 ἀρ
1287 3398 1327 3437 ἦν
1353 3400 1394 3433 τὰ

395 3446 442 3490 μή
466 3442 661 3492 ἐνδέχεσθαι
691 3444 777 3479 εἶναι
809 3446 855 3489 μή
889 3446 994 3489 ζῷον)
1020 3447 1079 3479 καὶ
1109 3445 1156 3488 μή
1210 3456 1270 3489 περ
1295 3445 1392 3488 ζῷον·

395 3491 500 3523 τοῦτο
525 3492 590 3537 γάρ
617 3491 715 3525 ἔσται
740 3491 782 3525 τὸ
809 3486 1018 3535 ἐνδέχεσθαι.

328 3535 380 3567 Τά
402 3530 440 3566 δέ
455 3535 562 3566 λοιπά
588 3537 654 3573 πῶς
681 3531 733 3567 δεῖ
755 3531 928 3578 διανεῖμαι
955 3536 1010 3567 ἐπί
1028 3547 1065 3568 τε
1091 3529 1243 3571 διανοίας
1260 3535 1317 3565 καὶ
1335 3533 1393 3565 νοῦ

394 3581 451 3611 καὶ
482 3579 672 3623 ἐπιστήμης
700 3581 758 3611 καὶ
793 3579 914 3624 τέχνης
948 3581 1006 3611 καὶ
1037 3577 1224 3623 φρονήσεως
1252 3579 1310 3609 καὶ
1339 3588 1395 3609 σο-

219 1950 251 1976 15

1474 768 1588 799 Scibile
1611 776 1719 800 autem
1735 777 1766 800 et
1788 770 1918 801 scientia
1933 770 2080 802 differunt
2100 772 2139 802 ab
2155 772 2310 813 opinabili
2332 779 2363 804 et
2378 774 2550 816 opinione;

1473 857 1630 897 quoniam
1653 857 1782 888 scientia
1805 858 1988 889 universalis
2004 866 2036 890 et
2058 869 2114 900 per
2131 860 2304 891 necessaria
2326 868 2387 901 est;
2410 872 2550 893 necessa-

1540 901 1625 931 rium
1648 908 1756 932 autem
1779 912 1845 932 non
1870 903 2026 944 contingit
2048 904 2137 935 aliter
2159 914 2192 935 se
2215 905 2340 936 habere.

1473 946 1555 977 Sunt
1577 952 1686 977 autem
1717 947 1876 987 quaedam
1899 957 1972 978 vera
2005 948 2220 989 contingentia
2243 949 2332 980 aliter
2364 960 2397 981 se
2424 951 2549 984 habere.

1539 991 1745 1022 Manifestum
1767 991 1864 1032 igitur
1883 999 1930 1023 est
1945 993 2035 1033 quod
2059 993 2140 1024 circa
2154 994 2232 1025 haec
2255 994 2386 1026 scientia
2409 1005 2476 1027 non
2492 1004 2548 1031 est:

1540 1042 1621 1066 esset
1650 1036 1736 1066 enim
1760 1036 1871 1078 utique
1899 1037 2098 1078 impossibile
2121 1038 2210 1069 aliter
2232 1049 2265 1070 se
2288 1038 2421 1080 habere,
2446 1042 2550 1082 possi-

1539 1080 1602 1111 bile
1625 1080 1714 1111 aliter
1747 1091 1779 1111 se
1803 1081 1927 1112 habere.
1954 1084 1998 1113 At
2019 1093 2095 1113 vero
2120 1093 2225 1124 neque
2256 1083 2452 1116 intellectus:
2477 1086 2549 1118 dico

1540 1125 1626 1156 enim
1640 1125 1836 1156 intellectum
1846 1126 2040 1167 principium
2054 1127 2215 1158 scientiae:
2228 1138 2333 1170 neque
2343 1129 2430 1160 enim
2445 1130 2546 1162 scien-

1538 1170 1581 1200 tia
1605 1176 1651 1201 est
1673 1170 1962 1202 indemonstrabilis
1969 1178 1978 1210 ;
2000 1171 2078 1202 haec
2101 1179 2209 1203 autern
2229 1173 2341 1214 opinio
2365 1181 2412 1206 est
2434 1174 2550 1207 imme-

1539 1214 1640 1245 diatae
1664 1215 1904 1255 propositionis.
1922 1216 2024 1247 Verus
2041 1223 2087 1247 est
2105 1217 2192 1248 enim
2207 1217 2384 1250 intellectus
2401 1225 2432 1251 et
2447 1220 2548 1251 scien-

1538 1259 1582 1289 tia
1604 1266 1635 1290 et
1658 1259 1769 1299 opinio
1781 1282 1790 1298 ,
1810 1266 1841 1291 et
1860 1261 1950 1301 quod
1965 1271 2021 1301 per
2044 1261 2106 1292 hoc
2125 1261 2256 1301 dicitur;
2273 1273 2372 1304 quare
2394 1263 2546 1306 relinqui·

1539 1309 1590 1334 tur
1613 1304 1803 1344 opinionem
1826 1315 1893 1335 esse
1922 1305 2003 1336 circa
2032 1316 2145 1337 verum
2175 1307 2308 1347 quidem
2332 1314 2388 1340 aut
2410 1308 2548 1350 falsum;

1538 1347 1593 1378 sed
1617 1349 1803 1389 contingens
1827 1356 1874 1380 est
1897 1356 1927 1380 et
1950 1349 2039 1380 aliter
2061 1361 2094 1381 se
2117 1351 2242 1382 habere.
2258 1352 2347 1383 Haec
2370 1359 2478 1384 autem
2502 1359 2549 1385 est

1538 1392 1679 1432 acceptio
1703 1392 1905 1424 immediatae
1928 1394 2169 1435 propositionis,
2195 1402 2226 1427 et
2249 1406 2316 1427 non
2344 1397 2546 1430 necessariae.

1470 1435 1512 1466 Et
1535 1436 1718 1467 confessum
1742 1444 1851 1468 autern
1870 1445 1917 1469 est
1939 1439 1983 1470 sic
1999 1440 2241 1480 apparentibus:
2260 1441 2372 1482 opinio
2396 1442 2483 1474 enim
2497 1441 2547 1474 in-

1538 1486 1660 1511 certum
1683 1488 1730 1512 est
1753 1488 1784 1512 et
1806 1489 1918 1513 namra
1941 1483 2128 1515 huiusmodi
2152 1491 2209 1516 est.

1469 1523 1584 1555 Adhuc
1608 1531 1716 1556 autem
1739 1526 1846 1557 nullus
1870 1527 2020 1567 opinatur
2043 1530 2188 1569 probare,
2214 1539 2290 1561 cum
2313 1530 2464 1571 opinetur
2485 1531 2546 1564 im-

1536 1569 1688 1609 possibile
1711 1570 1800 1601 aliter
1823 1581 1856 1601 se
1871 1571 1997 1612 habere,
2014 1574 2070 1604 sed
2087 1574 2184 1613 scire;
2199 1575 2255 1605 sed
2278 1574 2452 1616 aliquando
2474 1577 2545 1620 qui-

1537 1614 1611 1644 dem
1634 1624 1701 1645 esse
1718 1614 1773 1654 sic,
1790 1615 1846 1646 sed
1861 1622 1967 1647 tamen
1991 1617 2071 1648 nihil
2094 1617 2182 1649 aliter
2197 1618 2355 1659 prohibet,
2371 1626 2448 1651 tunc
2470 1631 2546 1665 pro-

1535 1658 1608 1689 bare
1615 1665 1624 1698 ;
1647 1665 1801 1700 tanquam
1819 1659 2008 1692 huiusmodi
2023 1662 2156 1703 quidem
2179 1662 2367 1703 opinionem
2391 1673 2469 1706 esse,
2489 1665 2545 1698 sed

1535 1703 1700 1734 necessarii
1724 1703 1897 1736 scientiam.

1468 1746 1612 1784 Qualiter
1634 1748 1729 1788 igitur
1753 1755 1799 1779 est
1821 1749 1907 1780 idem
1931 1750 2075 1790 opinari,
2101 1751 2195 1791 scire,
2221 1758 2253 1783 et
2275 1762 2373 1794 quare
2395 1763 2463 1785 non
2486 1754 2546 1787 erit

1534 1792 1658 1833 opinio,
1676 1793 1816 1832 scientia,
1841 1794 1867 1824 si
1890 1794 1962 1836 quis
1985 1796 2130 1835 posuerit
2152 1806 2250 1827 omne
2273 1797 2364 1838 quod
2385 1797 2444 1830 scit
2465 1808 2543 1831 con·

1533 1837 1653 1878 tingere
1677 1835 1822 1879 opinari?
1839 1846 2052 1881 consequetur
2075 1841 2165 1881 quod
2187 1841 2250 1872 hoc
2273 1841 2406 1883 quidem
2428 1842 2542 1885 sciens,

1532 1881 1585 1912 ille
1608 1892 1684 1914 vero
1708 1883 1844 1923 opinans
1874 1894 1931 1924 per
1953 1885 2059 1915 media
2089 1895 2260 1927 quousque
2290 1886 2331 1917 ad
2358 1886 2544 1919 immediata

1531 1926 1646 1958 veniat.
1664 1927 1771 1965 Quare
1795 1927 1821 1958 si
1837 1928 1969 1969 quidem
1985 1929 2036 1959 ille
2053 1929 2153 1969 scivit,
2174 1936 2205 1961 et
2221 1930 2357 1971 opinans
2374 1932 2472 1963 scivit.
2493 1931 2540 1963 Si-

1532 1978 1587 2002 cut
1610 1971 1696 2002 enim
1720 1978 1750 2002 et
1769 1971 1844 2013 quia
1868 1979 1915 2004 est
1930 1973 2065 2014 opinari,
2082 1980 2112 2005 et
2135 1981 2266 2016 propter
2288 1975 2382 2016 quid3
2405 1975 2468 2008 hoc
2484 1985 2542 2008 au-

1531 2022 1597 2046 tem
1620 2016 1765 2047 medium
1788 2023 1845 2047 est.

1463 2061 1530 2090 Aut
1553 2061 1578 2090 si
1594 2061 1726 2102 quidem
1747 2061 1791 2092 sic
1807 2061 1974 2092 arbitratur
1996 2072 2063 2093 non
2083 2063 2298 2104 contingentia
2317 2064 2407 2096 aliter
2428 2075 2463 2098 se
2485 2065 2541 2099 ba-

1530 2105 1619 2144 bere,
1641 2105 1723 2136 sicut
1744 2106 1862 2137 habent
1885 2106 2103 2146 definitiones,
2128 2117 2185 2148 per
2207 2119 2287 2150 quas
2310 2115 2389 2143 sunt
2407 2109 2540 2141 demon-

1529 2150 1707 2189 strationes,
1723 2160 1790 2181 non
1806 2150 2000 2191 opinabitur,
2017 2153 2072 2183 sed
2095 2152 2188 2192 sciet3
2207 2153 2233 2184 si
2249 2159 2357 2185 autem
2379 2164 2454 2185 vera
2468 2154 2540 2197 qui-

1529 2195 1603 2225 dem
1627 2205 1704 2235 esse,
1722 2205 1788 2226 non
1812 2202 1918 2226 tamen
1942 2192 2004 2228 hoc
2027 2197 2104 2238 ipsis
2136 2197 2238 2228 inesse
2262 2198 2440 2231 secundum
2463 2199 2538 2230 sub-

1529 2239 1677 2271 stantiam
1704 2247 1735 2271 et
1757 2240 1912 2281 speciem,
1938 2241 2132 2282 opinabitur,
2157 2249 2188 2273 et
2211 2252 2279 2273 non
2303 2243 2379 2274 sciet
2401 2250 2487 2275 vere:
2507 2249 2540 2275 et

1527 2284 1603 2325 quia
1625 2291 1656 2316 et
1678 2292 1809 2326 propter
1831 2285 1921 2326 quid,
1945 2286 1971 2316 si
1986 2286 2118 2327 quidem
2140 2296 2197 2327 per
2219 2287 2403 2319 immediata
2425 2287 2541 2329 opina-

1527 2329 1629 2360 bitur:
1647 2329 1673 2360 si
1696 2340 1772 2361 vero
1796 2340 1863 2360 non
1887 2340 1943 2370 per
1965 2331 2168 2371 immediata,
2194 2331 2302 2363 solum
2330 2332 2440 2375 ipsum
2461 2332 2538 2374 quia

1528 2374 1720 2414 opinabitur.

1459 2418 1613 2450 Eiusdem
1642 2426 1750 2450 autem
1774 2419 1886 2460 opinio
1910 2426 1941 2450 et
1973 2419 2103 2451 scientia
2118 2430 2184 2451 non
2207 2420 2334 2462 penitus
2358 2427 2414 2453 est.
2430 2421 2473 2453 Et
2496 2421 2539 2453 si—

1527 2470 1581 2494 cut
1596 2463 1671 2494 falsa
1697 2470 1728 2494 et
1748 2474 1821 2494 vera
1837 2464 1980 2495 eiusdem
1996 2465 2240 2506 quodammodo
2257 2471 2315 2504 est,
2331 2465 2375 2496 sic
2392 2472 2423 2497 et
2438 2466 2537 2498 scien-

1526 2507 1570 2538 tia
1593 2514 1623 2539 et
1647 2507 1757 2548 opinio
1783 2508 1936 2539 eiusdem.
1958 2508 2157 2549 Opinionem
2181 2509 2267 2540 enim
2290 2519 2398 2541 veram
2423 2517 2455 2541 et
2477 2510 2536 2543 fnl-

1526 2563 1605 2590 sam,
1623 2552 1704 2583 sicut
1727 2553 1838 2584 dicunt
1861 2553 1993 2594 quidam
2016 2553 2160 2584 eiusdem
2183 2563 2261 2593 esse,
2281 2554 2536 2586 inconvenientia

1525 2597 1638 2628 accidit
1661 2604 1807 2638 appetere
1831 2598 1902 2637 alia,
1920 2604 1951 2628 et
1967 2607 2034 2628 non
2058 2598 2182 2638 opinari
2197 2598 2287 2639 quod
2311 2598 2461 2639 opinatur
2475 2598 2535 2630 fal·-

1525 2648 1580 2680 so;
1597 2642 1752 2682 quoniam
1764 2649 1882 2673 .autem
1904 2642 1990 2672 idem
2007 2642 2222 2683 multipliciter
2244 2642 2368 2680 dicitur,
2385 2649 2431 2673 est
2453 2642 2537 2677 sicut

1525 2686 1689 2726 contingit,
1707 2693 1754 2716 est
1776 2693 1884 2717 autem
1908 2686 1989 2717 sicut
2011 2696 2088 2716 non.
2116 2685 2423 2717 Commensuratum
2447 2687 2534 2719 enim

1525 2740 1591 2761 esse
1616 2730 1807 2761 diametrum
1830 2737 1935 2761 costae
1966 2740 2038 2761 vere
2061 2730 2185 2771 opinari
2217 2730 2443 2762 inconveniens
2467 2738 2535 2771 est;

1525 2775 1580 2806 sed
1603 2775 1692 2816 quod
1716 2775 1897 2812 diametros,
1915 2774 1995 2806 circa
2018 2785 2117 2816 quam
2140 2782 2215 2806 sunt
2233 2775 2414 2816 opiniones,
2434 2776 2533 2816 idem,

1525 2819 1568 2850 sic
1592 2819 1736 2850 eiusdem
1759 2826 1822 2858 est;
1839 2820 1894 2850 sed
1917 2819 2007 2860 quod
2030 2819 2151 2861 aliquid
2174 2827 2239 2851 erat
2263 2829 2329 2851 esse
2359 2820 2534 2862 unicuique

1524 2865 1701 2895 secundum
1724 2864 1892 2902 rationem,
1915 2873 1981 2894 non
2004 2863 2090 2895 idem
2113 2871 2169 2896 est.
2197 2864 2347 2896 Similiter
2369 2871 2478 2896 autem
2501 2871 2534 2898 et

1523 2909 1652 2940 scientia
1675 2915 1706 2940 et
1733 2909 1845 2949 opinio
1870 2908 2015 2939 eiusdem
2037 2915 2093 2940 est.
2120 2909 2193 2940 Hoc
2216 2909 2348 2951 quidem
2377 2909 2464 2940 enim
2486 2910 2534 2942 sic

1523 2954 1640 2984 animal
1664 2960 1720 2992 est,
1741 2953 1831 2994 quod
1855 2963 1921 2983 non
1946 2960 1991 2984 est
2015 2953 2197 2994 contingere
2220 2963 2287 2984 non
2311 2963 2378 2984 esse
2402 2953 2531 2994 animal;

1522 2998 1577 3029 sed
1600 2998 1652 3029 illa
1676 2997 1808 3039 quidem
1823 2997 1913 3039 quod
1929 3004 1976 3028 est
1991 2997 2182 3038 contingere.
2208 2998 2252 3030 Ut
2272 2998 2298 3029 si
2316 2998 2379 3030 hoc
2398 2997 2532 3040 quidem

1521 3043 1611 3084 quod
1634 3052 1706 3073 vere
1730 3042 1881 3081 hominis,
1897 3042 1952 3073 illa
1974 3052 2049 3073 vero
2072 3042 2213 3074 hominis
2235 3049 2282 3074 est
2304 3042 2448 3084 quidem,
2463 3052 2531 3075 non

1522 3093 1630 3118 autem
1652 3087 1717 3118 veri
1749 3087 1899 3118 hominis.
1927 3087 2015 3118 Idem
2039 3086 2125 3118 enim
2148 3093 2196 3118 est
2221 3087 2297 3129 quia
2319 3087 2442 3126 homo,
2467 3086 2530 3119 hoc

1521 3139 1629 3163 autem
1649 3141 1715 3162 non
1732 3131 1776 3163 sic
1790 3131 1885 3162 idem.
1903 3131 2109 3164 Manifestum
2124 3138 2232 3163 autem
2248 3141 2285 3163 ex
2300 3131 2349 3162 his
2371 3137 2419 3163 est
2439 3131 2533 3174 quod

1521 3186 1625 3218 neque
1641 3176 1764 3217 opinari
1780 3175 1876 3207 simul
1899 3176 1986 3207 idem
2003 3182 2033 3208 et
2048 3176 2125 3207 scire
2141 3175 2306 3216 contingit.
2323 3175 2427 3207 Simul
2442 3175 2530 3209 enim

1520 3221 1631 3262 utique
1654 3221 1783 3252 haberet
1805 3220 1994 3261 opinionem
2017 3221 2104 3252 aliter
2133 3219 2271 3252 habendi
2294 3226 2325 3251 et
2347 3230 2416 3251 non
2439 3219 2528 3253 aliter

1519 3266 1606 3296 idem
1622 3275 1700 3305 esse,
1716 3265 1806 3307 quod
1824 3275 1896 3296 vere
1913 3275 1979 3296 non
1996 3264 2160 3306 contingit.
2178 3265 2212 3296 In
2228 3265 2290 3295 alio
2307 3264 2394 3295 enim
2409 3274 2531 3296 unum*

1519 3310 1672 3352 quodque
1696 3319 1763 3341 esse
1787 3309 1942 3350 contingit
1965 3309 2119 3349 eiusdem,
2142 3309 2224 3340 sicut
2247 3309 2368 3340 dictum
2391 3314 2455 3346 est;
2470 3307 2529 3340 sed

1518 3355 1550 3387 in
1575 3355 1689 3386 eodem
1713 3354 1792 3386 nihil
1823 3354 1867 3384 sic
1891 3360 1996 3395 potest
2019 3361 2104 3385 esse:
2131 3353 2260 3385 haberet
2283 3353 2370 3386 enim
2398 3351 2529 3394 opimo-

1517 3410 1593 3430 nem
1615 3399 1722 3436 simul.
1738 3405 1775 3430 ut
1797 3399 1887 3440 quod
1903 3398 2004 3430 homo
2021 3405 2102 3430 esset
2124 3398 2214 3440 quod
2229 3407 2302 3429 vere
2325 3403 2372 3430 est
2395 3395 2527 3436 animal,

1518 3445 1580 3476 hoc
1603 3444 1689 3475 enirn
1712 3443 1756 3474 sic
1780 3443 1972 3491 contingere.

1450 3533 1584 3575 Reliqua
1607 3539 1715 3564 autem
1738 3531 1909 3574 quomodo
1933 3537 2060 3572 oportet
2083 3530 2267 3562 distribuere
2290 3529 2324 3560 in
2346 3526 2522 3578 rationem,

1516 3585 1546 3609 et
1569 3577 1779 3615 intellectum,
1808 3583 1839 3608 et
1861 3576 2040 3615 scientiam,
2065 3582 2097 3607 et
2119 3581 2235 3614 artem,
2255 3580 2288 3606 et
2306 3572 2529 3615 prudentiam,

2575 781 2586 792 ⁸
2605 780 2663 808 Cap.
2672 787 2753 804 mm.

2576 807 2645 830 Text.
2658 814 2698 835 44.
