2548 4192
905 269 960 305 IN
990 269 1028 305 S.
1050 269 1291 306 THOMAM
1319 271 1643 317 AQUINATEM

173 357 257 388 quae
291 347 428 378 Thomas
457 356 499 377 ex
531 347 659 388 Cyrillo
693 349 826 387 repetit,
861 348 982 388 Cyrilli
1012 358 1074 378 non
1105 357 1193 378 esse:
1219 354 1248 378 et

178 392 318 422 Thomae
335 390 573 432 fraudulenter
600 392 814 431 obreptum...
841 393 882 422 ab
911 393 1073 432 incognito
1104 393 1245 429 homine,

173 437 228 476 qui
250 436 385 465 Doctori
412 440 540 472 sancto,
573 445 644 465 cum
669 442 750 466 esset
783 437 891 466 iunior
924 437 1110 476 theologus,
1135 436 1246 477 afficta

177 479 304 520 Cyrillo
328 480 508 509 testimonia
536 479 798 510 subministravit.

239 523 346 553 Minus
363 529 505 553 accurate
522 524 677 553 nonnulla
693 524 820 554 obtrudi
836 524 890 553 abs
908 524 1055 554 Launoio
1077 524 1247 555 dicendum

175 573 222 597 est
243 575 379 596 numero
399 566 594 607 insequente.
615 568 707 605 Quae
730 578 805 598 vero
825 568 947 598 disserit
969 568 1032 605 ille,
1058 569 1124 598 sine
1149 570 1246 599 dubio

173 611 328 641 Ioannem
352 611 535 641 Fabricium
559 612 762 652 redarguunt,
787 612 842 652 qui
866 612 1005 643 subiecta
1029 612 1150 653 Cyrillo
1174 614 1246 644 Ale-

172 655 327 685 xandrino
351 654 530 685 testimonia
555 655 651 686 fuisse
671 667 688 686 a
703 656 833 686 Thoma
852 657 1011 698 Aquinate
1035 657 1067 687 in
1087 668 1143 687 sua
1163 659 1246 688 theo-

174 700 281 739 logiae
304 699 437 729 Summa
465 700 562 730 relata
592 700 737 740 imperite
760 711 796 731 ac
820 701 899 731 falso
931 701 1059 732 notavit.
1086 701 1248 742 Castigant

173 743 270 773 etiam
291 743 396 774 Riveti
425 744 608 781 audaciam,
639 744 719 774 libro
744 745 786 775 IV
811 745 919 776 Critici
943 746 1032 783 sacri,
1058 746 1157 785 capite
1180 754 1245 776 xrx:

171 788 295 817 Auctor
305 787 391 828 falsi
405 787 487 828 suit,
507 788 690 829 inquientis,
711 790 848 821 Thomas
867 792 1011 832 Aquinas
1030 791 1062 820 in
1086 790 1247 830 Opusculo

172 831 328 862 adversus
360 831 518 870 Graecos,
551 834 607 873 qui
632 835 760 873 primus
787 844 829 864 ex
861 835 981 876 Cyrilli
1009 835 1246 865 Tliesaurorum

173 875 263 906 libris
281 876 444 917 Pontificis
459 877 598 907 Romani
614 879 821 917 tyrannidem
838 889 984 910 asserere
1000 879 1109 909 voluit.
1126 875 1247 909 Verum

172 919 310 960 denique
332 921 462 959 vapulat
484 931 615 962 quoque
638 921 818 953 Casimirus
841 923 989 954 Oudinus
1007 923 1063 963 qui
1087 923 1163 953 haec
1182 923 1247 953 ine-

172 970 241 1004 pta,
270 971 300 994 et
324 964 417 1002 falsa,
446 972 476 995 et
498 965 608 1006 iniqua
632 966 733 996 Riveti
757 967 838 997 dicta
862 968 1009 997 adhibere
1032 977 1098 996 non
1123 967 1248 997 erubuit

171 1008 205 1038 in
229 1018 286 1038 sua
306 1008 522 1039 dissertatione
544 1010 596 1039 De
620 1011 684 1040 vita
704 1016 734 1041 et
756 1013 883 1051 scriptis
910 1012 1015 1042 sancti
1036 1011 1156 1051 Cyrilli
1173 1011 1247 1041 Ale-

171 1052 333 1082 xandriae
357 1053 516 1093 Episcopi,
542 1053 642 1092 capite
666 1065 701 1091 v,
726 1061 817 1085 tomo
835 1056 846 1085 Î™
864 1054 1084 1085 commentarii
1103 1055 1151 1084 De
1175 1054 1247 1085 scri-

173 1096 318 1136 ptoribus
342 1097 499 1127 Ecclesiae
523 1097 660 1137 antiquis
685 1105 742 1129 etc.

171 1183 232 1214 rilli
256 1184 457 1214 Alexandrini
481 1185 662 1215 testimonia
685 1187 865 1227 allegantis,
894 1186 1044 1217 vindicias
1069 1186 1191 1224 egimus
1215 1186 1247 1216 in

171 1228 402 1258 Admonitione
417 1229 542 1268 praevia
557 1229 621 1259 sive
636 1230 862 1261 Dissertatione
876 1231 909 1261 in
924 1231 991 1261 eius
1006 1230 1246 1270 Expositionem

172 1273 370 1310 continuam,
395 1283 478 1313 quae
500 1274 684 1313 appellatur
710 1275 833 1305 Catena
857 1285 971 1311 aurea,
993 1281 1023 1304 et
1039 1274 1070 1304 in
1087 1274 1147 1304 alia
1166 1285 1247 1315 quae

165 1318 283 1357 priora
298 1317 441 1347 eiusdem
453 1316 618 1357 Opuscula
635 1319 674 1348 ad
689 1328 818 1349 examen
834 1326 936 1350 vocat.
949 1318 1248 1349 Animadversiones

144 1388 154 1390 -
170 1360 343 1391 manutius
367 1358 531 1401 decerpere
554 1361 645 1393 liceat
668 1369 698 1393 et
721 1363 782 1393 hoc
806 1363 878 1394 loco
903 1362 1061 1403 proferre,
1093 1373 1128 1393 ac
1153 1364 1248 1394 etiarn

171 1405 338 1436 illustrare.

240 1449 355 1480 Sancto
379 1450 546 1487 Thomae,
577 1460 651 1481 cum
675 1451 802 1482 nonnisi
827 1452 935 1481 iunior
958 1452 1126 1492 theologus
1149 1459 1247 1492 esset,

163 1494 400 1536 fraudulenter
422 1494 585 1535 obreptum
609 1494 733 1536 fuisse,
758 1495 868 1526 affictis
896 1495 1018 1536 Cyrillo
1042 1496 1247 1536 testimoniis,

172 1538 279 1569 minus
294 1547 367 1569 vere
383 1538 488 1569 scribit
502 1539 676 1569 Launoius.
693 1541 769 1570 Post
785 1550 905 1570 annum
928 1541 1008 1570 1256
1027 1541 1247 1572 elucubratum

174 1582 298 1613 Contra
313 1583 539 1623 impugnantes
549 1584 748 1624 Religionem
760 1584 964 1624 Opusculum
976 1591 1006 1615 et
1015 1592 1089 1624 post
1103 1596 1151 1616 an.
1165 1587 1245 1616 1262

172 1626 352 1658 confectam
365 1627 520 1657 Catenam
540 1637 674 1658 auream
691 1629 888 1659 ostendimus
908 1629 940 1659 in
956 1629 1246 1661 Dissertationibus.

173 1671 259 1702 Cum
282 1671 331 1701 his
355 1681 430 1711 ergo
449 1671 482 1701 in
501 1672 579 1702 locis
599 1672 755 1711 praedicta
778 1673 888 1714 Cyrilli
907 1673 1089 1704 testimonia
1109 1674 1248 1705 citaverit

172 1715 333 1756 Aquinas,
362 1722 446 1746 certo
475 1715 628 1746 evincitur
657 1717 703 1748 uti
733 1717 852 1747 eisdem
878 1717 985 1757 ipsum
1013 1717 1150 1748 voluisse
1182 1719 1247 1749 iam

171 1759 403 1801 provectiorem
423 1759 580 1790 effectum.
598 1760 660 1791 Sed
679 1772 716 1792 ea
731 1761 864 1792 demum
882 1762 1089 1801 praetermisit
1104 1762 1137 1792 in
1154 1763 1246 1793 Sum-

171 1814 237 1842 ma,
262 1814 361 1844 quarn
379 1814 465 1834 anno
485 1804 605 1835 circiter
630 1807 709 1836 1265
731 1806 915 1836 elucubrare
935 1806 1049 1845 coepit.
1071 1806 1138 1837 Cur
1156 1805 1246 1838 vero?

171 1848 310 1879 Launoii
341 1848 520 1879 coniectura
542 1848 768 1880 verisimillima
796 1857 859 1887 est,
889 1850 979 1890 quod
1002 1860 1118 1890 nempe
1142 1858 1245 1882 matu-

170 1893 254 1923 riore
270 1893 403 1923 demum
417 1891 496 1922 inito
513 1894 666 1932 examine,
685 1893 1067 1926 falsitatemsubolfecerit
1081 1902 1135 1926 aut
1152 1896 1247 1926 etiam

170 1936 420 1976 deprehenderit.
445 1936 591 1969 Voluerit
614 1948 756 1979 quoque,
787 1938 812 1968 si
835 1939 974 1979 placeat,
1004 1939 1189 1978 gravissimo
1213 1940 1246 1970 in

170 1991 268 2022 opere
297 1980 486 2012 testimoniis
516 1981 688 2021 abstinere,
719 1993 801 2023 quae
831 1993 890 2022 pro
922 1982 1025 2013 dubiis
1056 1983 1246 2024 incertisque

172 2035 297 2065 semper
319 2024 473 2056 habuerit.
502 2025 629 2057 Subacti
653 2027 771 2067 ingenii
802 2027 1032 2068 singularisque
1061 2029 1246 2068 prudentiae

171 2069 258 2100 haud
281 2070 350 2100 leve
374 2076 599 2110 argumentum
623 2078 678 2102 est.

237 2113 292 2145 Ait
315 2123 443 2144 rursum
466 2114 646 2146 Launoius:
672 2115 800 2155 Imponi
828 2116 888 2146 sibi
910 2125 1044 2155 passum
1070 2126 1138 2147 esse
1165 2118 1246 2148 Tho-

169 2168 255 2188 mam
279 2158 319 2188 ab
343 2168 398 2195 eo,
429 2159 485 2198 qui
516 2161 620 2190 relata
652 2161 831 2190 testimonia
865 2160 992 2200 Cyrillo
1022 2161 1246 2192 Alexandrino

169 2203 337 2243 supposuit
356 2207 386 2232 et
403 2202 538 2233 Doctori
560 2209 670 2235 sancto
689 2204 844 2244 Aquinati
864 2204 1127 2236 subministravit.
1148 2206 1248 2243 Quod

170 2246 266 2276 etiam
285 2246 392 2276 minus
410 2256 483 2276 vere
503 2254 533 2278 et
549 2255 691 2278 accurate
708 2248 839 2279 dictum.
859 2249 964 2278 Immo
981 2249 1130 2280 iniuriam
1146 2250 1247 2291 Aqui-

169 2291 234 2321 nati
249 2290 342 2321 infert
353 2290 529 2328 Launoius,
549 2303 585 2323 ac
600 2293 626 2322 si
645 2299 711 2323 tam
728 2292 826 2323 facilis
842 2303 878 2323 ac
897 2293 972 2323 levis
991 2293 1064 2324 fidei
1083 2294 1136 2324 ille
1155 2294 1249 2325 fuerit

169 2341 206 2365 ut
229 2334 341 2376 Cyrilli
365 2335 564 2374 testimonia,
593 2347 675 2377 quae
698 2347 801 2377 nuper
824 2337 984 2378 quispiam
1007 2339 1183 2378 protulerit,
1208 2339 1247 2369 si-

168 2379 266 2420 bique
296 2379 578 2411 subministraverit
608 2381 674 2411 sine
707 2382 804 2419 vade,
836 2381 942 2412 statim
971 2383 1135 2422 exceperit,
1159 2383 1248 2414 adhi-

169 2423 337 2464 bueritque
360 2423 426 2454 suis
450 2423 483 2454 in
502 2425 672 2465 Operibus.
692 2426 837 2456 Dubium
862 2426 987 2456 nullum
1007 2436 1073 2457 esse
1095 2427 1186 2458 debet
1214 2428 1246 2458 in

169 2467 277 2508 aliqua
308 2469 540 2499 sententiarum
564 2470 698 2500 Patrum
731 2470 938 2507 Collectione,
964 2481 1046 2511 quae
1074 2470 1246 2510 ferebatur,

171 2511 329 2552 praedicta
352 2512 533 2543 testimonia
557 2514 616 2544 sub
636 2513 746 2555 Cyrilli
770 2514 902 2544 nomine
921 2514 1089 2546 exstitisse:
1115 2526 1150 2546 ac
1173 2516 1247 2546 inde

170 2556 222 2586 vel
241 2556 279 2586 ab
299 2556 370 2596 ipso
387 2556 516 2587 Thoma
536 2558 742 2598 depromptaÍ¾
762 2559 812 2589 vel
835 2559 873 2589 ab
894 2559 956 2589 alio
976 2559 1031 2599 qui
1056 2560 1248 2600 prompserit

171 2600 320 2631 Thomae
344 2601 579 2633 subministrata
603 2602 708 2633 fuisse.

237 2645 336 2682 Quod
366 2644 435 2682 aio,
469 2646 634 2686 perspicue
664 2646 831 2677 confirmat
858 2647 984 2677 libellus
1015 2647 1067 2678 ille
1097 2658 1195 2688 quem
1228 2659 1246 2678 a

169 2688 306 2720 Summo
330 2689 484 2720 Pontifice
508 2691 638 2721 Urbano
663 2691 706 2722 IV
730 2691 850 2730 accepit
872 2691 1035 2729 Thomas,
1060 2698 1095 2722 ut
1118 2702 1245 2732 graeco-

168 2743 242 2764 rum
259 2733 390 2764 Patrum
409 2735 615 2774 quamplures
635 2735 846 2771 auctoritates,
863 2745 946 2775 quae
965 2735 1060 2766 latine
1079 2737 1244 2767 translatae

167 2777 202 2807 in
225 2787 264 2807 eo
284 2777 537 2815 continebantur,
563 2780 751 2819 expenderet
769 2789 805 2810 ac
828 2779 1006 2810 illustraret.
1027 2781 1062 2810 In
1084 2780 1146 2811 hoc
1169 2791 1244 2811 vero

170 2821 275 2852 libello
290 2829 411 2852 exstant
424 2822 544 2864 Cyrilli
559 2825 751 2861 testimonia,
764 2834 845 2864 quae
861 2824 893 2854 in
909 2823 1151 2855 Commentario
1169 2825 1244 2855 Sen-

168 2865 340 2896 tentiarum
362 2873 392 2896 et
414 2867 448 2896 in
471 2867 639 2907 Opusculo
665 2875 773 2898 contra
796 2868 1020 2908 impugnantes
1044 2869 1244 2908 Religionem

169 2909 354 2949 allegaverat
376 2911 530 2951 Aquinas.
554 2913 629 2942 Non
653 2922 727 2952 ergo
750 2913 874 2943 Doctor
894 2918 1037 2949 sanctus,
1067 2923 1138 2944 cum
1163 2920 1244 2944 esset

170 2954 279 2984 iunior
301 2954 469 2995 theologus
493 2953 547 2997 (ut
570 2956 613 2986 ait
636 2955 813 2998 Launoius)
839 2958 958 2997 imponi
982 2958 1042 2988 sibi
1054 2967 1174 2997 passus
1197 2964 1244 2989 est

169 2998 210 3028 ab
226 3006 274 3034 eo,
291 2999 346 3037 qui
362 2999 465 3029 relata
482 3001 662 3030 testimonia
681 3000 807 3041 Cyrillo
823 3001 1046 3032 Alexandrino
1064 3004 1244 3042 supposuitÍ¾

170 3041 226 3072 sed
249 3041 376 3080 eadem,
400 3052 437 3072 ex
461 3043 700 3075 collectionibus
725 3054 807 3085 quae
831 3044 1010 3076 ferebantur
1038 3046 1242 3086 deprompta,

170 3086 324 3125 allegabat
347 3093 472 3117 sanctus
496 3087 626 3118 Doctor.

237 3129 406 3160 Vincentio
438 3131 574 3169 Baroni,
601 3131 656 3172 qui
687 3132 781 3162 simili
805 3133 944 3173 quadam
972 3133 1244 3165 animadversione

170 3173 356 3205 Launoium
379 3182 637 3215 oppugnaverat,
663 3176 776 3207 doctor
797 3176 865 3216 ipse
894 3177 1088 3208 Sorbonicus
1118 3179 1245 3218 reponit

170 3225 258 3259 parte
274 3219 313 3255 V,
332 3218 465 3258 epistola
479 3229 511 3248 ix
527 3219 567 3249 ad
583 3220 746 3250 Thomam
761 3221 941 3259 Fortinum,
960 3221 1061 3262 capite
1077 3233 1120 3260 v1,
1139 3233 1171 3252 n.
1192 3223 1242 3252 36:

173 3277 188 3291 Â«Î¹
211 3263 246 3293 111
270 3263 375 3293 libello
392 3261 606 3305 (inquiens),
636 3274 734 3304 quem
766 3265 913 3296 Urbanus
937 3266 1084 3296 Thomae
1108 3267 1147 3296 ad
1171 3277 1241 3296 exa-

171 3319 187 3334 Â»
211 3306 400 3337 minandum
424 3307 528 3344 dedit,
555 3307 650 3338 fuisse
675 3308 728 3338 illa
751 3309 861 3339 omnia
892 3310 1013 3350 erilli
1041 3311 1241 3347 testimonia,

173 3364 189 3379 Î¹Î¹
212 3361 293 3392 quae
316 3358 390 3382 sunt
413 3351 446 3381 in
466 3351 627 3391 Opusculo
651 3358 764 3382 contra
782 3353 980 3384 Graecorum
1005 3363 1143 3392 errores,
1159 3354 1241 3384 Baro

173 3407 188 3422 Â²
211 3402 278 3426 tam
301 3395 390 3426 facile
414 3395 609 3435 pronuntiat,
626 3406 662 3426 ac
678 3396 704 3425 si
726 3396 871 3427 libellum
894 3397 1022 3427 vidisset
1050 3397 1241 3437 aliquando,

173 3451 188 3466 Î¹Î¿
212 3446 242 3470 et
261 3439 450 3480 perlegisset.
471 3439 668 3480 Opusculum
686 3447 795 3470 contra
812 3440 1006 3471 Graecorum
1026 3451 1144 3471 errores
1160 3441 1242 3471 duas

172 3495 188 3510 Ï…
212 3485 243 3514 in
263 3489 376 3524 partes
398 3484 556 3514 tribuitur.
580 3485 676 3514 Prior
699 3484 840 3514 continet
862 3486 967 3525 capita
990 3495 1073 3515 xxxn
1101 3495 1242 3525 quorum

173 3539 189 3555 s
212 3528 384 3569 unicuique
400 3528 591 3568 praefigitur,
613 3528 778 3566 Quomodo
795 3529 998 3569 intelligatur
1013 3528 1075 3559 hoc
1091 3529 1141 3559 vel
1157 3529 1242 3559 istud

174 3583 190 3599 Ï…
213 3572 344 3603 alicuius
364 3573 464 3612 graeci
480 3572 579 3603 Patris
603 3573 732 3603 dictum.
744 3573 908 3603 Posterior
922 3573 1016 3603 habet
1031 3574 1136 3613 capita
1150 3583 1242 3603 xxxV1

173 3626 189 3642 2
211 3616 245 3646 in
261 3627 402 3657 quorum
417 3617 521 3656 titulo,
542 3617 708 3654 Quomodo
724 3617 928 3658 intelligatur
943 3617 1005 3648 hoc
1020 3617 1071 3647 vel
1093 3617 1172 3648 illud
1188 3617 1242 3647 ali-

2210 283 2377 309 CCCXXXV

1305 362 1318 375 Â»
1342 349 1431 379 cuius
1463 349 1564 389 graeci
1597 350 1695 380 Patris
1724 350 1845 380 dictum
1875 360 1942 380 non
1974 350 2105 389 ponitur
2141 351 2298 390 ampliusÍ¾
2318 352 2374 381 sed

1305 405 1319 420 Â»
1339 393 1472 433 simplex
1487 401 1710 433 argumentum
1734 394 1788 431 rei,
1805 404 1886 435 quae
1903 393 2050 434 deinceps
2074 396 2233 424 tractanda
2252 402 2307 425 est.
2326 396 2375 425 Ex

1304 449 1318 463 Â»
1341 447 1407 477 quo
1426 448 1509 477 pars
1519 439 1683 477 posterior
1698 448 1764 468 non
1787 438 1830 468 ita
1845 439 1970 468 videtur
1993 438 2147 477 pertinere
2163 439 2201 468 ad
2214 440 2369 478 priorem,

1305 493 1319 507 2>
1342 481 1375 511 in
1403 491 1467 522 qua
1490 482 1616 513 libellus
1639 482 1786 512 Thomae
1819 483 1857 512 ab
1883 483 2011 512 Urbano
2037 483 2079 513 1V
2104 483 2194 512 datus
2226 483 2373 522 expendi-

1305 537 1319 551 Â»
1342 531 1402 555 tur.
1417 537 1431 552 Â»
1450 526 1582 556 Fallitur
1597 526 1719 566 egregie
1736 526 1909 557 Launoius.
1926 527 2015 556 Tum
2034 527 2164 556 Patrum
2180 526 2373 564 testimonia,

1301 579 1382 609 quae
1400 570 1508 609 priori
1531 570 1563 600 in
1587 577 1674 610 parte
1698 571 1929 610 expenduntur,
1945 577 2016 601 tum
2039 570 2092 600 illa
2113 581 2195 611 quae
2218 570 2375 600 habentur

1301 612 1333 642 in
1352 615 1541 652 posteriori,
1566 614 1599 644 in
1626 624 1664 644 eo
1689 615 1794 644 libello
1811 615 1981 652 exstitisse,
2007 624 2106 655 quem
2129 615 2275 644 Thomae
2304 624 2374 644 exa-

1302 656 1490 687 minandum
1506 658 1633 688 dederat
1655 658 1808 689 Summus
1824 658 1980 695 Pontifex,
1999 669 2036 688 ex
2051 658 2194 699 pluribus
2218 658 2372 688 evincitur

1300 700 1400 740 ipsius
1420 701 1566 732 Thomae
1582 702 1684 732 verbis
1699 702 1732 732 in
1748 713 1807 733 suo
1825 703 2003 743 Opusculo.
2023 703 2057 732 In
2073 702 2270 732 Praefatione
2281 703 2372 742 prioâ€”

1301 746 1348 774 ris
1365 746 1473 784 partis
1495 746 1572 776 haec
1595 746 1766 776 habentur:
1786 747 1944 786 Proposui
1961 748 2069 786 primo
2093 757 2147 784 ea,
2169 756 2252 787 quae
2274 747 2371 777 dubia

1301 798 1369 819 esse
1384 789 1534 819 videntur
1547 791 1579 819 in
1595 791 1839 821 auctoritatibus
1848 791 2036 830 praedictis,
2053 799 2229 834 exponere:
2243 796 2273 821 et
2281 795 2370 830 post-

1302 833 1430 862 modum
1454 834 1621 864 ostendere
1641 835 1797 874 quomodo
1821 845 1863 864 ex
1885 836 1930 865 eis
1954 836 2072 866 veritas
2099 835 2273 866 catholicae
2286 835 2372 875 fidei

1302 882 1332 906 et
1355 877 1509 907 doceatur
1532 883 1562 907 et
1591 878 1796 918 defendatur.
1823 879 1905 908 Illud
1927 879 1960 908 in
1978 880 2086 918 priori
2112 885 2209 919 parte
2237 885 2372 919 praestat

1301 920 1454 960 Aquinas,
1472 931 1507 951 ac
1521 921 1604 951 istud
1621 921 1654 951 in
1672 923 1866 961 posteriori:
1885 923 1969 952 unde
1987 933 2068 963 quae
2091 923 2123 953 in
2145 930 2278 963 utraque
2302 933 2371 963 par-

1301 970 1331 994 te
1355 964 1536 994 testimonia
1563 975 1749 1004 graecorum
1772 966 1902 996 Patrum
1926 973 2114 1005 occurrunt,
2139 967 2319 998 continebat
2334 967 2371 997 li-

1301 1008 1403 1038 bellus
1426 1008 1487 1038 ille.
1507 1009 1542 1038 ln
1565 1009 1762 1039 Praefatione
1786 1010 1921 1040 alterius
1946 1012 2054 1050 partis
2076 1012 2170 1041 verba
2194 1018 2286 1041 sunt:
2306 1011 2372 1041 His

1302 1053 1406 1092 igitur
1421 1053 1573 1091 expositis
1589 1050 1791 1094 (difficilibus
1812 1063 1927 1093 nempe
1953 1055 2110 1095 aliquibus
2134 1056 2263 1085 Patrum
2283 1065 2371 1094 grae-

1302 1105 1414 1125 corum
1438 1096 1598 1126 sententiis
1615 1095 1811 1139 explanatis),
1829 1098 2056 1128 ostendendum
2082 1104 2128 1129 est
2150 1099 2306 1139 quomodo
2330 1109 2373 1129 ex

1302 1140 1547 1170 auctoritatibus
1571 1141 1603 1170 in
1619 1141 1788 1180 praedicto
1813 1142 1917 1171 libello
1941 1144 2095 1173 contentis
2118 1153 2194 1173 vera
2207 1143 2296 1184 fides
2317 1143 2372 1173 do-

1303 1188 1408 1220 cetur,
1433 1189 1463 1213 et
1486 1189 1598 1214 contra
1623 1194 1751 1215 errores
1775 1185 1970 1225 defenditur.
2003 1187 2100 1216 Erant
2123 1197 2197 1226 ergo
2221 1187 2253 1216 in
2273 1197 2311 1217 eo
2334 1187 2371 1216 li-

1302 1227 1383 1257 bello
1412 1237 1479 1257 non
1508 1228 1615 1258 solum
1648 1229 1762 1259 dubiae
1786 1229 1990 1270 difficilesque
2023 1231 2153 1260 Patrum
2176 1231 2368 1268 sententiae,

1302 1281 1381 1311 quas
1406 1271 1503 1311 priori
1536 1272 1568 1302 in
1602 1280 1689 1312 parte
1713 1272 1869 1312 Opusculi
1903 1274 2048 1313 explanat
2079 1274 2239 1315 AquinasÍ¾
2258 1285 2371 1304 verum

1303 1315 1398 1345 etiam
1428 1315 1609 1346 testimonia
1634 1317 1674 1346 ad
1705 1316 1802 1347 fidem
1826 1318 2002 1348 docendam
2026 1328 2208 1359 erroresque
2231 1318 2372 1348 refellen-

1303 1360 1361 1389 dos
1378 1360 1550 1400 aptissima,
1568 1371 1649 1401 quae
1668 1361 1701 1391 in
1718 1361 1884 1401 posteriori
1901 1369 1988 1401 parte
2004 1369 2213 1398 recensentur.
2232 1363 2266 1392 In
2281 1362 2372 1402 Opu-

1303 1404 1381 1434 sculi
1405 1404 1609 1435 conclusione
1633 1405 1676 1435 sic
1701 1405 1743 1436 ait
1767 1412 1892 1436 sanctus
1916 1406 2056 1437 Doctor:
2081 1407 2175 1437 Haec
2197 1412 2289 1443 sunt,
2309 1407 2372 1436 Pa-

1303 1454 1352 1478 ter
1374 1450 1584 1486 sanctissime,
1606 1459 1689 1489 quae
1712 1460 1754 1480 ex
1776 1451 2020 1481 auctoritatibus
2038 1451 2214 1481 Doctorum
2238 1460 2372 1491 graeco-

1302 1503 1376 1523 rum
1407 1493 1582 1523 secundum
1608 1499 1745 1524 vestram
1776 1495 1946 1525 iussionem
1971 1496 2081 1535 excepi
2110 1500 2140 1525 et
2163 1495 2371 1535 exponenda,

1302 1542 1332 1567 et
1348 1537 1391 1567 ad
1406 1537 1680 1578 confirmationem
1698 1548 1793 1568 verae
1801 1539 1887 1579 fidei
1904 1539 2095 1570 inducenda.
2114 1539 2286 1579 Utriusque
2303 1548 2372 1578 par-

1302 1581 1340 1611 tis
1365 1581 1564 1612 auctoritates
1588 1582 1752 1622 perspicue
1778 1582 1966 1621 indicantur,
1984 1594 2062 1623 quas
2088 1583 2213 1613 libellus
2233 1583 2372 1622 comple-

1302 1626 1450 1656 ctebatur.
1469 1625 1527 1655 His
1551 1626 1683 1656 demum
1716 1627 1819 1657 verbis
1844 1626 2047 1666 Opusculum
2081 1627 2269 1657 absolvitur:
2290 1627 2374 1657 Sunt

1301 1675 1408 1700 autem
1424 1669 1582 1710 fortassis
1606 1676 1636 1700 et
1658 1671 1724 1701 alia
1749 1672 1781 1700 in
1801 1672 1968 1711 praedicto
1995 1672 2119 1709 libello,
2136 1681 2219 1712 quae
2242 1671 2292 1702 vel
2314 1671 2372 1701 du-

1289 1714 1352 1744 Î‡bia
1377 1723 1445 1744 esse
1462 1720 1610 1754 possunt,
1627 1720 1658 1745 et
1677 1716 1874 1755 expositione
1897 1716 2043 1756 indigent
2051 1724 2063 1753 Í¾
2081 1716 2138 1746 sed
2160 1725 2242 1756 quae
2264 1715 2308 1745 ad
2324 1715 2371 1755 fi-

1301 1758 1353 1788 dei
1375 1759 1584 1788 assertionem
1609 1759 1701 1789 utilia
1718 1769 1786 1789 esse
1803 1765 1950 1799 possent,
1969 1760 2012 1790 ad
2035 1770 2072 1790 ea
2088 1770 2171 1800 quae
2187 1761 2370 1800 praemissa

1300 1807 1387 1839 sunt,
1405 1808 1440 1832 ut
1456 1802 1562 1840 credo,
1574 1804 1682 1833 omnia
1691 1809 1830 1843 possunt
1845 1804 1966 1834 reduci.
1978 1804 2160 1835 Clarissima
2175 1804 2268 1834 verba
2284 1810 2368 1842 sunt,

1300 1856 1381 1887 quae
1405 1854 1532 1877 motum
1556 1857 1574 1876 a
1598 1847 1744 1877 Launoio
1766 1847 1899 1878 dubium
1924 1848 2103 1879 eliminant:
2125 1855 2309 1888 certumque
2325 1847 2368 1877 fa-

1302 1891 1390 1921 ciunt
1411 1891 1445 1920 in
1460 1891 1576 1928 libello,
1595 1891 1650 1931 qui
1666 1892 1813 1921 Thomae
1837 1892 1967 1922 traditus
1988 1892 2063 1931 fuit,
2088 1899 2222 1923 exstasse
2241 1893 2371 1922 Patrum

1301 1935 1492 1973 testimonia,
1517 1935 1582 1965 sive
1601 1945 1683 1976 quae
1706 1936 1739 1965 in
1762 1936 1859 1976 priori
1876 1936 2031 1976 Opusculi
2055 1944 2142 1976 parte
2166 1942 2373 1976 exponuntur

1301 1979 1365 2009 sive
1389 1989 1470 2020 quae
1494 1979 1526 2009 in
1550 1987 1638 2019 parte
1661 1980 1757 2010 altera
1785 1980 1983 2011 inducuntur
2014 1981 2057 2011 ad
2080 1991 2176 2012 verae
2188 1981 2273 2022 fidei
2296 1990 2369 2011 con-

1288 2024 1522 2065 firmationem.
1549 2024 1636 2055 Haec
1669 2024 1734 2054 duo
1764 2031 1838 2055 sunt
1868 2025 2018 2065 imposita
2041 2025 2192 2066 Aquinati
2216 2035 2369 2063 munera,

1301 2068 1416 2109 quibus
1447 2068 1514 2108 ipse
1547 2068 1669 2108 egregie
1700 2068 1900 2108 defungitur,
1926 2069 1988 2100 fide
2017 2069 2123 2100 relicta
2151 2079 2246 2109 penes
2275 2069 2373 2105 libelli

1301 2119 1482 2150 auctorem,
1500 2123 1539 2142 an
1564 2119 1656 2151 recte,
1674 2123 1713 2143 an
1738 2112 1817 2143 falso
1843 2114 1990 2144 collectae
2014 2114 2213 2144 auctoritates
2237 2114 2295 2143 sub
2311 2114 2369 2143 Pa-

1298 2164 1384 2187 trum
1400 2157 1596 2194 nominibus,
1614 2167 1695 2198 quae
1712 2156 1848 2197 praefixa
1866 2158 2060 2197 legebantur,
2078 2164 2238 2197 excerptae
2255 2163 2368 2187 essent.

1299 2202 1402 2232 Verba
1425 2202 1583 2242 quaedam
1607 2202 1665 2231 sub
1683 2201 1794 2242 Cyrilli
1818 2202 1948 2232 nomine
1972 2202 2036 2232 iam
2053 2202 2200 2232 Thomae
2223 2202 2370 2231 innotue-

1301 2253 1380 2284 rant,
1391 2252 1563 2286 antequam
1583 2246 1722 2276 libellum
1743 2256 1760 2275 a
1779 2246 1914 2276 Summo
1933 2245 2085 2276 Pontifice
2101 2246 2265 2286 acciperet:
2281 2245 2370 2286 quod

1301 2297 1347 2320 est
1370 2297 1577 2329 argument0,
1604 2290 1715 2320 eadem
1747 2290 1779 2319 in
1804 2290 1871 2320 aliis
1904 2290 2097 2330 quibusdam
2129 2290 2370 2320 collectionibus

1301 2340 1446 2371 exstasse,
1463 2341 1518 2364 aut
1541 2334 1738 2374 praedictum
1760 2334 1903 2364 libellum
1926 2334 1991 2364 iam
2015 2341 2106 2364 antea
2133 2341 2249 2364 notum
2273 2334 2370 2364 fuisse

1301 2378 1463 2418 Aquinati.
1494 2378 1553 2408 His
1586 2378 1653 2418 ipse
1677 2378 1709 2408 in
1736 2378 1973 2409 Commentario
1997 2379 2258 2416 Sententiarum,
2284 2385 2314 2408 et
2337 2379 2370 2408 in

1305 2422 1467 2462 Opusculo
1491 2428 1604 2452 contra
1629 2423 1857 2463 impugnantes
1879 2423 2079 2463 Religionem
2104 2433 2180 2453 usus
2205 2429 2267 2453 est:
2288 2432 2370 2462 quae

1302 2466 1477 2497 consultior
1507 2466 1645 2507 denique
1675 2466 1774 2497 factus
1804 2467 1837 2496 in
1861 2474 2024 2507 postremo
2043 2467 2194 2498 Summae
2218 2467 2371 2507 theologi-

1301 2521 1358 2541 cae
1381 2521 1477 2550 opere
1501 2510 1718 2550 praetermisit.

1367 2555 1468 2595 Ipsius
1493 2555 1639 2585 Thomae
1664 2561 1773 2591 aetate,
1797 2565 1879 2594 opus
1903 2565 2011 2595 graece
2032 2562 2062 2585 et
2086 2555 2190 2592 latine,
2209 2555 2299 2595 quod
2321 2554 2369 2584 in-

1300 2599 1444 2629 scribitur
1465 2598 1501 2628 â€˜O
1521 2596 1686 2642 Î˜Î·ÏƒÎ±Ï…Ïá½¹Ï‚
1704 2598 1765 2635 Ï„á¿†Ï‚
1786 2596 1945 2636 á¼€Î»Î·Î¸Îµá¿–Î±Ï‚
1966 2598 2028 2635 Ï„á¿†Ï‚
2054 2600 2212 2638 Ï€á½·ÏƒÏ„ÎµÏ‰Ï‚,
2236 2600 2374 2629 mesau-

1299 2653 1356 2674 rus
1380 2645 1525 2674 veritatis
1532 2644 1628 2684 fidei,
1648 2643 1800 2674 scribebat
1816 2644 2038 2675 Bonacursius
2054 2644 2183 2674 Ordinis
2206 2643 2367 2673 Praedica-

1299 2694 1419 2725 torum,
1435 2688 1529 2718 italus
1545 2687 1608 2725 ille,
1626 2694 1657 2718 et
1680 2688 1779 2728 patria
1795 2698 1830 2718 ac
1853 2688 2050 2728 professione
2070 2687 2292 2724 bononiensis,
2315 2686 2371 2727 qui

1297 2732 1403 2772 plures
1420 2742 1521 2762 annos
1545 2732 1578 2762 in
1595 2732 1762 2762 Provincia
1786 2731 1934 2762 Graeciae
1953 2732 2051 2762 vitam
2067 2732 2138 2772 egit.
2157 2732 2248 2771 Opus
2272 2731 2369 2769 idem,

1299 2776 1389 2807 cuius
1419 2776 1609 2816 exemplaria
1644 2776 1709 2806 duo
1734 2786 1809 2806 mss.
1837 2777 1997 2807 exstabant
2019 2777 2052 2806 in
2082 2776 2271 2806 bibliotheca
2295 2775 2368 2805 Col-

1296 2820 1428 2859 bertinaâ€š
1446 2820 1686 2860 diligentissime
1718 2827 1858 2851 recenset
1880 2821 2017 2851 Iacobus
2039 2820 2209 2851 Echardus
2232 2820 2265 2849 in
2289 2819 2367 2849 Scri-

1296 2865 1440 2905 ptoribus
1474 2864 1604 2895 Ordinis
1628 2864 1885 2895 Praedicatorum
1909 2872 1999 2895 tomo
2025 2865 2035 2894 I
2061 2865 2099 2894 ad
2123 2874 2244 2894 annum
2273 2864 2365 2893 1260.

1297 2910 1463 2940 Tractatus
1488 2909 1691 2939 continentur
1718 2920 1743 2938 1.
1763 2909 1815 2939 De
1837 2909 1959 2948 Spiritu
1978 2909 2105 2939 Sancto:
2128 2918 2157 2938 2.
2171 2908 2222 2937 De
2238 2917 2366 2948 purga-

1296 2955 1392 2984 torio:
1410 2954 1438 2983 3.
1454 2953 1505 2983 De
1522 2953 1697 2993 paradiso:
1716 2962 1746 2992 4.
1764 2954 1815 2983 De
1830 2953 1972 2994 inferno:
1989 2954 2016 2983 5.
2038 2952 2132 2989 Quod
2157 2952 2303 2982 Christus
2310 2951 2366 2991 fe-

1296 2999 1339 3028 cit
1352 2998 1475 3028 Pascha
1500 2998 1654 3038 legalein
1674 2997 1725 3027 die
1741 3002 1771 3027 et
1786 2998 1866 3027 hora
1885 2997 2013 3027 debitis:
2039 2997 2069 3026 6.
2091 2996 2185 3033 Quod
2208 2996 2236 3026 b.
2252 2996 2367 3025 Petrus

1296 3042 1406 3072 habuit
1423 3042 1690 3082 praerogativam
1708 3041 1878 3082 dignitatis
1901 3051 1999 3080 super
2012 3050 2121 3070 omnes
2143 3040 2320 3080 Apostolos,
2337 3044 2368 3069 et

1290 3086 1524 3126 plenitudinem
1543 3086 1722 3126 potestatis,
1747 3091 1777 3115 et
1795 3094 1994 3115 successores
2017 3086 2094 3114 eius.
2114 3084 2148 3114 In
2172 3083 2285 3124 quinto
2308 3090 2368 3114 tra-

1297 3137 1381 3160 ctatu
1416 3130 1536 3160 mentio
1560 3129 1596 3159 fit
1619 3130 1693 3159 libri
1707 3129 1831 3170 fratris
1860 3130 1996 3159 Thomae
2020 3134 2132 3159 contra
2166 3128 2306 3158 Graecos
2328 3127 2369 3157 de

1296 3183 1415 3215 azymo
1439 3179 1469 3203 et
1489 3173 1699 3214 sermentato.
1724 3173 1807 3203 Hinc
1830 3173 1999 3203 innotescit
2024 3182 2119 3203 suum
2142 3172 2175 3202 in
2204 3182 2286 3212 opus
2311 3171 2364 3201 ad-

1295 3218 1359 3248 huc
1375 3217 1555 3247 incubuisse
1571 3217 1803 3247 Bonacursium
1817 3223 1891 3257 post
1906 3217 2027 3247 editum
2042 3217 2080 3247 ab
2097 3216 2255 3257 Aquinate
2272 3215 2363 3255 Opu-

1297 3262 1422 3292 sculum
1447 3267 1556 3291 contra
1579 3271 1699 3291 errores
1724 3260 1927 3291 Graecorum.

1363 3306 1399 3335 In
1422 3311 1509 3335 sexto
1544 3311 1676 3335 tractatu
1703 3306 1871 3345 prolixum
1896 3315 1932 3334 ex
1960 3304 2057 3334 sancti
2089 3303 2199 3344 Cyrilli
2231 3303 2364 3333 Alexan-

1297 3349 1377 3379 drini
1400 3348 1481 3378 libro
1507 3349 1533 3378 II
1560 3348 1799 3379 Thesaurorum
1823 3349 1989 3378 adducitur
2012 3348 2223 3378 testimonium
2247 3347 2287 3377 de
2302 3347 2365 3377 Ro-

1296 3394 1385 3423 mani
1406 3392 1570 3432 Pontificis
1595 3398 1774 3432 potestate:
1791 3392 1871 3422 illud
1903 3392 2010 3431 ipsum
2034 3401 2168 3431 nempe,
2193 3391 2282 3431 quod
2299 3400 2364 3430 per

1290 3437 1473 3476 particulas
1496 3436 1628 3466 habetur
1643 3436 1729 3475 apud
1744 3436 1937 3476 Aquinatem
1952 3435 1985 3465 in
2004 3435 2099 3465 altera
2117 3434 2272 3474 Opusculi
2291 3444 2364 3465 con-

1296 3486 1347 3511 tra
1374 3480 1514 3510 Graecos
1530 3486 1627 3519 parte,
1645 3486 1681 3510 ut
1697 3480 1792 3510 etiam
1807 3479 2035 3509 admonuimus
2051 3489 2140 3509 num.
2164 3489 2189 3509 1.
2207 3479 2274 3508 Iam
2287 3488 2363 3509 vero

1296 3524 1453 3563 colligitur
1475 3533 1496 3553 1.
1522 3523 1669 3553 Thomae
1698 3530 1728 3554 et
1750 3523 1934 3553 Bonacursii
1958 3529 2057 3553 aetate
2084 3522 2304 3553 testimonium
2327 3522 2364 3552 il-

1294 3568 1352 3598 lud
1375 3568 1433 3598 sub
1457 3567 1588 3598 nomine
1612 3567 1722 3608 Cyrilli
1745 3567 1910 3606 vulgatum
1933 3567 2046 3605 fuisse,
2072 3573 2102 3597 et
2131 3567 2211 3597 inter
2233 3567 2366 3597 Patrum

1296 3611 1481 3651 sententias,
1503 3621 1584 3652 quae
1608 3611 1851 3652 colligebantur,
1871 3618 2015 3642 exstasse.
2043 3610 2211 3651 Colligitur
2233 3620 2261 3641 2.
2284 3611 2369 3641 eius-
