2788 4204
52 534 65 545 *
79 539 109 555 on
126 538 174 554 om.
185 532 244 553 eius.

54 697 65 708 ⁸
80 703 128 718 1-*rrz
144 696 207 718 dicit.

54 751 63 762 “
79 750 128 771 lam
147 756 175 770 ex
190 749 269 775 codd.‚

55 783 104 797 exc.
115 782 171 797 anu.

57 803 80 814 ‘¹‘
94 803 165 824 Num.
176 809 196 830 5.

159 830 172 861 Ε

58 1398 66 1405 ”
75 1396 139 1418 Lect.
148 1401 193 1420 xvr.
201 1402 239 1417 nn.
246 1403 270 1423 4,

58 1429 89 1452 5.-
98 1430 136 1445 An:
142 1423 270 1451 principio.

57 1609 196 1637 'Lect.xxxr,
204 1616 270 1638 seqq.

151 1931 169 1948 π

56 2030 67 2042 ’
79 2029 196 2052 Codd.-r›:
206 2029 272 2055 eius,-

56 2063 81 2078 κε
91 2058 114 2078 et
120 2056 211 2078 eiusde
218 2056 273 2078 hab.

59 2084 101 2105 lac.

60 2354 149 2377 ‘eodm
158 2366 167 2371 -
179 2361 203 2376 r:
215 2360 272 2383 par.

63 2381 100 2404 Cf.
115 2385 170 2403 text.

60 2409 83 2419 '⁴⁸
95 2408 138 2429 Est
152 2415 179 2429 ex
195 2408 273 2435 codd.‚

65 2441 115 2456 exc.
126 2441 215 2460 noso
226 2441 274 2457 om.

61 2462 140 2483 etiam.

292 233 369 278 334

293 310 431 359 quibus
447 316 534 345 sunt
549 307 903 353 demonstrationes,
925 318 1003 342 non
1019 311 1105 341 sunt
1120 302 1362 350 substantiae,

293 376 364 401 nec
391 376 462 412 per
486 362 649 399 modurn
671 360 899 398 substantiae
920 358 1187 406 significantur,
1210 356 1278 392 sed
1296 367 1366 404 per

294 416 458 454 modum
476 415 741 461 accidentium,
755 414 895 451 scilicet
915 411 1128 448 secundum
1153 409 1276 445 inesse
1301 409 1364 445 ali-

295 470 387 519 quid
402 469 523 506 alieui.
541 468 650 506 Unde
668 466 857 504 concludit
872 478 950 501 non
967 477 1047 501 esse
1062 463 1243 512 possibile
1259 462 1366 511 quod

297 523 466 561 definitio
496 522 542 559 sit
574 521 699 558 omnis
720 520 799 556 eius
816 521 836 540 ‘³‘
857 519 963 554 cuius
993 525 1048 553 est
1077 516 1364 554 demonstratio,

351 578 386 613 8.
408 576 557 613 Deinde
583 586 670 610 cum
691 573 796 610 dicit:
826 572 926 613 Quid
952 576 1078 607 autem
1099 570 1205 606 cuius
1234 575 1288 605 est
1305 569 1366 606 de-

283 630 413 678 finitio
434 636 515 676 etc„
536 627 688 675 inquirit
711 639 760 663 an
780 638 800 662 e
821 636 1008 662 converso
1029 622 1302 661 demonstratio
1323 622 1368 659 sit

297 683 422 720 omnis
451 683 530 719 eius
564 681 671 717 cuius
691 687 746 716 est
766 679 947 716 definitio.
971 679 1020 714 Et
1038 677 1201 714 ostendit
1221 678 1241 698 ⁷²²
1261 676 1365 724 quod

297 749 386 782 non,
399 735 538 784 duplici
555 734 717 779 ratione;
738 745 901 782 quarum
917 731 1042 780 prima
1057 731 1134 767 iam
1151 731 1170 752 '¹‘
1187 743 1302 779 supra
1323 731 1366 752 ²¹²*

296 797 394 826 tacta
416 797 481 825 est.
507 787 627 825 Unius
648 787 763 833 enim,
784 786 823 823 in
846 793 1032 834 quantum
1058 792 1112 821 est
1130 796 1251 821 unum
1267 781 1292 831 ξ,
1312 783 1369 820 vi-

298 843 406 880 detur
435 854 515 878 esse
543 853 621 877 una
646 839 812 886 scientia,
833 839 930 877 idest
948 851 1046 875 unus
1066 838 1207 875 modus
1228 850 1367 886 cogno-

297 895 437 933 scendi.
467 894 578 932 Unde
608 894 637 930 si
657 894 695 931 id
722 893 827 942 quod
857 901 912 930 est
932 891 1245 938 demonstrabile,
1275 904 1368 928 vere

296 949 409 986 scitur
428 960 497 997 per
524 948 599 984 hoc
625 947 730 995 quod
759 948 920 984 habetur
944 945 1218 983 demonstratio
1240 945 1286 981 de
1308 958 1367 992 eo,

297 1002 465 1051 sequitur
484 1001 682 1050 quoddam
712 1001 946 1049 impossibile
966 1000 995 1036 si
1015 1012 1085 1048 per
1104 999 1368 1037 definitionem

297 1056 380 1093 sciri
407 1055 544 1105 possit;
570 1055 658 1103 quia
682 1055 829 1091 habens
855 1053 1118 1092 definitionem
1139 1059 1151 1074 ⁰
1176 1053 1286 1090 sciret
1305 1052 1369 1090 ali-

296 1110 388 1158 quid
407 1108 703 1147 demonstrabile
723 1108 868 1156 absque
897 1109 972 1145 hoc
995 1107 1100 1155 quod
1129 1108 1287 1143 haberet
1305 1106 1370 1144 de-

296 1163 634 1200 monstrationem:
673 1161 779 1210 quod
814 1162 966 1199 videtur
1003 1161 1287 1198 inconveniens.
1323 1161 1372 1197 Et

296 1218 391 1255 haec
420 1217 514 1254 ratio
544 1216 613 1253 fuit
641 1215 809 1252 secundo
837 1216 962 1265 posita
982 1215 1079 1252 inter
1096 1214 1337 1263 praemissas

351 1283 388 1318 9.
410 1270 630 1307 Secundam
650 1269 837 1306 rationem
869 1269 977 1318 ponit
996 1268 1063 1306 ibi:
1078 1268 1252 1317 Amplius
1265 1268 1372 1316 prin-

297 1324 394 1372 cipia
414 1323 775 1360 demonstrationum
797 1330 865 1359 etc.
887 1322 1138 1359 Definitiones
1163 1322 1265 1358 enim
1286 1329 1373 1358 sunt

296 1377 481 1427 principia
500 1376 882 1423 demonstrationum,
902 1384 944 1412 ut
963 1376 1001 1412 in
1019 1375 1145 1424 primo
1163 1375 1183 1396 *
1198 1375 1372 1412 habiturn

299 1439 371 1478 est;
392 1431 460 1468 sed
488 1430 672 1480 principia
700 1442 779 1466 non
807 1437 894 1466 sunt
923 1428 1252 1475 demonstrabilia,
1283 1428 1372 1476 quia

298 1485 352 1522 sic
371 1492 592 1533 sequeretur
612 1483 716 1532 quod
736 1482 1010 1532 principiorum
1034 1490 1160 1520 essent
1173 1482 1371 1531 principia,

299 1547 336 1576 et
373 1538 478 1587 quod
517 1537 859 1575 demonstrationes
887 1536 927 1573 in
964 1536 1154 1573 infinitum
1187 1536 1372 1585 procede-

299 1601 397 1638 rent;
422 1591 528 1640 quod
548 1598 603 1627 est
622 1590 867 1639 impossibile,
888 1597 930 1626 ut
949 1590 986 1627 in
1005 1590 1131 1639 primo
1144 1591 1374 1627 *ostensum

299 1654 364 1682 est.
400 1645 510 1682 Unde
544 1643 713 1692 sequitur
744 1643 850 1692 quod
889 1643 1130 1681 definitiones
1165 1643 1237 1681 sint
1270 1643 1374 1681 inde-

298 1698 577 1745 monstrabiles,
603 1706 787 1745 tanquam
817 1698 1009 1745 quaedam
1038 1698 1162 1747 prima
1190 1697 1375 1747 principia

298 1752 336 1789 in
365 1751 765 1790 demonstrationibus.
797 1752 846 1788 Et
874 1751 927 1788 sic
959 1764 1039 1788 non
1074 1751 1250 1789 omnium
1280 1763 1374 1800 quo-

298 1818 383 1843 rum
414 1813 469 1842 est
497 1805 679 1851 definitio,
701 1812 757 1842 est
785 1805 1072 1842 demonstratio.

359 1872 415 1896 10.
428 1859 576 1896 Deinde
590 1871 677 1896 curn
690 1858 788 1895 dicit:
806 1858 881 1895 Sed
890 1865 1016 1896 utrum
1026 1860 1143 1896 sinon
1157 1859 1280 1896 omnis
1290 1866 1373 1906 etc„

298 1913 450 1962 inquirit
463 1921 591 1949 utrum
612 1913 657 1949 sit
671 1912 851 1962 possibile
866 1918 886 1934 π
900 1913 1005 1961 quod
1025 1912 1181 1950 alicuius
1201 1912 1375 1949 eiusdem

299 1966 345 2004 sit
371 1966 541 2004 definitio
564 1974 600 2003 et
629 1966 914 2013 demonstratio,
937 1966 1004 2003 etsi
1025 1979 1103 2003 non
1124 1966 1249 2003 omnis
1279 1966 1375 2003 eius-

300 2020 389 2057 dem
402 2021 433 2057 *.
444 2021 493 2057 Et
508 2020 671 2058 ostendit
683 2019 790 2068 ¹quod
806 2032 897 2067 non,
909 2020 1028 2057 tribus
1039 2020 1258 2057 rationibus.
1271 2021 1375 2067 Qua-

300 2086 386 2111 rum
401 2074 525 2123 prima
542 2082 609 2121 est,
626 2073 714 2122 quia
730 2073 900 2111 definitio
922 2082 976 2111 est
995 2074 1273 2111 manifestativa
1293 2074 1374 2111 eius

300 2128 401 2176 quod
418 2127 509 2176 quid
526 2133 580 2164 est
598 2135 634 2164 et
662 2127 904 2174 substantiae,
926 2127 1022 2165 idest
1042 2127 1227 2165 essentiae
1253 2127 1374 2165 cuius-

299 2182 389 2218 libet
409 2181 472 2218 rei.
494 2180 850 2218 Demonstrationes
875 2189 1003 2219 autem
1023 2182 1098 2219 hoc
1119 2194 1198 2219 non
1217 2182 1376 2219 manife—

300 2242 409 2282 stant,
437 2235 504 2272 sed
542 2242 780 2284 supponunt;
811 2235 906 2272 sicut
934 2235 973 2272 in
1001 2235 1278 2273 mathematicis
1312 2236 1377 2274 de-

300 2288 640 2326 monstrationibus
661 2288 919 2327 arithmeticae
945 2289 1173 2338 supponitur
1201 2289 1293 2338 quid
1323 2297 1378 2327 est

300 2342 423 2379 unitas
453 2349 489 2379 et
512 2342 602 2391 quid
637 2350 692 2379 est
711 2342 835 2391 impar
857 2344 895 2390 *3
919 2350 955 2380 et
974 2342 1094 2380 simile
1124 2351 1179 2380 est
1197 2343 1241 2364 *³⁸
1262 2342 1377 2380 etiam

301 2395 339 2432 in
368 2395 447 2432 aliis
469 2395 866 2434 demonstrationibus.
893 2398 995 2445 Ergo
1020 2409 1100 2434 non
1124 2405 1180 2434 est
1203 2397 1377 2434 eiusdem

302 2449 574 2486 demonstratio
604 2457 640 2486 et
668 2449 850 2486 definitio.

363 2515 375 2539 1
390 2515 402 2539 1
412 2531 420 2540 .
434 2502 652 2540 Secundam
664 2501 850 2540 rationem
860 2503 968 2552 ponit
982 2503 1050 2541 ibi:
1067 2503 1241 2553 Amplius
1256 2504 1378 2541 omnis

358 2664 381 2698 ξ)
400 2664 483 2690 Unius
497 2664 576 2694 enim,
591 2664 617 2689 in
633 2667 762 2697 quantum
775 2666 815 2688 est
829 2671 910 2689 unum
925 2665 1079 2690 eta-Circa
1091 2664 1156 2690 hanc
1170 2665 1374 2698 propositionem

303 2701 446 2726 notandum
466 2708 525 2724 cum
545 2699 666 2724 Caietano
688 2699 755 2732 (Op.
769 2705 795 2724 et
814 2700 862 2724 loc.
877 2699 927 2729 cit„
947 2700 997 2725 col.
1013 2700 1043 2733 3)
1063 2701 1134 2733 quod
1153 2700 1297 2733 propositio
1315 2709 1378 2726 vera

304 2742 357 2767 est,
375 2736 506 2768 loquendo
526 2736 558 2760 de
572 2736 678 2760 scientia
692 2743 770 2768 quam
790 2743 833 2760 res
853 2735 949 2760 scibilis
969 2743 999 2760 ex
1018 2743 1048 2760 se
1067 2736 1154 2768 exigit,
1169 2744 1217 2761 seu
1232 2742 1338 2769 generat
1352 2737 1378 2761 in

304 2772 379 2797 nobis
399 2771 442 2803 (cf.
457 2771 466 2795 1
486 2770 583 2800 Perih.¹
606 2771 664 2796 lect.
678 2778 714 2800 111,
730 2779 756 2795 n.
771 2778 796 2803 7,
812 2776 837 2795 et
852 2776 905 2795 not.
919 2771 962 2803 η);
982 2779 1041 2795 nam
1061 2779 1104 2796 res
1119 2772 1185 2796 sicut
1201 2779 1230 2796 se
1249 2771 1326 2796 habet
1345 2772 1377 2796 ad

305 2815 372 2837 esse,
392 2808 425 2831 ita
445 2815 474 2831 se
492 2806 569 2831 habet
588 2807 619 2831 ad
637 2807 757 2839 cognosci
777 2806 843 2838 (rem
863 2807 931 2830 enim
951 2814 1024 2838 esse,
1044 2812 1069 2831 et
1088 2815 1148 2831 esse
1161 2807 1377 2838 cognoscibilem,

304 2843 373 2868 idem
388 2847 449 2867 sunt
461 2842 571 2872 realiter,
590 2842 710 2874 quamvis
729 2842 835 2866 rationis
855 2842 1017 2867 distinctione
1036 2842 1175 2875 differant).
1190 2843 1223 2867 Et
1241 2848 1378 2876 propterea

305 2879 326 2904 si
346 2886 388 2903 res
403 2885 456 2902 una
474 2882 522 2908 est,
536 2883 565 2902 ut
579 2878 616 2902 sic
629 2878 734 2902 unicum
747 2877 823 2910 exigit
842 2877 994 2911 cognitionis
1009 2886 1072 2903 suae
1087 2879 1204 2903 modum.
1221 2878 1278 2903 Hoc
1298 2886 1378 2903 sensu

305 2914 470 2946 intelligenda
494 2918 534 2938 est
558 2914 702 2946 propositio
721 2914 855 2938 enunciata
879 2921 893 2938 a
912 2921 934 2938 s.
951 2913 1054 2938 Thoma
1074 2922 1134 2938 cum
1159 2914 1378 2939 Aristotele.—Ex

305 2956 377 2982 parte
395 2954 482 2974 autem
506 2949 587 2974 nostri
607 2948 667 2973 nihil
688 2948 807 2982 prohibet
822 2949 962 2981 quominus
975 2949 1178 2982 multiplicentur
1196 2949 1267 2974 modi
1281 2957 1376 2982 cogno-

307 2985 394 3010 scendi
413 2992 492 3009 unam
513 2990 538 3009 et
557 2985 675 3009 eamdem
695 2992 766 3014 rem,
790 2990 851 3016 puta
875 2992 889 3009 a
908 2984 986 3016 priori
1004 2985 1046 3009 vel
1066 2993 1081 3009 a
1099 2985 1250 3018 posteriori,
1273 2993 1320 3018 per
1338 2993 1378 3010 ra-

305 3021 402 3046 tionem
417 3020 457 3044 vel
470 3028 516 3052 per
531 3021 716 3050 auctoritatem,
731 3026 780 3045 etc.
796 3020 870 3045 Unde
886 3028 939 3044 non
954 3021 987 3045 de
1001 3020 1155 3053 cognitionis
1168 3021 1247 3046 modo
1262 3028 1292 3045 ex
1306 3026 1379 3054 parte

306 3062 394 3081 nostra
413 3055 528 3088 loquitur
546 3055 588 3080 hic
607 3063 630 3080 s.
644 3055 771 3080 Thomas.

361 3092 386 3124 ο)
409 3091 478 3122 Quia
497 3091 595 3116 habens
614 3091 793 3125 definitionem
813 3090 1069 3116 etc.—ACDFGlLS
1094 3096 1120 3117 et
1138 3099 1164 3124 p.
1183 3100 1219 3116 m.
1238 3091 1299 3116 KN:
1315 3091 1379 3124 quia

306 3127 402 3152 habere
409 3134 418 3156 ‚·
442 3127 478 3151 E:
496 3127 567 3159 quod
585 3126 631 3159 qui
649 3126 772 3155 haberet,·
787 3127 824 3151 H:
845 3127 918 3159 quod
935 3127 1032 3152 habere
1050 3127 1319 3156 demonstrationem,·
1338 3127 1378 3153 0:

306 3162 378 3195 quod
397 3162 510 3191 habens;
529 3162 550 3187 N
571 3170 593 3187 s.
613 3170 647 3187 m.
668 3170 779 3195 expung.
799 3162 895 3187 habere
902 3169 911 3191 ;
934 3162 972 3193 Q:
992 3166 1018 3187 et
1036 3163 1143 3189 habens.
1157 3177 1175 3182 —
1189 3163 1239 3188 Pro
1254 3163 1342 3193 sciret,
1357 3163 1379 3188 C

308 3203 332 3222 et
347 3206 369 3223 s.
385 3206 419 3223 m.
434 3198 471 3222 D:
486 3200 525 3222 est
537 3198 618 3228 scire;
633 3206 655 3223 s.
669 3205 704 3222 m.
718 3198 753 3222 K:
763 3201 854 3229 posset
872 3198 954 3225 scire:
973 3198 993 3222 F
995 3198 1048 3223 GIS
1063 3204 1089 3224 et
1101 3207 1126 3231 p.
1141 3207 1177 3223 m.
1190 3199 1251 3224 DK:
1270 3199 1348 3224 scire.

361 3234 390 3266 π)
411 3233 526 3266 Inquirit
545 3237 634 3258 utrum
653 3234 689 3258 sit
704 3234 831 3265 possibile
849 3234 1005 3258 etc.—Haec
1030 3239 1070 3259 est
1089 3235 1161 3259 tertia
1187 3234 1326 3267 disputatio
1346 3234 1379 3260 de

308 3268 427 3293 definibili
442 3274 467 3294 et
486 3269 518 3293 de
533 3269 734 3298 demonstrabili‚
750 3277 818 3301 quae
833 3270 1004 3301 principaliter
1023 3275 1143 3295 movetur
1157 3270 1183 3295 in
1197 3270 1244 3295 hac
1259 3271 1378 3296 lectione.

309 3304 506 3329 ordinatissime
525 3309 611 3329 autem
626 3310 651 3329 et
670 3305 701 3329 ad
717 3305 788 3336 leges
803 3304 901 3336 logicae
921 3305 1021 3330 ducitur
1036 3305 1098 3330 haec
1113 3306 1261 3338 disputatio.
1275 3305 1378 3331 Etenim

309 3339 392 3371 primo
411 3341 543 3372 quaeritur
556 3343 645 3364 utrum
660 3347 738 3365 omne
756 3340 962 3365 demonstrabile
975 3341 1010 3366 sit
1025 3341 1155 3374 definibile
1169 3341 1206 3374 (n.
1221 3341 1262 3374 3);
1277 3347 1303 3366 et
1317 3349 1378 3367 con—

309 3375 411 3400 clusum
430 3381 469 3400 est
489 3375 525 3407 (n.
539 3383 557 3407 4
576 3381 601 3400 et
624 3376 710 3408 seqq.)
736 3383 788 3400 non
808 3383 886 3401 omne
910 3377 1118 3402 demonstrabile
1136 3384 1193 3402 esse
1207 3377 1347 3410 definibile.
1360 3391 1379 3396 —

309 3410 360 3435 Sed
379 3418 409 3435 ex
428 3410 475 3435 hac
495 3411 652 3436 resolutione
671 3412 798 3436 enascitur
822 3412 929 3436 dubium
948 3413 1106 3445 oppositum.
1127 3413 1193 3437 Nam
1212 3413 1279 3437 sicut
1297 3420 1327 3438 ex
1346 3420 1378 3438 eo

309 3446 380 3478 quod
399 3454 451 3471 non
471 3454 548 3471 omne
566 3447 669 3471 animal
687 3450 726 3471 est
739 3447 824 3477 homo,
840 3455 891 3472 non
911 3448 1029 3480 sequitur
1048 3448 1118 3480 quod
1134 3456 1186 3474 non
1200 3448 1288 3474 omm's
1300 3448 1378 3474 homo

309 3481 478 3510 sitanima15
503 3482 536 3506 ita
560 3489 589 3506 ex
614 3490 646 3506 eo
670 3483 741 3515 quod
766 3490 818 3507 non
843 3490 920 3508 omne
943 3483 1149 3508 demonstrabile
1172 3487 1212 3509 est
1236 3483 1376 3517 definibile,

310 3523 362 3540 non
383 3517 500 3549 sequitur
524 3517 594 3549 quod
620 3525 671 3542 non
691 3525 768 3542 omne
792 3518 923 3551 definibile
947 3519 982 3544 sit
1006 3519 1224 3549 demonstrabile,
1250 3519 1298 3544 nisi
1317 3527 1377 3552 pro-

310 3551 384 3575 betur
403 3552 465 3576 haec
484 3553 627 3578 conversio,
643 3553 708 3577 Hinc
728 3553 865 3585 disputatio
885 3554 976 3579 altera:
992 3557 1081 3579 utrum
1096 3562 1174 3579 omne
1192 3555 1323 3588 definibile
1341 3555 1378 3580 sit

311 3586 515 3612 demonstrabile
534 3588 569 3620 (n.
585 3587 621 3620 8).
636 3588 798 3621 Disputando
818 3590 956 3614 resolvitur
974 3590 1091 3622 negative
1111 3590 1165 3623 (nn.
1180 3589 1206 3620 8,
1219 3590 1256 3623 9).
1275 3590 1327 3615 Sed
1346 3598 1377 3615 ex

866 225 1254 264 POSTERIORUM
1282 224 1714 261 ANALYTICORUM
1742 224 1837 260 LIB.
1869 225 1914 261 ΙΙ.

1421 303 1688 339 demonstratio
1718 309 1806 350 etc.;
1828 315 1926 351 quae
1956 302 2039 340 talis
2068 310 2136 340 est.
2157 304 2202 340 In
2231 316 2277 340 eo
2298 304 2405 353 quod
2432 317 2503 355 per

1421 356 1790 393 demonstrationem
1807 356 2046 393 concluditur
2061 357 2093 403 ²²,
2103 357 2345 405 praedicatur
2360 358 2501 407 aliquid

1423 410 1471 446 de
1500 410 1628 458 aliquo
1647 410 1710 446 vel
1730 410 1958 447 affirmative
1987 411 2050 447 vel
2069 410 2264 458 negative:
2290 412 2359 449 sed
2379 411 2418 449 in
2437 412 2502 450 de-

1423 463 1594 500 finitione
1620 476 1699 500 non
1718 463 1958 512 praedicatur
1976 470 1992 495 Ρ
2011 464 2153 512 aliquid
2173 464 2221 501 de
2241 465 2385 513 aliquo;
2406 466 2502 503 sicut

1423 516 1462 553 in
1490 517 1562 553 hac
1591 517 1824 564 definitione,
1849 519 1963 555 homo
1983 523 2038 554 est
2058 518 2205 554 animal
2232 519 2344 567 bipes,
2375 530 2501 568 neque

1424 570 1565 607 animal
1584 570 1825 619 praedicatur
1844 571 1891 608 de
1912 571 2062 620 bipede,
2080 583 2205 620 neque
2225 571 2333 622 bipes
2354 571 2401 609 de
2421 572 2500 609 ani-

1425 623 1527 661 mali.
1549 625 1598 660 Et
1617 624 1787 661 similiter
1805 624 1843 661 in
1862 625 1935 661 hac
1956 625 2188 672 definitione,
2214 625 2377 662 circulus
2397 626 2418 647 *
2438 634 2503 664 aut

1425 677 1639 727 triangulus
1653 683 1708 714 est
1713 679 1852 727 figura
1862 678 1995 726 plana,
2007 691 2079 715 nec
2093 680 2252 728 planum
2262 679 2503 728 praedicatur

1426 731 1474 767 de
1493 731 1628 778 figura,
1650 743 1774 779 neque
1792 743 1811 767 e
1829 743 2030 769 converso.
2047 732 2088 768 Si
2103 733 2206 769 enim
2221 741 2348 782 partes
2368 733 2502 771 defini-

1425 784 1536 821 tionis
1565 784 1861 832 adiungerentur
1883 784 1955 821 sibi
1979 785 2158 833 invicem,
2185 794 2377 834 oporteret
2395 787 2503 836 quod

1424 837 1657 887 praedicatio
1668 837 1936 886 intelligeretur
1949 850 2019 887 per
2032 839 2195 876 modurn
2208 840 2502 878 convenientem

1426 891 1650 939 definitioni,
1671 891 1810 928 scilicet
1833 891 1872 928 in
1896 903 1943 928 eo
1968 893 2070 940 quod
2091 892 2182 941 quid
2203 898 2259 929 est
2275 893 2308 930 *.
2330 894 2417 930 Hoc
2437 906 2503 931 au-

1426 945 1536 982 tem*
1551 957 1632 982 non
1650 944 1839 983 videmus.
1857 946 1942 982 Nec
1963 945 2066 982 enim
2090 957 2210 994 genus
2230 946 2469 995 praedicatur
2487 953 2502 968 ‘

1427 999 1465 1036 in
1481 1010 1527 1035 eo
1539 999 1645 1047 quod
1656 998 1747 1047 quid
1761 1006 1817 1035 est
1831 998 1880 1036 de
1897 998 2120 1047 differentia,
2130 995 2255 1048 neque
2267 1012 2288 1036 e
2300 1013 2501 1039 converso.

1427 1053 1520 1089 Non
1540 1064 1630 1100 ergo
1652 1052 1823 1089 eiusdem
1844 1059 1901 1089 est
1919 1052 2090 1090 definitio
2115 1060 2151 1090 et
2170 1053 2456 1092 demonstratio.

1488 1117 1546 1143 12.
1567 1105 1740 1142 Tertiam
1765 1105 1951 1143 rationem
1975 1106 2083 1156 ponit
2110 1106 2179 1143 ibi:
2208 1108 2383 1157 Amplius
2414 1108 2503 1146 alte-

1428 1172 1515 1196 rum
1543 1160 1726 1208 estquod
1742 1160 1833 1208 quid
1859 1165 1914 1196 est
1940 1167 2024 1206 etc.;
2046 1168 2083 1197 et
2110 1160 2199 1198 dicit
2217 1162 2324 1210 quod
2342 1163 2504 1199 alterum

1429 1221 1485 1250 est
1513 1213 1754 1251 manifestare
1774 1213 1876 1262 quod
1893 1213 1984 1262 quid
2001 1219 2057 1250 est
2074 1221 2110 1250 et
2128 1215 2217 1263 quia
2237 1221 2305 1262 est,
2332 1223 2375 1253 ut
2400 1223 2506 1265 patet

1429 1267 1468 1304 in
1488 1266 1698 1304 differentia
1718 1266 1986 1316 quaestionum
2013 1279 2129 1316 supra
2156 1267 2330 1317 posita*:
2351 1270 2419 1307 sed
2440 1269 2505 1307 de-

1429 1320 1550 1357 finitio
1579 1320 1771 1358 ostendit*
1787 1321 1834 1358 de
1863 1320 1991 1369 aliquo
2020 1321 2111 1370 quid
2137 1327 2209 1365 est‚·
2230 1321 2505 1360 demonstratio

1430 1382 1559 1411 autern
1580 1375 1600 1396 '⁸
1620 1374 1785 1412 ostendit
1813 1374 2042 1411 affirmative
2066 1375 2129 1412 vel
2159 1376 2335 1423 negative
2363 1376 2506 1426 aliquid

1431 1439 1513 1465 esse
1533 1427 1581 1465 de
1596 1428 1724 1478 aliquo
1743 1429 1806 1465 vel
1827 1440 1907 1465 non
1927 1440 2022 1466 esse,
2042 1428 2230 1466 Videmus
2249 1437 2378 1468 autem
2398 1430 2507 1481 quod

1430 1481 1582 1518 alterius
1615 1481 1670 1518 rei
1703 1481 1775 1518 alia
1808 1488 1864 1518 est
1901 1481 2175 1519 demonstratio
2188 1512 2198 1531 ,
2231 1483 2304 1521 nisi
2335 1484 2398 1522 illa
2427 1484 2505 1522 duo

1430 1547 1471 1571 se
1491 1535 1658 1572 habeant
1682 1534 1731 1571 ad
1751 1534 1918 1572 invicem
1947 1534 2042 1572 sicut
2069 1542 2193 1573 totum
2222 1544 2259 1574 et
2280 1550 2387 1587 pars;
2417 1538 2507 1587 quia

1430 1596 1520 1625 tunc
1538 1601 1616 1626 una
1637 1596 1673 1626 et
1693 1587 1830 1625 eadem
1851 1596 1949 1625 esset
1968 1588 2244 1627 demonstratio
2260 1590 2308 1628 de
2327 1598 2505 1641 utroque.

1432 1641 1538 1679 Sicut
1556 1642 1819 1679 demonstrato
1838 1641 1945 1690 quod
1971 1641 2178 1690 triangulus
2203 1643 2320 1681 habet
2344 1652 2420 1682 tres
2441 1657 2507 1683 an-

1430 1697 1539 1744 gulos
1554 1696 1733 1745 aequales
1745 1695 1897 1732 duobus
1913 1695 2034 1742 rectis,
2047 1695 2366 1735 similiter*etiam
2382 1706 2508 1737 osten-

1430 1762 1517 1787 sum
1538 1757 1594 1787 est
1613 1749 1661 1787 de
1676 1749 1846 1797 isoscele,
1863 1749 1930 1798 qui
1944 1762 1986 1787 se
2000 1750 2117 1787 habet
2136 1750 2186 1788 ad
2209 1751 2440 1800 triangulum
2459 1752 2508 1790 si·

1431 1811 1494 1841 cut
1510 1816 1600 1853 pars
1619 1803 1668 1841 ad
1687 1811 1823 1841 toturn.
1851 1803 1929 1841 Sed
1950 1815 2030 1840 non
2051 1803 2101 1841 ita
2121 1811 2178 1842 est
2201 1803 2240 1842 in
2259 1805 2318 1842 his
2337 1806 2506 1855 duobus,

1430 1857 1519 1906 quia
1535 1863 1590 1894 est
1603 1865 1639 1894 et
1657 1858 1749 1906 quid
1765 1863 1836 1894 est:
1856 1865 2036 1894 neutrum
2052 1857 2155 1895 enirn
2171 1866 2227 1895 est
2239 1871 2329 1908 pars
2344 1860 2507 1899 alterius.

1491 1912 1549 1949 13.
1571 1911 1781 1949 Ostensum
1797 1918 1853 1948 est
1875 1910 1985 1959 igitur
2001 1911 2136 1960 *quod
2155 1924 2228 1950 nec
2255 1913 2382 1951 omnis
2402 1913 2509 1952 cuius

1431 1972 1487 2001 est
1515 1964 1699 2012 definitio,
1720 1965 1766 2002 sit
1790 1964 2078 2013 demonstratio,
2108 1978 2235 2015 neque
2264 1979 2285 2004 e
2306 1979 2507 2006 converso.

1431 2018 1480 2055 Et
1508 2030 1555 2055 ex
1582 2018 1658 2056 hoc
1685 2018 1841 2056 ulterius
1875 2019 2052 2056 concludi
2079 2027 2206 2068 potest
2233 2020 2341 2068 quod
2370 2021 2509 2060 nullius

1432 2071 1605 2109 eiusdem
1635 2071 1725 2118 sint3
1756 2080 1793 2109 et
1820 2072 1925 2121 quod
1956 2071 2127 2110 definitio
2161 2080 2198 2110 et
2231 2074 2507 2112 demonstratio

1431 2138 1556 2174 neque
1585 2125 1693 2163 sint*
1714 2126 1830 2173 idem,
1860 2138 1986 2175 neque
2014 2139 2136 2164 unum
2166 2127 2212 2164 sit
2243 2127 2282 2165 in
2311 2127 2384 2166 alio
2414 2127 2511 2166 sicut

1430 2191 1519 2229 pars
1539 2179 1750 2217 subiectiva
1768 2185 1782 2201 '¹
1801 2180 1840 2217 in
1859 2192 1929 2217 suo
1950 2188 2050 2227 toto;
2070 2180 2161 2230 quia
2181 2189 2375 2231 oporteret
2401 2182 2508 2231 quod

1432 2234 1547 2271 etiarn
1577 2245 1622 2270 ea
1654 2245 1822 2282 quorum
1851 2241 1949 2281 sunt,
1971 2248 2011 2273 se
2036 2235 2223 2272 haberent
2249 2248 2319 2285 per
2346 2235 2511 2274 modum

1431 2288 1545 2326 totius
1574 2294 1611 2324 et
1636 2288 1764 2337 partis,
1795 2287 1845 2325 ita
1873 2287 2013 2326 scilicet
2040 2288 2147 2338 quod
2171 2301 2287 2326 omne
2317 2289 2510 2327 definibile

1433 2350 1531 2380 esset
1551 2341 1861 2391 demonstrabile,
1877 2350 1943 2380 aut
1962 2355 1982 2380 e
2003 2354 2204 2381 converso.
2222 2343 2339 2390 Quod
2354 2355 2470 2394 supra
2489 2344 2511 2366 ⁸

1432 2396 1693 2446 improbatum
1722 2403 1789 2433 est.

1485 2450 1630 2488 Ultimo
1663 2449 1893 2499 epilogando
1919 2451 1939 2472 *¹
1969 2449 2161 2489 concludit
2196 2462 2323 2500 usque
2357 2450 2407 2488 ad
2434 2451 2511 2489 hoc

1432 2515 1658 2553 processum
1688 2515 1770 2540 esse
1800 2503 2036 2554 opponendo
2058 2505 2090 2542 *.

1427 2665 1477 2690 hac
1495 2666 1609 2690 secunda
1627 2665 1787 2691 resolutione
1806 2673 1859 2690 non
1877 2666 2008 2699 completa
2026 2664 2110 2690 adhuc
2133 2669 2174 2690 est
2198 2665 2338 2699 disputatio
2363 2665 2396 2691 de
2420 2665 2511 2692 defini-

1430 2701 1473 2726 bili
1487 2706 1512 2726 et
1527 2701 1731 2726 demonstr-abili.
1746 2701 1812 2726 Nam
1827 2709 1880 2726 non
1894 2701 2027 2734 sequitur:
2042 2708 2094 2726 non
2110 2707 2188 2726 omne
2201 2700 2333 2735 definibile
2347 2704 2387 2727 est
2401 2701 2511 2728 demon-

1429 2736 1554 2767 strabile:
1567 2743 1633 2770 ergo
1651 2737 1762 2770 aliquod
1776 2736 1909 2770 definibile
1926 2744 1980 2762 non
1999 2740 2040 2762 est
2053 2736 2276 2762 demonstrabile:
2298 2744 2351 2762 non
2371 2744 2450 2763 omne
2461 2737 2508 2764 de·

1431 2772 1603 2797 monstrabile
1621 2775 1661 2797 est
1680 2772 1825 2805 definibile;
1843 2779 1909 2806 ergo
1928 2772 2039 2804 aliquod
2057 2771 2268 2797 demonstrabile
2286 2779 2339 2797 non
2359 2776 2400 2798 est
2418 2773 2511 2807 defini·

1431 2807 1489 2833 bile.
1505 2807 1640 2838 Quocirca,
1658 2808 1758 2840 negatis
1777 2807 2001 2840 propositionibus
2020 2807 2203 2832 universaliter
2221 2807 2347 2840 sumptis,
2367 2808 2511 2836 videndum

1431 2848 1471 2868 est
1492 2851 1525 2868 an
1544 2843 1621 2868 etiam
1641 2842 1693 2868 sint
1711 2843 1844 2876 negandae
1862 2843 2023 2876 respectivae
2038 2843 2230 2876 propositiones
2250 2844 2428 2876 particulares.
2441 2844 2509 2870 Hinc

1431 2880 1506 2904 tertia
1524 2878 1662 2911 disputatio
1682 2878 1719 2910 (n.
1736 2877 1791 2910 ιο),
1811 2878 1836 2903 in
1856 2886 1908 2911 qua
1927 2884 2056 2911 negantur
2080 2878 2158 2904 etiam
2177 2879 2242 2904 ieme
2261 2879 2428 2912 particulare·
2447 2887 2510 2906 eon-

1432 2914 1571 2944 clusiones,
1586 2913 1720 2939 inferendo
1733 2914 1835 2939 nullum
1850 2914 2058 2940 demonstrabile
2070 2921 2127 2940 esse
2140 2914 2279 2948 definibile,
2294 2920 2320 2940 et
2333 2915 2393 2940 ideo
2406 2916 2510 2942 nullum

1432 2949 1565 2983 definibile
1583 2956 1638 2975 esse
1657 2949 1864 2976 demonstrabile
1884 2948 1921 2984 (n.
1939 2958 1970 2975 ιο
1989 2955 2015 2975 et
2033 2949 2138 2985 seqq.):
2153 2955 2179 2975 et
2197 2958 2244 2983 per
2257 2950 2327 2976 hunc
2345 2951 2456 2977 modum
2471 2951 2510 2977 di-

1432 2986 1545 3018 sputatio
1564 2985 1689 3018 expletur.

1485 3022 1511 3054 ρ)
1530 3021 1591 3046 Νοη
1608 3021 1880 3053 praedicatum—EG
1899 3026 1925 3046 et
1940 3029 1962 3047 s.
1976 3029 2013 3047 m.
2028 3021 2137 3046 CKMN:
2151 3021 2261 3047 omnino
2279 3029 2333 3047 non
2348 3022 2461 3055 praed-,-
2474 3022 2508 3048 11,

1432 3061 1458 3081 et
1476 3064 1502 3090 p.
1515 3064 1550 3081 m.
1564 3056 1682 3082 CDKMN
1691 3065 1698 3081 :
1717 3057 1840 3087 omnino,
1860 3065 1914 3082 om.
1930 3064 1982 3082 non
1990 3064 2000 3087 ,·
2019 3057 2037 3082 S
2050 3057 2110 3082 hab.
2125 3065 2176 3082 ru.
2190 3071 2210 3076 -
2223 3057 2317 3088 Quoad
2332 3065 2364 3083 ea
2381 3065 2451 3091 quae
2467 3057 2510 3084 hic

1432 3092 1464 3117 de
1483 3090 1631 3117 definitione
1649 3097 1803 3117 asseruntur
1822 3092 1853 3118 cf.
1869 3100 1947 3125 supra
1966 3098 2019 3118 not.
2033 3101 2061 3128 χ.

1485 3127 1512 3160 o)
1534 3129 1626 3153 Genus
1637 3128 1814 3160 praedicatur
1832 3133 1881 3154 etc.
1890 3141 1910 3149 -
1919 3129 1964 3154 Fl:
1980 3135 2065 3162 genus
2074 3128 2255 3161 praedicatur
2269 3128 2303 3154 de
2314 3129 2344 3154 di

1431 3171 1463 3189 eo
1481 3163 1553 3196 quod
1570 3163 1643 3196 quid,
1659 3171 1743 3196 neque
1756 3168 1805 3189 etc.
1814 3177 1833 3183 -
1843 3164 1893 3189 Est
1906 3172 1960 3190 om.
1973 3165 2051 3190 etiam
2065 3165 2107 3190 alii
2121 3165 2206 3196 codd.‚
2219 3171 2273 3190 exc.
2285 3165 2336 3190 HM
2362 3182 2370 3190 .

1486 3199 1510 3232 τ)
1531 3199 1658 3233 Definitio
1677 3199 1794 3225 ostendit
1813 3199 1922 3224 etc.-N
1942 3205 1968 3225 et
1988 3208 2014 3233 p.
2029 3208 2066 3226 m.
2080 3201 2103 3225 Α
2121 3207 2176 3225 om.
2191 3199 2241 3229 de,·
2260 3199 2509 3231 BDEGIKLOQST

1431 3239 1457 3260 et
1470 3242 1494 3267 p.
1506 3242 1542 3260 m.
1552 3234 1586 3260 C:
1599 3235 1631 3260 de
1643 3235 1712 3265 ⁰¹1⁰:
1726 3235 1761 3260 F:
1772 3235 1806 3260 de
1814 3242 1882 3268 quo,·
1897 3235 1934 3260 N:
1948 3235 2003 3261 alio
2017 3235 2111 3267 modo‚·
2125 3235 2438 3269 PAFHlxNQstqutd
2451 3238 2510 3268 est,-

1432 3270 1473 3295 alii
1493 3270 1577 3295 codd.:
1592 3270 1664 3303 quod
1682 3270 1748 3304 quid
1765 3274 1806 3296 est
1811 3279 1820 3301 ,·
1840 3271 1871 3296 FI
1889 3279 1943 3296 om.
1956 3274 2005 3297 est.

1485 3306 1511 3339 υ)
1530 3306 1622 3339 Neque
1641 3314 1722 3331 unum
1742 3306 1938 3332 ete-Nomine
1957 3307 2036 3340 partis
2054 3306 2214 3333 subiectis-ae
2232 3305 2390 3340 nignifientur
2408 3306 2509 3340 apodes

1431 3341 1500 3375 (cf.1
1519 3342 1617 3372 Per-ih„
1634 3342 1692 3368 lect.
1707 3342 1725 3373 Ι,
1749 3350 1775 3367 ιι.
1788 3342 1831 3375 7),
1851 3350 1918 3376 quae
1937 3342 2081 3376 concipitur
2099 3342 2222 3368 contineri
2249 3342 2298 3368 nub
2318 3349 2414 3375 genere
2432 3342 2509 3376 quui

1432 3385 1492 3410 pars
1512 3378 1537 3402 in
1550 3385 1600 3402 suo
1613 3383 1669 3402 toto
1682 3377 1813 3411 potentiali
1829 3377 1872 3410 (cf.
1886 3386 1959 3404 num.
1974 3378 2081 3412 praee).
2100 3378 2191 3404 Genus
2205 3378 2276 3404 enim
2289 3378 2431 3404 virtualiter
2444 3384 2508 3403 σοι·

1431 3412 1494 3438 tinet
1513 3413 1623 3446 species,
1633 3418 1658 3438 et
1673 3413 1698 3438 in
1713 3421 1758 3438 eae
1773 3414 1893 3438 dividitur
1912 3414 1979 3439 sicut
1993 3419 2077 3439 totum
2092 3414 2118 3439 in
2131 3421 2194 3439 uuas
2209 3419 2309 3447 partes:
2324 3421 2348 3440 e.
2361 3421 2396 3446 g„
2408 3411 2504 3438 animal

1432 3448 1551 3474 dividitur
1570 3449 1595 3473 in
1609 3450 1719 3482 species,
1734 3457 1802 3482 quae
1815 3455 1876 3474 aunt
1889 3449 1970 3475 homo
1983 3455 2009 3475 et
2022 3449 2138 3475 brutum.
2150 3449 2212 3474 Vult
2226 3456 2290 3483 ergo
2303 3450 2388 3475 dicere
2401 3456 2424 3474 ι.
2434 3447 2508 3474 ’Πιο-

1431 3492 1488 3509 mas
1508 3484 1579 3517 quod
1598 3492 1684 3518 neque
1710 3483 1824 3510 definitio
1843 3490 1884 3510 est
1902 3485 2003 3518 species
2023 3485 2264 3515 demonstrationis,
2290 3491 2377 3518 neque
2396 3484 2507 3509 demon-

1432 3519 1521 3544 stratio
1540 3525 1580 3545 est
1599 3520 1698 3553 species
1716 3519 1958 3546 definitionis.-M:
1974 3520 2167 3546 demonstratio
2187 3527 2270 3553 neque
2287 3520 2358 3546 sicut
2376 3526 2458 3545 unum
2469 3518 2508 3544 sit

1433 3554 1458 3579 in
1478 3555 1533 3580 alio
1539 3563 1548 3585 ,·
1567 3555 1651 3586 codd.‚
1666 3563 1720 3581 exc.
1739 3556 1801 3582 DO:
1819 3556 1846 3581 in
1872 3559 1942 3586 toto,
1962 3564 2016 3581 om.
2030 3563 2093 3589 ³⁸⁴⁰?
2112 3556 2176 3582 item
2194 3555 2279 3587 codd.‚
2293 3562 2348 3581 exc.
2361 3554 2427 3580 KM:
2441 3553 2507 3587 quia
2524 3572 2525 3575 η

1432 3590 1513 3616 etiam
1532 3594 1683 3623 oporteret,-
1701 3591 1778 3622 BMQ
1793 3599 1848 3616 om.
1862 3599 1977 3624 nequens
1995 3591 2086 3617 etiam.

2427 3129 2508 3155 ticin

2528 368 2588 389 'nt

2604 369 2742 396 quaeritur,-

2530 400 2544 415 c
2559 400 2607 416 om.

2529 637 2541 649 ⁸
2554 644 2590 660 n:
2601 638 2677 660 omnic
2687 639 2744 661 circ.

2529 901 2541 912 ⁸
2551 900 2599 923 Est
2605 907 2654 924 om.
2665 902 2747 932 codd.‚

2529 933 2673 978 ⁵¹521‘f‘2‘a.
2687 961 2710 979 ο.

2533 1278 2542 1287 ·
2557 1284 2591 1300 m
2603 1277 2748 1307 partam.

2532 1391 2544 1403 ¹·
2556 1396 2600 1413 nn:
2619 1389 2748 1414 demonstr.

2533 1416 2614 1440 aliter.
2629 1429 2639 1434 -
2655 1423 2692 1440 n:
2713 1417 2753 1440 vel

2533 1443 2685 1472 affirmative.

2537 1712 2546 1721 ·
2555 1715 2662 1736 nato-r:
2673 1709 2752 1733 οὰυιια.

2536 1924 2547 1935 ·
2562 1923 2647 1947 eoae:
2662 1924 2733 1947 enin.

2536 2140 2753 2165 ‘eodm-m.-

2537 2355 2549 2367 ⁸
2562 2354 2635 2377 Num.
2645 2354 2669 2377 8.

2537 2411 2549 2424 ⁸
2557 2417 2601 2434 on:
2616 2411 2700 2434 Uitam
2709 2417 2753 2434 au-

2539 2440 2584 2460 tem
2594 2438 2661 2467 epi&
2669 2444 2702 2461 u:
2711 2438 2755 2461 ult.

2537 2465 2686 2520 gicaepgim,
2700 2498 2725 2515 n.
2732 2497 2756 2521 3,

2538 2525 2589 2546 not.
2606 2528 2633 2552 η.
