2548 4192
2387 298 2434 324 CII

921 570 1570 640 DISSERTATIO
1627 579 1710 642 V.

269 740 336 782 De
365 740 667 792 Expositione
697 744 931 794 continua,
961 757 1077 797 quae
1105 748 1361 799 appellatur
1389 749 1565 791 catena
1590 751 1760 802 Aurea,
1789 755 1835 796 in
1864 760 2056 807 quatuor
2082 759 2356 813 Evangelia:

807 817 950 868 deque
984 817 1149 870 Operis
1182 821 1345 870 pretio,
1377 824 1564 863 textura
1597 826 1643 864 et
1675 827 1820 868 modo.
2331 815 2334 819 7

617 1284 811 1324 CAPUT
840 1287 867 1324 I.

202 1358 329 1394 Vet‘erum
347 1368 504 1401 scriptorum
528 1367 580 1394 fide
599 1375 689 1395 sancto
707 1369 828 1396 Thomae
847 1371 976 1397 adseritur
994 1372 1086 1406 Opus,
1113 1373 1185 1406 quod
1203 1373 1285 1406 vulgo

256 1403 354 1430 Catena
366 1404 455 1430 Aurea
473 1405 499 1430 in
519 1409 634 1438 quatuor
647 1406 789 1440 Evangelia
807 1407 965 1433 inscribitur.
990 1408 1076 1441 Ipsius
1090 1408 1211 1434 Thomae
1229 1417 1284 1434 am-

254 1439 406 1473 plissimum
420 1440 612 1467 testimonium:
627 1442 746 1476 ratioque
760 1442 786 1468 in
801 1450 834 1468 eo
847 1444 1010 1469 contexendo
1025 1444 1114 1478 Opere
1129 1450 1238 1470 servam.

302 1554 312 1559 ἶ
419 1543 424 1546 μ
538 1516 674 1547 ontinua
695 1527 794 1558 super
813 1523 955 1559 quatuor
972 1518 1204 1560 Evangelistas
1221 1519 1284 1550 Ex-

307 1562 389 1616 7⁴3¹
408 1579 434 1622 β
459 1583 466 1605 3
502 1557 523 1605 ῥ’
537 1561 668 1602 positio,
686 1562 862 1594 latinorum
882 1573 1134 1605 graecorumque
1152 1564 1284 1596 Patrum

309 1567 510 1686 ζὲὶὲῤ,
537 1606 699 1637 sententiis
714 1614 745 1638 et
758 1607 884 1647 glossis,
894 1607 986 1649 quasi
1000 1618 1067 1639 uno
1082 1615 1193 1639 tenore
1207 1619 1283 1640 con·

310 1678 324 1698 Ν
341 1650 512 1703 ,ἕὲὲμᾋῦ
537 1657 689 1692 textuque
713 1651 917 1691 concinnata,
944 1662 1044 1694 quam
1067 1654 1126 1684 sub
1149 1653 1282 1685 nornine

312 1690 359 1738 Ψ·
373 1701 428 1736 ’Ἶῃ
442 1699 509 1731 54
536 1695 685 1726 Thomae
715 1696 884 1738 Aquinatis
918 1697 1126 1738 manuscripti
1157 1698 1282 1730 codices

254 1748 257 1752 “
278 1739 291 1745 “
334 1711 505 1786 *wast-‘2³
535 1741 755 1780 praestabant,
789 1741 874 1783 typis
906 1741 1078 1772 commissa
1109 1741 1143 1772 in
1175 1743 1282 1774 lucem

346 1784 373 1802 ὃ
384 1787 423 1803 ἡ
479 1796 497 1803 ⁴
536 1785 639 1826 prima
661 1785 730 1816 vice
748 1785 869 1827 prodiit
882 1786 1007 1817 Romae
1022 1787 1055 1817 in
1071 1787 1177 1818 Domo
1193 1787 1283 1819 Petri

197 1835 230 1862 et
242 1829 413 1863 Francisci
425 1831 466 1863 de
479 1831 638 1862 Maximis
653 1840 739 1860 anno
760 1839 842 1872 1470
863 1830 992 1861 duobus
1007 1831 1228 1862 voluminibus
1246 1832 1280 1863 in

196 1874 254 1907 fol.
279 1876 528 1917 comprehensa,
545 1874 810 1916 praesidentibus
842 1875 995 1906 Conrado
1028 1875 1220 1907 Sweinheim
1250 1883 1281 1908 et

194 1918 342 1952 Arnoldo
351 1921 519 1963 Pannartz
529 1931 565 1952 ac
580 1925 831 1961 recognoscente
840 1919 968 1951 Ioanne
976 1920 1110 1952 Andrea
1120 1921 1279 1963 Episcopo

194 1964 359 1997 Aleriensi
375 1965 409 1997 in
428 1965 570 2004 Corsica,
589 1965 646 2007 qui
665 1964 753 2005 apud
767 1964 965 2005 Raphaelem
980 1965 1226 1997 Volaterranum
1241 1966 1279 1997 li-

195 2009 254 2040 bro
272 2009 346 2042 XXI
365 2010 620 2052 ,antropologiae
644 2011 676 2040 in
698 2009 854 2040 librorum
875 2009 954 2041 locis
973 2010 1183 2042 emendandis
1207 2012 1279 2043 iure

195 2052 362 2087 laudatur.
373 2055 527 2086 Ioannem
534 2055 716 2086 Antonium
725 2064 892 2095 perperam
902 2061 996 2085 vocat
1005 2054 1114 2095 ipsum
1122 2055 1278 2096 Ughellus

193 2098 228 2131 in
244 2098 388 2131 eiusdem
403 2100 562 2131 Ecclesiae
581 2099 707 2131 tabulis.
733 2099 826 2130 Hanc
849 2099 987 2140 primam
1003 2098 1068 2130 fere
1090 2099 1277 2132 innumerae

193 2150 320 2176 secutae
343 2151 418 2176 sunt
441 2145 519 2176 aliae
543 2144 717 2183 editiones,
742 2143 911 2184 multiplici
939 2150 1094 2186 typorum
1116 2143 1218 2185 figura
1241 2156 1277 2177 ac

192 2188 400 2220 voluminum
414 2189 530 2228 forma,
546 2188 666 2220 ibidem
682 2189 806 2220 Romae
822 2195 854 2219 et
868 2188 1108 2230 Norimbergae,
1123 2189 1275 2230 Venetiis,

192 2233 662 2274 Lugduni,Coloniae,Parisiis‚
669 2233 1061 2274 Rotomagi,Antuerpiae,
1068 2233 1152 2273 alibi;
1160 2235 1276 2266 eodem

192 2284 315 2310 retento
338 2278 487 2310 Thomae
510 2278 680 2322 Aquinatis
704 2278 852 2316 nomine,
876 2277 1014 2319 ipsoque
1029 2278 1135 2319 Opere
1160 2279 1275 2310 doctis-

192 2322 352 2354 simorum
369 2323 514 2355 virorum
532 2323 639 2354 studio
654 2333 690 2354 ac
705 2333 780 2354 cura
798 2322 979 2363 diligentius
999 2333 1122 2362 recuso,
1138 2331 1274 2365 purgato

191 2367 328 2408 mendis,
343 2367 369 2399 si
388 2378 471 2410 quae
494 2368 698 2409 irrepserant,
723 2367 902 2409 additisque
925 2367 1074 2399 locorum
1098 2368 1273 2408 indicibus,

191 2422 230 2444 ex
250 2412 375 2454 *quibus
406 2413 615 2454 depromptae
645 2413 778 2444 Patrum
807 2412 1064 2454 scriptorumque
1100 2414 1274 2444 sententiae

191 2456 415 2496 credebantur,
437 2458 646 2498 locupletato.

258 2502 358 2540 Quod
377 2502 541 2542 egregium
555 2502 648 2542 Opus
668 2502 706 2531 ab
721 2501 876 2541 Angelico
890 2502 1031 2532 Doctore
1051 2501 1273 2533 elucubratum

189 2545 287 2578 fuisse
307 2546 561 2578 luculentissimo
586 2546 728 2587 produnt
749 2545 934 2576 testimonio
954 2552 1073 2576 veteres
1093 2546 1271 2587 scriptores,

188 2590 245 2632 qui
264 2590 414 2622 disertam
431 2590 631 2622 mentionem
647 2590 714 2621 eius
728 2590 888 2631 ingerunt,
908 2590 1117 2632 eiusdemque
1135 2592 1271 2622 conscri-

186 2635 283 2667 bendi
306 2635 521 2674 occasionem,
545 2642 765 2676 servatamque
789 2635 823 2665 in
847 2645 886 2666 eo
911 2635 1047 2666 texendo
1066 2635 1270 2675 methodum,

186 2679 328 2722 aliasque
346 2680 410 2711 loci
425 2691 461 2712 ac
475 2680 629 2721 temporis
649 2680 901 2711 circumstantias
921 2679 1159 2720 diligentissime
1183 2691 1270 2711 enar-

186 2731 266 2756 rant.
290 2725 418 2756 Primus
441 2725 529 2756 adest
547 2724 755 2756 Ptolomaeus
775 2724 927 2755 Lucensis
947 2725 980 2755 in
999 2724 1141 2755 Historia
1160 2725 1269 2757 eccles.

186 2769 268 2801 libro
291 2770 392 2809 XXII,
417 2770 519 2811 capite
540 2777 613 2800 xxxv
636 2769 670 2800 in
693 2769 910 2800 Muratoriana
933 2769 1133 2810 Scriptorum
1164 2770 1270 2801 Italiae

187 2813 392 2846 collectione:
418 2815 508 2846 Tianc
523 2812 612 2858 (post
626 2814 815 2845 electionem
829 2814 950 2845 Urbani
965 2814 1008 2845 IV
1025 2814 1188 2845 Pontificis
1203 2815 1269 2846 Ma-

187 2859 266 2890 ximi
285 2869 370 2890 anno
390 2869 479 2890 aerae
496 2859 634 2900 vulgaris
654 2859 748 2898 1261,
764 2859 815 2889 die
832 2869 872 2899 29
893 2857 1033 2902 augusti)
1047 2858 1166 2900 frater
1189 2860 1269 2891 Πιο-

188 2913 260 2935 mas
282 2904 379 2935 rediit
406 2904 446 2935 de
468 2905 604 2935 Parisiis
628 2914 670 2934 ex
699 2904 796 2935 certis
819 2905 927 2934 causis
958 2909 989 2934 et
1017 2904 1062 2935 ad
1080 2905 1268 2944 petitionem

194 2947 318 2979 Urbani
341 2949 443 2980 multa
459 2949 545 2990 fecit
567 2954 598 2980 et
619 2949 758 2989 scripsit,
782 2948 840 2979 sed
856 2949 1035 2989 praecipue
1057 2949 1132 2980 duo.
1161 2949 1268 2980 Unum

179 2991 270 3033 fuit,
294 2993 380 3033 quod
402 2994 550 3034 exposuit
572 2993 756 3034 Evangelia
779 2993 839 3024 sub
862 2994 953 3024 initio
977 2998 1068 3024 textu
1095 2991 1176 3036 (leg.
1195 2994 1268 3025 sub-

191 3037 300 3067 iuncto
314 3042 416 3075 textu,
431 3038 482 3068 vel
495 3037 554 3068 sub
568 3039 651 3068 miro
666 3035 833 3080 contextu)
848 3037 1050 3069 diversorum
1070 3038 1248 3069 Doctorum
1259 3062 1268 3078 ‚

191 3082 236 3112 ita
260 3086 296 3112 ut
319 3091 405 3112 unus
427 3087 542 3113 auctor
561 3082 720 3113 videatur.
753 3082 848 3119 Quod
870 3092 934 3113 non
955 3082 1031 3123 fuit
1052 3083 1123 3113 sine
1146 3093 1268 3124 magna

190 3125 349 3156 tradentis
366 3125 540 3156 subtilitate
559 3132 590 3156 et
608 3127 738 3157 omnino
760 3128 867 3157 sancti
884 3127 1026 3167 Spiritus
1044 3128 1266 3168 inspiratione,

190 3171 283 3202 cuius
301 3180 464 3211 organum
484 3171 602 3201 mirum
616 3170 699 3211 fuit.
724 3171 815 3202 Tunc
829 3172 975 3211 florebat
994 3172 1027 3202 in
1051 3171 1174 3202 Ordine
1188 3171 1268 3213 fra-

142 3216 144 3219 ’
189 3221 276 3246 trum
292 3216 460 3245 Minorum
471 3213 524 3255 fr
534 3215 780 3253 Bonaventura,
794 3217 908 3256 patria
931 3221 1042 3247 tuscus
1060 3222 1091 3247 et
1110 3218 1269 3257 magister

190 3261 223 3291 in
239 3260 413 3300 theologia,
425 3259 466 3289 de
479 3269 541 3299 quo
556 3258 647 3300 infra
661 3259 796 3290 dicetur.
811 3259 903 3291 Huic
916 3261 1068 3291 Urbanus
1081 3261 1146 3291 duo
1156 3260 1267 3292 Evan-

188 3305 278 3346 gelia
300 3303 479 3346 glossanda
503 3305 725 3334 commiserat:
746 3304 804 3335 sed
826 3314 988 3336 excusans
1005 3314 1041 3336 se
1057 3310 1195 3345 propter
1217 3305 1267 3347 ρί-

177 3349 297 3391 ficium
321 3348 406 3390 quod
429 3348 574 3386 habebat,
598 3349 674 3388 quia
697 3349 862 3389 Magister
887 3349 1057 3380 Generalis
1075 3355 1157 3387 erat,
1183 3350 1265 3380 idem

188 3394 312 3426 Doctor
329 3398 462 3424 sanctus
476 3392 593 3433 frater
620 3392 758 3423 Thomas
775 3393 942 3433 supplevit.
967 3393 1048 3423 Fato
1067 3394 1266 3424 mortalitatis

189 3439 337 3470 Urbanus
369 3437 524 3469 concessit
553 3446 638 3467 anno
667 3437 769 3475 1264,
793 3437 844 3467 die
873 3448 905 3467 11
935 3437 1091 3468 octobris:
1121 3438 1266 3478 adeoque

189 3482 308 3525 incepti
323 3482 437 3524 Operis
452 3488 579 3522 tempus
593 3480 771 3511 innotescit.
797 3481 963 3521 Inceptum
977 3481 1070 3521 Opus
1085 3481 1146 3512 aio.
1172 3482 1265 3512 Sum-

187 3537 244 3559 mo
263 3538 404 3569 namque
422 3525 568 3557 Pontifici
583 3525 713 3556 Urbano
737 3535 803 3556 una
826 3526 858 3556 in
877 3525 1079 3556 Matthaeum
1099 3525 1264 3566 Expositio

187 3582 207 3602 a
226 3579 336 3604 sancto
354 3574 495 3603 Auctore
514 3570 662 3611 inscripta
681 3570 757 3601 fuit:
782 3580 864 3611 quae
883 3576 1071 3611 sequuntur,
1090 3576 1164 3610 post
1183 3570 1264 3600 eius-

187 3616 262 3647 dem
271 3617 433 3649 Pontificis
449 3617 575 3648 obitum
589 3615 719 3656 perfecit
733 3616 800 3656 ipse
815 3614 1112 3646 Commentationes
1127 3615 1159 3644 in
1170 3615 1262 3645 Mar-

186 3670 278 3701 cum,
310 3662 432 3693 Lucam
463 3667 494 3692 et
516 3659 694 3699 Ioannem
717 3659 977 3701 nuncupavitque
1003 3659 1040 3690 fr.
1056 3658 1260 3690 Hannibaldo

334 1530 365 1554 5.
410 1532 498 1549 --ωι

1339 1292 1370 1323 S.
1391 1292 1429 1323 R.
1449 1292 1487 1323 E.
1507 1293 1694 1335 Presbytero
1714 1293 1885 1334 Cardinali,
1910 1302 1946 1327 ut
1964 1295 2046 1327 infra
2065 1297 2246 1330 dicendum.
2270 1300 2415 1332 Pontifici

1339 1344 1481 1368 mentem
1505 1337 1601 1368 fuisse
1625 1345 1661 1369 ut
1683 1338 1827 1369 laborem
1854 1340 1935 1371 inter
1958 1351 1991 1371 se
2014 1342 2204 1381 partirentur
2221 1344 2365 1385 Aquinas
2385 1352 2416 1377 et

1338 1381 1562 1413 Bonaventura
1581 1383 1779 1414 Franciscani
1799 1384 1928 1415 Ordinis
1946 1385 2069 1425 lumen,
2094 1387 2225 1429 duoque
2246 1389 2417 1430 Evangelia

1339 1433 1510 1467 exponeret
1533 1427 1620 1466 alter,
1644 1438 1680 1458 ac
1704 1427 1781 1459 alter
1804 1429 1870 1460 duo
1899 1429 2040 1471 reliqua,
2065 1431 2138 1462 satis
2166 1432 2284 1464 indicat
2305 1434 2414 1465 Ptolo-

1338 1479 1466 1502 maeus:
1489 1471 1650 1513 simulque
1669 1479 1815 1511 testatur,
1841 1474 1968 1505 veniam
1986 1475 2175 1516 impetrante
2193 1477 2417 1509 Bonaventura

1338 1516 1514 1557 quominus
1537 1517 1570 1547 id
1593 1524 1713 1557 ageret,
1737 1528 1905 1558 supremae
1927 1519 2056 1550 Ordinis
2080 1521 2296 1553 Praefecturae
2317 1533 2417 1564 quam

1337 1561 1465 1601 gerebat
1492 1562 1678 1593 muneribus
1708 1562 1901 1603 implicitus,
1930 1564 2090 1605 integrum
2121 1566 2160 1596 ab
2191 1566 2262 1607 ipso
2286 1567 2416 1599 Thoma

1337 1606 1556 1646 compositum
1580 1606 1673 1647 Opus
1697 1607 1970 1650 completumque.

1404 1651 1554 1692 Sequitur
1580 1651 1771 1682 Guillelmus
1803 1652 1841 1683 de
1867 1653 1988 1684 Tocco.
2022 1653 2057 1684 In
2081 1654 2248 1695 Aquinatis
2272 1656 2346 1687 Vita
2369 1657 2413 1688 sic

1335 1694 1430 1727 habet
1452 1695 1505 1726 ille
1521 1695 1622 1737 capite
1640 1703 1687 1727 1v:
1707 1696 1843 1737 Scripsit
1854 1698 2046 1738 praedictus
2062 1699 2187 1730 Doctor
2208 1699 2299 1740 Opus
2316 1711 2414 1742 super

1334 1746 1476 1781 quatuor
1493 1740 1689 1782 Evangelia,
1714 1741 1908 1772 Sanctorum
1930 1743 2175 1774 auctoritatibus
2198 1745 2281 1775 miro
2300 1746 2414 1777 ordine

1312 1784 1315 1785 ⁷
1334 1790 1537 1816 contextum:
1556 1795 1598 1816 ex
1615 1786 1730 1826 quibus
1743 1787 1791 1817 sic
1804 1786 2060 1827 Evangeliorum
2081 1789 2281 1820 continuavit
2298 1790 2411 1822 IJisto-

1334 1830 1430 1867 riam,
1455 1830 1550 1871 quasi
1572 1831 1670 1861 unius
1692 1830 1833 1861 doctoris
1856 1831 2005 1862 videatur
2027 1842 2096 1863 esse
2115 1833 2259 1864 Postilla.
2284 1834 2325 1865 In
2349 1845 2412 1876 quo

1337 1873 1443 1914 Opere
1457 1874 1642 1905 mirandum
1657 1875 1748 1906 Deus
1762 1875 1907 1906 creditur
1920 1876 2096 1907 ostendisse
2110 1878 2317 1917 miraculum,
2333 1881 2410 1920 quia

1332 1918 1521 1950 discurrens
1533 1929 1598 1960 per
1616 1920 1709 1950 varia
1729 1921 1927 1951 monasteria
1947 1926 1978 1951 et
1995 1921 2198 1952 diversorum
2216 1922 2410 1954 Sanctorum

1332 1963 1446 2005 legens
1469 1964 1653 2002 volumina,
1678 1974 1743 2005 pro
1766 1965 1885 1995 maiori
1900 1970 2000 2005 parte
2030 1966 2172 2006 ipsorum
2202 1969 2412 1999 auctoritates

1332 2013 1438 2039 mente
1455 2010 1600 2046 retinuit,
1622 2019 1705 2050 quas
1723 2010 1756 2039 in
1777 2009 1966 2050 exponendo
1990 2011 2122 2041 notavit.
2148 2011 2316 2048 Quaenam
2335 2022 2411 2050 vero

1331 2053 1409 2084 tanti
1429 2053 1586 2085 momenti
1610 2054 1738 2094 negotia
1761 2053 1888 2093 fuerint,
1912 2061 1948 2085 ut
1971 2061 2135 2086 summota
2158 2055 2264 2096 quiete
2286 2057 2326 2087 ad
2345 2057 2411 2088 elu-

1331 2098 1510 2129 cubrandos
1528 2098 1626 2129 libros
1645 2098 1819 2140 aptissima,
1841 2108 1906 2140 per
1931 2100 2024 2130 varia
2044 2101 2241 2131 monasteria
2266 2101 2411 2132 Thomas

1330 2142 1548 2181 discurreret,
1578 2143 1805 2185 egregiumque
1829 2153 1864 2174 ac
1887 2143 2098 2183 laboriosum,
2123 2144 2162 2175 de
2181 2155 2248 2186 quo
2264 2145 2409 2186 agimus,

1330 2197 1413 2228 opus
1433 2188 1640 2219 discursando
1665 2185 1887 2219 concinnaret?
1910 2188 2063 2219 Summos
2083 2198 2199 2229 nempe
2218 2189 2409 2229 Pontifices,

1330 2232 1498 2263 Urbanum
1521 2239 1683 2274 quartum,
1708 2233 1800 2274 eique
1824 2232 1992 2263 suffectum
2016 2233 2090 2263 anni
2115 2234 2195 2263 1265
2221 2234 2312 2264 initio
2337 2234 2409 2266 Cle-

1329 2284 1470 2308 mentem
1489 2285 1651 2319 quartum‚
1667 2277 1723 2319 qui
1742 2287 1801 2318 pro
1820 2277 1910 2307 libito
1925 2287 2049 2318 proque
2069 2283 2254 2318 temporum
2275 2278 2408 2309 circum-

1329 2322 1449 2352 stantiis
1464 2322 1497 2352 in
1513 2322 1642 2352 diversis
1665 2322 1800 2362 agebant
1819 2321 2007 2360 civitatibus,
2023 2321 2216 2361 Urbeveten',
2232 2323 2406 2363 Anagniae,

1328 2366 1470 2405 viterbii,
1490 2367 1622 2406 Perusii,
1643 2373 1673 2397 et
1691 2367 1758 2407 ipse
1773 2366 1918 2396 Thomas
1938 2363 2139 2407 sequebatur,
2155 2366 2299 2398 scholam
2316 2367 2405 2398 theo-

1327 2411 1465 2451 logicam
1488 2409 1607 2452 ubique
1631 2421 1741 2451 regens
1760 2410 1793 2440 in
1813 2410 1976 2441 coenobiis
1995 2410 2082 2451 apud
2100 2417 2266 2451 nostrates,
2282 2422 2317 2442 ac
2336 2413 2405 2443 ubi-

1327 2465 1390 2496 que
1414 2465 1498 2486 nova
1521 2455 1554 2486 in
1578 2466 1645 2486 rem
1669 2455 1826 2486 Ecclesiae
1845 2454 1986 2485 condens
2010 2465 2046 2485 ac
2065 2455 2162 2486 edens
2186 2466 2293 2496 opera.
2319 2456 2405 2488 Iaco-

1326 2500 1406 2530 bum
1429 2500 1612 2531 Echardum
1635 2500 1767 2531 consule
1790 2500 1823 2530 in
1848 2499 1991 2530 eiusdem
2014 2499 2184 2540 Aquinatis
2207 2501 2290 2532 Vita.

1394 2545 1576 2576 Succedunt
1598 2545 1764 2583 Trivetus‚
1789 2543 1984 2585 Logotheta,
2009 2544 2144 2575 Ioannes
2169 2545 2208 2575 de
2232 2545 2406 2586 Columna,

1325 2589 1504 2620 Bernardus
1528 2589 1707 2628 Guidonis,
1731 2590 1842 2620 Petrus
1866 2588 2023 2629 Rogerius
2046 2595 2158 2629 postea
2187 2589 2336 2620 Clemens
2360 2601 2407 2621 se-

1324 2641 1407 2666 xtus.
1435 2634 1555 2665 Triveti
1578 2635 1674 2665 verba
1697 2640 1772 2665 sunt
1795 2633 1827 2664 in
1853 2633 2015 2664 Chronico
2040 2633 2126 2674 apud
2150 2634 2343 2665 Dacherium
2367 2636 2407 2665 ad

1325 2689 1447 2710 annum
1472 2686 1572 2720 1274:
1597 2679 1747 2716 Quatuor
1771 2678 1956 2719 Evangelia
1981 2679 2168 2709 continuata
2196 2679 2407 2719 Expositione

1324 2724 1364 2754 de
1387 2724 1480 2755 dictis
1503 2723 1698 2755 Sanctorum
1725 2724 1894 2765 glossavit.
1925 2722 2105 2763 Logotheta
2133 2722 2167 2753 in
2190 2723 2403 2763 Fragmento,

1324 2768 1414 2809 quod
1437 2768 1587 2799 Baluzius
1611 2768 1675 2799 luci
1699 2768 1843 2809 publicae
1867 2767 2014 2798 donavit:
2042 2767 2191 2805 Glossas,
2222 2768 2281 2806 ait,
2305 2778 2404 2809 super

1323 2819 1466 2854 quatuor
1487 2813 1681 2854 Evangelia.
1708 2813 1842 2843 Ioannes
1867 2812 1905 2842 de
1928 2811 2090 2843 Columna
2109 2812 2141 2841 in
2164 2811 2279 2851 Indice,
2304 2823 2402 2853 quem

1323 2858 1485 2899 integrum
1508 2868 1568 2888 nos
1591 2858 1686 2898 primi
1710 2858 1888 2895 edidimus,
1912 2856 2019 2897 Super
2041 2861 2182 2897 quatuor
2195 2856 2400 2898 Evangelia,

1323 2903 1438 2944 inquit,
1458 2903 1503 2933 ad
1521 2903 1687 2933 Urbanum
1701 2912 1836 2943 papam,
1861 2901 1951 2942 Opus
1969 2901 2229 2941 incomparabile.
2250 2901 2400 2932 Bernardi

1324 2947 1483 2978 Guidonis
1507 2947 1612 2987 accipe
1636 2947 1731 2977 verba
1754 2947 1840 2987 apud
1864 2945 2049 2977 Oudinum:
2079 2946 2214 2985 Scripsit
2237 2946 2333 2976 etiam
2357 2946 2402 2977 ad

1323 2992 1512 3023 mandatum
1535 2992 1669 3022 Domini
1691 2992 1800 3032 Papae
1822 3000 1920 3031 super
1942 2995 2083 3031 quatuor
2104 2990 2288 3030 Evangelia
2311 2989 2401 3030 Opus

1323 3038 1453 3079 insigne
1471 3038 1553 3067 miro
1573 3042 1756 3067 contextum
1781 3036 1905 3072 ordine,
1931 3044 1973 3065 ex
1995 3034 2087 3065 dictis
2105 3039 2136 3064 et
2154 3035 2400 3066 auctoritatibus

1322 3082 1536 3113 Sanctorum:
1564 3091 1607 3111 ex
1629 3081 1743 3121 quibus
1765 3082 1812 3111 sic
1835 3080 2087 3119 uniuscuiusque
2109 3079 2397 3120 Evangelistarum

1321 3132 1463 3167 quatuor
1481 3127 1682 3157 continuavit
1699 3125 1877 3162 historiam,
1898 3124 1992 3164 quasi
2012 3124 2110 3153 unius
2131 3123 2271 3154 doctoris
2291 3123 2398 3154 videa-

1322 3177 1377 3202 tur
1396 3171 1529 3202 lectura.
1542 3170 1670 3211 Rogerii
1690 3170 1827 3210 denique
1846 3169 1878 3198 in
1898 3178 1936 3198 eo
1957 3177 2114 3206 sermone,
2135 3167 2190 3208 qui
2209 3167 2320 3208 incipit
2344 3169 2399 3198 Vir

1320 3217 1384 3247 Dei
1398 3226 1431 3247 es
1446 3221 1480 3246 tu
1495 3222 1553 3246 etc.
1569 3215 1677 3245 habito
1693 3224 1801 3245 coram
1816 3223 1945 3244 summo
1959 3211 2113 3242 Pontifice
2128 3212 2247 3242 Ioanne
2261 3212 2348 3243 XXII
2364 3212 2396 3242 in

1321 3260 1484 3291 solemniis
1500 3259 1760 3291 Canonizationis
1779 3259 1810 3288 b.
1826 3257 1974 3288 Thomae
1993 3266 2102 3287 mense
2120 3256 2199 3287 iulio
2219 3257 2293 3286 anni
2314 3257 2394 3287 1323

1320 3306 1414 3336 verba
1438 3311 1513 3335 sunt
1542 3305 1627 3344 apud
1651 3303 1834 3334 Echardum
1866 3309 1896 3332 et
1920 3301 2104 3332 Oudinum:
2134 3301 2270 3341 Scripsit
2298 3310 2397 3341 super

1320 3355 1462 3390 quatuor
1479 3349 1662 3389 Evangelia
1687 3357 1728 3378 ex
1745 3348 1842 3387 puris
1861 3346 2053 3376 Sanctorum
2073 3345 2318 3376 auctoritatibus
2336 3346 2394 3374 mi-

1321 3394 1423 3424 rabile
1449 3393 1540 3433 Opus
1567 3401 1767 3428 connexum,
1792 3401 1832 3422 ac
1845 3392 1875 3421 si
1890 3400 1955 3431 per
1978 3400 2077 3420 unum
2102 3390 2259 3419 hominem
2284 3390 2393 3418 omnia

1320 3443 1425 3468 essent
1447 3437 1543 3467 dicta.
1568 3436 1659 3466 Alius
1679 3436 1717 3466 ab
1739 3435 1884 3465 Echardo
1909 3444 2013 3464 sermo
2038 3432 2206 3473 profertur,
2222 3432 2312 3462 cuius
2335 3432 2393 3462 ini-

1319 3482 1419 3512 tium:
1443 3481 1528 3511 Ecce
1539 3481 1715 3521 plusquam
1735 3479 1886 3509 Salomon
1902 3479 1954 3508 hic
1972 3484 2042 3515 etc.,
2058 3477 2096 3507 ab
2119 3477 2234 3506 eodem
2253 3476 2392 3516 Rogerio

1318 3526 1444 3556 habitus
1463 3525 1496 3554 in
1523 3524 1652 3554 ecclesia
1666 3522 1831 3554 Parisiensi
1850 3521 1948 3552 sancti
1969 3521 2073 3551 Iacobi
2095 3531 2203 3551 coram
2222 3521 2393 3551 doctorum

1318 3569 1526 3600 Universitate
1549 3578 1634 3598 anno
1659 3568 1844 3608 insequente
1868 3567 1952 3605 1324
1955 3565 2051 3606 seria
2064 3570 2089 3602 4
2115 3570 2256 3606 quatuor
2271 3570 2390 3606 tempo-

1316 3624 1389 3644 rum
1418 3613 1707 3654 Quadragesimae,
1733 3611 1850 3642 scilicet
1873 3611 1924 3641 die
1946 3621 1965 3652 7
1985 3609 2103 3647 martii,
2128 3609 2229 3640 littera
2254 3609 2391 3639 domini-

1315 3658 1374 3688 cali
1398 3664 1540 3689 currente
1562 3659 1592 3687 A
1607 3657 1637 3688 G
1664 3657 1697 3687 in
1725 3666 1791 3697 quo
1820 3655 1896 3686 haec
1919 3655 2091 3685 habentur:
2123 3653 2229 3694 Super
2251 3659 2393 3695 quatuor
