2788 4204
37 2772 120 2796 ww.
134 2773 211 2796 omitt.
224 2779 254 2795 Ae
308 2787 317 2795 .
355 2773 363 2786 ¹

37 2799 257 2849 {wrm

35 2865 85 2888 ἰε
99 2865 225 2894 quomodo.

136 2923 154 2940 a

1120 287 1230 323 CAP.
1261 287 1330 333 xl,
1361 285 1511 322 LECT.
1541 285 1613 321 xx

2385 276 2457 312 215

990 508 1292 565 LECTIO
1330 508 1739 563 VIGESIMA

509 655 818 713 QUOMODO
852 634 1427 696 DEMONSTRATIVAE
1459 650 1780 691 SCIENTIAE
1813 650 1886 691 SE
1918 649 2212 690 HABEANT

975 733 1062 774 AD
1096 731 1394 773 PRINCIPIA
1429 730 1756 771 COMMUNIA

276 882 322 916 Τό
345 877 384 915 δὲ
408 880 455 926 μή
481 873 678 923 ἐνδέχεσθαι
704 875 776 920 ἅμα
799 873 905 919 φάναι
928 875 988 906 καὶ
1006 871 1181 951 &aequivoci
1199 867 1340 926 οὐδεμία
1366 871 1371 924 1
1394 876 1412 896 *
1429 876 1504 906 Non
1528 875 1708 915 contingere
1731 882 1838 906 autem
1861 876 1956 906 simul
1979 877 2131 908 affirmare
2155 884 2185 908 et
2207 886 2330 916 negare,
2354 887 2458 918 neque

342 923 516 972 λαμβάνει
541 917 736 962 ἀπόδειξις,
765 919 836 952 ἀλλ’
867 917 888 956 ἢ
915 918 973 951 ἐάν
997 913 1060 961 δέῃ
1106 917 1193 958 εἶξαι
1215 918 1274 948 καὶ
1299 928 1341 949 το

344 968 572 1016 συμπέρασμα
590 965 709 1003 οὕτως.
737 966 913 996 Δείκνυται
933 958 971 995 δὲ
986 963 1131 1002 λαβοῦσι
1149 961 1190 994 τό
1208 962 1340 1004 πρῶτον

342 1015 440 1048 κατοὶ
463 1015 526 1046 τοῦ
551 1011 669 1057 μέσου,
689 1008 743 1042 ὅτι
770 1007 904 1050 ἀληθές,
930 1007 998 1040 ἀπο
1027 1008 1105 1040 άναι
1122 1001 1154 1037 δ’
1184 1005 1242 1038 οὐκ
1262 1005 1344 1042 ἀλη-

344 1059 411 1098 θές.
438 1057 484 1090 Τὸ
508 1054 547 1090 δὲ
571 1054 672 1101 μέσον
698 1048 796 1086 οὐδὲν
821 1047 971 1096 διαφέρει
993 1064 1078 1084 ειναι
1101 1052 1159 1083 καὶ
1185 1050 1231 1094 μή
1257 1046 1342 1081 εἶναι

342 1104 482 1144 λαβεῖν,
507 1103 549 1139 ὣς
574 1101 603 1132 δ’
633 1097 746 1135 αὕτως
769 1099 827 1128 καὶ
852 1097 894 1130 τὸ
919 1098 1046 1140 τρίτον.
1073 1097 1112 1128 Εἰ
1161 1094 1200 1137 dp
1226 1089 1341 1135 ἐδόθη,

336 1147 419 1181 καθ’
450 1147 488 1179 οὗ
514 1144 688 1187 ἄνθρωπον
707 1140 828 1179 ἀληθὲς
845 1142 964 1182 εἰπεῖν,
982 1141 1012 1172 εἱ
1026 1142 1085 1173 καὶ
1129 1152 1149 1176 η
1169 1137 1342 1182 ἄνθρωπον

345 1190 482 1233 ἀληθές,
510 1190 584 1223 ἀλλ’
612 1188 640 1220 εὶ
665 1186 765 1231 μόνον
785 1184 958 1230 ἄνθρωπον
975 1185 1059 1228 ζῷον
1077 1196 1176 1225 ειναι,
1194 1182 1243 1227 μή
1259 1183 1343 1225 ζῷον

342 1233 382 1270 δέ
407 1235 469 1279 μή·
496 1235 596 1268 ἔσται
620 1232 686 1278 γάρ
713 1228 834 1268 ἀληθὲς
859 1230 963 1262 εἰπεῖν
988 1231 1156 1270 Καλλίαν,
1175 1229 1202 1260 εἱ
1219 1229 1278 1259 καὶ
1322 1227 1343 1264 ἡ

342 1281 512 1321 Καλλίαν,
539 1276 625 1322 ὅμως
650 1277 749 1319 ζῷον,
774 1274 822 1319 μή
845 1274 929 1317 ζῷον
953 1269 985 1306 δ’
1016 1274 1065 1306 οὕ.
1092 1275 1206 1305 Αἴτιον
1230 1273 1260 1303 δ’
1310 1283 1343 1305 τι

344 1325 386 1359 τὰ
411 1325 546 1367 πρῶτον
572 1321 610 1354 οὗ
635 1319 735 1366 μόνον
758 1318 856 1350 κατά
876 1319 940 1351 τοῦ
957 1317 1059 1363 μέσου
1076 1317 1232 1365 λέγεται,
1253 1316 1346 1349 ἀλλά

343 1371 402 1402 καὶ
425 1369 504 1403 κατῗ
527 1367 640 1400 ’ἄλλου
657 1361 718 1398 διαὶ
733 1363 775 1398 τό
792 1359 878 1395 εἶναι
896 1363 951 1396 ἐπὶ
969 1362 1145 1404 πλειόνων,
1163 1361 1247 1394 ὥστ’
1269 1356 1340 1394 οὐδ’

292 1422 303 1425 ‘
343 1415 373 1447 εὶ
396 1414 439 1447 τὸ
463 1411 564 1458 μέσον
595 1411 654 1443 καὶ
687 1407 777 1442 αὐτό
801 1407 876 1441 ἔστι
898 1409 957 1440 καὶ
982 1407 1029 1452 μή
1060 1407 1168 1448 αὐτό,
1195 1406 1276 1451 πρὸς
1302 1406 1343 1438 τὸ

343 1457 573 1504 συμπέρασμα
596 1449 693 1488 οὐδὲν
717 1449 879 1498 διαφέρει.

276 1505 324 1538 'l'd
347 1503 376 1535 δ’
407 1502 500 1535 ἅπαν
526 1500 630 1546 φάναι
655 1497 677 1535 ἦ
703 1496 878 1542 ἀποφάναι
896 1497 916 1533 ἡ
936 1497 980 1534 εἱς
1006 1496 1047 1529 τὸ
1069 1490 1240 1529 ἀδύνατον
1260 1493 1346 1527 ἀπό-

343 1542 444 1588 δειξις
469 1544 653 1590 λαμβάνει,
678 1545 736 1575 καὶ
763 1542 881 1574 ταῦτα
907 1540 980 1573 οὐδ’
1012 1541 1064 1573 ἀεὶ
1080 1540 1241 1580 καθόλου,
1264 1539 1340 1573 ἀλλ’

346 1591 424 1625 ὅσον
449 1589 579 1631 ἱκανόν,
605 1588 720 1621 ἱκανὸν
744 1581 775 1618 δ’
797 1587 854 1619 ἐπὶ
872 1586 935 1617 τοῦ
951 1584 1078 1630 γένους.
1107 1585 1204 1632 Λέγω
1229 1581 1259 1618 δ’
1287 1584 1343 1617 ἐπὶ

343 1637 407 1669 τοῦ
430 1635 546 1682 γένους
571 1634 639 1666 οῐον
666 1634 739 1676 περὶ
765 1631 782 1662 δ
806 1630 902 1677 γένος
928 1630 991 1668 τάς
1020 1625 1209 1671 ἀποδείξεις
1241 1629 1342 1675 φέρει,

343 1680 455 1724 ὥσπερ
479 1682 612 1724 εἴρηται
634 1679 694 1710 καὶ
718 1676 894 1721 πρότερον.

269 1725 549 1760 Ἐπικοινωνοῦσι
573 1718 611 1755 δὲ
637 1723 749 1755 πᾶσαι
773 1723 808 1754 αἱ
835 1719 1027 1764 ἐπιστῆμαι
1059 1718 1226 1757 ἀλλήλαις
1249 1718 1346 1751 κατά

346 1769 394 1803 τά
415 1767 527 1801 κοινά.
553 1767 660 1803 Κοινοὶ
683 1761 722 1798 δὲ
743 1766 784 1797 λέ
809 1778 834 1796 ω
862 1764 907 1801 οἷς
925 1764 1076 1808 χρῶνται
1092 1765 1134 1802 ὠς
1157 1764 1193 1796 ἐκ
1210 1762 1343 1797 τούτων

346 1808 627 1853 ἀποδεικνύντες,
663 1809 737 1844 ἀλλ’
767 1821 805 1842 ου
831 1810 905 1853 περὶ
930 1808 972 1840 ὧν
997 1802 1203 1840 δεικνύουσιν
1229 1802 1300 1840 οὐδ’
1329 1807 1345 1839 ὃ

343 1854 562 1891 δεικνύουσιν.

277 1904 346 1935 Καὶ
371 1903 393 1939 ἡ
417 1897 620 1937 διαλεκτική
646 1898 787 1936 πάσαις.
814 1898 880 1929 Καὶ
905 1898 936 1928 εἴ
959 1907 1010 1934 τις
1033 1895 1181 1929 καθόλου
1199 1896 1344 1938 πειρῷτο

344 1942 515 1979 δεικνύναι
546 1945 595 1979 τοὶ
623 1942 742 1984 κοινά,
770 1942 838 1974 οἷον
865 1940 919 1973 ὅτι
952 1940 1045 1973 ἅπαν
1070 1940 1174 1985 φάναι
1200 1940 1221 1979 ἦ
1262 1941 1346 1972 ἀπο-

344 1990 463 2035 φάναι,
489 1988 510 2026 ἧ
537 1989 592 2022 ὅτι
615 1990 674 2020 ἴσα
701 1987 770 2020 ἀπὸ
793 1988 887 2027 ἴσων,
914 1983 935 2021 ἦ
961 1986 1028 2018 τῶν
1050 1985 1217 2019 τοιούτων
1237 1984 1343 2018 ἅττα.

341 2036 384 2067 Ἦ
407 2030 446 2067 δέ
471 2032 673 2069 διαλεκτική
701 2032 760 2065 οὐκ
787 2031 877 2064 ἔστιν
905 2028 1010 2069 οὕτως
1027 2030 1214 2076 ὡρισμένων
1232 2030 1345 2071 τινῶν,

346 2074 427 2112 οὐδὲ
457 2078 574 2125 γένους
608 2077 700 2115 τινὸς
732 2075 816 2114 ἑνός.
855 2074 901 2107 Οὐ
926 2075 991 2120 γάρ
1027 2075 1066 2108 ἃν
1097 2075 1227 2121 ἠρώτα·
1263 2075 1347 2108 ἀπο-

345 2118 528 2157 δεικνύντα
559 2122 624 2169 γοὶρ
651 2121 710 2154 οὐκ
736 2121 828 2154 ’ἐστιν
859 2120 873 2153 ἑ
895 2121 989 2154 ωτὸἱν
1013 2115 1072 2153 διαὶ
1095 2120 1137 2154 τὸ
1162 2121 1228 2154 τῶν
1256 2120 1347 2152 ἀντι-

343 2166 504 2212 κειμένων
537 2167 644 2200 ὄντων
669 2166 716 2211 μὴ
741 2133 932 2198 δείκνυσεαι
965 2165 1007 2198 τὸ
1033 2165 1133 2199 αὐτό.
1168 2160 1346 2197 Δέδεικται

344 2207 384 2245 δὲ
408 2212 515 2246 τοῦτο
542 2212 575 2244 ἐν
601 2214 672 2250 τοῖς
697 2212 770 2252 περὶ
795 2209 1034 2257 συλλογισμοῦ.

337 2309 488 2338 Smopsss.
501 2324 536 2329 —-
553 2317 577 2336 1.
596 2308 811 2344 Argumentum
831 2311 860 2334 et
881 2305 982 2333 divisio
1003 2311 1105 2333 textus.
1116 2312 1173 2333 -2.
1194 2305 1280 2333 Nulla
1295 2305 1346 2332 de-

278 2349 450 2378 monstratio
465 2347 568 2384 accipit
580 2346 754 2384 principium
768 2344 1020 2374 contradictionis:
1042 2344 1115 2373 ratio
1130 2351 1181 2380 est,
1193 2344 1262 2381 quia
1275 2344 1346 2372 nihil

278 2388 344 2427 plus
364 2387 538 2417 certificatur
558 2396 624 2415 cum
646 2386 764 2420 dicitur,
787 2395 811 2413 e.
826 2395 870 2422 g.:
893 2385 979 2413 homo
1000 2390 1044 2412 est
1063 2384 1174 2412 animal
1190 2389 1217 2412 et
1232 2393 1288 2412 non
1303 2389 1347 2412 est

279 2437 337 2457 non
358 2428 476 2462 animal,
492 2436 581 2464 quam
595 2435 663 2454 cum
677 2425 781 2453 dicitur
795 2425 906 2452 solum:
922 2425 1008 2452 homo
1022 2429 1066 2452 est
1081 2424 1199 2452 animal.
1215 2425 1345 2452 Demon-

278 2467 418 2497 stratione
438 2473 536 2495 autem
550 2465 659 2494 utimur
677 2466 715 2493 ad
728 2464 939 2493 ostendendam
954 2473 1020 2492 cum
1035 2463 1204 2492 certitudine
1218 2462 1345 2499 aliquam

279 2507 507 2536 conclusionem.
525 2522 545 2528 -
561 2506 587 2534 3.
609 2506 666 2534 Sed
686 2503 896 2532 demonstratio
922 2503 1062 2531 indirecta
1081 2512 1133 2531 seu
1153 2503 1191 2531 ad
1211 2502 1346 2539 impossi-

279 2546 336 2576 bile
359 2545 463 2583 accipit
482 2545 671 2582 principium:
699 2545 747 2572 De
768 2543 895 2581 quolibet
914 2548 958 2571 est
978 2542 1139 2581 affirmatio
1161 2543 1208 2571 vel
1229 2542 1346 2580 negatio

280 2594 367 2615 vera.-
381 2586 451 2623 quia
464 2585 494 2613 in
507 2586 562 2613 hac
575 2583 824 2612 demonstratione
837 2583 978 2619 probatur
991 2582 1100 2619 aliquid
1109 2591 1171 2610 esse
1181 2591 1281 2610 verum
1295 2591 1348 2618 per

277 2626 337 2655 hoc
357 2626 438 2663 quod
458 2624 520 2653 eius
540 2624 708 2661 oppositum
729 2629 773 2651 est
793 2623 906 2651 falsum.
929 2623 1018 2656 Quod
1031 2631 1218 2659 nequaquam
1232 2621 1346 2650 contin-

278 2671 366 2703 geret,
381 2665 406 2693 si
418 2670 576 2701 utrumque
597 2663 801 2700 oppositorum
821 2667 920 2699 posset
941 2670 1003 2690 esse
1023 2661 1136 2690 falsum.
1152 2676 1171 2682 -·
1184 2670 1213 2696 4.
1235 2661 1347 2689 Omnes

424 2762 530 2801 ..j-„⁸
546 2762 723 2804 ostquam
752 2752 1019 2791 determinavit
1041 2752 1297 2801 Philosophus
1326 2753 1346 2774 *

343 2830 346 2837 ·
370 2810 372 2813 ’
401 2807 437 2846 ’ῑῖ
488 2825 529 2873 4υ
547 2809 594 2846 de
608 2806 800 2857 principiis
818 2806 981 2856 propriis
1006 2813 1043 2843 et
1057 2806 1344 2854 communibus,

367 2890 373 2900 ,
401 2859 529 2910 ΞΧἘΝῘ
545 2862 607 2899 hic
626 2858 790 2898 ostendit
808 2859 967 2909 qualiter
983 2861 1001 2879 ⁶⁵
1025 2859 1346 2896 demonstrativae

419 2906 526 2943 ‘'⁶7²¹‘'
546 2914 723 2952 scientiae
763 2927 803 2951 se
840 2913 1007 2950 habeant
1039 2913 1088 2950 ad
1115 2912 1301 2962 principia
1328 2919 1345 2934 α

281 2967 504 3005 communia
532 2975 568 3004 et
593 2967 760 3016 propria.
790 2967 840 3003 Et
868 2965 1046 3003 dividitur
1073 2965 1112 3002 in
1138 2966 1233 3003 duas
1261 2979 1346 3016 par-

280 3028 353 3058 tes:
382 3020 420 3058 in
438 3020 575 3070 prima,
587 3020 751 3058 ostendit
769 3019 928 3069 qualiter
942 3031 982 3056 se
1005 3019 1172 3056 habeant
1187 3020 1346 3057 demon-

335 3185 364 3221 α)
380 3185 514 3212 Scientiae
526 3192 555 3211 se
568 3185 684 3210 habeant
697 3185 734 3210 ad
748 3184 886 3217 principia
898 3185 1050 3210 communia
1064 3190 1112 3211 etc.
1121 3198 1141 3206 —-
1154 3186 1264 3211 Codices
1278 3184 1347 3219 (exc.

281 3222 368 3254 BGH)
387 3221 510 3246 omittunt
529 3220 679 3253 principi&
697 3228 777 3253 quam
794 3228 901 3251 vocem,
921 3220 981 3253 quia
999 3225 1052 3246 tres
1071 3221 1174 3246 codices
1193 3221 1303 3252 habent,
1324 3227 1351 3247 et

281 3257 388 3290 insuper
406 3256 514 3281 orationi
531 3255 741 3288 perspicuitatem
759 3255 871 3286 confert,
895 3255 1045 3281 retinemus.
1058 3270 1079 3275 -
1091 3257 1227 3281 Praeterea
1246 3257 1348 3282 codices

282 3293 385 3325 legunt:
404 3291 530 3317 scientiae
543 3291 580 3315 ad
588 3291 704 3323 propria
721 3293 749 3316 et
766 3290 917 3316 communia
934 3298 963 3316 se
978 3291 1095 3316 habeant
1114 3292 1165 3324 (N,
1185 3299 1214 3317 se
1226 3291 1348 3326 habent).

281 3327 397 3357 Scilicet,
417 3327 547 3353 invertunt
559 3325 679 3350 ordinem
694 3333 785 3350 eorum
799 3333 866 3358 quae
880 3326 1055 3359 suscipiuntur
1073 3327 1283 3352 demonstranda.
1297 3327 1349 3352 Ve-

281 3370 349 3393 rum,
369 3362 428 3395 quia
443 3355 529 3386 sta'tim
542 3360 643 3385 codices
657 3361 705 3393 ipsi
723 3361 881 3386 concordant
894 3369 953 3386 cum
967 3361 1047 3387 Piana
1061 3362 1087 3387 in
1100 3362 1243 3387 ordinanda
1257 3363 1349 3388 eadem

283 3398 422 3423 divisione:
443 3397 473 3421 In
484 3396 618 3428 prima...
632 3396 705 3421 circa
718 3396 910 3421 communia...
926 3396 956 3421 In
969 3397 1128 3422 secunda...
1143 3397 1215 3422 circa
1224 3398 1348 3430 propria,

283 3433 360 3458 etiam
379 3433 405 3457 in
423 3432 502 3465 priori
520 3431 699 3456 enunciatione
713 3431 816 3456 videtur
829 3431 962 3468 retinenda
980 3432 1056 3457 lectio
1074 3432 1160 3457 Piana.
1172 3446 1194 3452 —
1207 3433 1246 3457 H:
1265 3433 1349 3458 scien-

281 3468 337 3494 tiae
354 3468 427 3493 circa
439 3467 554 3499 propria
567 3466 704 3498 principia
721 3469 748 3491 et
765 3466 916 3492 communia
933 3473 962 3491 se
979 3467 1101 3492 habeant.

337 3501 362 3538 β)
384 3503 506 3533 Qualiter
523 3509 551 3527 se
569 3501 684 3526 habeant
700 3501 926 3527 demonstrativae
938 3502 1064 3527 ademtae
1077 3502 1149 3528 circa
1162 3502 1257 3534 prima
1269 3503 1347 3535 prin-

282 3538 354 3570 cipia
366 3538 436 3563 inter
447 3537 712 3563 communia-Haec
730 3536 805 3561 lectio
823 3536 960 3569 perspicua
977 3542 1025 3567 est,
1045 3537 1067 3562 si
1080 3543 1242 3570 supponatur
1257 3539 1349 3564 divisio

283 3572 469 3606 principiorum
488 3572 667 3598 communium
690 3571 716 3596 in
736 3572 829 3604 prima
854 3571 937 3604 (quae
956 3572 1102 3605 dignitates
1120 3572 1254 3608 dicuntur)
1280 3579 1306 3599 et
1323 3574 1349 3598 in

283 3609 455 3639 secundaria,
476 3616 544 3642 quae
562 3616 577 3633 a
594 3607 685 3640 primis
710 3607 835 3640 pendent,
861 3611 886 3632 et
904 3615 936 3633 ex
953 3608 991 3632 eis
1015 3608 1170 3641 probantur,
1195 3609 1242 3633 sed
1261 3613 1349 3634 tamen

1462 930 1527 951 una
1544 920 1655 960 recipit
1673 919 1910 958 demonstratio,
1927 921 1981 950 sed
2004 928 2059 952 aut
2081 921 2106 951 si
2124 921 2261 960 indigeat
2284 928 2458 952 monstrare

1463 963 1701 995 conclusionem
1730 963 1783 994 sic.
1809 963 1994 994 ostenditur
2017 971 2123 995 autem
2146 965 2370 1005 accipientibus
2395 966 2457 1007 pri-

1464 1018 1556 1038 mum
1572 1008 1609 1037 de
1628 1007 1735 1037 medio
1751 1007 1839 1047 quod
1857 1017 1968 1038 verum
1984 1008 2022 1038 sit
2037 1008 2200 1047 affirmare,
2218 1019 2330 1049 negare
2351 1017 2458 1041 autem

1464 1062 1530 1082 non
1546 1061 1667 1082 verum.
1687 1051 1830 1081 Medium
1847 1058 1953 1082 autem
1967 1052 2044 1082 nihil
2060 1052 2159 1083 differt
2175 1063 2240 1083 esse
2260 1060 2290 1084 et
2308 1063 2374 1084 non
2393 1064 2458 1085 esse

1466 1096 1620 1136 accipere:
1645 1095 1786 1125 similiter
1801 1102 1908 1125 autem
1927 1102 1957 1126 et
1971 1096 2108 1126 tertium.
2129 1096 2161 1127 Si
2181 1097 2266 1127 enim
2287 1098 2460 1138 assignetur

1465 1141 1506 1171 de
1523 1150 1590 1181 quo
1617 1139 1785 1170 hominem
1806 1149 1918 1170 verum
1937 1146 1983 1170 est
2006 1140 2124 1178 dicere,
2149 1141 2293 1180 quamvis
2312 1152 2378 1172 non
2401 1143 2458 1173 ho-

1464 1184 1586 1215 minem
1603 1194 1726 1222 verum,
1742 1183 1797 1214 sed
1816 1183 1841 1214 si
1857 1184 1963 1214 solum
1976 1184 2141 1214 hominem
2160 1185 2276 1215 animal
2299 1196 2376 1224 esse,
2392 1196 2459 1217 non

1466 1228 1584 1259 animal
1604 1234 1711 1258 autem
1734 1235 1816 1257 non:
1842 1227 1899 1258 erit
1914 1228 1999 1258 enim
2014 1238 2125 1258 verum
2149 1228 2248 1259 dicere
2272 1229 2406 1260 Calliam
2429 1237 2459 1262 et

1466 1282 1533 1303 non
1548 1272 1683 1304 Calliam
1698 1281 1764 1302 esse
1780 1271 1906 1310 animal,
1924 1282 1989 1302 non
2004 1272 2120 1302 animal
2138 1279 2245 1303 autem
2260 1283 2335 1304 non.
2357 1274 2461 1305 Causa

1466 1324 1574 1348 autem
1597 1323 1643 1347 est
1666 1316 1754 1357 quod
1773 1316 1914 1356 primum
1937 1326 2002 1346 non
2026 1316 2131 1346 solum
2150 1317 2188 1346 de
2211 1317 2317 1347 medio
2337 1318 2460 1358 dicitur,

1467 1362 1522 1393 sed
1545 1361 1583 1391 de
1607 1361 1669 1391 alio
1692 1367 1822 1400 propter
1839 1360 1872 1390 id
1890 1360 1979 1401 quod
1997 1361 2036 1390 de
2055 1360 2208 1401 pluribus,
2233 1361 2338 1398 Quare
2357 1373 2460 1403 neque

1465 1406 1492 1436 si
1514 1406 1658 1436 medium
1683 1411 1715 1436 et
1736 1405 1822 1435 idem
1845 1411 1876 1436 et
1897 1414 1963 1435 non
1986 1404 2072 1435 idem
2091 1411 2147 1444 est,
2164 1405 2204 1435 ad
2223 1406 2461 1438 conclusionem

1465 1450 1544 1480 nihil
1567 1449 1678 1480 differt.
2220 1449 2223 1452 “

1399 1495 1505 1527 Omne
1523 1501 1629 1525 autem
1653 1492 1807 1525 affirmare
1826 1500 1881 1525 aut
1899 1503 2022 1534 negare,
2046 1505 2127 1536 quae
2146 1502 2193 1526 est
2210 1495 2250 1526 ad
2268 1497 2463 1537 impossibile

1466 1538 1693 1570 demonstratio
1709 1538 1831 1578 accipit,
1849 1545 1879 1569 et
1893 1538 1954 1569 hoc
1972 1549 2076 1580 neque
2093 1550 2216 1581 semper
2239 1541 2462 1582 universaliter,

1466 1584 1520 1614 sed
1543 1589 1700 1624 quantum
1723 1582 1879 1613 sufficiens
1903 1590 1958 1614 est.
1979 1583 2142 1614 Sufficiens
2166 1591 2272 1616 autem
2292 1593 2337 1617 est
2359 1586 2392 1616 in
2410 1597 2462 1627 ge-

1465 1638 1549 1659 nere.
1573 1627 1654 1658 Dico
1677 1634 1783 1658 autem
1806 1627 1838 1658 in
1861 1637 1984 1667 genere,
2009 1635 2045 1658 ut
2068 1628 2147 1659 circa
2177 1631 2264 1669 quod
2288 1641 2387 1672 genus
2411 1631 2463 1662 de-

1466 1672 1709 1703 monstrationes
1733 1678 1817 1711 sunt,
1841 1671 1922 1703 sicut
1945 1672 2066 1703 dictum
2090 1680 2136 1704 est
2158 1674 2256 1713 prius.

1398 1718 1416 1737 *
1430 1716 1679 1748 Communicant
1701 1723 1808 1747 autem
1831 1716 1976 1747 scientiae
1996 1727 2108 1748 omnes
2128 1719 2303 1749 secundum
2320 1729 2463 1750 commu-

1466 1761 1528 1791 nia.
1554 1760 1749 1791 Communia
1773 1767 1879 1791 autem
1903 1761 1974 1791 dico
1998 1762 2114 1801 quibus
2138 1769 2285 1802 utuntur,
2310 1770 2462 1805 tanquam

1467 1815 1504 1836 ex
1521 1805 1570 1835 his
1587 1805 1847 1843 demonstrantes,
1865 1805 1919 1835 sed
1943 1815 2007 1835 non
2032 1806 2070 1836 de
2094 1806 2209 1846 quibus
2234 1808 2461 1848 demonstrant,

1466 1859 1570 1890 neque
1593 1849 1683 1889 quod
1706 1849 1930 1880 demonstrant.

1400 1894 1442 1924 Et
1465 1893 1626 1924 dialectica
1649 1893 1688 1922 de
1717 1893 1877 1932 omnibus,
1902 1900 1932 1924 et
1955 1893 1980 1923 si
2004 1894 2109 1934 aliqua
2127 1895 2343 1927 universaliter
2365 1903 2464 1928 tentet

1468 1944 1642 1968 monstrare
1666 1937 1864 1976 communia,
1888 1945 1924 1968 ut
1942 1939 2030 1978 quod
2049 1945 2095 1969 est
2114 1949 2209 1969 omne
2233 1940 2386 1971 affirmare
2410 1948 2464 1972 aut

1467 1992 1591 2021 negare,
1611 1988 1666 2012 aut
1684 1982 1773 2022 quod
1791 1988 1837 2012 est
1855 1982 1997 2022 aequalia
2016 1983 2054 2012 ab
2074 1984 2267 2024 aequalibus,
2283 1991 2337 2015 aut
2352 1985 2463 2015 talium

1468 2026 1636 2067 quaelibet.
1661 2026 1722 2056 Sed
1746 2025 1905 2056 dialectica
1928 2037 1993 2056 non
2018 2033 2063 2057 est
2086 2028 2129 2058 sic
2158 2028 2361 2059 definitorum
2384 2039 2463 2070 quo-

1468 2070 1627 2108 rumdam,
1651 2080 1754 2110 neque
1777 2070 1899 2110 generis
1922 2071 2054 2102 alicuius
2078 2072 2183 2103 unius.
2206 2073 2280 2103 Non
2309 2073 2394 2104 enim
2416 2074 2464 2104 in-

1467 2121 1647 2155 terrogaret.
1678 2115 1753 2145 Non
1785 2121 1831 2145 est
1861 2114 1946 2145 enim
1978 2115 2167 2157 interrogare
2196 2117 2464 2148 demonstrantem

1468 2165 1599 2199 propter
1611 2159 1644 2189 id
1656 2159 1745 2199 quod
1759 2159 1985 2199 oppositorum
2001 2170 2067 2190 esse
2084 2171 2150 2191 non
2161 2161 2355 2193 demonstrat
2369 2162 2463 2195 idem.

1468 2203 1642 2234 Ostensum
1665 2209 1772 2234 autem
1796 2209 1842 2234 est
1864 2203 1926 2234 hoc
1948 2204 1981 2234 in
2004 2204 2053 2234 his
2077 2215 2158 2246 quae
2182 2206 2220 2236 de
2246 2206 2441 2247 syllogismO.

1399 2303 1534 2332 scientiae
1562 2303 1780 2332 communicant
1807 2303 1837 2332 in
1864 2304 2012 2341 principiis
2040 2305 2261 2341 communibus,
2290 2307 2346 2335 hoc
2373 2308 2464 2336 modo

1399 2344 1481 2380 quod
1502 2352 1604 2371 omnes
1625 2349 1745 2371 utuntur
1765 2343 1820 2379 eis,
1842 2343 1915 2372 sicut
1935 2353 1975 2373 ex
1996 2345 2098 2382 quibus
2118 2345 2325 2382 demonstrant,
2340 2356 2401 2375 non
2414 2356 2465 2375 au-

1399 2390 1458 2411 tem
1479 2389 1600 2411 utuntur
1620 2383 1660 2411 eis
1681 2389 1713 2411 ut
1734 2383 1770 2411 de
1791 2384 1893 2421 quibus
1913 2384 2023 2421 aliquid
2043 2385 2252 2421 demonstrant,
2273 2386 2318 2414 vel
2338 2393 2370 2414 ut
2391 2388 2466 2424 quod

1400 2424 1640 2451 demonstrant.-
1652 2423 1677 2451 5.
1694 2423 1802 2460 Logica
1822 2430 1850 2452 et
1871 2423 2060 2461 Philosophia
2079 2424 2174 2461 prima
2194 2432 2261 2453 sunt
2275 2426 2311 2454 de
2333 2436 2465 2455 commu-

1399 2463 1494 2497 nibus,
1502 2469 1534 2490 ut
1548 2463 1583 2490 de
1598 2462 1741 2491 subiectis.
1752 2463 1953 2492 Diversimode
1967 2470 2079 2492 tamen:
2095 2474 2164 2493 nam
2174 2465 2358 2502 philosophia
2372 2466 2466 2502 prima

1401 2509 1444 2530 est
1465 2503 1501 2530 de
1522 2502 1735 2537 communibus,
1758 2503 1827 2540 quia
1847 2503 1908 2531 eius
1923 2504 2116 2532 consideratio
2131 2511 2173 2532 est
2187 2505 2262 2533 circa
2275 2515 2320 2533 res
2335 2515 2466 2534 commu-

1400 2551 1462 2577 neS‚
1484 2541 1590 2570 scilicet
1611 2542 1686 2571 circa
1706 2551 1767 2578 ens,
1789 2550 1818 2571 et
1837 2550 1933 2579 partes
1950 2550 1978 2572 et
1992 2543 2141 2580 passiones
2156 2545 2244 2580 entis3
2267 2545 2359 2582 logica
2374 2552 2416 2574 est
2430 2547 2466 2574 de

1401 2582 1622 2617 communibus,
1651 2589 1794 2619 quatenus
1822 2589 1865 2611 est
1886 2584 1921 2611 de
1948 2583 2150 2612 intentionibus
2175 2585 2307 2620 rationis,
2334 2595 2408 2622 quae
2429 2587 2467 2614 ad

1401 2630 1504 2650 omnes
1525 2631 1570 2649 res
1592 2631 1622 2649 se
1643 2622 1759 2657 habent,
1781 2631 1843 2650 non
1863 2629 1960 2651 autem
1982 2624 2019 2651 de
2039 2623 2108 2660 ipsis
2128 2625 2253 2652 rebus.-
2268 2626 2294 2652 6.
2317 2626 2466 2662 Metaphy-

1401 2661 1477 2689 sicae
1498 2667 1527 2689 et
1547 2661 1711 2690 dialecticae
1733 2662 1893 2691 differentia
1913 2664 2011 2700 quoad
2031 2663 2171 2700 principia
2192 2665 2367 2693 communia.

1401 2753 1578 2790 strativae
1606 2753 1785 2796 scientiae
1819 2755 1917 2791 circa
1946 2756 2184 2793 communia:
2213 2757 2251 2794 in
2279 2757 2463 2806 secunda,

1401 2807 1561 2856 qualiter
1579 2807 1599 2828 '²‘
1619 2820 1660 2844 se
1680 2808 1846 2845 habeant
1866 2808 1964 2846 circa
1981 2809 2153 2858 propria;
2183 2809 2250 2846 ibi:
2281 2811 2323 2846 Si
2339 2817 2463 2848 autem

1402 2861 1499 2897 idem
1519 2866 1574 2897 est
1586 2861 1831 2911 interrogatio
1843 2862 1940 2899 *eto
1959 2862 2068 2899 Circa
2081 2863 2249 2911 primurn
2265 2863 2341 2900 duo
2358 2864 2463 2900 facit:

1400 2913 1539 2963 primo,
1553 2914 1717 2951 ostendit
1731 2915 1889 2963 qualiter
1903 2928 1943 2952 se
1958 2916 2123 2953 habeant
2143 2916 2462 2953 demonstrativae

1403 2967 1703 3004 scientiaeeirca
1724 2968 1850 3016 prima
1872 2969 2055 3018 principia
2078 2970 2173 3006 inter
2197 2968 2463 3016 communia&

1403 3021 1585 3068 secundo,
1616 3022 1815 3069 quomodo
1836 3034 1875 3058 se
1895 3022 2060 3059 habeant
2085 3022 2338 3059 communiter
2367 3023 2463 3060 circa

1403 3187 1552 3212 communia
1571 3192 1639 3218 sunt,
1659 3188 1691 3212 ad
1709 3187 1910 3220 metaphysicam
1926 3188 2060 3220 pertinent,
2080 3192 2106 3212 et
2123 3195 2169 3219 per
2186 3195 2215 3212 ea
2230 3187 2305 3212 etiam
2324 3187 2466 3220 probantur

1403 3222 1527 3255 principia
1539 3223 1677 3255 peculiaria
1690 3223 1850 3247 scientiarum
1865 3223 2040 3255 metaphysica
2055 3222 2212 3247 inferiorum.
2221 3237 2241 3241 —
2255 3222 2362 3247 Codices
2378 3223 2464 3248 lectio-

1403 3265 1450 3282 nes
1466 3258 1594 3282 variantes
1614 3258 1734 3283 exhibent
1747 3263 1899 3290 sequentes:
1921 3258 2035 3289 qualiter
2055 3256 2300 3291 (ACDEIKLNOQ,
2321 3258 2463 3292 quomodo)

1403 3300 1431 3318 se
1449 3293 1565 3318 habeant
1584 3293 1867 3325 (BCDEKLMNQST,
1891 3292 2001 3327 habent)
2022 3293 2246 3317 demonstrativae
2263 3293 2388 3317 scientiae
2414 3291 2464 3328 (M,

1405 3328 1657 3356 demonstrationes,·
1671 3329 1693 3352 N
1707 3336 1760 3352 om.
1769 3327 1903 3362 scientiae)
1918 3328 1990 3353 circa
1997 3329 2089 3360 prima
2098 3328 2234 3360 principia
2249 3326 2290 3360 (Α,
2301 3328 2372 3353 circa
2385 3335 2464 3360 quae-

1405 3364 1467 3388 dam
1477 3364 1576 3395 princ.;
1595 3364 1633 3393 H,
1647 3363 1783 3395 principia
1793 3363 1885 3395 prima
1891 3370 1900 3391 ,·
1919 3364 1942 3393 1,
1961 3363 2032 3388 circa
2042 3363 2178 3395 principia
2192 3363 2305 3395 propria
2311 3370 2321 3391 ,·
2340 3363 2378 3393 O,
2393 3363 2465 3388 circa

1399 3399 1532 3431 propria)
1553 3399 1623 3423 inter
1640 3398 1799 3423 communia.
1818 3398 1898 3422 Codd.
1913 3397 1987 3423 ACM
2006 3398 2126 3422 omittunt
2144 3398 2214 3423 inter
2229 3398 2265 3430 (et
2283 3399 2308 3422 in
2327 3398 2351 3422 K
2369 3406 2465 3430 expun-

1404 3434 1501 3466 gitur),
1521 3441 1551 3458 ex
1569 3441 1621 3466 qua
1639 3433 1782 3457 omissione
1800 3441 1852 3457 non
1871 3433 1905 3457 ita
1924 3433 2054 3463 distincte,
2075 3434 2139 3457 sicut
2157 3434 2232 3457 ceteri
2252 3433 2362 3464 codices,
2381 3434 2464 3458 deter-

1405 3469 1503 3493 minant
1521 3467 1634 3501 primum
1652 3468 1702 3492 hoc
1720 3468 1867 3493 membrum
1886 3468 2077 3492 subdivisionis.
2102 3468 2236 3492 Praeterea
2255 3469 2311 3492 cod.
2331 3469 2352 3492 E
2371 3469 2466 3493 omittit

1406 3505 1476 3529 inter
1494 3503 1643 3528 communia
1648 3510 1657 3532 ‚·
1676 3509 1702 3528 et
1720 3504 1777 3528 cod.
1792 3503 1816 3527 R
1834 3504 1907 3535 legit:
1928 3503 1998 3535 quod
2017 3511 2067 3528 non
2082 3510 2109 3527 se
2126 3503 2223 3528 habent
2241 3503 2465 3528 demonstrativae

1405 3539 1530 3564 scientiae
1548 3539 1638 3563 eodem
1654 3538 1732 3563 modo
1750 3538 1822 3563 circa
1830 3538 1966 3570 principia
1979 3538 2128 3563 communia
2142 3538 2240 3562 omnia.
2256 3539 2386 3569 Secundo,
2401 3546 2464 3571 quo-

1406 3575 1485 3599 modo
1503 3581 1531 3598 se
1549 3574 1645 3598 habent
1665 3571 1703 3606 (et
1721 3574 1818 3598 habent
1841 3574 1930 3605 legunt
1953 3573 2029 3597 etiam
2048 3573 2271 3606 CDELOQRST)
2290 3574 2465 3599 communiter

1404 3610 1476 3635 circa
1495 3609 1585 3633 omnia
1602 3609 1761 3634 communia.
1779 3609 1879 3642 Nempe
1893 3608 2025 3641 imperitus
2041 3609 2207 3633 amanuensis
2220 3608 2296 3634 huius
2311 3609 2405 3634 codicis
2420 3617 2465 3634 ne-

2485 887 2497 899 *
2506 886 2560 914 Seq.
2576 892 2628 914 cap.
2642 892 2675 908 xi.

2485 913 2544 935 Tex.
2558 913 2595 935 26.

2489 1733 2499 1743 ⁸
2511 1731 2569 1753 Tex.
2585 1737 2620 1759 27.

2491 2829 2502 2840 ⁸
2514 2828 2652 2850 Codd.-po:
2676 2835 2703 2850 ο-

2491 2855 2579 2876 stendit
2591 2855 2700 2882 qualiter.

2492 2883 2500 2890 ·
2510 2881 2574 2903 Lect.
2589 2888 2640 2909 seq.

2591 2974 2605 3008 β
