<?xml version="1.0" encoding="UTF-8"?>
<!DOCTYPE html PUBLIC "-//W3C//DTD XHTML 1.0 Transitional//EN"
    "http://www.w3.org/TR/xhtml1/DTD/xhtml1-transitional.dtd">
<html xmlns="http://www.w3.org/1999/xhtml" xml:lang="en" lang="en">
 <head>
  <title>
</title>
<meta http-equiv="Content-Type" content="text/html;charset=utf-8" />
  <meta name='ocr-system' content='tesseract 3.04.00' />
  <meta name='ocr-capabilities' content='ocr_page ocr_carea ocr_par ocr_line ocrx_word'/>
</head>
<body>
  <div class='ocr_page' id='page_1' title='image "./operaomniaiussui01thom/operaomniaiussui01thom_0025.png"; bbox 0 0 2560 4308; ppageno 0'>
   <div class='ocr_carea' id='block_1_1' title="bbox 703 324 1789 379">
    <p class='ocr_par' dir='ltr' id='par_1_1' title="bbox 703 324 1789 379">
     <span class='ocr_line' id='line_1_1' title="bbox 703 324 1789 379; baseline -0.003 0"><span class='ocrx_word' id='word_1_1' title='bbox 703 325 1161 379; x_wconf 88' lang='lat' dir='ltr'><strong>SANCTISSIMI</strong></span> <span class='ocrx_word' id='word_1_2' title='bbox 1204 325 1475 378; x_wconf 89' lang='lat' dir='ltr'>DOMINI</span> <span class='ocrx_word' id='word_1_3' title='bbox 1518 324 1789 377; x_wconf 86' lang='lat' dir='ltr'><strong>NOSTRI</strong></span> 
     </span>
    </p>
   </div>
   <div class='ocr_carea' id='block_1_2' title="bbox 836 456 1645 594">
    <p class='ocr_par' dir='ltr' id='par_1_2' title="bbox 836 456 1645 594">
     <span class='ocr_line' id='line_1_2' title="bbox 836 456 1645 594; baseline 0.001 -2"><span class='ocrx_word' id='word_1_4' title='bbox 836 456 1645 594; x_wconf 83' lang='lat' dir='ltr'><strong>LEONIS</strong></span> 
     </span>
    </p>
   </div>
   <div class='ocr_carea' id='block_1_3' title="bbox 946 666 1533 704">
    <p class='ocr_par' dir='ltr' id='par_1_3' title="bbox 946 666 1533 704">
     <span class='ocr_line' id='line_1_3' title="bbox 946 666 1533 704; baseline -0.002 0"><span class='ocrx_word' id='word_1_5' title='bbox 946 667 1133 704; x_wconf 91' lang='lat' dir='ltr'><strong>DIVINA</strong></span> <span class='ocrx_word' id='word_1_6' title='bbox 1162 666 1533 704; x_wconf 91' lang='lat' dir='ltr'><strong>PROVIDENTIA</strong></span> 
     </span>
    </p>
   </div>
   <div class='ocr_carea' id='block_1_4' title="bbox 568 785 1914 919">
    <p class='ocr_par' dir='ltr' id='par_1_4' title="bbox 568 785 1914 919">
     <span class='ocr_line' id='line_1_4' title="bbox 568 785 1914 919; baseline -0.004 0"><span class='ocrx_word' id='word_1_7' title='bbox 568 785 1334 919; x_wconf 72' lang='lat' dir='ltr'>PAPAE</span> <span class='ocrx_word' id='word_1_8' title='bbox 1473 785 1914 915; x_wconf 89' lang='lat' dir='ltr'><strong>XIII.</strong></span> 
     </span>
    </p>
   </div>
   <div class='ocr_carea' id='block_1_5' title="bbox 780 999 1710 1059">
    <p class='ocr_par' dir='ltr' id='par_1_5' title="bbox 780 999 1710 1059">
     <span class='ocr_line' id='line_1_5' title="bbox 780 999 1710 1059; baseline -0.004 0"><span class='ocrx_word' id='word_1_9' title='bbox 780 1001 1200 1059; x_wconf 90' lang='lat' dir='ltr'><strong>EPISTOLA</strong></span> <span class='ocrx_word' id='word_1_10' title='bbox 1236 999 1710 1056; x_wconf 90' lang='lat' dir='ltr'><strong>ENCYCLICA</strong></span> 
     </span>
    </p>
   </div>
   <div class='ocr_carea' id='block_1_6' title="bbox 216 1139 2269 1242">
    <p class='ocr_par' dir='ltr' id='par_1_6' title="bbox 216 1139 2269 1242">
     <span class='ocr_line' id='line_1_6' title="bbox 216 1139 2269 1175; baseline -0.001 0"><span class='ocrx_word' id='word_1_11' title='bbox 216 1144 277 1175; x_wconf 72' lang='lat' dir='ltr'><strong>AD</strong></span> <span class='ocrx_word' id='word_1_12' title='bbox 300 1142 609 1175; x_wconf 81' lang='lat' dir='ltr'><strong>PATRIARCHAS</strong></span> <span class='ocrx_word' id='word_1_13' title='bbox 631 1141 850 1173; x_wconf 76' lang='lat' dir='ltr'><strong>PRIMATES</strong></span> <span class='ocrx_word' id='word_1_14' title='bbox 874 1139 1247 1172; x_wconf 81' lang='lat' dir='ltr'><strong>ARCHIEPISCOPOS</strong></span> <span class='ocrx_word' id='word_1_15' title='bbox 1271 1140 1329 1170; x_wconf 88' lang='lat' dir='ltr'><strong>ET</strong></span> <span class='ocrx_word' id='word_1_16' title='bbox 1353 1139 1588 1171; x_wconf 86' lang='lat' dir='ltr'><strong>EPISCOPOS</strong></span> <span class='ocrx_word' id='word_1_17' title='bbox 1612 1139 1854 1171; x_wconf 88' lang='lat' dir='ltr'><strong>UNIVERSOS</strong></span> <span class='ocrx_word' id='word_1_18' title='bbox 1879 1139 2120 1172; x_wconf 79' lang='lat' dir='ltr'><strong>CATHOLICI</strong></span> <span class='ocrx_word' id='word_1_19' title='bbox 2146 1141 2269 1173; x_wconf 88' lang='lat' dir='ltr'><strong>ORBIS</strong></span> 
     </span>
     <span class='ocr_line' id='line_1_7' title="bbox 509 1207 1975 1242; baseline -0.002 -1"><span class='ocrx_word' id='word_1_20' title='bbox 509 1209 712 1242; x_wconf 79' lang='lat' dir='ltr'><strong>GRATIAM</strong></span> <span class='ocrx_word' id='word_1_21' title='bbox 736 1209 795 1239; x_wconf 82' lang='lat' dir='ltr'><strong>ET</strong></span> <span class='ocrx_word' id='word_1_22' title='bbox 819 1207 1155 1240; x_wconf 84' lang='lat' dir='ltr'><strong>COMMUNIONEM</strong></span> <span class='ocrx_word' id='word_1_23' title='bbox 1180 1207 1275 1238; x_wconf 89' lang='lat' dir='ltr'><strong>CUM</strong></span> <span class='ocrx_word' id='word_1_24' title='bbox 1300 1207 1577 1239; x_wconf 80' lang='lat' dir='ltr'><strong>APOSTOLICA</strong></span> <span class='ocrx_word' id='word_1_25' title='bbox 1602 1207 1710 1238; x_wconf 87' lang='lat' dir='ltr'>SEDE</span> <span class='ocrx_word' id='word_1_26' title='bbox 1736 1207 1975 1239; x_wconf 86' lang='lat' dir='ltr'><strong>HABENTES.</strong></span> 
     </span>
    </p>
   </div>
   <div class='ocr_carea' id='block_1_7' title="bbox 882 1315 1614 1344">
    <p class='ocr_par' dir='ltr' id='par_1_7' title="bbox 882 1315 1614 1344">
     <span class='ocr_line' id='line_1_8' title="bbox 882 1315 1614 1344; baseline -0.001 0"><span class='ocrx_word' id='word_1_27' title='bbox 882 1315 1614 1344; x_wconf 25' lang='lat' dir='ltr'><strong>——Hmffi—</strong></span> 
     </span>
    </p>
   </div>
   <div class='ocr_carea' id='block_1_8' title="bbox 320 1417 2163 1504">
    <p class='ocr_par' dir='ltr' id='par_1_8' title="bbox 320 1417 2163 1504">
     <span class='ocr_line' id='line_1_9' title="bbox 320 1417 2163 1456; baseline -0.002 0"><span class='ocrx_word' id='word_1_28' title='bbox 320 1432 570 1456; x_wconf 61' lang='lat' dir='ltr'><strong>muamus</strong></span> <span class='ocrx_word' id='word_1_29' title='bbox 585 1431 758 1455; x_wconf 67' lang='lat' dir='ltr'>FRATRIBUS</span> <span class='ocrx_word' id='word_1_30' title='bbox 773 1417 982 1454; x_wconf 59' lang='lat' dir='ltr'><strong>vATmARCfflS</strong></span> <span class='ocrx_word' id='word_1_31' title='bbox 997 1430 1185 1453; x_wconf 75' lang='lat' dir='ltr'><strong>PRIMATIBUS</strong></span> <span class='ocrx_word' id='word_1_32' title='bbox 1200 1430 1458 1453; x_wconf 72' lang='lat' dir='ltr'><strong>ARCfflt-:Plscoms</strong></span> <span class='ocrx_word' id='word_1_33' title='bbox 1472 1430 1514 1452; x_wconf 88' lang='grc' dir='ltr'><strong>ΕΤ</strong></span> <span class='ocrx_word' id='word_1_34' title='bbox 1529 1430 1689 1453; x_wconf 78' lang='lat' dir='ltr'><strong>EPISCOPIS</strong></span> <span class='ocrx_word' id='word_1_35' title='bbox 1703 1430 1869 1453; x_wconf 74' lang='lat' dir='ltr'><strong>UNJVERSIS</strong></span> <span class='ocrx_word' id='word_1_36' title='bbox 1886 1431 2058 1453; x_wconf 80' lang='lat' dir='ltr'><strong>CATHOLICI</strong></span> <span class='ocrx_word' id='word_1_37' title='bbox 2074 1431 2163 1453; x_wconf 79' lang='lat' dir='ltr'><strong>ORmS</strong></span> 
     </span>
     <span class='ocr_line' id='line_1_10' title="bbox 709 1480 1784 1504; baseline -0.002 0"><span class='ocrx_word' id='word_1_38' title='bbox 709 1481 856 1504; x_wconf 62' lang='lat' dir='ltr'><strong>unsrun</strong></span> <span class='ocrx_word' id='word_1_39' title='bbox 870 1481 912 1504; x_wconf 86' lang='grc' dir='ltr'><strong>ΕΤ</strong></span> <span class='ocrx_word' id='word_1_40' title='bbox 926 1481 1166 1503; x_wconf 68' lang='grc' dir='ltr'>(ΞΟΜΜῙῘΝΙΟΝΕΜ</span> <span class='ocrx_word' id='word_1_41' title='bbox 1181 1480 1247 1503; x_wconf 71' lang='lat' dir='ltr'><strong>CUM</strong></span> <span class='ocrx_word' id='word_1_42' title='bbox 1261 1480 1467 1503; x_wconf 69' lang='lat' dir='ltr'><strong>APOSTOLICA</strong></span> <span class='ocrx_word' id='word_1_43' title='bbox 1481 1480 1561 1502; x_wconf 82' lang='lat' dir='ltr'>SEDE</span> <span class='ocrx_word' id='word_1_44' title='bbox 1576 1480 1784 1502; x_wconf 77' lang='lat' dir='ltr'><strong>HABENTIBUS.</strong></span> 
     </span>
    </p>
   </div>
   <div class='ocr_carea' id='block_1_9' title="bbox 951 1590 1545 1655">
    <p class='ocr_par' dir='ltr' id='par_1_9' title="bbox 951 1590 1545 1655">
     <span class='ocr_line' id='line_1_11' title="bbox 951 1590 1545 1655; baseline -0.002 0"><span class='ocrx_word' id='word_1_45' title='bbox 951 1590 1144 1655; x_wconf 89' lang='lat' dir='ltr'><strong>LEO</strong></span> <span class='ocrx_word' id='word_1_46' title='bbox 1198 1590 1320 1655; x_wconf 86' lang='lat' dir='ltr'><strong>PP.</strong></span> <span class='ocrx_word' id='word_1_47' title='bbox 1371 1590 1545 1655; x_wconf 92' lang='lat' dir='ltr'><strong>XIII.</strong></span> 
     </span>
    </p>
   </div>
   <div class='ocr_carea' id='block_1_10' title="bbox 1016 1727 1478 1755">
    <p class='ocr_par' dir='ltr' id='par_1_10' title="bbox 1016 1727 1478 1755">
     <span class='ocr_line' id='line_1_12' title="bbox 1016 1727 1478 1755; baseline 0 0"><span class='ocrx_word' id='word_1_48' title='bbox 1016 1727 1282 1755; x_wconf 80' lang='lat' dir='ltr'><strong>VENERABILES</strong></span> <span class='ocrx_word' id='word_1_49' title='bbox 1305 1728 1478 1755; x_wconf 81' lang='lat' dir='ltr'>FRATRES</span> 
     </span>
    </p>
   </div>
   <div class='ocr_carea' id='block_1_11' title="bbox 734 1811 1768 1863">
    <p class='ocr_par' dir='ltr' id='par_1_11' title="bbox 734 1811 1768 1863">
     <span class='ocr_line' id='line_1_13' title="bbox 734 1811 1768 1863; baseline -0.002 -9"><span class='ocrx_word' id='word_1_50' title='bbox 734 1812 943 1854; x_wconf 77' lang='lat' dir='ltr'><strong>Salutem</strong></span> <span class='ocrx_word' id='word_1_51' title='bbox 971 1815 1019 1853; x_wconf 89' lang='lat' dir='ltr'><strong>et</strong></span> <span class='ocrx_word' id='word_1_52' title='bbox 1047 1812 1367 1863; x_wconf 88' lang='lat' dir='ltr'><strong>Apostolicam</strong></span> <span class='ocrx_word' id='word_1_53' title='bbox 1395 1811 1768 1853; x_wconf 86' lang='lat' dir='ltr'><strong>Benedictionem</strong></span> 
     </span>
    </p>
   </div>
   <div class='ocr_carea' id='block_1_12' title="bbox 134 2095 2364 3674">
    <p class='ocr_par' dir='ltr' id='par_1_12' title="bbox 134 2095 2364 3674">
     <span class='ocr_line' id='line_1_14' title="bbox 273 2095 2359 2170; baseline 0 -16"><span class='ocrx_word' id='word_1_54' title='bbox 273 2132 331 2165; x_wconf 42' lang='lat' dir='ltr'><strong>a„</strong></span> <span class='ocrx_word' id='word_1_55' title='bbox 354 2095 398 2119; x_wconf 83' lang='grc'>”</span> <span class='ocrx_word' id='word_1_56' title='bbox 431 2122 492 2154; x_wconf 90' lang='lat' dir='ltr'><strong>ac</strong></span> <span class='ocrx_word' id='word_1_57' title='bbox 522 2101 757 2154; x_wconf 90' lang='lat' dir='ltr'><strong>mirabile</strong></span> <span class='ocrx_word' id='word_1_58' title='bbox 787 2101 988 2153; x_wconf 91' lang='lat' dir='ltr'><strong>mundo</strong></span> <span class='ocrx_word' id='word_1_59' title='bbox 1015 2100 1231 2153; x_wconf 88' lang='lat' dir='ltr'><strong>contulit</strong></span> <span class='ocrx_word' id='word_1_60' title='bbox 1260 2101 1593 2170; x_wconf 84' lang='lat' dir='ltr'><strong>beneficium,</strong></span> <span class='ocrx_word' id='word_1_61' title='bbox 1625 2122 1744 2154; x_wconf 92' lang='lat' dir='ltr'><strong>cum</strong></span> <span class='ocrx_word' id='word_1_62' title='bbox 1776 2101 1949 2154; x_wconf 91' lang='lat' dir='ltr'><strong>caelos</strong></span> <span class='ocrx_word' id='word_1_63' title='bbox 1975 2101 2159 2154; x_wconf 86' lang='lat' dir='ltr'><strong>iterum</strong></span> <span class='ocrx_word' id='word_1_64' title='bbox 2181 2122 2359 2154; x_wconf 91' lang='lat' dir='ltr'><strong>ascen-</strong></span> 
     </span>
     <span class='ocr_line' id='line_1_15' title="bbox 276 2172 2362 2242; baseline 0.002 -21"><span class='ocrx_word' id='word_1_65' title='bbox 276 2204 290 2221; x_wconf 22' lang='lat'>&amp;</span> <span class='ocrx_word' id='word_1_66' title='bbox 345 2200 349 2206; x_wconf 87' lang='lat'><em>.</em></span> <span class='ocrx_word' id='word_1_67' title='bbox 398 2192 612 2242; x_wconf 89' lang='lat' dir='ltr'><strong>surus,</strong></span> <span class='ocrx_word' id='word_1_68' title='bbox 658 2172 941 2242; x_wconf 90' lang='lat' dir='ltr'><strong>Apostolis</strong></span> <span class='ocrx_word' id='word_1_69' title='bbox 994 2172 1292 2241; x_wconf 90' lang='lat' dir='ltr'><strong>praecepit,</strong></span> <span class='ocrx_word' id='word_1_70' title='bbox 1338 2184 1393 2225; x_wconf 91' lang='lat' dir='ltr'><strong>ut</strong></span> <span class='ocrx_word' id='word_1_71' title='bbox 1444 2182 1623 2225; x_wconf 81' lang='lat' dir='ltr'><strong>euntes</strong></span> <span class='ocrx_word' id='word_1_72' title='bbox 1674 2173 1913 2225; x_wconf 79' lang='lat' dir='ltr'><em>docerent</em></span> <span class='ocrx_word' id='word_1_73' title='bbox 1956 2193 2130 2225; x_wconf 79' lang='lat' dir='ltr'><strong>omnes</strong></span> <span class='ocrx_word' id='word_1_74' title='bbox 2178 2183 2362 2241; x_wconf 80' lang='lat' dir='ltr'><em>gentes</em></span> 
     </span>
     <span class='ocr_line' id='line_1_16' title="bbox 137 2216 2360 2324; baseline -0.001 -26"><span class='ocrx_word' id='word_1_75' title='bbox 137 2217 346 2315; x_wconf 85' lang='lat' dir='ltr'><strong>(Matth</strong></span> <span class='ocrx_word' id='word_1_76' title='bbox 375 2216 643 2313; x_wconf 86' lang='lat' dir='ltr'><strong>XXVIII,</strong></span> <span class='ocrx_word' id='word_1_77' title='bbox 679 2247 787 2324; x_wconf 40' lang='lat'><strong>19)·3</strong></span> <span class='ocrx_word' id='word_1_78' title='bbox 822 2244 1224 2312; x_wconf 89' lang='lat' dir='ltr'><strong>Ecclesiamque</strong></span> <span class='ocrx_word' id='word_1_79' title='bbox 1259 2265 1290 2296; x_wconf 93' lang='lat' dir='ltr'><strong>a</strong></span> <span class='ocrx_word' id='word_1_80' title='bbox 1321 2264 1377 2296; x_wconf 91' lang='lat' dir='ltr'><strong>se</strong></span> <span class='ocrx_word' id='word_1_81' title='bbox 1421 2244 1686 2297; x_wconf 89' lang='lat' dir='ltr'><strong>conditam</strong></span> <span class='ocrx_word' id='word_1_82' title='bbox 1723 2265 2057 2296; x_wconf 92' lang='lat' dir='ltr'><strong>communem</strong></span> <span class='ocrx_word' id='word_1_83' title='bbox 2097 2255 2146 2296; x_wconf 91' lang='lat' dir='ltr'><strong>et</strong></span> <span class='ocrx_word' id='word_1_84' title='bbox 2180 2265 2360 2313; x_wconf 90' lang='lat' dir='ltr'><strong>supre-</strong></span> 
     </span>
     <span class='ocr_line' id='line_1_17' title="bbox 136 2315 2360 2386; baseline 0 -17"><span class='ocrx_word' id='word_1_85' title='bbox 136 2335 276 2369; x_wconf 88' lang='lat' dir='ltr'><strong>mam</strong></span> <span class='ocrx_word' id='word_1_86' title='bbox 292 2316 613 2386; x_wconf 90' lang='lat' dir='ltr'><strong>populorum</strong></span> <span class='ocrx_word' id='word_1_87' title='bbox 639 2315 940 2385; x_wconf 84' lang='lat' dir='ltr'><strong>magistram</strong></span> <span class='ocrx_word' id='word_1_88' title='bbox 963 2316 1178 2384; x_wconf 90' lang='lat' dir='ltr'><strong>reliquit.</strong></span> <span class='ocrx_word' id='word_1_89' title='bbox 1202 2315 1462 2368; x_wconf 85' lang='lat' dir='ltr'><strong>Homines</strong></span> <span class='ocrx_word' id='word_1_90' title='bbox 1483 2316 1636 2384; x_wconf 89' lang='lat' dir='ltr'><strong>enim,</strong></span> <span class='ocrx_word' id='word_1_91' title='bbox 1664 2336 1798 2383; x_wconf 91' lang='lat' dir='ltr'><strong>quos</strong></span> <span class='ocrx_word' id='word_1_92' title='bbox 1825 2316 2012 2368; x_wconf 88' lang='lat' dir='ltr'><strong>veritas</strong></span> <span class='ocrx_word' id='word_1_93' title='bbox 2035 2315 2360 2386; x_wconf 90' lang='lat' dir='ltr'><strong>liberaverat,</strong></span> 
     </span>
     <span class='ocr_line' id='line_1_18' title="bbox 135 2387 2360 2456; baseline -0 -16"><span class='ocrx_word' id='word_1_94' title='bbox 135 2387 352 2440; x_wconf 89' lang='lat' dir='ltr'><strong>veritate</strong></span> <span class='ocrx_word' id='word_1_95' title='bbox 374 2399 520 2440; x_wconf 92' lang='lat' dir='ltr'><strong>erant</strong></span> <span class='ocrx_word' id='word_1_96' title='bbox 540 2387 910 2440; x_wconf 91' lang='lat' dir='ltr'><strong>conservandi:</strong></span> <span class='ocrx_word' id='word_1_97' title='bbox 937 2407 1110 2455; x_wconf 92' lang='lat' dir='ltr'><strong>neque</strong></span> <span class='ocrx_word' id='word_1_98' title='bbox 1136 2387 1224 2439; x_wconf 90' lang='lat' dir='ltr'><strong>diu</strong></span> <span class='ocrx_word' id='word_1_99' title='bbox 1253 2387 1661 2456; x_wconf 81' lang='lat' dir='ltr'><strong>permansissent</strong></span> <span class='ocrx_word' id='word_1_100' title='bbox 1689 2387 1987 2439; x_wconf 90' lang='lat' dir='ltr'><strong>caelestium</strong></span> <span class='ocrx_word' id='word_1_101' title='bbox 2007 2387 2360 2440; x_wconf 85' lang='lat' dir='ltr'><strong>doctrinarum</strong></span> 
     </span>
     <span class='ocr_line' id='line_1_19' title="bbox 134 2458 2361 2528; baseline 0 -17"><span class='ocrx_word' id='word_1_102' title='bbox 134 2458 356 2528; x_wconf 89' lang='lat' dir='ltr'><strong>fructus,</strong></span> <span class='ocrx_word' id='word_1_103' title='bbox 386 2479 483 2528; x_wconf 91' lang='lat' dir='ltr'><strong>per</strong></span> <span class='ocrx_word' id='word_1_104' title='bbox 521 2479 657 2527; x_wconf 92' lang='lat' dir='ltr'><strong>quos</strong></span> <span class='ocrx_word' id='word_1_105' title='bbox 706 2470 784 2511; x_wconf 88' lang='lat' dir='ltr'><strong>est</strong></span> <span class='ocrx_word' id='word_1_106' title='bbox 830 2458 1027 2510; x_wconf 89' lang='lat' dir='ltr'><strong>homini</strong></span> <span class='ocrx_word' id='word_1_107' title='bbox 1076 2469 1224 2527; x_wconf 91' lang='lat' dir='ltr'><strong>parta</strong></span> <span class='ocrx_word' id='word_1_108' title='bbox 1262 2458 1416 2527; x_wconf 90' lang='lat' dir='ltr'><strong>salus,</strong></span> <span class='ocrx_word' id='word_1_109' title='bbox 1437 2479 1531 2511; x_wconf 82' lang='lat' dir='ltr'><strong>n1S1</strong></span> <span class='ocrx_word' id='word_1_110' title='bbox 1554 2458 1796 2512; x_wconf 90' lang='lat' dir='ltr'><strong>Christus</strong></span> <span class='ocrx_word' id='word_1_111' title='bbox 1819 2459 2087 2511; x_wconf 91' lang='lat' dir='ltr'><strong>Dominus</strong></span> <span class='ocrx_word' id='word_1_112' title='bbox 2123 2459 2361 2512; x_wconf 92' lang='lat' dir='ltr'><strong>erudien-</strong></span> 
     </span>
     <span class='ocr_line' id='line_1_20' title="bbox 136 2530 2360 2599; baseline 0 -16"><span class='ocrx_word' id='word_1_113' title='bbox 136 2530 218 2583; x_wconf 89' lang='lat' dir='ltr'><strong>dis</strong></span> <span class='ocrx_word' id='word_1_114' title='bbox 256 2530 326 2583; x_wconf 88' lang='lat' dir='ltr'><strong>ad</strong></span> <span class='ocrx_word' id='word_1_115' title='bbox 365 2530 527 2583; x_wconf 91' lang='lat' dir='ltr'><strong>fidem</strong></span> <span class='ocrx_word' id='word_1_116' title='bbox 566 2530 830 2582; x_wconf 90' lang='lat' dir='ltr'><strong>mentibus</strong></span> <span class='ocrx_word' id='word_1_117' title='bbox 874 2550 1107 2598; x_wconf 90' lang='lat' dir='ltr'><strong>perenne</strong></span> <span class='ocrx_word' id='word_1_118' title='bbox 1147 2530 1503 2599; x_wconf 88' lang='lat' dir='ltr'><strong>magisterium</strong></span> <span class='ocrx_word' id='word_1_119' title='bbox 1544 2530 1905 2583; x_wconf 86' lang='lat' dir='ltr'><strong>constituisset.</strong></span> <span class='ocrx_word' id='word_1_120' title='bbox 1954 2530 2195 2583; x_wconf 84' lang='lat' dir='ltr'><strong>Ecclesia</strong></span> <span class='ocrx_word' id='word_1_121' title='bbox 2233 2552 2360 2583; x_wconf 89' lang='lat' dir='ltr'><strong>vero</strong></span> 
     </span>
     <span class='ocr_line' id='line_1_21' title="bbox 137 2601 2364 2671; baseline 0 -17"><span class='ocrx_word' id='word_1_122' title='bbox 137 2601 299 2654; x_wconf 90' lang='lat' dir='ltr'><strong>divini</strong></span> <span class='ocrx_word' id='word_1_123' title='bbox 338 2601 594 2654; x_wconf 92' lang='lat' dir='ltr'><strong>Auctoris</strong></span> <span class='ocrx_word' id='word_1_124' title='bbox 634 2601 711 2654; x_wconf 92' lang='lat' dir='ltr'><strong>sui</strong></span> <span class='ocrx_word' id='word_1_125' title='bbox 752 2622 871 2654; x_wconf 91' lang='lat' dir='ltr'><strong>curn</strong></span> <span class='ocrx_word' id='word_1_126' title='bbox 900 2612 1073 2653; x_wconf 91' lang='lat' dir='ltr'><strong>erecta</strong></span> <span class='ocrx_word' id='word_1_127' title='bbox 1099 2601 1386 2670; x_wconf 84' lang='lat' dir='ltr'><strong>promissis,</strong></span> <span class='ocrx_word' id='word_1_128' title='bbox 1417 2613 1527 2654; x_wconf 93' lang='lat' dir='ltr'><strong>tum</strong></span> <span class='ocrx_word' id='word_1_129' title='bbox 1566 2602 1760 2654; x_wconf 91' lang='lat' dir='ltr'><strong>imitata</strong></span> <span class='ocrx_word' id='word_1_130' title='bbox 1793 2602 2072 2671; x_wconf 86' lang='lat' dir='ltr'><strong>caritatem,</strong></span> <span class='ocrx_word' id='word_1_131' title='bbox 2113 2603 2186 2655; x_wconf 88' lang='lat' dir='ltr'><strong>sic</strong></span> <span class='ocrx_word' id='word_1_132' title='bbox 2226 2603 2364 2655; x_wconf 91' lang='lat' dir='ltr'><strong>iussa</strong></span> 
     </span>
     <span class='ocr_line' id='line_1_22' title="bbox 136 2673 2361 2754; baseline 0 -28"><span class='ocrx_word' id='word_1_133' title='bbox 136 2673 376 2743; x_wconf 83' lang='lat' dir='ltr'><strong>perfecit,</strong></span> <span class='ocrx_word' id='word_1_134' title='bbox 398 2685 454 2726; x_wconf 91' lang='lat' dir='ltr'><strong>ut</strong></span> <span class='ocrx_word' id='word_1_135' title='bbox 473 2673 576 2726; x_wconf 92' lang='lat' dir='ltr'><strong>hoc</strong></span> <span class='ocrx_word' id='word_1_136' title='bbox 596 2693 809 2742; x_wconf 91' lang='lat' dir='ltr'><strong>semper</strong></span> <span class='ocrx_word' id='word_1_137' title='bbox 837 2673 1106 2742; x_wconf 87' lang='lat' dir='ltr'><strong>spectarit,</strong></span> <span class='ocrx_word' id='word_1_138' title='bbox 1138 2673 1240 2725; x_wconf 90' lang='lat' dir='ltr'><strong>hoc</strong></span> <span class='ocrx_word' id='word_1_139' title='bbox 1280 2673 1504 2726; x_wconf 88' lang='lat' dir='ltr'><strong>maxime</strong></span> <span class='ocrx_word' id='word_1_140' title='bbox 1544 2674 1789 2742; x_wconf 89' lang='lat' dir='ltr'><strong>voluerit,</strong></span> <span class='ocrx_word' id='word_1_141' title='bbox 1822 2674 1889 2726; x_wconf 94' lang='lat' dir='ltr'><strong>de</strong></span> <span class='ocrx_word' id='word_1_142' title='bbox 1921 2674 2173 2754; x_wconf 88' lang='lat' dir='ltr'><strong>religione</strong></span> <span class='ocrx_word' id='word_1_143' title='bbox 2212 2695 2361 2754; x_wconf 91' lang='lat' dir='ltr'><strong>prae-</strong></span> 
     </span>
     <span class='ocr_line' id='line_1_23' title="bbox 138 2744 2361 2816; baseline 0 -18"><span class='ocrx_word' id='word_1_144' title='bbox 138 2765 315 2814; x_wconf 78' lang='lat' dir='ltr'><strong>cipere</strong></span> <span class='ocrx_word' id='word_1_145' title='bbox 364 2756 416 2798; x_wconf 91' lang='lat' dir='ltr'><strong>et</strong></span> <span class='ocrx_word' id='word_1_146' title='bbox 467 2766 587 2798; x_wconf 92' lang='lat' dir='ltr'><strong>cum</strong></span> <span class='ocrx_word' id='word_1_147' title='bbox 643 2744 908 2797; x_wconf 90' lang='lat' dir='ltr'><strong>erroribus</strong></span> <span class='ocrx_word' id='word_1_148' title='bbox 963 2755 1222 2814; x_wconf 92' lang='lat' dir='ltr'><strong>perpetuo</strong></span> <span class='ocrx_word' id='word_1_149' title='bbox 1264 2745 1524 2798; x_wconf 87' lang='lat' dir='ltr'><strong>dimicare.</strong></span> <span class='ocrx_word' id='word_1_150' title='bbox 1565 2745 1689 2798; x_wconf 91' lang='lat' dir='ltr'><strong>Huc</strong></span> <span class='ocrx_word' id='word_1_151' title='bbox 1728 2766 1853 2798; x_wconf 92' lang='lat' dir='ltr'><strong>sane</strong></span> <span class='ocrx_word' id='word_1_152' title='bbox 1893 2746 2153 2814; x_wconf 89' lang='lat' dir='ltr'><strong>pertinent</strong></span> <span class='ocrx_word' id='word_1_153' title='bbox 2186 2767 2361 2816; x_wconf 78' lang='lat' dir='ltr'><strong>Singu-</strong></span> 
     </span>
     <span class='ocr_line' id='line_1_24' title="bbox 136 2816 2361 2887; baseline 0 -18"><span class='ocrx_word' id='word_1_154' title='bbox 136 2816 308 2870; x_wconf 90' lang='lat' dir='ltr'><strong>lorum</strong></span> <span class='ocrx_word' id='word_1_155' title='bbox 344 2817 740 2886; x_wconf 90' lang='lat' dir='ltr'><strong>Episcoporum</strong></span> <span class='ocrx_word' id='word_1_156' title='bbox 771 2816 965 2886; x_wconf 82' lang='lat' dir='ltr'><strong>vigilati</strong></span> <span class='ocrx_word' id='word_1_157' title='bbox 1004 2816 1238 2885; x_wconf 91' lang='lat' dir='ltr'><strong>labores3</strong></span> <span class='ocrx_word' id='word_1_158' title='bbox 1287 2817 1389 2869; x_wconf 92' lang='lat' dir='ltr'><strong>huc</strong></span> <span class='ocrx_word' id='word_1_159' title='bbox 1439 2817 1800 2871; x_wconf 89' lang='lat' dir='ltr'><strong>Conciliorum</strong></span> <span class='ocrx_word' id='word_1_160' title='bbox 1839 2818 2068 2886; x_wconf 88' lang='lat' dir='ltr'><strong>perlatae</strong></span> <span class='ocrx_word' id='word_1_161' title='bbox 2117 2818 2261 2887; x_wconf 87' lang='lat' dir='ltr'><strong>leges</strong></span> <span class='ocrx_word' id='word_1_162' title='bbox 2301 2839 2361 2870; x_wconf 89' lang='lat' dir='ltr'><strong>ac</strong></span> 
     </span>
     <span class='ocr_line' id='line_1_25' title="bbox 139 2887 2361 2969; baseline 0 -28"><span class='ocrx_word' id='word_1_163' title='bbox 139 2887 367 2957; x_wconf 89' lang='lat' dir='ltr'><strong>decreta,</strong></span> <span class='ocrx_word' id='word_1_164' title='bbox 407 2900 459 2941; x_wconf 91' lang='lat' dir='ltr'><strong>et</strong></span> <span class='ocrx_word' id='word_1_165' title='bbox 495 2909 719 2941; x_wconf 81' lang='lat' dir='ltr'><strong>maX1me</strong></span> <span class='ocrx_word' id='word_1_166' title='bbox 744 2888 1112 2940; x_wconf 91' lang='lat' dir='ltr'><strong>Romanorum</strong></span> <span class='ocrx_word' id='word_1_167' title='bbox 1150 2888 1465 2941; x_wconf 89' lang='lat' dir='ltr'><strong>Pontificum</strong></span> <span class='ocrx_word' id='word_1_168' title='bbox 1505 2889 1800 2941; x_wconf 91' lang='lat' dir='ltr'><strong>sollicitudo</strong></span> <span class='ocrx_word' id='word_1_169' title='bbox 1839 2889 2156 2957; x_wconf 90' lang='lat' dir='ltr'><strong>quotidiana,</strong></span> <span class='ocrx_word' id='word_1_170' title='bbox 2196 2910 2361 2969; x_wconf 86' lang='lat' dir='ltr'><strong>penes</strong></span> 
     </span>
     <span class='ocr_line' id='line_1_26' title="bbox 140 2959 2363 3030; baseline 0 -18"><span class='ocrx_word' id='word_1_171' title='bbox 140 2979 291 3029; x_wconf 87' lang='lat' dir='ltr'><strong>quos,</strong></span> <span class='ocrx_word' id='word_1_172' title='bbox 316 2960 455 3012; x_wconf 90' lang='lat' dir='ltr'><strong>beati</strong></span> <span class='ocrx_word' id='word_1_173' title='bbox 484 2960 624 3012; x_wconf 92' lang='lat' dir='ltr'><strong>Petri</strong></span> <span class='ocrx_word' id='word_1_174' title='bbox 654 2960 1047 3029; x_wconf 87' lang='lat' dir='ltr'><strong>Apostolorum</strong></span> <span class='ocrx_word' id='word_1_175' title='bbox 1075 2959 1332 3029; x_wconf 90' lang='lat' dir='ltr'><strong>Principis</strong></span> <span class='ocrx_word' id='word_1_176' title='bbox 1372 2961 1422 3012; x_wconf 90' lang='lat' dir='ltr'><strong>in</strong></span> <span class='ocrx_word' id='word_1_177' title='bbox 1461 2961 1684 3030; x_wconf 91' lang='lat' dir='ltr'><strong>primatu</strong></span> <span class='ocrx_word' id='word_1_178' title='bbox 1725 2981 2082 3029; x_wconf 91' lang='lat' dir='ltr'><strong>successores,</strong></span> <span class='ocrx_word' id='word_1_179' title='bbox 2115 2972 2165 3013; x_wconf 88' lang='lat' dir='ltr'><strong>et</strong></span> <span class='ocrx_word' id='word_1_180' title='bbox 2203 2981 2280 3013; x_wconf 92' lang='lat' dir='ltr'><strong>1us</strong></span> <span class='ocrx_word' id='word_1_181' title='bbox 2313 2972 2363 3013; x_wconf 95' lang='lat' dir='ltr'><strong>et</strong></span> 
     </span>
     <span class='ocr_line' id='line_1_27' title="bbox 141 3003 2360 3102; baseline 0 -19"><span class='ocrx_word' id='word_1_182' title='bbox 141 3003 371 3083; x_wconf 86' lang='lat' dir='ltr'><strong>officium</strong></span> <span class='ocrx_word' id='word_1_183' title='bbox 409 3043 488 3084; x_wconf 89' lang='lat' dir='ltr'><strong>est</strong></span> <span class='ocrx_word' id='word_1_184' title='bbox 526 3031 756 3084; x_wconf 89' lang='lat' dir='ltr'><strong>docendi</strong></span> <span class='ocrx_word' id='word_1_185' title='bbox 798 3043 848 3084; x_wconf 91' lang='lat' dir='ltr'><strong>et</strong></span> <span class='ocrx_word' id='word_1_186' title='bbox 891 3031 1237 3084; x_wconf 90' lang='lat' dir='ltr'><strong>confirmandi</strong></span> <span class='ocrx_word' id='word_1_187' title='bbox 1274 3031 1454 3084; x_wconf 90' lang='lat' dir='ltr'><strong>fratres</strong></span> <span class='ocrx_word' id='word_1_188' title='bbox 1491 3052 1542 3084; x_wconf 91' lang='lat' dir='ltr'><strong>1n</strong></span> <span class='ocrx_word' id='word_1_189' title='bbox 1571 3032 1690 3085; x_wconf 90' lang='lat' dir='ltr'><strong>fide.</strong></span> <span class='ocrx_word' id='word_1_190' title='bbox 1722 3032 1995 3102; x_wconf 75' lang='lat' dir='ltr'><strong>Quoniam</strong></span> <span class='ocrx_word' id='word_1_191' title='bbox 2028 3053 2173 3101; x_wconf 89' lang='lat' dir='ltr'><strong>vero,</strong></span> <span class='ocrx_word' id='word_1_192' title='bbox 2203 3033 2300 3102; x_wconf 94' lang='lat' dir='ltr'><strong>Ap</strong></span> <span class='ocrx_word' id='word_1_193' title='bbox 2306 3053 2360 3084; x_wconf 96' lang='lat' dir='ltr'><strong>o-</strong></span> 
     </span>
     <span class='ocr_line' id='line_1_28' title="bbox 140 3101 2360 3175; baseline 0.001 -21"><span class='ocrx_word' id='word_1_194' title='bbox 140 3101 278 3154; x_wconf 93' lang='lat' dir='ltr'><strong>stolo</strong></span> <span class='ocrx_word' id='word_1_195' title='bbox 299 3114 562 3172; x_wconf 89' lang='lat' dir='ltr'><strong>monente,</strong></span> <span class='ocrx_word' id='word_1_196' title='bbox 591 3112 694 3171; x_wconf 86' lang='lat' dir='ltr'><strong>per</strong></span> <span class='ocrx_word' id='word_1_197' title='bbox 716 3103 1106 3171; x_wconf 70' lang='lat' dir='ltr'><strong>philosophiam</strong></span> <span class='ocrx_word' id='word_1_198' title='bbox 1135 3112 1186 3155; x_wconf 81' lang='lat' dir='ltr'><strong>et</strong></span> <span class='ocrx_word' id='word_1_199' title='bbox 1220 3105 1432 3156; x_wconf 80' lang='lat' dir='ltr'><strong>inanem</strong></span> <span class='ocrx_word' id='word_1_200' title='bbox 1455 3104 1748 3172; x_wconf 81' lang='lat' dir='ltr'><strong>fallaciam</strong></span> <span class='ocrx_word' id='word_1_201' title='bbox 1773 3104 2010 3175; x_wconf 86' lang='lat' dir='ltr'><strong>(Coloss.</strong></span> <span class='ocrx_word' id='word_1_202' title='bbox 2032 3104 2097 3172; x_wconf 95' lang='grc' dir='ltr'><strong>ΙΙ,</strong></span> <span class='ocrx_word' id='word_1_203' title='bbox 2116 3106 2178 3174; x_wconf 85' lang='grc'><strong>8)</strong></span> <span class='ocrx_word' id='word_1_204' title='bbox 2209 3104 2360 3157; x_wconf 86' lang='lat' dir='ltr'><strong>Chri-</strong></span> 
     </span>
     <span class='ocr_line' id='line_1_29' title="bbox 141 3172 2360 3245; baseline 0.002 -21"><span class='ocrx_word' id='word_1_205' title='bbox 141 3172 442 3225; x_wconf 89' lang='lat' dir='ltr'><strong>stifidelium</strong></span> <span class='ocrx_word' id='word_1_206' title='bbox 469 3186 670 3227; x_wconf 91' lang='lat' dir='ltr'><strong>mentes</strong></span> <span class='ocrx_word' id='word_1_207' title='bbox 699 3175 879 3244; x_wconf 91' lang='lat' dir='ltr'><strong>decipi</strong></span> <span class='ocrx_word' id='word_1_208' title='bbox 903 3175 1088 3243; x_wconf 89' lang='lat' dir='ltr'><strong>solent,</strong></span> <span class='ocrx_word' id='word_1_209' title='bbox 1112 3186 1162 3227; x_wconf 91' lang='lat' dir='ltr'><strong>et</strong></span> <span class='ocrx_word' id='word_1_210' title='bbox 1191 3175 1315 3227; x_wconf 89' lang='lat' dir='ltr'><strong>fidei</strong></span> <span class='ocrx_word' id='word_1_211' title='bbox 1350 3176 1616 3228; x_wconf 86' lang='lat' dir='ltr'><strong>sinceritas</strong></span> <span class='ocrx_word' id='word_1_212' title='bbox 1653 3196 1703 3228; x_wconf 92' lang='lat' dir='ltr'><strong>1n</strong></span> <span class='ocrx_word' id='word_1_213' title='bbox 1741 3176 2041 3228; x_wconf 90' lang='lat' dir='ltr'><strong>hominibus</strong></span> <span class='ocrx_word' id='word_1_214' title='bbox 2072 3176 2360 3245; x_wconf 91' lang='lat' dir='ltr'><strong>corrumpi,</strong></span> 
     </span>
     <span class='ocr_line' id='line_1_30' title="bbox 141 3244 2362 3324; baseline 0.001 -28"><span class='ocrx_word' id='word_1_215' title='bbox 141 3244 338 3297; x_wconf 91' lang='lat' dir='ltr'><strong>idcirco</strong></span> <span class='ocrx_word' id='word_1_216' title='bbox 373 3246 603 3324; x_wconf 88' lang='lat' dir='ltr'><strong>supremi</strong></span> <span class='ocrx_word' id='word_1_217' title='bbox 635 3246 908 3299; x_wconf 89' lang='lat' dir='ltr'><strong>Ecclesiae</strong></span> <span class='ocrx_word' id='word_1_218' title='bbox 943 3247 1189 3299; x_wconf 89' lang='lat' dir='ltr'><strong>Pastores</strong></span> <span class='ocrx_word' id='word_1_219' title='bbox 1245 3247 1474 3299; x_wconf 91' lang='lat' dir='ltr'><strong>muneris</strong></span> <span class='ocrx_word' id='word_1_220' title='bbox 1519 3247 1598 3299; x_wconf 88' lang='lat' dir='ltr'><strong>sui</strong></span> <span class='ocrx_word' id='word_1_221' title='bbox 1642 3258 1901 3316; x_wconf 89' lang='lat' dir='ltr'><strong>perpetuo</strong></span> <span class='ocrx_word' id='word_1_222' title='bbox 1948 3268 2063 3300; x_wconf 91' lang='lat' dir='ltr'><strong>esse</strong></span> <span class='ocrx_word' id='word_1_223' title='bbox 2104 3247 2362 3299; x_wconf 86' lang='lat' dir='ltr'><strong>duxerunt</strong></span> 
     </span>
     <span class='ocr_line' id='line_1_31' title="bbox 143 3316 2359 3388; baseline 0.002 -21"><span class='ocrx_word' id='word_1_224' title='bbox 143 3316 297 3368; x_wconf 89' lang='lat' dir='ltr'><strong>etiam</strong></span> <span class='ocrx_word' id='word_1_225' title='bbox 341 3336 451 3367; x_wconf 77' lang='lat' dir='ltr'><strong>veri</strong></span> <span class='ocrx_word' id='word_1_226' title='bbox 494 3317 718 3369; x_wconf 92' lang='lat' dir='ltr'><strong>nominis</strong></span> <span class='ocrx_word' id='word_1_227' title='bbox 761 3318 1029 3370; x_wconf 88' lang='lat' dir='ltr'><strong>scientiam</strong></span> <span class='ocrx_word' id='word_1_228' title='bbox 1068 3318 1188 3371; x_wconf 91' lang='lat' dir='ltr'><strong>totis</strong></span> <span class='ocrx_word' id='word_1_229' title='bbox 1227 3318 1424 3371; x_wconf 91' lang='lat' dir='ltr'><strong>viribus</strong></span> <span class='ocrx_word' id='word_1_230' title='bbox 1463 3319 1783 3388; x_wconf 87' lang='lat' dir='ltr'><strong>provehere,</strong></span> <span class='ocrx_word' id='word_1_231' title='bbox 1818 3319 2075 3387; x_wconf 91' lang='lat' dir='ltr'><strong>simulque</strong></span> <span class='ocrx_word' id='word_1_232' title='bbox 2114 3319 2359 3387; x_wconf 88' lang='lat' dir='ltr'><strong>singulari</strong></span> 
     </span>
     <span class='ocr_line' id='line_1_32' title="bbox 142 3387 2360 3458; baseline 0.001 -19"><span class='ocrx_word' id='word_1_233' title='bbox 142 3387 407 3456; x_wconf 87' lang='lat' dir='ltr'><strong>vigilantia</strong></span> <span class='ocrx_word' id='word_1_234' title='bbox 454 3388 766 3456; x_wconf 92' lang='lat' dir='ltr'><strong>providere,</strong></span> <span class='ocrx_word' id='word_1_235' title='bbox 808 3400 864 3441; x_wconf 89' lang='lat' dir='ltr'><strong>ut</strong></span> <span class='ocrx_word' id='word_1_236' title='bbox 905 3390 974 3441; x_wconf 92' lang='lat' dir='ltr'><strong>ad</strong></span> <span class='ocrx_word' id='word_1_237' title='bbox 1018 3389 1141 3441; x_wconf 91' lang='lat' dir='ltr'><strong>fidei</strong></span> <span class='ocrx_word' id='word_1_238' title='bbox 1191 3390 1474 3442; x_wconf 91' lang='lat' dir='ltr'><strong>catholicae</strong></span> <span class='ocrx_word' id='word_1_239' title='bbox 1523 3411 1759 3444; x_wconf 90' lang='lat' dir='ltr'><strong>normam</strong></span> <span class='ocrx_word' id='word_1_240' title='bbox 1799 3391 1996 3458; x_wconf 93' lang='lat' dir='ltr'><strong>ubique</strong></span> <span class='ocrx_word' id='word_1_241' title='bbox 2036 3390 2360 3442; x_wconf 90' lang='lat' dir='ltr'><strong>traderentur</strong></span> 
     </span>
     <span class='ocr_line' id='line_1_33' title="bbox 143 3458 2358 3529; baseline 0.001 -19"><span class='ocrx_word' id='word_1_242' title='bbox 143 3459 401 3511; x_wconf 89' lang='lat' dir='ltr'><strong>humanae</strong></span> <span class='ocrx_word' id='word_1_243' title='bbox 441 3458 746 3527; x_wconf 91' lang='lat' dir='ltr'><strong>disciplinae</strong></span> <span class='ocrx_word' id='word_1_244' title='bbox 786 3480 995 3527; x_wconf 91' lang='lat' dir='ltr'><strong>omnes,</strong></span> <span class='ocrx_word' id='word_1_245' title='bbox 1030 3461 1335 3528; x_wconf 90' lang='lat' dir='ltr'><strong>praesertim</strong></span> <span class='ocrx_word' id='word_1_246' title='bbox 1374 3482 1502 3512; x_wconf 88' lang='lat' dir='ltr'><strong>vero</strong></span> <span class='ocrx_word' id='word_1_247' title='bbox 1531 3461 1885 3529; x_wconf 70' lang='lat' dir='ltr'><strong>philosophia,</strong></span> <span class='ocrx_word' id='word_1_248' title='bbox 1925 3482 1956 3513; x_wconf 91' lang='lat' dir='ltr'><strong>a</strong></span> <span class='ocrx_word' id='word_1_249' title='bbox 1986 3482 2089 3529; x_wconf 92' lang='lat' dir='ltr'><strong>qua</strong></span> <span class='ocrx_word' id='word_1_250' title='bbox 2118 3461 2358 3513; x_wconf 91' lang='lat' dir='ltr'><strong>nimirum</strong></span> 
     </span>
     <span class='ocr_line' id='line_1_34' title="bbox 143 3530 2358 3612; baseline 0.001 -30"><span class='ocrx_word' id='word_1_251' title='bbox 143 3550 335 3599; x_wconf 86' lang='lat' dir='ltr'><strong>magna</strong></span> <span class='ocrx_word' id='word_1_252' title='bbox 364 3551 429 3582; x_wconf 87' lang='lat' dir='ltr'><strong>ex</strong></span> <span class='ocrx_word' id='word_1_253' title='bbox 457 3541 604 3599; x_wconf 90' lang='lat' dir='ltr'><strong>parte</strong></span> <span class='ocrx_word' id='word_1_254' title='bbox 633 3530 833 3599; x_wconf 92' lang='lat' dir='ltr'><strong>pendet</strong></span> <span class='ocrx_word' id='word_1_255' title='bbox 853 3541 1141 3582; x_wconf 92' lang='lat' dir='ltr'><strong>ceterarum</strong></span> <span class='ocrx_word' id='word_1_256' title='bbox 1162 3532 1491 3583; x_wconf 89' lang='lat' dir='ltr'><strong>scientiarum</strong></span> <span class='ocrx_word' id='word_1_257' title='bbox 1517 3543 1657 3584; x_wconf 92' lang='lat' dir='ltr'><strong>recta</strong></span> <span class='ocrx_word' id='word_1_258' title='bbox 1681 3532 1822 3584; x_wconf 87' lang='lat' dir='ltr'><strong>ratio.</strong></span> <span class='ocrx_word' id='word_1_259' title='bbox 1862 3532 1968 3584; x_wconf 92' lang='lat' dir='ltr'><strong>Id</strong></span> <span class='ocrx_word' id='word_1_260' title='bbox 1956 3553 2127 3612; x_wconf 81' lang='lat' dir='ltr'><strong>1psum</strong></span> <span class='ocrx_word' id='word_1_261' title='bbox 2159 3543 2209 3584; x_wconf 89' lang='lat' dir='ltr'><strong>et</strong></span> <span class='ocrx_word' id='word_1_262' title='bbox 2241 3533 2358 3585; x_wconf 91' lang='lat' dir='ltr'><strong>Nos</strong></span> 
     </span>
     <span class='ocr_line' id='line_1_35' title="bbox 142 3601 2358 3674; baseline 0.001 -20"><span class='ocrx_word' id='word_1_263' title='bbox 142 3601 275 3654; x_wconf 91' lang='lat' dir='ltr'><strong>inter</strong></span> <span class='ocrx_word' id='word_1_264' title='bbox 308 3613 481 3654; x_wconf 88' lang='lat' dir='ltr'><strong>cetera</strong></span> <span class='ocrx_word' id='word_1_265' title='bbox 524 3602 753 3654; x_wconf 88' lang='lat' dir='ltr'><strong>breviter</strong></span> <span class='ocrx_word' id='word_1_266' title='bbox 790 3602 1117 3670; x_wconf 89' lang='lat' dir='ltr'><strong>monuimus,</strong></span> <span class='ocrx_word' id='word_1_267' title='bbox 1159 3602 1507 3655; x_wconf 90' lang='lat' dir='ltr'><strong>Venerabiles</strong></span> <span class='ocrx_word' id='word_1_268' title='bbox 1550 3604 1776 3673; x_wconf 90' lang='lat' dir='ltr'><strong>Fratres,</strong></span> <span class='ocrx_word' id='word_1_269' title='bbox 1817 3624 1935 3656; x_wconf 91' lang='lat' dir='ltr'><strong>cum</strong></span> <span class='ocrx_word' id='word_1_270' title='bbox 1979 3625 2205 3674; x_wconf 90' lang='lat' dir='ltr'><strong>pr1mum</strong></span> <span class='ocrx_word' id='word_1_271' title='bbox 2241 3604 2358 3656; x_wconf 91' lang='lat' dir='ltr'><strong>Vos</strong></span> 
     </span>
    </p>
   </div>
   <div class='ocr_carea' id='block_1_13' title="bbox 137 1962 420 2242">
    <p class='ocr_par' dir='ltr' id='par_1_13' title="bbox 137 1962 420 2242">
     <span class='ocr_line' id='line_1_36' title="bbox 137 1962 420 2242; baseline 0 2066"><span class='ocrx_word' id='word_1_272' title='bbox 137 1962 420 2242; x_wconf 95' lang='lat' dir='ltr'><strong> </strong></span> 
     </span>
    </p>
   </div>
  </div>
 </body>
</html>
