2788 4204
633 393 1123 476 THOMAE
1181 385 1351 477 DE
1380 396 1584 479 VIO
1644 394 2177 478 CAIETANI

1119 578 1290 610 ORDINIS
1313 580 1687 612 PRAEDICATORUM

953 699 1008 749 S.
1048 699 1111 747 R.
1152 700 1210 748 E.
1259 700 1814 750 CARDINALIS

1129 851 1672 904 COMMENTARIA

491 1000 563 1040 IN
605 1000 991 1053 RELIQUUM
1034 1001 1226 1041 LIBRI
1269 1001 1586 1042 SECUNDI
1627 1001 1789 1041 PERI
1832 1001 2307 1043 HERMENEIAS

1067 1270 1191 1321 AD
1240 1269 1735 1323 LECTOREM

891 1422 1077 1459 Humano
1106 1422 1219 1470 capiti
1245 1423 1427 1460 cervicem
1456 1423 1555 1460 nitor
1583 1423 1758 1471 equinam

892 1483 1059 1520 Addere:
1087 1484 1136 1521 da
1163 1485 1329 1530 veniam,
1360 1485 1394 1521 si
1419 1496 1518 1521 nova
1546 1490 1714 1521 monstra
1743 1485 1883 1521 iuvant.

1158 1614 1638 1641 ——35———

1071 1754 1371 1810 LECTIO
1414 1753 1730 1810 TERTIA

1209 1882 1309 1917 (CAm).
1329 1884 1458 1908 Cum-Am
1476 1884 1533 1909 lect.
1548 1883 1582 1918 ι).

432 1989 490 2020 DE
514 1989 699 2020 NUMERO
723 1989 780 2019 ET
805 1988 1077 2019 HABITUDINE
1101 1987 1468 2020 ENUNCIATIONUM
1492 1989 1535 2019 IN
1559 1989 1715 2026 QUIBUS
1738 1990 2045 2022 PRAEDICATUR
2067 1991 2245 2022 VERBUM
2267 1992 2361 2022 EST

299 2053 357 2092 ET
381 2052 626 2084 SUBIICITUR
648 2052 803 2084 NOMEN
828 2052 1010 2083 FINITUM
1034 2052 1379 2083 UNIVERSALITER
1402 2052 1621 2092 SUMPTUM,
1641 2053 1726 2083 VEL
1749 2053 1904 2084 NOMEN
1928 2054 2162 2094 INFINITUM,
2186 2055 2244 2086 ET
2268 2055 2311 2086 IN
2331 2056 2485 2094 QUIBUS

989 2113 1296 2145 PRAEDICATUR
1319 2114 1498 2145 VERBUM
1525 2115 1798 2147 ADIECTIVUM

296 2273 436 2316 Ὁμοίως
461 2266 499 2302 δὲ
525 2271 595 2316 ἔχει
619 2269 681 2302 κᾶν
707 2269 854 2301 καθόλου
881 2271 943 2302 τοῦ
971 2270 1139 2313 ὀνόματος
1166 2270 1186 2314 ᾖ
1213 2271 1233 2307 ἡ
1258 2270 1370 2302 κατοί-

366 2327 479 2359 φασις·
506 2316 588 2356 οἷον,
616 2315 683 2352 πᾶς
709 2315 801 2346 ἐστὶν
828 2314 999 2360 ἄνθρωπος
1023 2315 1166 2354 δίκαιος·
1198 2314 1367 2359 ἀπόφασις

367 2359 508 2402 τούτου,
535 2361 573 2392 οὐ
600 2361 666 2397 πᾶς
692 2360 783 2391 ἐστὶν
812 2359 982 2403 ἄνθρωπος
1007 2356 1150 2398 δίκαιος·
1180 2362 1247 2398 πᾶς
1276 2363 1367 2394 ἐστιν

369 2405 540 2448 ἄνθρωπος
566 2405 604 2437 οὐ
629 2400 776 2446 δίκαιος,
802 2404 840 2436 οὐ
859 2406 924 2443 πᾶς
949 2407 1040 2439 ἐστὶν
1061 2404 1231 2448 ἄνθρωπος
1258 2407 1295 2438 οὐ
1320 2401 1367 2436 δί-

365 2462 473 2487 καιος.

297 2495 387 2532 Πλὴν
414 2494 478 2539 οὐχ
503 2494 623 2538 ὁμοίως
648 2493 712 2531 τοὶς
736 2493 831 2525 κατ-α’.
855 2488 1036 2539 διάμετρον
1065 2491 1242 2540 ἐνδέχεται
1267 2506 1366 2526 συνα-

364 2538 530 2577 ληθεύειν·
558 2534 737 2584 ἐνδέχεται
762 2533 800 2569 δὲ
826 2539 924 2570 ποτέ.

298 2585 407 2617 Αὗται
432 2585 492 2628 μὲν
518 2581 575 2615 οὖν
600 2579 660 2615 δύο
689 2583 910 2615 ἀντίκεινται.

292 2630 414 2662 Ἀλλαι
440 2625 478 2661 δὲ
503 2624 563 2660 δύο
595 2628 675 2673 πρὸς
701 2628 741 2660 τό
768 2627 827 2658 οὐκ
860 2627 1052 2671 ἄνθρωπος,
1079 2629 1120 2666 ὠς
1147 2627 1365 2671 ὑποκείμενόν

365 2685 399 2706 τι
421 2672 616 2718 προστεθέν·
644 2673 718 2705 ἔστι
743 2668 872 2709 δίκαιος
900 2673 958 2704 οὐκ
990 2671 1178 2717 ἄνθρωπος,
1206 2673 1266 2704 οὐκ
1293 2673 1366 2704 ἔστι

363 2715 493 2756 δίκαιος
519 2719 578 2750 οὐκ
606 2716 789 2762 ἄνθρωπος·
817 2716 908 2749 ἔστιν
936 2718 973 2749 οὐ
1002 2713 1130 2755 δίκαιος
1160 2718 1219 2749 οὑκ
1246 2717 1368 2761 ἄνθρω-

364 2775 444 2805 πος,
473 2763 531 2795 οὐκ
558 2775 649 2795 εστιν
675 2762 713 2794 οὐ
738 2757 867 2799 δίκαιος
893 2762 952 2794 οὐκ
979 2762 1161 2807 ἄνθρωπος.
1197 2765 1201 2768 ’

295 2810 431 2846 Πλείους
455 2807 493 2840 δὲ
519 2807 652 2843 τούτων
679 2805 738 2839 οὐκ
765 2806 902 2839 ἔσονται
929 2806 1124 2844 ἀντιθέσεις.

298 2853 407 2885 Αὗται
432 2848 470 2884 δὲ
494 2854 592 2898 χωρὶς
619 2853 750 2884 ἐκείνων
776 2852 883 2883 αὐταὶ
907 2851 981 2883 καθ’
1004 2852 1130 2888 ἑαυτοὶς
1150 2851 1299 2892 ἔσονται,
1322 2851 1365 2888 ὠς

365 2896 510 2940 ὀνόματι
536 2898 583 2938 τῷ
610 2897 669 2929 οὐκ
697 2895 866 2940 ἄνθρωπος
891 2896 1071 2941 χρώμεναι.

288 2942 357 2986 Ἐφ’
388 2940 470 2973 ὅσων
488 2937 526 2973 δὲ
543 2941 585 2974 τὸ
602 2942 675 2973 ἔστι
700 2941 747 2985 μή
775 2941 951 2984 ἁρμόττει,
979 2942 1047 2973 οἷον
1070 2941 1124 2973 ἐπὶ
1143 2941 1205 2973 τοῦ
1224 2941 1365 2986 ὑγιαίνει

363 2987 421 3017 καὶ
445 2981 594 3028 βαδίζει,
628 2987 684 3018 ἐπὶ
709 2984 841 3018 τούτων
868 2986 908 3017 τὸ
935 2986 1023 3018 αὐτὸ
1053 2989 1142 3017 ποιεῖ
1162 2984 1251 3017 οὕτω
1278 2984 1365 3016 τιθέ-

364 3041 475 3074 μενον,
501 3031 544 3068 ώς
570 3029 608 3062 ἂν
634 3031 661 3061 εἰ
687 3029 728 3061 τὸ
754 3029 828 3061 ἔστι
853 3030 1089 3075 προσήπτετο,
1117 3030 1198 3071 οἷον,
1223 3031 1365 3075 ὑγιαίνει

365 3075 432 3112 πᾶς
459 3073 650 3119 ἄνθρωπος,
677 3075 740 3119 οὐχ
766 3074 908 3118 ὑγιαίνει
935 3075 1001 3112 πᾶς
1021 3073 1203 3119 ἅνθρωπος,
1224 3075 1365 3120 ὑγιαίνει

364 3119 430 3156 πᾶς
457 3118 515 3150 οὐκ
543 3118 732 3163 ἄνθρωπος,
760 3121 824 3163 οὑχ
849 3120 991 3165 ὑγιαίνει
1016 3119 1082 3156 πᾶς
1101 3119 1160 3151 οὐκ
1179 3117 1362 3161 ἄνθρωπος.

296 3163 342 3195 Οὐ
367 3162 432 3209 γάρ
458 3163 533 3194 ἐστι
558 3163 599 3195 τὸ
627 3164 663 3194 οὗ
689 3164 755 3200 πᾶς
783 3162 953 3208 ἄνθρωπος
970 3162 1124 3195 λεκτέον·
1146 3163 1235 3195 ἀλλοὶ
1252 3164 1293 3194 *ro*
1311 3164 1362 3204 οὔ,

365 3206 428 3243 τήν
457 3206 639 3252 ἀπόφασιν,
660 3208 706 3248 τῷ
727 3207 897 3251 ἄνθρωπος
923 3206 1139 3252 προσθετέον·
1159 3207 1200 3239 τὸ
1216 3207 1280 3253 γαρ
1299 3208 1365 3244 πᾶς

365 3252 402 3283 οὗ
429 3251 469 3284 τὸ
493 3250 640 3284 καθόλου
665 3255 838 3294 σημαίνει,
868 3251 937 3285 ἀλλ’
968 3251 1021 3284 ὅτι
1045 3251 1205 3284 καθόλου.
1327 3260 1329 3262 ·

296 3341 405 3377 Δῆλον
430 3334 468 3371 δὲ
494 3340 530 3372 ἑκ
557 3334 671 3380 τοῦδε,
699 3339 840 3384 ὑγιαίνει
859 3339 1047 3385 ἄνθρωπος,
1067 3340 1130 3384 οὐχ
1148 3340 1289 3385 ὑγιαίνει
1309 3339 1364 3371 ἄν-

363 3383 506 3427 θρωπος·
534 3385 676 3430 ὑγιαίνει
695 3385 754 3415 οὐκ
779 3383 968 3429 ἄνθρωπος,
988 3384 1051 3428 οὑχ
1070 3385 1211 3429 ὑγιαίνει
1231 3383 1289 3414 οὐκ
1309 3382 1362 3414 ἄν·

363 3428 503 3484 θρωπος.
532 3430 653 3461 Ταῦτα
673 3429 737 3474 γσὶρ
764 3429 892 3461 ἐκείνων
916 3424 1066 3472 διαφέρει
1084 3429 1132 3468 τῷ
1149 3427 1195 3470 μή
1216 3426 1361 3458 καθόλου

362 3485 460 3505 ειναι.
481 3473 584 3505 ’Ὥστε
610 3473 651 3506 τὸ
677 3475 761 3514 πᾶς,
789 3472 809 3509 ’ἣ
836 3467 963 3513 οὐδείς,
988 3467 1084 3503 οὐδὲν
1109 3471 1192 3503 ἄλλο
1220 3483 1365 3515 προσση-

358 3521 486 3563 μαίνει,
514 3516 534 3554 ἦ
555 3517 608 3550 ὅτι
625 3516 771 3550 καθόλου
798 3517 860 3549 τοῦ
887 3516 1054 3561 ὀνόματος
1078 3514 1099 3552 ἢ
1120 3514 1316 3559 κατάφασιν
1342 3513 1363 3550 ἦ

364 3562 546 3606 ἀπόφασιν.

292 3606 347 3638 Τοὶ
369 3604 406 3639 δὲ
431 3607 519 3639 ἄλλα
543 3606 590 3639 τὰ
616 3606 709 3639 αὐτοὶ
724 3601 777 3638 δεῖ
799 3604 1029 3650 προστιθέναι·

1421 2274 1438 2293 *
1452 2274 1601 2305 Similiter
1620 2282 1726 2305 autern
1745 2285 1777 2305 se
1795 2275 1922 2314 habent,
1939 2283 1969 2306 et
1985 2276 2010 2306 si
2029 2277 2210 2307 universalis
2225 2277 2363 2308 nominis
2384 2278 2423 2309 sit
2439 2278 2484 2309 af-

1488 2318 1641 2358 firmati03
1658 2326 1693 2350 ut
1709 2326 1770 2358 est,
1792 2320 1896 2350 omnis
1917 2320 2016 2350 homo
2032 2320 2133 2351 iustus
2154 2328 2214 2360 est;
2231 2322 2356 2362 negatio
2376 2322 2482 2362 huius,

1489 2373 1554 2394 non
1570 2364 1674 2394 omnis
1689 2371 1735 2395 est
1748 2365 1848 2394 homo
1863 2364 1975 2402 iustus,
1992 2365 2097 2395 omnis
2113 2372 2159 2396 est
2174 2366 2273 2396 homo
2288 2376 2354 2396 non
2370 2366 2482 2406 iustus,

1488 2418 1554 2438 non
1578 2408 1681 2438 omnis
1706 2415 1751 2439 est
1774 2409 1874 2439 homo
1897 2419 1964 2439 non
1987 2409 2098 2440 iustus.

1421 2497 1481 2528 Sed
1506 2507 1571 2527 non
1595 2497 1735 2528 similiter
1758 2497 1921 2538 angulares
1938 2497 2090 2538 contingit
2113 2508 2199 2528 veras
2224 2506 2306 2537 esse3
2331 2499 2483 2539 contingit

1488 2550 1594 2572 autem
1618 2542 1798 2583 aliquando.

1420 2587 1488 2616 Hae
1512 2587 1606 2626 igitur
1630 2587 1710 2617 duae
1734 2586 1899 2627 oppositae
1923 2593 2005 2616 sunt.

1420 2631 1509 2661 Aliae
1538 2637 1645 2661 autem
1669 2631 1749 2661 duae
1774 2631 1813 2660 ad
1836 2630 1869 2660 id
1892 2631 1980 2671 quod
2004 2636 2067 2668 est,
2092 2640 2158 2660 non
2181 2630 2299 2669 homo,
2331 2631 2420 2672 quasi
2444 2632 2484 2662 ad

1487 2675 1664 2706 subiectum
1688 2675 1818 2716 aliquod
1841 2675 1999 2713 additum3
2024 2681 2076 2714 ut,
2095 2682 2140 2705 est
2158 2674 2259 2705 iustus
2282 2685 2348 2705 non
2372 2675 2482 2714 homo,

1487 2729 1552 2750 non
1576 2727 1622 2750 est
1644 2720 1746 2750 iustus
1770 2729 1836 2749 non
1859 2719 1975 2756 homo;
2000 2726 2046 2749 est
2069 2729 2134 2749 non
2157 2719 2258 2750 iustus
2282 2729 2348 2749 non
2371 2719 2481 2759 homo,

1487 2774 1552 2794 non
1577 2771 1623 2795 est
1645 2774 1712 2795 non
1735 2765 1836 2795 iustus
1860 2774 1926 2794 non
1949 2763 2059 2794 homo.

1418 2809 1527 2840 Plures
1551 2816 1659 2840 autem
1681 2809 1729 2839 his
1752 2819 1818 2839 non
1843 2815 1934 2838 erunt
1956 2807 2132 2848 oppositae.

1419 2854 1488 2884 Hae
1511 2861 1618 2885 autem
1642 2860 1726 2884 extra
1748 2854 1827 2892 illas,
1846 2853 1932 2892 ipsae
1947 2852 2122 2882 secundum
2138 2862 2170 2882 se
2186 2858 2287 2889 erunt,
2302 2858 2338 2882 ut
2352 2852 2483 2882 nomine

1486 2905 1608 2929 utentes
1633 2909 1682 2936 eo,
1707 2898 1795 2939 quod
1819 2904 1865 2927 est
1887 2907 1952 2927 non
1975 2897 2086 2926 homo.

1420 2943 1455 2973 In
1479 2943 1527 2973 his
1550 2953 1636 2981 vero,
1660 2943 1693 2973 in
1717 2943 1843 2983 quibus,
1869 2948 1933 2979 est,
1958 2951 2023 2970 non
2048 2939 2194 2970 convenit
2218 2946 2253 2970 ut
2276 2939 2308 2969 in
2332 2949 2370 2969 eo
2395 2940 2483 2980 quod

1487 2994 1533 3018 est
1555 2987 1656 3017 valere
1680 2987 1729 3017 vel
1753 2986 1927 3024 ambulare,
1952 2985 2037 3014 idem
2060 2984 2177 3014 faciunt
2200 2983 2243 3013 sic
2262 2983 2421 3023 positum,
2446 2994 2481 3014 ac

1487 3032 1523 3070 si,
1544 3039 1599 3070 est,
1616 3032 1790 3069 adderetur,
1806 3038 1859 3068 ut,
1876 3039 1970 3059 sanus
1986 3034 2032 3058 est
2051 3028 2154 3058 omnis
2169 3027 2285 3065 homo,
2307 3037 2371 3057 non
2388 3037 2481 3057 sanus

1487 3083 1533 3106 est
1556 3076 1659 3106 omnis
1679 3075 1797 3114 homo3
1822 3084 1916 3104 sanus
1941 3079 1986 3103 est
2009 3072 2112 3102 omnis
2136 3082 2202 3102 non
2217 3071 2327 3109 homo,
2352 3081 2418 3101 non
2434 3082 2482 3101 sa-

1486 3131 1547 3150 nus
1571 3126 1617 3150 est
1640 3119 1743 3150 omnis
1768 3129 1834 3149 non
1857 3119 1966 3148 homo.

1419 3165 1494 3195 Non
1518 3164 1603 3194 enim
1626 3164 1795 3194 dicendum
1819 3169 1874 3200 est,
1899 3171 1965 3191 non
1990 3160 2094 3190 omnis
2112 3160 2228 3198 homo;
2246 3160 2311 3197 sed,
2331 3169 2408 3198 non,
2428 3170 2480 3190 ne-

1487 3208 1647 3248 gationem
1671 3208 1710 3237 ad
1733 3207 1765 3237 id
1789 3207 1877 3247 quod
1901 3212 1947 3236 est
1969 3205 2069 3235 homo
2090 3204 2271 3234 addendum
2290 3210 2352 3241 est;
2377 3204 2481 3233 omnis

1487 3252 1571 3282 enirn
1594 3261 1660 3282 non
1683 3251 1892 3282 universalem
1916 3248 2086 3289 significat,
2111 3248 2165 3279 sed
2188 3248 2341 3289 quoniam
2357 3247 2481 3278 univer-

1487 3296 1598 3326 saliter.

1418 3339 1622 3370 Manifestum
1646 3346 1692 3369 est
1715 3345 1822 3369 autem
1845 3348 1882 3368 ex
1905 3347 1943 3367 eo
1967 3337 2055 3377 quod
2079 3343 2142 3375 est,
2166 3336 2247 3366 valet
2272 3335 2390 3373 homo,
2415 3345 2481 3365 non

1485 3383 1567 3413 valet
1589 3383 1707 3421 hom0;
1731 3383 1813 3412 valet
1836 3392 1902 3412 non
1925 3381 2042 3419 homo,
2067 3391 2133 3411 non
2161 3380 2243 3410 valet
2272 3389 2339 3409 non
2369 3379 2479 3409 homo.

1486 3428 1572 3457 Haec
1597 3427 1681 3456 enim
1705 3427 1742 3456 ab
1766 3426 1826 3455 illis
1851 3425 2006 3462 differunt,
2027 3434 2065 3454 eo
2082 3425 2170 3465 quod
2186 3422 2399 3454 universaliter
2415 3433 2481 3453 non

1486 3478 1568 3501 sunt.
1590 3471 1695 3507 Quare
1713 3470 1816 3500 omnis
1833 3469 1882 3499 vel
1901 3468 2008 3498 nullus
2024 3468 2103 3498 nihil
2119 3467 2293 3508 significant
2309 3467 2404 3505 aliud,
2422 3467 2481 3497 nisi

1485 3514 1639 3556 quoniam
1673 3513 1885 3545 universaliter
1913 3513 1951 3542 de
1978 3512 2128 3551 nomine,
2162 3511 2212 3542 vel
2243 3511 2399 3541 affirmant
2431 3511 2482 3541 vel

1486 3565 1610 3598 negant.

1418 3604 1502 3643 Ergo
1527 3610 1557 3633 et
1580 3609 1699 3633 caetera
1722 3602 1831 3632 eadem
1855 3607 1982 3642 oportet
2003 3600 2131 3641 apponi.

2513 2281 2521 2288 '
2532 2278 2586 2307 ch.
2602 2285 2651 2307 cap.
2668 2286 2690 2301 x.
