2548 4192
917 282 973 318 IN
1003 283 1041 319 S.
1067 282 1311 319 THOMAM
1339 284 1663 330 AQUINATEM

255 366 382 396 Locum
405 363 487 394 inter
509 372 607 403 opera
631 362 743 392 Isidori
763 362 981 403 Hispalensis,
1005 362 1136 393 laudato
1156 363 1266 393 admo-

184 416 279 441 nente
303 410 336 440 in
358 407 554 449 praefatione
578 406 719 445 Garetio,
739 407 826 437 idem
848 406 1108 437 Commentarius
1133 407 1265 445 obtinet,

183 454 264 485 adeo
289 461 396 485 tamen
420 462 547 493 pressus
567 458 598 482 et
617 458 808 489 contractus,
833 458 869 482 ut
888 451 1032 490 huiusce,
1057 451 1096 482 de
1115 461 1182 492 quo
1202 452 1265 492 agi-

182 509 272 537 mus,
297 498 442 529 videatur
465 496 616 537 epitome.
642 496 724 526 Rem
755 497 814 526 sub
839 496 952 526 oculos
976 506 1096 536 ponere
1127 496 1266 537 pretium

183 553 300 585 operae
324 542 418 573 duco.

228 632 336 673 Caput
355 631 384 662 l:
404 630 502 671 Apud
529 629 697 660 Garetium

232 682 263 709 et
277 678 363 707 inter
380 675 488 716 Opera
503 685 529 705 s.
543 674 692 705 Tkomae.

227 727 258 753 ν.
281 732 306 752 1.
327 720 502 752 Osculetur
520 729 570 750 me
588 719 698 750 osculo

185 768 253 799 oris
274 767 336 798 sui.
366 791 368 794 .

186 825 201 841 ‹
222 812 295 843 Vox
313 817 359 841 est
377 809 564 850 Synagogae
579 808 701 839 deside-

182 856 278 888 rantis
287 854 405 887 Christi
416 853 600 884 adventum.
611 853 698 891 Qua-

182 901 208 933 si
238 900 368 931 diceret:
394 898 506 929 Toties
539 898 619 928 mihi
648 898 702 928 ad-

179 952 313 977 ventum
341 953 438 975 suurn
465 943 613 984 promisit
642 953 699 983 per

181 990 373 1031 Prophetas;
392 988 498 1019 veniat
515 997 590 1028 ergo
614 988 695 1026 iam,

181 1041 212 1066 et
235 1034 400 1066 osculetur
423 1042 473 1063 me
496 1032 606 1063 osculo
630 1033 698 1063 oris

180 1081 244 1118 sui,
263 1079 345 1110 idest
368 1087 424 1119 per
447 1077 590 1117 seipsum
615 1076 694 1107 mihi

181 1124 342 1166 loquatur.
357 1135 372 1150 »

228 1211 315 1250 Quia
338 1210 474 1241 meliora
499 1214 577 1240 sunt
598 1209 698 1240 ubera

180 1262 238 1289 tua
262 1257 347 1288 vino.

181 1307 198 1331 ⁴«
223 1301 367 1342 Repente
404 1300 444 1331 ad
479 1300 609 1341 ipsura,
642 1308 695 1329 cu-

178 1346 231 1378 ius
242 1345 401 1377 desiderio
414 1342 586 1385 'flagi-abiit,
601 1343 696 1374 verba

180 1397 367 1423 convertens
389 1389 511 1420 subdit:
525 1387 612 1426 Quia
631 1397 696 1418 me—

177 1435 263 1467 liora
272 1439 350 1467 sunt
363 1434 463 1466 ubera
473 1439 531 1465 tua
542 1434 626 1464 vino.
637 1432 697 1463 Per

178 1480 277 1513 ubera
294 1479 413 1511 Christi
434 1478 571 1510 dulcedo
591 1477 694 1508 Evan-

177 1524 251 1567 gelii
269 1523 465 1565 intelligitur,
480 1523 557 1565 quia
580 1531 620 1553 eo
642 1532 696 1552 ve-

177 1569 237 1601 luti
246 1569 327 1601 lacte
337 1568 476 1600 nutritur
487 1566 620 1599 infantia
630 1576 695 1598 cre-

177 1613 335 1646 dentium.
362 1613 476 1644 Vinum
505 1619 614 1644 autem
636 1622 692 1642 au-

178 1657 352 1691 affluam
361 1658 440 1699 Iegis
450 1656 621 1699 significan
636 1656 692 1687 sed

177 1703 275 1735 ubera
305 1702 424 1735 Christi
456 1702 590 1733 meliora
617 1707 692 1732 sunt

176 1747 265 1787 vino,
288 1748 365 1790 quia
386 1747 524 1778 dulcedo
546 1746 688 1786 Evange-

177 1792 212 1824 lii
240 1792 355 1824 melior
378 1798 425 1823 est
448 1790 628 1822 austeritate
648 1790 692 1820 le-

177 1836 226 1878 gis
243 1850 258 1866 »
283 1843 342 1868 etc.

221 1925 425 1968 Fragrantia
456 1924 634 1966 unguentis
657 1933 690 1954 ο-

170 1971 294 2012 primis.

178 2028 194 2044 ι
212 2015 384 2056 Unguenta
398 2020 473 2045 sunt
496 2013 582 2044 dona
596 2012 692 2054 Spiri-

175 2065 228 2092 tus
252 2059 351 2090 sancti
375 2058 425 2089 vel
454 2058 551 2090 etiam
579 2067 690 2099 opera-

176 2104 280 2136 tiones
303 2103 479 2141 virtutum,
504 2103 544 2134 de
571 2102 688 2144 quibus

176 2149 377 2190 Apostolus:
426 2148 548 2179 Christi
590 2147 692 2178 bonus

175 2193 258 2225 odor
274 2202 396 2225 sumus.
420 2205 435 2220 ν

218 2287 248 2314 ν.
269 2293 302 2314 n.
325 2281 440 2313 Oleum
464 2281 604 2322 effusum
634 2291 690 2312 no-

174 2336 247 2359 men
272 2332 373 2359 tuum.
495 2328 498 2332 '

177 2384 194 2401 ι
218 2371 348 2403 Nomen
372 2378 485 2408 tuum,
507 2381 528 2402 o
548 2370 690 2409 Christe,

175 2415 316 2448 effusum
334 2422 390 2447 est.
407 2415 556 2447 Chrisma
570 2425 692 2456 graece,

173 2460 270 2492 latine
308 2460 418 2492 unctio
434 2483 443 2499 ‚
477 2461 564 2491 unde
601 2459 692 2491 Chri-

176 2511 292 2536 stus...
315 2505 388 2536 Hoc
411 2505 498 2535 enim
524 2504 635 2535 oleum
649 2503 693 2534 ef-

174 2549 286 2581 fusum
300 2556 362 2588 est,
378 2549 509 2590 quando
529 2548 606 2579 haec
620 2558 688 2588 gra-

175 2594 239 2633 tia,
261 2604 360 2636 quam
379 2593 526 2625 Christus
554 2593 692 2633 singula-

174 2638 248 2670 riter
262 2638 384 2677 habuit,
396 2638 468 2669 data
483 2644 530 2669 est
539 2637 692 2668 omnibus

175 2683 291 2715 electis.
321 2683 415 2715 Unde
448 2689 479 2714 et
513 2693 532 2713 a
561 2682 689 2714 Christo

175 2727 347 2760 Christiani
376 2727 545 2766 dicuntur,
567 2727 691 2768 partici-

173 2773 230 2815 pio
249 2772 390 2804 nominis
410 2772 539 2803 Christi.
563 2785 578 2800 »

222 2831 238 2846 ι
259 2818 302 2848 Et
324 2818 404 2848 bene
430 2827 497 2848 non
521 2816 694 2855 stillatum,

175 2863 231 2894 sed
257 2862 396 2903 effusum
429 2862 540 2892 oleum
559 2861 688 2900 dicitur;

175 2907 252 2949 quia
275 2907 473 2938 abundanter
495 2906 572 2937 haec
591 2906 690 2946 gratia

175 2951 328 2982 omnibus
348 2951 420 2982 data
435 2958 482 2982 est
492 2950 590 2982 fidem
599 2950 691 2982 Chri-

178 2994 218 3026 sti
240 2995 462 3026 recolentibus.
486 3008 500 3023 x»

221 3082 301 3114 Ideo
325 3083 585 3114 adolescentulae
612 3084 691 3115 dile-

175 3133 298 3159 xerunt
321 3133 360 3158 te.

225 3186 240 3200 ι
258 3171 522 3202 Adolescentulae
539 3171 688 3203 dicuntur

812 629 905 660 Inter
927 639 1026 670 opera
1050 629 1170 660 Isidori

878 674 1095 715 Hispalensis.

792 718 967 750 Osculetur
985 729 1036 749 me
1058 719 1168 750 osculo
1197 721 1264 750 oris

744 764 806 794 sui.

750 821 765 836 ‹
787 809 913 849 Tangat
929 818 981 839 me
997 808 1164 839 dulcedine
1175 818 1263 848 prae-

745 853 862 884 sentiae
886 863 978 892 suae,
1002 863 1100 894 quem
1136 853 1262 893 saepius

749 909 768 928 a
795 898 963 939 Prophetis
987 898 1185 938 promissum
1207 908 1262 929 au-

745 942 818 974 divi.
838 956 852 970 ν

793 1209 880 1247 Quia
900 1208 1035 1240 meliora
1059 1213 1136 1240 sunt
1161 1208 1262 1239 ubera

743 1259 800 1284 tua
824 1254 908 1285 vino.

744 1311 760 1326 ι
772 1296 919 1329 Dulcedo
929 1297 1137 1339 Evangelicae
1147 1297 1263 1328 doctri-

742 1353 802 1374 nae
832 1343 1013 1374 austeritate
1041 1342 1118 1383 Iegis
1148 1342 1263 1373 melior

743 1394 799 1419 est.
815 1401 829 1416 2

783 1923 986 1965 Fragrantia
1016 1923 1194 1964 unguentis
1226 1932 1259 1952 o-

737 1969 869 2009 ptimis:

743 2026 758 2041 α
784 2012 887 2043 Donis
909 2011 1045 2053 Spiritus
1063 2011 1199 2043 sancti.»

770 2293 785 2309 ‹
796 2283 825 2312 Α
834 2280 1002 2312 chrismate
1012 2279 1169 2318 Christus,
1178 2280 1259 2310 idest

740 2326 779 2356 ab
790 2325 942 2357 unctione
957 2331 1088 2363 unctus;
1099 2325 1190 2366 quod
1200 2334 1257 2355 no-

737 2380 812 2401 men
828 2380 903 2401 cum
917 2369 1015 2410 gratia
1037 2369 1137 2400 sancti
1160 2369 1256 2409 Spiri-

739 2422 790 2446 tus
827 2415 860 2445 in
893 2414 1054 2455 baptismo
1083 2413 1258 2445 effunditur

739 2459 772 2490 in
810 2469 924 2490 omnes
947 2458 1066 2489 fideles.
1081 2471 1095 2486 ›

781 3084 860 3115 Ideo
887 3082 1148 3114 adolescentulae
1174 3082 1255 3113 dile-

736 3134 859 3159 xerunt
882 3133 922 3159 te.

777 3186 792 3201 «ι
809 3173 995 3204 Electorum
1014 3171 1138 3202 animae
1156 3171 1255 3212 gratia

178 3217 303 3248 animae
327 3216 521 3254 electorum,
545 3226 627 3257 quae
650 3217 683 3247 in
728 3217 926 3258 baptismatis
950 3223 1154 3248 renovatae.»

177 3261 337 3302 baptismo
357 3260 553 3301 reliquerunt
576 3261 684 3291 sordes

176 3306 289 3337 veteris
310 3305 462 3344 hominis,
474 3311 505 3336 et
518 3312 686 3336 renovatae

178 3350 301 3381 suntin
315 3349 442 3381 Christo
461 3362 475 3377 >⁹
501 3356 559 3380 etc.

244 3438 335 3470 Paria
359 3445 443 3476 sunt,
459 3448 542 3479 quae
561 3443 749 3478 sequuntur,
765 3437 884 3468 omnia.
905 3438 1027 3469 Verum
1041 3443 1072 3468 et
1090 3437 1123 3467 in
1138 3436 1255 3467 eodem

178 3483 298 3514 fusiore
322 3482 576 3519 Commentario,
603 3492 702 3523 quem
720 3482 772 3512 alii
791 3482 954 3519 Thomae,
974 3481 1027 3511 alii
1046 3480 1254 3518 Cassiodoro,

178 3535 235 3559 aut
257 3527 441 3569 Haymoni,
466 3534 522 3557 aut
544 3526 692 3566 Remigio
716 3525 1018 3563 Autissiodorensi„
1032 3531 1087 3555 aut
1109 3524 1255 3555 Brunoni

179 3572 366 3610 attribuunt,
381 3571 562 3603 discrimina
576 3572 734 3612 quaedam
749 3577 930 3608 occurrunt,
943 3579 1085 3610 quorum
1099 3568 1255 3599 nonnulla

179 3616 307 3657 profero
327 3617 481 3657 exempla.
506 3616 628 3646 Eadem
652 3615 770 3646 scilicet
789 3615 907 3656 ubique
926 3621 1066 3645 servatur
1084 3612 1254 3650 sententia;

181 3661 343 3692 diversitas
363 3661 458 3692 cubat
471 3661 505 3691 in
524 3660 626 3691 verbis
642 3661 878 3701 verborumque
897 3665 1062 3690 structura.

1440 365 1537 405 Apud
1561 365 1739 396 Garetium.

1371 421 1385 436 «
1404 409 1558 440 Salomon
1569 409 1739 451 inspiratus
1757 410 1836 441 divi-

1322 462 1366 482 no
1377 453 1495 493 Spiritu
1507 455 1692 495 composuit
1706 455 1791 486 hunc
1801 455 1837 485 li-

1322 497 1443 527 bellum
1468 499 1507 529 de
1531 499 1650 539 nuptiis
1674 499 1792 530 Christi
1808 507 1839 530 et

1321 541 1489 581 Ecclesiae,
1503 543 1584 574 idest
1597 543 1767 575 Canticum
1782 554 1834 575 su-

1321 595 1378 626 per
1400 587 1567 618 thalamos.
1590 589 1683 619 Unde
1701 595 1732 619 et
1751 589 1835 620 Can-

1320 630 1381 661 tica
1401 631 1610 663 Canticorum
1628 633 1754 664 vocavit
1774 633 1836 664 hoc

1321 685 1424 715 opus,
1458 677 1533 717 quia
1561 677 1670 708 omnia
1704 677 1836 709 Cantica

1320 721 1570 760 superexcellit...
1596 722 1653 752 Est
1677 729 1785 753 autem
1802 722 1835 753 in

1319 764 1382 795 hoc
1408 765 1574 796 obscurior
1602 766 1660 797 iste
1687 766 1832 805 libellus,

1319 808 1394 849 quia
1432 810 1536 840 nullae
1560 810 1603 840 ibi
1635 821 1832 842 commemo·

1319 860 1427 884 rantur
1441 864 1606 895 personae,
1622 862 1653 886 et
1667 855 1758 896 quasi
1778 866 1831 886 co-

1317 897 1404 929 mico
1419 899 1502 940 stylo
1518 899 1718 939 compositus
1737 906 1793 931 est.
1813 913 1827 927 »

1363 987 1475 1017 Paullo
1491 994 1562 1017 ante
1572 986 1671 1018 finem
1686 988 1796 1028 capitis
1811 996 1836 1019 1:

1321 1043 1336 1058 ‹
1354 1031 1396 1061 Et
1409 1031 1471 1062 hoc
1486 1031 1732 1070 attendendum,
1748 1033 1838 1073 quod

1318 1075 1477 1116 laquearia
1501 1075 1595 1115 tignis
1620 1075 1711 1106 affixa
1741 1084 1833 1108 sunt:

1318 1118 1362 1150 sic
1386 1125 1418 1150 et
1430 1119 1494 1150 vita
1513 1119 1657 1150 fidelium
1676 1120 1708 1151 in
1729 1121 1836 1152 Eccle-

1317 1163 1363 1193 sia
1378 1173 1396 1193 a
1416 1163 1601 1195 doctoribus
1615 1165 1743 1204 pendet,
1758 1165 1834 1206 quia

1317 1207 1448 1238 illorum
1463 1208 1607 1239 doctrina
1621 1209 1786 1240 instruitur
1806 1217 1836 1241 et

1317 1252 1497 1283 roboratur.
1520 1253 1606 1284 Bene
1621 1260 1728 1284 autem
1744 1256 1836 1295 tigna

1318 1297 1450 1328 cedrina
1466 1303 1497 1328 et
1511 1298 1681 1339 laquearia
1702 1309 1833 1339 cypres-

1316 1342 1390 1372 sina
1414 1341 1591 1373 dicuntur»
1619 1349 1676 1374 etc.

1363 1386 1471 1426 Caput
1486 1387 1528 1417 11:
1551 1387 1625 1428 Ego
1638 1388 1709 1427 flos
1725 1390 1830 1429 campi

1318 1435 1349 1462 et
1367 1431 1470 1462 lilium
1491 1432 1697 1463 convallium.

1366 1488 1380 1503 α
1403 1476 1579 1517 Postquam
1602 1476 1727 1517 Sponsa
1754 1487 1832 1518 qua-

1316 1519 1381 1550 lem
1397 1520 1534 1551 domum
1555 1521 1623 1562 ipsa
1638 1528 1669 1552 et
1684 1521 1828 1562 Sponsus

1317 1564 1385 1595 eius
1413 1564 1550 1596 habeant
1585 1566 1738 1605 ostendit,
1759 1566 1826 1607 ipse

1316 1619 1449 1650 quoque
1465 1610 1610 1650 Sponsus
1626 1611 1665 1641 de
1680 1621 1713 1641 se
1727 1611 1830 1652 qualis

1317 1654 1356 1685 sit
1370 1654 1519 1693 ostendit,
1531 1654 1653 1686 dicens:
1674 1656 1748 1697 Ego
1757 1665 1828 1687 sum

1307 1699 1378 1739 flos
1395 1700 1502 1740 campi
1520 1706 1551 1730 et
1567 1699 1688 1740 reliqua
1701 1713 1716 1727 »
1735 1707 1793 1731 etc.

1379 1743 1415 1773 In
1440 1743 1524 1774 calce
1547 1744 1646 1774 totius
1668 1745 1791 1785 operis:

1319 1787 1568 1819 «Verumtamen
1584 1798 1624 1819 ne
1638 1799 1691 1819 me
1701 1789 1734 1819 in
1745 1800 1831 1830 prae-

1315 1832 1395 1863 senti
1419 1832 1487 1863 sine
1507 1839 1562 1863 tua
1584 1833 1764 1864 visitatione
1779 1835 1831 1864 de·

1315 1884 1410 1914 seras;
1430 1877 1486 1907 sed
1505 1877 1634 1917 dignare
1653 1888 1705 1908 me
1725 1879 1831 1909 crebra

1315 1928 1370 1952 tua
1384 1921 1563 1952 visitatione
1583 1922 1751 1964 requirere,
1771 1923 1830 1954 mi-

1315 1966 1412 2007 hique
1435 1973 1466 1997 te
1499 1967 1625 2007 saepius
1655 1967 1831 1999 videndum

1315 2011 1474 2051 praebere.
1505 2011 1545 2042 Et
1573 2011 1636 2043 hoc
1665 2019 1712 2043 est
1740 2013 1830 2054 quod

1315 2055 1410 2086 dicit:
1443 2056 1564 2087 Similis
1593 2062 1659 2087 esto
1691 2067 1829 2098 capreae

1313 2100 1512 2141 hinnuloque
1535 2110 1704 2132 cervorum
1731 2112 1830 2143 super

1314 2150 1437 2176 montes
1451 2151 1634 2176 aromatum
1649 2159 1663 2173 ν
1691 2153 1749 2177 etc.

2260 305 2390 330 LXXXIII

1907 367 1999 398 Inter
2025 367 2132 409 Opera
2159 370 2191 401 S.
2217 371 2364 404 Thomae.

1930 602 1944 617 «
1961 589 2051 620 Unde
2063 596 2093 621 et
2103 590 2236 622 Cantica
2250 591 2398 623 Cantico-

1882 644 1955 664 rum
1982 634 2107 665 vocavit
2132 635 2218 666 hunc
2242 635 2395 668 libellum.

1930 736 1944 751 ‹
1958 723 2014 755 Est
2028 730 2135 754 autem
2155 724 2188 754 in
2205 724 2268 756 hoc
2282 726 2395 756 obscu-

1879 767 2022 798 rissimus
2041 768 2099 799 iste
2123 768 2212 808 liber,
2232 769 2307 811 quia
2326 771 2396 801 nul-

1877 812 1925 843 lae
1949 812 1992 842 ibi
2014 821 2309 845 commemorantur
2327 825 2396 855 per-

1877 864 1985 895 sonae;
1996 867 2071 888 cum
2085 864 2192 888 tamen
2207 859 2290 900 stylo
2305 860 2396 900 quasi

1877 901 2002 932 cornico
2029 901 2069 932 sit
2104 903 2312 943 compositus.
2342 904 2397 935 Ait

1877 953 1967 984 ergo:
1987 945 2160 977 Osculetur
2173 960 2187 974 2>
2215 954 2272 979 etc.

1932 1047 1946 1061 «
1969 1034 2009 1064 Et
2024 1034 2074 1065 hic
2089 1036 2317 1067 attendendum
2332 1044 2395 1076 est,

1881 1078 1970 1118 quod
2005 1078 2086 1109 sicut
2118 1079 2277 1120 laquearia
2302 1082 2396 1122 tignis

1883 1122 1973 1152 affixa
1997 1130 2086 1160 sunt;
2112 1130 2142 1154 et
2167 1124 2211 1155 sic
2235 1126 2298 1156 vita
2321 1125 2396 1157 fide-

1879 1166 1960 1197 lium
1989 1167 2022 1197 in
2053 1167 2193 1198 Ecclesia
2221 1179 2257 1200 ex
2287 1171 2395 1201 docto-

1882 1211 1967 1241 ribus
1998 1212 2134 1252 pendet,
2159 1213 2234 1254 quia
2265 1214 2395 1245 illorum

1883 1255 2026 1286 doctrina
2054 1256 2219 1288 instruitur
2246 1266 2277 1289 et
2302 1259 2395 1290 robo—

1880 1306 1975 1331 ratur.
1991 1301 2076 1331 Bene
2091 1308 2198 1332 autem
2216 1315 2230 1329 ιν
2256 1310 2313 1334 etc.

1928 1491 1942 1506 «
1961 1478 2031 1519 Ipse
2050 1489 2182 1520 quoque
2197 1480 2341 1520 Sponsus
2356 1482 2394 1512 de

1875 1532 1908 1553 se
1937 1522 2039 1564 qualis
2068 1523 2108 1554 sit
2131 1525 2288 1562 ostendit,
2309 1533 2395 1565 post-

1872 1577 1971 1608 quam
1982 1567 2106 1608 Sponsa
2116 1569 2245 1609 qualem
2260 1570 2395 1601 domum

1875 1611 1944 1652 ipsa
1964 1619 1996 1643 et
2014 1612 2159 1652 Sponsus
2179 1613 2246 1644 eius
2261 1614 2396 1646 habeant

1875 1656 2033 1695 ostendit,
2067 1657 2193 1688 dicens:
2227 1659 2301 1700 Ego
2325 1659 2396 1699 flos

1876 1702 1982 1742 campi
2001 1708 2031 1732 et
2049 1702 2170 1743 reliqua
2188 1715 2202 1731 a>
2231 1710 2288 1734 etc.

1926 1803 1940 1818 «
1958 1791 2187 1822 Verumtamen
2216 1802 2256 1823 ne
2285 1802 2337 1823 me
2360 1792 2393 1823 in

1878 1835 2033 1875 praesenti
2062 1836 2129 1866 sine
2158 1843 2213 1866 tua
2242 1836 2393 1868 visitatio-

1878 1889 1917 1909 ne
1941 1880 2110 1921 relinquas,
2126 1880 2270 1922 mihique
2293 1888 2323 1912 te
2338 1892 2392 1922 pe-

1877 1924 1962 1955 nitus
1986 1925 2160 1955 subtrahas.
2185 1925 2307 1957 Similis
2325 1931 2391 1957 esto

1877 1979 2015 2009 capreae
2050 1970 2248 2011 hinnuloque
2283 1980 2392 2002 cervo-

1876 2023 1949 2044 rum
1963 2026 1978 2041 »
2006 2020 2064 2045 etc.

1382 2234 1469 2265 Cum
1493 2234 1661 2266 Garetiana
1685 2235 1823 2266 editione
1847 2235 1911 2266 fere
1935 2236 2084 2267 convenit
2106 2236 2192 2267 idem
2216 2237 2391 2268 Commen—

1313 2278 1422 2316 tarius,
1447 2289 1545 2320 quem
1569 2280 1628 2310 sub
1649 2280 1780 2311 nomine
1804 2281 1985 2322 Haymonis
2003 2281 2244 2312 Alberstatensis
2269 2282 2391 2312 editum

1313 2323 1552 2354 adnotavimus:
1574 2324 1782 2365 codicemque
1802 2335 1861 2355 ms.
1882 2325 2096 2356 Sorbonicum
2116 2325 2189 2357 citat
2207 2326 2389 2365 Echardus,

1313 2367 1345 2397 in
1369 2378 1436 2408 quo
1461 2378 1527 2398 non
1551 2369 1691 2399 multum
1716 2369 1867 2399 absimilis
1892 2370 2046 2401 contineri
2069 2370 2194 2401 videtur
2222 2371 2389 2411 expositio,

1312 2412 1352 2442 ab
1381 2419 1515 2453 utraque
1544 2413 1699 2451 editione,
1732 2421 1801 2444 tum
1825 2413 1993 2445 Garetiana
2022 2425 2158 2455 operum
2187 2415 2389 2454 Cassiodori,

1312 2463 1382 2487 tum
1402 2457 1549 2487 Romana
1568 2457 1714 2498 Operum
1738 2469 1763 2489 s,
1779 2458 1937 2496 Thomae,
1957 2459 2053 2500 longe
2071 2459 2174 2490 verbis
2198 2460 2387 2500 discrepans.

1312 2500 1426 2541 Incipit
1440 2501 1527 2532 enim
1541 2503 1627 2542 apud
1642 2503 1794 2533 eumdem
1808 2503 2006 2534 Echardum:
2030 2503 2203 2535 Osculetur
2217 2515 2267 2535 me
2281 2505 2389 2536 osculo

1311 2546 1379 2576 oris
1393 2547 1456 2577 sui.
1471 2546 1568 2577 Haec
1591 2552 1638 2578 est
1662 2557 1726 2578 vox
1748 2547 1962 2589 Synagogae,
1987 2558 2071 2589 quae
2092 2549 2255 2580 Christum
2277 2555 2388 2580 ventu—

1311 2599 1384 2620 rum
1415 2591 1448 2621 in
1477 2591 1633 2622 mundum
1658 2591 1816 2623 didicerat
1843 2593 1885 2623 ab
1907 2594 2044 2634 Angelis
2072 2600 2143 2632 etc„
2167 2604 2203 2625 ac
2225 2594 2320 2624 verba
2344 2604 2390 2624 se-

1311 2641 1456 2675 quuntur
1474 2636 1513 2666 ab
1533 2635 1624 2667 editis
1643 2636 1774 2668 diversa.
1800 2639 1852 2667 An
1871 2647 1946 2668 vero
1966 2638 2047 2668 hanc
2063 2638 2276 2669 diversitatem
2294 2648 2389 2679 pepe-

1311 2678 1385 2710 rerit
1403 2679 1502 2710 nimia
1525 2680 1755 2721 exscriptorum
1782 2680 1926 2712 licentia?

1379 2724 1560 2766 Utrumque
1571 2725 1851 2757 Commentarium
1865 2726 1939 2757 divo
1950 2727 2098 2757 Thomae
2113 2727 2272 2758 adiudicat
2286 2727 2390 2758 sixtus

1308 2768 1458 2799 Senensis
1487 2769 1560 2800 loco
1586 2770 1697 2809 citato,
1727 2781 1825 2811 quem
1849 2771 1991 2812 plerique
2015 2778 2208 2812 sequuntur;
2238 2772 2388 2810 alterum,

1311 2813 1410 2844 Sonet
1433 2823 1498 2845 vox
1520 2820 1593 2852 tua,
1624 2815 1663 2845 ab
1687 2815 1758 2855 ipso
1788 2816 1867 2846 dum
1889 2816 2012 2856 integro
2042 2823 2123 2847 esset
2151 2826 2283 2856 corpore
2313 2826 2388 2847 con-

1311 2857 1447 2896 fectum;
1471 2858 1617 2897 alterum,
1642 2860 1794 2891 Salomon
1819 2861 2012 2900 inspiratus,
2042 2867 2178 2891 extrema
2202 2871 2277 2891 cum
2299 2861 2387 2891 labo-

1311 2909 1392 2934 raret
1405 2903 1610 2943 aegritudine.
1631 2904 1792 2935 Posterius
1812 2915 1894 2945 opus
1914 2905 1999 2935 istud
2019 2905 2165 2935 Thomae
2185 2905 2316 2945 aliisque
2335 2905 2386 2935 tri-

1311 2947 1366 2978 bui
1386 2947 1419 2977 in
1438 2948 1601 2979 codicibus
1632 2955 1663 2979 et
1690 2949 1723 2979 in
1743 2949 1833 2980 editis
1866 2949 1929 2979 iam
1949 2949 2188 2986 adnotavimus;
2215 2950 2270 2980 sed
2291 2949 2386 2980 etiam

1311 2991 1430 3022 mirum
1455 2999 1502 3023 est
1524 2993 1611 3033 apud
1630 2993 1754 3024 Sixtum
1782 2993 1843 3033 legi
1871 2994 2087 3024 elucubratam
2107 2995 2144 3024 ab
2164 2993 2299 3033 Aegidio
2319 2994 2385 3024 Ro-

1311 3046 1410 3067 mano
1430 3036 1526 3067 fuisse
1553 3037 1787 3078 expositionem
1810 3038 1842 3068 in
1862 3038 2003 3076 Cantica,
2030 3048 2112 3079 quae
2133 3038 2260 3078 incipit,
2286 3039 2384 3069 Sonet

1312 3091 1376 3112 vox
1399 3086 1466 3112 tua.
1493 3083 1546 3112 An
1565 3092 1662 3122 opera
1681 3083 1747 3112 duo
1771 3082 1867 3122 longe
1885 3082 1966 3113 inter
1989 3092 2056 3113 sese
2080 3083 2200 3113 diversa
2226 3083 2312 3113 idem
2331 3083 2385 3113 ha-

1312 3125 1438 3156 buerint
1456 3124 1603 3156 initium?
1628 3127 1672 3157 Ut
1694 3133 1730 3157 ut
1753 3137 1785 3156 se
1809 3137 1857 3157 res
1881 3127 2009 3165 habeat,
2034 3137 2100 3157 non
2123 3127 2167 3158 ita
2185 3127 2275 3158 facile
2299 3127 2385 3158 dictu

1312 3170 1474 3210 duplicem
1495 3180 1513 3200 a
1533 3170 1607 3201 divo
1622 3171 1752 3201 Thoma
1767 3171 1888 3202 editum
1908 3171 2186 3202 Commentarium
2207 3172 2240 3202 in
2260 3182 2387 3203 sacrum

1311 3214 1573 3255 Epithalamium:
1588 3215 1669 3245 Cum
1679 3215 1837 3255 duplicem
1848 3225 1947 3256 super
1959 3215 2094 3247 Cantica
2104 3217 2270 3247 Postillam
2282 3218 2384 3256 ipsum

1311 3259 1448 3290 edidisse
1462 3257 1513 3301 (ut
1526 3259 1570 3290 ait
1583 3258 1760 3302 Echardus)
1776 3270 1868 3290 nemo
1888 3265 2030 3291 veterum
2054 3266 2199 3292 astruat:
2218 3271 2253 3291 ac
2268 3268 2384 3291 utram-

1311 3313 1374 3343 que
1389 3310 1547 3343 praeterea
1567 3303 1747 3343 diligentius
1766 3304 1973 3344 perpendenti
1993 3305 2235 3345 expositionem,
2252 3312 2385 3345 utraque

1311 3354 1460 3387 appareat
1483 3348 1682 3387 completum
1705 3349 1953 3390 absolutumque
1977 3359 2076 3389 opus,
2104 3356 2140 3380 ut
2163 3356 2312 3379 neutrum
2340 3349 2384 3379 vi-

1311 3391 1422 3422 deatur
1445 3391 1592 3422 Thomae
1615 3392 1749 3432 graviter
1776 3393 1950 3432 aegrotanti
1974 3404 2010 3424 ac
2033 3393 2273 3424 vehementibus
2292 3403 2384 3433 paro-

1309 3435 1429 3476 xysmis
1452 3435 1611 3472 anhelanti
1635 3437 1675 3466 ad
1698 3443 1836 3467 mortem
1855 3437 2033 3467 convenire.

1378 3481 1420 3509 At
1449 3480 1712 3520 quandoquidem
1752 3481 1989 3520 sapientissimis
2023 3481 2196 3512 editoribus
2229 3481 2384 3512 Romanis

1311 3524 1370 3553 sub
1393 3523 1451 3553 Pio
1475 3524 1504 3554 V
1528 3521 1636 3565 (verba
1659 3531 1733 3555 sunt
1765 3525 1908 3555 eiusdem
1931 3523 2080 3567 Echardi)
2103 3525 2170 3556 visa
2193 3533 2239 3556 est
2262 3523 2389 3566 praefess

1310 3567 1406 3597 renda
1430 3574 1461 3598 et
1484 3568 1543 3598 sub
1563 3568 1693 3598 nomine
1713 3569 1811 3599 sancti
1835 3569 1983 3600 Doctoris
2006 3570 2209 3610 praestanda,
2236 3580 2318 3611 quae
2336 3571 2383 3601 in-

1312 3611 1404 3651 cipit,
1427 3612 1579 3642 Salomon
1613 3613 1811 3653 inspiratus,
1836 3623 1950 3644 eorum
1978 3624 2127 3645 censurae
2163 3625 2202 3645 eo
2233 3615 2386 3646 libentius

1311 3655 1485 3695 subscribo,
1501 3657 1591 3697 quod
1604 3657 1663 3688 ista
1677 3657 1777 3698 magis
1797 3658 1945 3689 convenit
1959 3669 2034 3689 cum
2052 3658 2140 3697 idea,
2160 3669 2258 3700 quam
2277 3670 2301 3690 s.
2317 3662 2382 3690 An-
