2548 4192
222 297 303 321 LVIII

223 378 236 391 »
260 363 418 394 oblatione
450 368 542 401 atque
572 358 740 399 petitione,
764 357 796 386 in
821 356 882 385 hoc
906 360 1013 384 sancto
1038 351 1205 383 Coenobio
1235 361 1280 380 re-

223 421 236 435 »
258 407 404 449 gulariter
436 412 676 445 permansurum
701 408 731 431 et
754 410 828 430 cum
861 398 986 429 caeteris
1015 396 1146 436 gratanti
1171 395 1280 425 animo

221 466 235 480 1³
259 452 482 486 militaturum;
498 449 539 478 ita
555 454 589 478 ut
603 447 641 476 ab
656 446 713 475 hac
729 445 778 474 die
793 453 858 473 non
872 443 963 472 liceat
981 441 1024 470 illi
1045 440 1165 470 collum
1189 449 1279 469 excu-

221 511 235 524 »
258 504 321 527 tere
345 496 382 526 de
406 494 540 532 subiugo
565 491 699 530 regulae,
720 489 772 518 sed
793 487 892 526 magis
912 485 1034 515 studeat
1053 484 1120 514 eius
1138 483 1280 513 instituta

222 555 235 568 >›
258 547 394 571 servare:
419 545 449 568 et
472 544 507 567 ut
530 536 605 565 haec
629 543 698 564 mea
726 531 850 562 traditio
874 530 1061 559 inconcussa
1086 534 1279 568 permaneat,

222 599 236 613 ι»
258 584 409 625 promitto
443 582 500 611 sub
533 577 733 609 iureiurando
767 585 872 605 coram
897 574 965 603 Deo
995 579 1025 602 et
1048 571 1169 603 Sanctis
1193 571 1278 608 eius,

222 643 235 656 »
259 636 435 668 numquam
458 634 513 665 per
535 633 603 660 me,
628 629 804 660 numquam
827 628 883 658 per
906 616 1068 647 suffectam
1092 625 1278 656 personam,

222 687 235 700 »
263 682 319 703 nec
343 670 484 712 quolibet
515 667 613 697 modo
647 665 825 695 facultatem
858 661 991 691 exeundi
1020 661 1058 690 de
1082 660 1145 691 hoc
1168 660 1279 690 Mona-

222 730 236 744 »
251 715 352 747 'sterio
376 724 426 744 me
449 712 493 742 illi
516 711 657 741 tribuere.
679 708 727 738 Ad
748 707 983 737 firmamentum
1003 704 1097 734 huius
1118 714 1206 734 meae
1226 713 1278 743 pe-

221 774 235 788 »
258 759 392 796 titionis,
423 765 518 787 manu
553 753 678 794 propria
711 762 780 781 eam
813 751 919 780 subter
946 748 1067 778 firmavi
1098 755 1128 778 et
1156 747 1279 777 idoneis

221 818 234 831 n
258 803 385 834 testibus
409 800 562 831 affirmare
586 796 700 828 curavi.
726 797 794 835 Ego
818 795 856 825 N.
883 792 1050 832 subscripsi
1075 799 1133 823 etc.
1154 806 1166 819 »

290 834 449 877 11.'Hunc
477 841 645 874 oblationis
678 849 855 880 puerorum
883 838 1086 877 impuberum
1117 835 1278 875 oblatique

217 892 361 922 Thomae
375 886 586 930 quinquennis
601 885 696 916 ritum
714 883 851 914 adsumit
865 881 1066 922 Disquisitor,
1081 880 1178 911 veluti
1194 879 1277 920 prin-

216 936 333 976 cipium
357 934 598 968 inconcussum,
623 940 659 960 ex
683 939 748 970 quo
772 927 955 967 impositam
978 924 1129 966 Aquinati
1159 924 1277 963 obliga-

216 980 334 1011 tionem
357 986 534 1018 numquam
557 974 706 1005 redeundi
731 973 769 1003 ad
794 971 966 1007 saeculum,
988 970 1091 1011 deque
1110 979 1143 999 se
1163 969 1277 999 factam

216 1035 233 1055 a
259 1022 437 1064 parentibus
470 1019 664 1051 oblationem
697 1024 795 1048 ratam
824 1015 959 1046 habendi
991 1014 1153 1054 vitamque
1182 1012 1276 1063 profi-

215 1067 298 1099 tendi
331 1065 537 1097 Monasticam
574 1063 659 1103 apud
692 1061 876 1092 Casinenses
912 1059 1038 1099 colligat
1070 1068 1105 1089 ac
1143 1064 1274 1088 evmcat.

214 1112 291 1143 Eius
313 1111 405 1141 verba
429 1109 499 1140 dedi
524 1108 623 1148 capite
647 1106 823 1147 superiore,
849 1114 936 1134 num.
961 1111 986 1141 13
1011 1103 1065 1133 sed
1095 1102 1156 1133 hoc
1180 1101 1275 1132 etiam

213 1157 286 1187 loco
318 1155 485 1195 repetenda
508 1159 597 1190 sunt,
623 1158 657 1182 ut
681 1161 758 1191 quas
790 1149 869 1179 vires
902 1154 1124 1188 argumentum
1144 1146 1274 1184 habeat,

213 1201 301 1242 quod
331 1200 397 1240 ipse
427 1197 725 1229 demonstrationem
759 1200 868 1231 vocat,
892 1193 1026 1234 quisque
1050 1191 1272 1232 deprehendat.

213 1246 267 1276 Ait
281 1254 354 1284 ergo
375 1243 473 1283 capite
487 1253 509 1278 1,
524 1251 612 1272 num.
635 1251 660 1278 1,
676 1239 733 1270 sibi
749 1249 814 1269 esse
833 1236 1136 1269 demonstrandum:
1153 1249 1167 1263 «
1185 1235 1274 1266 Tho·

217 1303 230 1317 »
252 1298 339 1320 mam
353 1287 554 1328 Aquinatem,
570 1295 653 1315 anno
669 1283 775 1314 aetatis
791 1292 864 1313 suae
879 1281 1003 1323 quinto,
1019 1281 1057 1311 ad
1069 1280 1274 1312 Coenobium

217 1348 230 1361 »
253 1333 422 1364 Casinense
446 1341 463 1361 a
486 1330 666 1371 parentibus
686 1328 818 1358 missum
842 1336 918 1363 esse,
940 1336 1004 1356 non
1029 1325 1088 1365 piis
1112 1325 1275 1355 dumtaxat

216 1392 229 1406 »
252 1377 393 1408 moribus
417 1375 587 1415 primisque
611 1373 782 1404 litterarum
806 1370 991 1402 rudimentis
1010 1370 1090 1400 inter
1113 1369 1192 1399 alios
1217 1379 1274 1399 no-

216 1436 228 1450 »
251 1422 326 1453 biles
350 1431 464 1461 pueros
488 1418 742 1454 informandum;
769 1417 822 1446 sed
845 1416 915 1446 Deo
939 1415 997 1445 sub
1026 1414 1089 1445 divi
1112 1413 1274 1445 Benedicti

215 1481 229 1495 »
252 1465 423 1496 monastica
455 1463 617 1503 disciplina
653 1461 791 1492 oblatum
827 1470 862 1491 ac
896 1460 982 1490 velut
1012 1459 1044 1489 in
1076 1459 1273 1490 monachum

215 1525 228 1539 »
252 1517 466 1542 consecratum
485 1518 543 1548 pro
567 1507 632 1538 iure
656 1505 770 1546 patriae
789 1504 968 1545 potestatis;
989 1511 1024 1535 ut
1043 1505 1107 1534 iam
1127 1509 1205 1534 tunc
1228 1513 1273 1534 re-

215 1570 227 1583 »
250 1555 362 1596 ligioso
386 1553 527 1584 instituto
558 1551 738 1588 adstrictus,
763 1559 935 1590 numquam
966 1549 1074 1580 redire
1097 1554 1208 1589 posset
1230 1548 1275 1579 ad

215 1615 227 1628 »
250 1600 432 1635 saeculum;
451 1598 503 1628 sed
523 1596 628 1637 potius
652 1594 791 1625 adultam
810 1600 942 1624 aetatem
962 1594 1113 1634 adeptus,
1138 1593 1273 1624 oblatio-

214 1659 227 1673 »
250 1654 323 1675 nem
347 1644 384 1674 de
408 1653 439 1672 se
459 1652 476 1672 a
495 1640 674 1681 parentibus
693 1638 806 1669 factam
826 1644 931 1669 ratam
955 1638 1086 1669 haberet
1109 1638 1272 1679 vitamque

214 1704 227 1717 »
250 1688 455 1719 monasticam
478 1685 594 1715 ibidem
618 1693 758 1724 expresse
782 1683 1029 1724 solemniterque
1041 1683 1274 1724 profiteretur:

214 1748 227 1762 ι»
250 1733 337 1774 quod
356 1739 386 1762 et
404 1731 454 1761 ille
474 1730 669 1770 pubertatem
684 1728 811 1758 tandem
831 1728 1000 1767 ingressus,
1014 1738 1079 1769 pro
1095 1728 1183 1758 illius
1201 1729 1274 1758 aeui

213 1792 226 1806 »
249 1787 336 1808 more
359 1782 389 1807 et
414 1785 455 1805 ex
479 1775 580 1805 sacris
603 1773 765 1804 Ecclesiae
788 1773 914 1814 legibus
936 1774 1118 1803 executioni
1141 1772 1272 1803 deman-

212 1836 225 1850 »
248 1822 344 1853 davit.
367 1834 380 1848 »

273 1866 383 1896 Fidem
407 1865 467 1895 hoc
490 1864 562 1894 loco
583 1863 687 1892 datam
711 1869 745 1892 ut
768 1861 877 1893 liberet
895 1860 973 1904 (hoc
997 1862 1082 1893 enim
1107 1872 1201 1902 opus,
1222 1861 1272 1892 hic

208 1909 320 1952 labor),
336 1909 431 1940 ritum
445 1908 535 1939 illum
550 1907 718 1938 oblationis
737 1917 911 1947 puerorum
931 1906 1010 1937 olim
1026 1917 1063 1937 ex
1078 1906 1272 1947 praescripto

209 1955 331 1995 regulae
350 1953 446 1984 sancti
461 1951 619 1983 Benedicti
640 1951 827 1992 frequentari
848 1951 991 1990 solitum,
1009 1951 1193 1993 eisdemque
1213 1951 1272 1981 im-

207 2000 343 2041 positam
366 2005 435 2029 tum
449 2007 513 2027 non
533 1996 682 2027 redeundi
702 1996 740 2026 ad
761 1996 935 2034 saeculum,
955 2003 1026 2027 tum
1045 1996 1193 2037 indeptae
1212 2006 1271 2036 pu-

207 2043 331 2076 bertatis
345 2049 486 2082 tempore
501 2041 707 2072 monasticam
723 2041 820 2071 vitam
840 2040 1009 2082 profitendi
1029 2040 1271 2081 obligationem,

207 2089 327 2129 integro
351 2087 450 2127 capite
474 2097 495 2116 ιι
518 2086 671 2126 explicat,
691 2087 822 2123 asserit,
840 2086 998 2123 vindicat,
1019 2096 1082 2127 qua
1106 2085 1270 2126 exemplis,

207 2143 269 2174 qua
291 2131 481 2163 Pontificum
505 2130 674 2170 rescriptis,
698 2140 761 2171 qua
785 2130 916 2161 decretis
942 2129 1184 2169 conciliorum,
1208 2141 1272 2172 qua

207 2177 436 2208 monachorum
461 2175 752 2213 constitutionibus,
772 2185 835 2216 qua
860 2174 1109 2206 clarissimorum
1129 2175 1272 2206 virorum

207 2221 361 2262 suffragio·
383 2220 506 2258 Quibus
534 2220 597 2251 lato
627 2219 748 2250 calamo
777 2219 944 2257 enarratis,
973 2227 1070 2260 caput
1097 2230 1195 2251 suum
1218 2220 1271 2251 de-

208 2267 301 2307 nique
329 2265 455 2296 tertium
483 2265 530 2295 his
558 2264 658 2295 verbis
687 2264 860 2295 exorditur:
885 2278 899 2292 <x
918 2264 1006 2302 Quid
1025 2275 1111 2296 nunc
1131 2264 1156 2295 si
1182 2265 1272 2296 Tho-

211 2324 224 2338 »
247 2321 332 2341 mam
355 2310 533 2345 ostendero,
557 2319 593 2339 ex
617 2309 737 2340 tenellis
761 2309 821 2339 illis
845 2309 950 2349 pueris
975 2319 1096 2348 unum,
1119 2309 1177 2351 qui
1201 2310 1271 2340 Deo

211 2370 224 2382 »
247 2355 304 2386 sub
333 2354 394 2385 divi
418 2353 575 2384 Benedicti
595 2353 715 2393 Regula
738 2364 755 2383 a
779 2354 880 2394 prima
900 2353 1032 2394 pueritia
1055 2352 1272 2386 vovebantur?

211 2413 224 2427 2
247 2402 363 2430 Annon
383 2398 585 2429 Benedictino
609 2398 752 2428 instituto
772 2399 835 2429 iam
860 2403 926 2429 tum
951 2398 1094 2430 addictus
1118 2409 1155 2430 ac
1179 2399 1272 2440 plane

211 2457 224 2471 2
248 2443 412 2474 obstrictus
439 2443 600 2473 habendus
624 2442 690 2480 erit,
717 2448 751 2473 ut
775 2453 837 2474 non
863 2443 950 2474 ultra
975 2443 1083 2474 redire
1099 2449 1211 2485 posset
1229 2444 1273 2475 ad

211 2502 224 2515 »
246 2487 436 2518 saeculum?
456 2500 470 2514 ³>
498 2487 542 2517 lta
565 2497 660 2527 porro
684 2497 716 2517 se
745 2497 811 2518 rem
840 2487 985 2519 habuisse
1015 2488 1178 2520 contendit
1201 2488 1271 2527 ille,

207 2532 396 2572 scriptorum
419 2531 605 2562 testimoniis
624 2531 656 2561 in
676 2531 817 2562 medium
842 2532 987 2572 prolatis,
1007 2543 1088 2574 quae
1108 2533 1271 2574 superiore

209 2587 296 2607 num.
318 2587 328 2606 1
347 2576 498 2616 descripta
522 2582 604 2606 sunt.
625 2576 936 2608 Demonstrationem
957 2577 1068 2615 habes,
1086 2588 1185 2619 quam
1205 2587 1271 2609 ma-

207 2620 319 2661 gnifice
343 2620 434 2651 iactat
457 2620 654 2661 Disquisitor.

273 2667 315 2696 At
338 2665 421 2695 hunc
444 2664 644 2705 Disquisitori
669 2665 851 2705 explicanti,
873 2667 1020 2698 asserenti
1045 2674 1076 2698 et
1100 2667 1270 2698 vindicanti

207 2709 313 2747 ritum,
333 2716 485 2749 repugnat
504 2719 608 2740 nem0.
630 2709 739 2740 Ritum
758 2710 849 2741 illum
869 2711 946 2741 olim
967 2710 1271 2752 frequentissimum,

208 2764 273 2795 quo
297 2753 386 2794 pueri
410 2753 452 2784 sic
477 2753 583 2791 oblati,
609 2754 661 2784 ubi
686 2754 804 2794 pubem
829 2755 947 2796 indepti
971 2763 1085 2795 essent,
1107 2757 1146 2787 ad
1171 2757 1271 2788 exsol-

207 2798 345 2829 vendum
369 2805 534 2838 parentum
557 2805 669 2829 votum
693 2805 881 2838 tenerentur,
906 2811 962 2831 nec
982 2801 1175 2832 monasticae
1199 2811 1271 2842 pro-

209 2842 351 2873 fessionis
387 2842 499 2882 iugum
532 2850 672 2873 excutere
710 2851 856 2883 possent,
889 2845 943 2875 sed
981 2855 1159 2886 expressam
1196 2853 1272 2878 tunc

210 2887 436 2927 professionem
469 2887 608 2918 emittere
642 2887 807 2926 deberent,
840 2889 889 2919 vel
922 2889 1030 2930 potius
1062 2890 1272 2922 monasticam

208 2931 432 2971 obligationem
456 2931 577 2971 pridem
601 2931 762 2963 inductam
793 2940 891 2964 ratam
923 2934 1053 2973 habere,
1080 2935 1213 2975 probare
1237 2946 1273 2967 ac

208 2976 353 3006 roborare
385 2983 579 3013 tenerentur,
611 2983 694 3007 extra
726 2977 930 3008 dubitationis
963 2979 1063 3009 aleam
1097 2987 1273 3020 posuerunt

209 3020 305 3059 Hugo
324 3020 492 3050 Menardus
510 3020 543 3050 in
562 3020 718 3060 Regulam
745 3022 841 3052 sancti
860 3022 1032 3061 Benedicti,
1050 3025 1187 3055 Joannes
1207 3025 1273 3056 Ma-

209 3063 357 3094 billonius
384 3064 514 3095 Praefat.
540 3065 565 3094 ΙΙ
592 3065 625 3094 ἰη
649 3066 810 3096 saeculum
838 3067 879 3097 IV
906 3074 935 3098 ct
959 3068 1090 3099 Praefat.
1113 3069 1123 3099 l
1146 3068 1178 3100 in
1208 3079 1273 3101 sae-

168 3123 171 3125 ·
211 3107 319 3138 culum
342 3108 381 3138 Vl
407 3108 483 3139 Ord.
505 3108 534 3139 S.
550 3109 709 3140 Benedicti
737 3117 767 3141 et
790 3111 869 3141 inter
893 3112 1060 3150 Analecta,
1082 3113 1274 3146 Edmundus

212 3151 380 3182 Martenius
410 3152 442 3182 in
466 3152 703 3184 Commentario
733 3155 771 3185 ad
795 3162 889 3195 caput
919 3166 968 3186 mx
998 3157 1136 3197 Regulae
1167 3170 1191 3190 s.
1215 3159 1273 3190 Be·

211 3195 341 3232 nedicti,
365 3202 395 3226 et
418 3197 597 3227 Ludovicus
621 3198 852 3230 Thomassinus
876 3207 961 3240 parte
982 3201 992 3231 1
1013 3201 1082 3233 Vet.
1107 3210 1138 3234 et
1164 3204 1274 3235 Novae

212 3239 367 3270 Ecclesiae
391 3240 599 3280 Disciplinae‚
623 3242 703 3272 libro
728 3243 784 3280 111,
805 3254 894 3284 capp.
912 3255 978 3281 11vt,
1003 3256 1064 3276 mn
1083 3253 1114 3277 et
1132 3257 1216 3279 nvm.
1241 3249 1273 3279 Si

211 3294 292 3324 quae
315 3283 460 3315 videntur
489 3284 686 3316 difficultates
710 3287 805 3317 ritum
836 3287 926 3318 illum
955 3289 1122 3330 impetere,
1148 3302 1183 3322 ex
1207 3292 1273 3324 iure

212 3334 339 3358 naturae
357 3338 393 3359 ac
412 3328 519 3359 divino
539 3336 569 3360 et
593 3330 674 3361 civili
698 3331 898 3372 desumptae,
923 3333 1083 3365 excutiunt
1103 3345 1215 3366 omnes
1239 3348 1274 3368 ac

212 3372 332 3402 elidunt
355 3372 515 3403 clarissimi
539 3374 655 3405 laudati
679 3375 862 3415 scriptores,
893 3377 1008 3418 quibus
1038 3379 1121 3409 addo
1145 3380 1274 3412 Petrum

213 3416 377 3447 Gibertum
403 3417 434 3447 in
462 3417 604 3458 Corpore
628 3419 704 3449 luris
731 3419 885 3451 Canonici
916 3428 993 3453 torn.
1016 3423 1060 3461 11,
1086 3423 1118 3454 in
1143 3431 1273 3457 tractatu

214 3466 327 3499 poster.
352 3461 391 3492 de
413 3462 575 3493 Eccclesia
599 3463 692 3494 titulo
716 3474 778 3501 xiv,
798 3472 871 3496 sect.
896 3476 936 3497 tv.
961 3466 1040 3498 lllud
1066 3475 1129 3499 erat
1148 3469 1275 3511 Disqui-

215 3503 334 3534 sitionis
358 3513 466 3545 caput,
486 3516 524 3536 an
545 3517 622 3537 aevo
642 3508 704 3538 divi
728 3509 874 3540 Thomae
893 3520 961 3541 mos
985 3512 1038 3542 ille
1056 3512 1188 3552 vigeret,
1208 3524 1275 3555 quo

217 3547 303 3587 pueri
333 3549 429 3579 oblati
460 3560 630 3591 numquam
662 3552 769 3583 redire
786 3559 917 3593 possent
939 3555 983 3586 ad
1004 3557 1197 3589 saeculum?
1225 3560 1275 3589 An

216 3600 329 3622 sacrae
351 3592 512 3624 Ecclesiae
535 3595 622 3635 leges
645 3596 747 3627 adhuc
770 3597 964 3636 obtinerent,
993 3600 1110 3640 quibus
1131 3601 1276 3633 Thomas

217 3635 379 3666 adstrictus
402 3637 594 3668 oblationem
618 3639 656 3670 de
680 3650 712 3670 se
736 3640 868 3679 factam,
893 3641 917 3672 si
942 3653 1005 3683 qua
1028 3643 1108 3682 fuit,
1131 3645 1275 3677 adultam

943 272 1399 312 DISSERTATIONES
1430 271 1676 308 CRITICAE

1337 351 1465 381 tandem
1490 356 1626 380 aetatem
1650 350 1795 389 adeptus,
1818 355 1924 379 ratam
1948 349 2106 379 haberet?
2126 351 2178 380 An
2198 359 2257 390 pro
2277 350 2326 381 sui
2346 351 2414 382 aevi

1337 405 1426 425 more
1446 401 1477 425 et
1500 405 1535 424 ex
1565 393 1658 424 sacris
1678 393 1835 424 Ecclesiae
1854 393 1976 432 legibus
1996 393 2039 423 ita
2059 393 2154 424 fuerit
2171 395 2307 425 tenellus
2325 395 2415 426 Tho-

1338 449 1405 469 mas
1428 439 1498 469 Deo
1524 438 1649 468 oblatus
1668 437 1700 467 in
1721 437 1891 468 Coenobio
1912 437 2090 475 casinensi,
2110 444 2147 468 ut
2165 439 2267 479 pubes
2286 439 2351 470 iam
2371 440 2414 470 fa·

1337 490 1405 513 ctus
1428 483 1526 513 vitam
1549 482 1653 512 adhuc
1677 481 1888 511 monasticam
1907 481 2027 512 ibidem
2051 492 2195 522 expresse
2217 483 2414 515 solemniter-

1336 537 1399 567 que
1422 526 1562 567 profiteri
1587 523 1764 556 teneretur?
1783 526 1880 555 Hunc
1899 535 2043 564 morem,
2069 526 2124 556 has
2148 527 2307 558 Ecclesiae
2331 528 2414 568 leges

1336 581 1476 611 pronum
1498 577 1563 601 erat
1586 569 1734 607 inficiari,
1760 579 1839 599 aevo
1868 569 1931 599 divi
1960 569 2110 601 Thomae
2130 571 2285 611 viguisse:
2310 582 2414 614 neque

1336 625 1409 645 sane
1433 615 1467 644 id
1490 615 1639 645 evincunt
1669 614 1863 644 documenta
1893 613 1946 644 illa
1971 615 2174 654 superiorum
2199 617 2413 655 saeculorum,

1335 669 1417 700 quae
1437 659 1544 689 solum
1563 658 1647 698 larga
1667 668 1764 688 manu
1788 658 1932 698 profudit
1950 658 2155 700 Disquisitor,
2177 668 2212 691 ut
2237 661 2348 692 fucum
2367 661 2411 692 fa-

1336 709 1434 740 ceret;
1464 702 1608 742 Gregorii
1639 712 1755 742 nempe
1787 703 1813 732 11
1843 703 1982 733 Romani
2014 703 2178 735 Pontificis
2211 706 2412 747 Rescriptum

1335 748 1373 777 aci
1397 746 1599 777 Bonifacium
1624 746 1854 786 Moguntinum
1874 747 2085 788 Episcopum,
2106 749 2244 780 Concilii
2264 751 2412 782 Toletani

1334 791 1436 832 quarti
1461 798 1492 821 et
1515 791 1629 821 decimi
1654 791 1788 829 decreta,
1810 791 1933 829 Isidori,
1957 792 2120 832 Bernardi,
2142 795 2324 826 Lantfranci
2348 796 2413 826 suf-

1334 835 1446 875 fragia;
1463 835 1586 875 aliaque
1606 835 1740 866 demum
1758 836 1874 873 Bedae,
1889 836 2019 875 Placidi,
2034 838 2149 877 Mauri,
2167 839 2323 871 Bonifacii
2343 841 2413 871 Mo-

1333 880 1476 919 guntini,
1496 879 1704 910 Hildebrandi
1725 880 1886 921 exempla,
1907 891 1989 922 quae
2010 882 2078 912 sola
2098 883 2218 921 profert
2237 884 2308 923 ille,
2333 895 2413 925 quo-

1333 934 1444 955 rumve
1463 924 1619 955 recentius
1639 924 1847 955 Hildebrandi
1867 926 2051 966 exemplum
2070 927 2109 957 ad
2131 928 2274 959 medium
2294 935 2415 970 spectat

1335 968 1542 999 undecimum
1565 979 1654 999 aerae
1680 969 1866 1000 christianae
1890 971 2063 1002 saeculum.

1400 1013 1521 1044 Contra
1545 1023 1685 1055 namque
1708 1014 1808 1055 liquet
1837 1015 2006 1053 omnibus,
2031 1016 2128 1047 ritum
2153 1018 2322 1056 eumdem,
2346 1028 2412 1048 sae-

1332 1058 1405 1088 culo
1425 1058 1482 1088 Xll
1504 1059 1645 1096 cadente,
1665 1059 1774 1100 quoad
1789 1069 1860 1090 eam
1880 1060 2086 1101 praecipuam
2105 1069 2239 1102 partem,
2254 1072 2319 1103 qua
2333 1073 2411 1103 pue-

1331 1102 1372 1132 ris
1397 1102 1549 1142 obligatio
1574 1103 1811 1143 imponebatur,
1836 1114 1875 1135 ne
1900 1115 1917 1135 a
1941 1105 2126 1145 parentibus
2143 1107 2241 1137 oblati
2261 1107 2332 1138 Deo
2351 1108 2411 1138 sub

1331 1147 1507 1178 monastica
1531 1147 1707 1188 disciplina,
1733 1149 1841 1179 redire
1865 1159 2036 1190 umquam,
2062 1160 2137 1181 cum
2161 1151 2201 1181 ad
2225 1161 2328 1182 annos
2351 1162 2411 1193 pu-

1330 1191 1457 1222 bertatis
1471 1192 1698 1233 pervenissent,
1714 1193 1758 1224 ad
1771 1194 1937 1224 saeculum
1954 1200 2098 1235 possent,
2119 1195 2295 1227 relaxatum
2314 1196 2411 1227 fuisse

1329 1246 1366 1266 ac
1385 1246 1464 1267 aevo
1484 1237 1547 1267 divi
1572 1237 1720 1268 Thomae
1740 1238 1772 1268 in
1800 1238 2043 1270 desuetudinem
2062 1239 2185 1271 abiisse.
2206 1241 2338 1272 Novum
2361 1241 2411 1272 ius

1329 1280 1415 1311 istud
1438 1281 1592 1312 invexisse
1616 1282 1731 1313 dicitur
1754 1282 1904 1314 Clemens
1930 1283 1982 1321 ΙΙΙ,
2007 1283 2098 1315 cuius
2122 1284 2199 1316 haec
2223 1286 2318 1317 verba
2336 1292 2411 1317 sunt

1331 1326 1432 1366 capite
1449 1326 1531 1357 Cum
1548 1329 1666 1365 virum,
1686 1327 1727 1358 de
1744 1327 1986 1369 Regularibus:
2008 1328 2124 1360 Utrum
2145 1339 2195 1367 ea,
2215 1340 2300 1371 quae
2318 1329 2410 1372 infra

1329 1370 1533 1402 discretionis
1555 1382 1661 1403 annos
1684 1382 1704 1402 a
1722 1372 1916 1413 parentibus
1939 1374 2135 1404 monasterio
2159 1374 2300 1413 tradita,
2321 1375 2410 1407 habi-

1330 1420 1397 1445 tum
1421 1415 1603 1457 Religionis
1633 1416 1771 1448 induens
1799 1418 2048 1448 benedictionem
2080 1419 2219 1459 accepit,
2245 1424 2277 1450 et
2299 1420 2412 1451 eiciens

1324 1460 1530 1500 postmodum
1561 1470 1596 1492 se
1619 1461 1747 1492 cuidam
1779 1462 1874 1492 militi
1899 1463 2078 1503 copulavit,
2104 1463 2148 1494 ad
2178 1465 2410 1496 monasterium

1331 1505 1439 1535 redire
1469 1511 1625 1547 cogatur.
1660 1505 1899 1537 Consultationi
1922 1512 1998 1538 tuae
2021 1507 2131 1538 taliter
2163 1508 2409 1549 respondemus,

1330 1549 1416 1590 quod
1439 1560 1511 1580 cum
1536 1551 1629 1581 iuxta
1656 1550 1795 1582 Concilii
1822 1551 1970 1582 Toletani
1987 1549 2070 1594 (1V)
2090 1561 2281 1591 censuram,
2297 1563 2409 1585 mona·

1330 1594 1424 1624 chum
1448 1600 1507 1625 aut
1524 1601 1668 1635 paterna
1695 1595 1838 1633 devotio,
1863 1601 1923 1627 aut
1938 1598 2078 1637 propria
2096 1597 2262 1638 professio
2275 1597 2411 1639 facia&

1330 1639 1486 1680 quidquid
1515 1640 1630 1671 horum
1651 1639 1764 1681 fuerit
1786 1641 1966 1682 allegatum
1997 1641 2132 1679 tenebit,
2159 1641 2344 1674 revertendi
2365 1643 2411 1675 ad

1329 1684 1495 1715 saeculum
1520 1685 1611 1716 aditu
1630 1687 1763 1725 penitus
1787 1685 1965 1716 interdicto.
1991 1685 2065 1716 Non
2091 1687 2176 1717 enim
2200 1686 2329 1718 videtur
2351 1686 2409 1721 illa

1331 1730 1528 1760 monasticae
1549 1729 1766 1771 professionis
1789 1740 1809 1760 a
1833 1740 1868 1761 se
1885 1739 1983 1770 posse
2006 1731 2120 1771 iugum
2142 1736 2312 1770 excutere,
2337 1741 2410 1763 cum

1330 1782 1401 1803 eam
1426 1783 1490 1804 non
1515 1779 1637 1805 constet
1659 1774 1825 1805 evidenter
1847 1775 2095 1813 contradixisse,
2121 1785 2193 1806 cum
2218 1775 2410 1808 benedictio-

1331 1827 1402 1848 nem
1426 1819 1559 1859 accepit,
1584 1829 1681 1860 quam
1703 1820 1832 1850 nonnisi
1851 1820 1883 1850 in
1903 1824 2010 1850 aetate
2028 1819 2233 1851 discretionis
2251 1821 2412 1862 recipiunt

1329 1872 1414 1903 quae
1437 1864 1604 1894 velantur:
1619 1863 1679 1895 Ubi
1699 1863 1856 1901 filiorum,
1881 1874 1965 1905 quos
1989 1871 2118 1904 paterna
2143 1864 2272 1896 devotio
2297 1875 2409 1896 mona-

1330 1907 1429 1938 steriis
1449 1908 1576 1947 obtulit,
1591 1908 1761 1950 requiritur
1775 1909 2053 1950 praesumiturque
2067 1909 2247 1940 ratihabitio
2262 1908 2295 1940 in
2310 1916 2411 1941 aetate

1329 1952 1446 1983 adulta.
1479 1953 1530 1983 Ab
1561 1963 1646 1984 anno
1684 1953 1765 1983 1188
1799 1953 1876 1984 rexit
1913 1953 2088 1984 Ecclesiam
2118 1953 2269 1985 Clemens
2299 1954 2340 1986 111
2370 1954 2410 1986 ad

1329 2006 1452 2027 annum
1479 2008 1572 2038 ¹¹9¹,
1593 2008 1660 2039 quo
1680 1997 1834 2038 temporis
1853 1997 2018 2028 intervallo
2034 1998 2205 2029 Decretalis
2224 1997 2278 2030 illa
2294 1998 2409 2040 scripta

1329 2040 1399 2072 fuit.
1434 2041 1661 2073 Luculentiora
1685 2049 1760 2073 sunt
1789 2042 1958 2074 Caelestini
1983 2042 2044 2081 ΙΙΙ,
2068 2042 2124 2084 qui
2149 2042 2308 2075 Clementi
2338 2053 2409 2076 suc·

1328 2085 1430 2124 cessit,
1451 2087 1560 2125 verba,
1581 2087 1695 2118 eodem
1721 2087 1765 2118 tit.
1786 2087 1826 2118 de
1843 2087 2080 2129 Regularibus,
2101 2097 2170 2128 cap.
2189 2087 2271 2119 Cum
2290 2089 2409 2120 simus:

1327 2131 1468 2171 Nempe;
1487 2131 1524 2161 Si
1541 2131 1646 2163 dictus
1654 2142 1742 2173 puer
1759 2131 1804 2163 ad
1821 2141 1926 2163 annos
1943 2131 2147 2163 discretionis
2166 2133 2356 2174 pervenerit
2375 2138 2407 2165 et

1327 2176 1469 2206 habitum
1494 2177 1636 2207 retinere
1660 2177 1800 2207 nquerit
1830 2176 2073 2208 monachalem:
2094 2177 2125 2207 si
2146 2177 2191 2208 ad
2213 2177 2273 2209 hoc
2295 2176 2407 2210 induci

1328 2221 1518 2262 nequiverit,
1544 2231 1608 2252 non
1633 2227 1680 2252 est
1703 2221 1868 2252 ullatenus
1890 2221 2148 2262 compellendus:
2169 2222 2247 2263 quia
2270 2227 2350 2254 tunc
2366 2221 2406 2254 11⁰-

1327 2265 1438 2296 berum
1462 2266 1523 2296 sibi
1545 2267 1608 2297 erit
1630 2276 1703 2297 eum
1727 2266 1888 2297 dimittere
1910 2271 1942 2297 et
1964 2266 2047 2297 bona
2065 2271 2209 2307 paterna
2235 2276 2320 2308 quae
2346 2267 2409 2309 ipsi

1327 2319 1370 2340 ex
1396 2311 1597 2341 successione
1620 2311 1836 2352 proveniunt,
1865 2311 2045 2351 postulare.
2080 2310 2250 2342 Caelestini
2278 2310 2409 2352 vestigia

1328 2364 1475 2395 premens
1501 2355 1706 2386 Innocentius
1731 2355 1791 2393 ΙΙΙ,
1816 2365 1902 2386 anno
1932 2355 2014 2396 1198
2043 2354 2211 2395 suffectus,
2243 2355 2408 2398 aliquanto

1329 2399 1423 2430 etiam
1455 2399 1600 2431 disertius
1631 2410 1699 2430 rem
1734 2399 1844 2430 definit
1874 2400 1961 2440 apud
1992 2399 2248 2431 Thomassinum
2277 2406 2367 2442 parte
2396 2400 2408 2431 1

1328 2444 1436 2482 citata,
1455 2444 1510 2476 lib.
1528 2444 1580 2483 ΙΙΙ,
1601 2444 1703 2486 capite
1722 2454 1771 2475 ux
1783 2467 1792 2483 ,
1812 2454 1902 2475 num.
1922 2446 1954 2475 5:
1978 2444 2060 2476 Cum
2081 2450 2229 2484 cautum,
2249 2444 2409 2488 inquIem,

1328 2490 1514 2529 reperiatur
1537 2490 1569 2520 in
1595 2499 1736 2527 canone,
1762 2494 1797 2520 ut
1821 2490 1956 2520 minoris
1978 2490 2095 2521 aetatis
2107 2489 2213 2531 filiis,
2233 2490 2290 2531 qui
2301 2489 2411 2522 ‘obtati

1328 2535 1525 2565 monasterio
1539 2533 1685 2575 fuerint,
1709 2534 1920 2575 suscipientes
1940 2534 2083 2565 habitum
2107 2534 2160 2565 vel
2179 2539 2360 2573 tonsuram,
2379 2535 2409 2566 si

1327 2588 1348 2609 a
1363 2578 1525 2619 praelatis
1547 2580 1616 2610 suis
1638 2589 1726 2610 anno
1744 2578 1980 2620 quintodecimo
1999 2579 2162 2620 requisiti,
2177 2589 2213 2610 se
2231 2580 2264 2610 in
2283 2588 2407 2611 assum-

1322 2628 1402 2664 ptae
1424 2623 1606 2664 Religionis
1623 2624 1791 2664 proposito
1815 2624 2037 2654 consenserint
2053 2633 2308 2665 permansuros,
2326 2633 2406 2666 poe-

1328 2667 1451 2698 nitendi
1480 2668 1609 2699 licentia
1632 2668 1891 2709 praecludatur:
1913 2667 2058 2709 alioquin
2083 2669 2129 2699 eis
2152 2677 2216 2699 non
2240 2668 2409 2700 adimatur

1327 2712 1372 2743 ad
1393 2713 1559 2743 saeculum
1584 2712 1742 2743 redeundi
1755 2711 1924 2754 jaculum,
1945 2721 1986 2743 ne
2007 2717 2120 2743 coacta
2138 2717 2315 2753 praestare
2336 2711 2408 2745 Deo

1327 2757 1460 2788 servitia
1491 2757 1672 2788 videantur.
1705 2757 1792 2788 Haec
1821 2756 1978 2788 habentur
2001 2756 2034 2787 in
2057 2756 2202 2797 Epistola
2234 2766 2305 2788 αν]
2336 2756 2407 2788 libri

1328 2801 1548 2842 quintidecimi
1572 2801 1659 2842 apud
1683 2801 1862 2832 Baluzium.
1887 2803 1935 2832 Ac
1959 2800 2092 2832 demum
2116 2811 2155 2832 ne
2179 2807 2288 2832 actum
2316 2811 2407 2843 agere

1328 2846 1434 2877 videar
1457 2856 1589 2888 remque
1623 2846 1842 2884 notissimam,
1873 2855 1938 2887 qua
1961 2845 2000 2876 de
2024 2851 2123 2886 agunt
2151 2845 2268 2877 laudati
2294 2855 2408 2878 omnes

1328 2890 1507 2932 scriptores,
1527 2901 1610 2922 vano
1629 2890 1738 2922 labore
1757 2900 1928 2931 exponam,
1951 2889 2025 2921 satis
2044 2890 2106 2921 hoc
2125 2889 2199 2921 loco
2219 2889 2314 2922 fuerit
2332 2900 2408 2923 cum

1329 2936 1448 2966 loanne
1472 2935 1660 2966 Mabillonio
1684 2935 1875 2967 concludere
1899 2934 1931 2965 in
1955 2933 2241 2966 observationibus
2259 2934 2299 2966 de
2318 2934 2406 2967 obla-

1328 2980 1415 3011 tione
1439 2988 1616 3022 puerorum
1634 2980 1667 3011 in
1692 2978 1891 3011 monasteriis
1910 2979 1991 3010 inter
2009 2978 2176 3010 Analecta:
2196 2979 2337 3012 Saeculo
2351 2979 2406 3012 do-

1328 3034 1415 3055 mum
1446 3025 1634 3057 duodecimo
1665 3026 1698 3056 in
1729 3023 1971 3056 desuetudinem
1996 3025 2129 3064 penitus
2151 3023 2243 3055 abire
2265 3025 2407 3066 coepisse

1327 3070 1413 3101 hanc
1424 3079 1606 3111 puerorum
1626 3070 1830 3107 oblationem,
1846 3069 1978 3110 eiusque
1996 3068 2224 3110 obligationem
2243 3068 2404 3101 sublatam

1327 3124 1396 3145 esse
1413 3114 1542 3146 decreto
1563 3114 1737 3146 Clementis
1754 3114 1864 3154 Papae
1882 3112 1949 3151 ΙΙΙ,
1970 3122 2039 3154 cap.
2056 3112 2143 3144 Cum
2162 3112 2273 3145 simus.
2293 3131 2306 3137 -
2325 3113 2405 3146 Cae-

1327 3158 1478 3190 lestinum
1502 3159 1543 3190 lll
1568 3159 1701 3199 allegare
1729 3158 1873 3190 voluerat
1900 3157 1948 3188 vir
1978 3157 2198 3189 doctissimus:
2228 3157 2405 3199 exciditque

1328 3203 1452 3234 calamo
1475 3203 1627 3240 Clemens
1652 3203 1703 3234 ΙΙΙ.
1930 3210 1940 3219 ·

1395 3249 1477 3279 Rem
1500 3247 1596 3289 igitur
1618 3246 1850 3289 impossibilem
1872 3253 1971 3278 tentat
1985 3246 2188 3288 Disquisitor,
2208 3247 2288 3279 dum
2306 3245 2405 3279 :timia

1328 3291 1520 3324 confidentia
1543 3292 1602 3324 sibi
1625 3292 1912 3324 demonstrandum
1937 3291 2106 3332 proponit:
2134 3291 2299 3323 Thomam
2327 3301 2404 3333 pue-

1328 3337 1435 3367 rulum
1459 3336 1624 3368 monachis
1644 3336 1870 3368 Casinensibus
1889 3336 2051 3375 traditum,
2071 3337 2135 3368 iam
2155 3341 2234 3368 tunc
2251 3336 2406 3378 religioso

1329 3382 1474 3413 instituto
1497 3381 1706 3420 adstrictum,
1733 3391 1907 3422 numquam
1933 3381 2041 3412 redire
2057 3381 2204 3422 potuisse
2227 3380 2272 3412 ad
2292 3389 2404 3413 saecu-

1329 3425 1413 3464 lum,
1434 3436 1498 3467 pro
1522 3426 1611 3458 illius
1633 3427 1706 3458 aevi
1729 3426 1871 3457 moribus
1897 3431 1988 3457 etex
2012 3426 2117 3458 sacris
2142 3425 2308 3457 Ecclesiae
2325 3424 2405 3467 Iegi-

1329 3469 1407 3508 bus;
1425 3481 1460 3501 ac
1481 3481 1647 3512 perperam
1666 3481 1741 3502 sane
1763 3480 1912 3512 vanoque
1931 3476 2060 3508 conatu,
2080 3469 2120 3501 ad
2139 3469 2171 3500 id
2190 3469 2405 3511 probandum,

1330 3515 1510 3555 explicare,
1535 3526 1700 3553 asserere,
1726 3515 1891 3547 vindicare
1914 3525 2078 3556 aggressus
2107 3520 2154 3545 est
2176 3512 2272 3545 ritum
2296 3512 2405 3551 illum,

1330 3565 1399 3589 tum
1419 3569 1595 3600 puerorum
1614 3560 1822 3598 oblationem,
1842 3566 1913 3591 tum
1931 3569 2046 3591 eorum
2065 3568 2131 3589 non
2151 3557 2306 3589 resiliendi
2326 3557 2406 3589 obli-

1330 3603 1492 3642 gationem
1516 3604 1797 3645 complectentem,
1820 3603 1866 3636 uti
1890 3603 2023 3635 saeculis
2041 3601 2258 3644 superioribus
2278 3611 2339 3633 usu
2358 3611 2405 3633 re-

1331 3654 1472 3686 ceptum,
1486 3647 1528 3679 ita
1550 3648 1613 3679 divi
1633 3648 1781 3680 Thomae
1801 3655 1901 3679 aetate
1920 3648 2027 3689 quoad
2043 3647 2130 3678 illam
2145 3646 2314 3688 impositae
2329 3655 2405 3687 pue-
