2548 4192
1094 259 1132 295 S.
1163 258 1440 295 THOMAE
2280 272 2364 297 xmu

162 354 324 391 masque
354 339 559 390 scripserit,
590 338 729 388 quibus
758 338 990 387 Aquinatem
1020 338 1091 374 sibi
1120 338 1227 375 reddi
1256 338 1498 387 Parisiosque
1526 338 1665 375 remitti
1694 338 1855 375 instabat
1883 338 2046 375 enixius:
2076 351 2213 375 verum
2239 340 2365 376 Caroli

163 395 360 443 utriusque
391 393 539 430 Siciliae
570 391 685 439 Regis
714 392 908 440 sanctique
939 392 1176 428 Francorum
1207 391 1321 439 Regis
1342 391 1530 428 Ludovici
1552 393 1604 428 IX
1624 391 1744 428 fratris
1773 399 1864 428 vota
1891 392 2158 440 praevaluere,
2189 392 2364 429 obtinuit-

165 460 239 498 que
269 447 329 484 ille
364 454 406 483 ut
433 446 610 483 Thomas
645 444 853 493 Neapolim
883 444 1111 491 mitteretur,
1140 444 1179 481 in
1209 457 1329 493 eaque
1363 445 1458 482 urbe
1492 444 1636 494 patriae
1669 457 1761 482 suae
1791 444 1988 493 primaria,
2030 444 2137 481 cuius
2170 445 2365 494 Archiepi-

166 507 367 549 scopatum
398 499 490 535 olim
520 498 590 535 sibi
619 498 792 534 oblatum
823 505 1039 534 constanter
1068 497 1306 544 detrectarat,
1337 499 1471 534 saltem
1501 498 1721 535 cathedram
1750 497 2028 546 Theologicam
2058 498 2294 544 ascenderet,
2322 511 2366 535 ac

165 552 371 603 sapientiae
401 564 493 589 suae
523 564 642 600 aquas
671 550 827 588 tandem
856 551 1062 599 aliquando
1092 550 1289 588 divideret.
1311 553 1426 587 Anno
1456 551 1566 599 igitur
1585 552 1841 588 MCCLXXII
1869 550 2075 600 Neapolim
2096 551 2228 597 adivit,
2250 559 2286 588 et
2305 552 2365 588 sti-

164 605 314 656 pendiis
343 605 454 654 regiis
482 604 634 654 publice
663 605 858 653 professus
889 612 944 641 est
972 604 1022 641 ad
1050 604 1170 641 finem
1198 604 1318 641 vitae:
1348 604 1391 641 iis
1419 617 1513 641 vero
1543 604 1652 641 annis
1680 605 1728 641 ab
1758 605 1858 641 exitu
1888 617 1908 641 e
1929 604 2088 641 Francia
2109 612 2145 641 et
2163 604 2202 641 in
2222 604 2366 641 Italiam

164 659 304 706 reditu,
333 658 473 708 partim
502 659 665 704 Romae,
694 657 834 706 partim
864 657 1029 706 Neapoli
1057 657 1206 694 tertiam
1236 658 1421 694 Summae
1450 666 1598 707 partem
1628 657 1790 706 scripsit,
1822 665 1858 695 et
1885 657 1935 695 ad
1959 657 2223 706 quaestionem
2252 670 2298 695 xc
2319 658 2365 695 de

163 712 336 762 partibus
364 711 620 760 poenitentiae
650 710 822 757 deduxit,
857 710 1119 759 imperfectam
1154 711 1388 760 relinquens:
1419 723 1544 760 neque
1578 711 1695 748 enim‘
1715 723 1737 748 a
1771 711 1866 748 festo
1903 712 1941 748 S.
1964 710 2113 748 Nicolai
2146 723 2181 747 V1
2216 711 2367 748 decern-

164 765 222 803 bri
242 765 518 802 MCCLXXIII
534 772 576 801 ut
589 765 687 801 ultra
707 764 887 801 scriberet
914 764 1136 813 persuaderi
1155 764 1288 813 potuit.
1310 766 1424 801 Anno
1446 765 1723 801 MCCLXXIV
1742 765 1791 801 ad
1817 764 2034 801 Concilium
2054 764 2311 812 Lugdunense
2333 766 2364 801 11

163 819 341 867 generale
369 831 392 855 a
421 817 608 866 Gregorio
637 818 674 854 X
703 825 863 854 vocatus
891 817 962 854 iter
989 817 1146 866 arripuit
1178 830 1310 854 mense
1339 817 1528 865 ianuario,
1564 825 1807 866 castrumque
1840 817 2055 865 Magentiae
2084 817 2369 854 Terracinensis

165 871 374 918 dioecesis,
406 871 512 908 cuius
541 871 733 908 Dominus
763 878 842 908 erat
870 871 1110 908 Annibaldus
1145 871 1192 908 de
1222 871 1399 907 Ceccano
1435 870 1623 919 huiusque
1658 883 1756 907 uxor
1790 870 1991 907 Francisca
2026 871 2072 907 de
2108 871 2261 920 Aquino
2297 883 2366 908 sua

164 925 304 974 neptis,
335 924 507 973 germani
527 924 584 961 sui
605 924 726 961 fratris
755 924 848 971 filia,
879 925 951 961 hos
979 924 1171 961 invisurus
1199 924 1390 972 ingressus
1419 931 1492 969 est;
1521 923 1675 972 iamque
1704 923 1935 971 infirmatus,
1966 936 2054 960 cum
2079 925 2259 961 morbum
2285 937 2369 961 sen-

163 978 249 1016 tiret
276 978 314 1015 in
344 978 425 1015 dies
454 978 737 1026 ingravescere,
767 978 817 1014 ad
845 977 1122 1026 monasterium
1158 978 1187 1014 F
1191 989 1430 1014 ossaenovae
1465 976 1725 1014 Cisterciensis
1760 976 1916 1013 Ordinis
1944 989 2023 1013 non
2056 978 2190 1026 procul
2226 977 2367 1015 distans

167 1031 305 1069 deferri
334 1044 374 1069 se
402 1031 627 1080 postulavit,
657 1030 723 1067 ubi
753 1031 830 1067 fere
850 1043 920 1079 per
939 1042 1114 1067 mensem
1134 1038 1350 1078 aegrotans,
1372 1042 1417 1066 ac
1436 1037 1602 1066 mortem
1621 1030 1838 1078 proximam
1857 1030 2102 1078 praevidens,
2133 1039 2369 1068 sacramenta

164 1084 235 1122 sibi
264 1084 466 1122 ministrari
494 1084 675 1121 instanter
692 1083 814 1132 petiit,
845 1091 882 1120 et
909 1083 1019 1120 tertio
1047 1091 1136 1132 post
1164 1083 1224 1120 die
1254 1083 1292 1119 in
1311 1083 1444 1119 osculo
1465 1082 1622 1119 Domini
1650 1082 1905 1132 placidissime
1926 1083 2176 1129 obdormivit,
2203 1084 2365 1133 quadra-

163 1137 267 1186 ginta
295 1145 333 1174 et
361 1145 448 1174 octo
478 1149 600 1174 annos
628 1144 776 1174 tanturn
810 1144 921 1174 natus
954 1136 1056 1173 iuxta
1090 1135 1298 1185 quosdam,
1329 1143 1394 1172 aut
1422 1135 1524 1172 iuxta
1552 1135 1646 1172 alios
1680 1135 2040 1185 quinquagesimum
2075 1137 2205 1173 aetatis
2234 1149 2256 1173 a
2284 1137 2365 1186 qui-

166 1190 334 1228 busdam
363 1190 560 1227 mensibus
589 1190 791 1238 ingressus.
823 1190 925 1226 Cum
954 1196 1034 1226 toto
1065 1189 1212 1226 Ordine
1242 1188 1403 1226 indoluit
1430 1188 1657 1226 universitas
1686 1189 1923 1235 Parisiensis,
1944 1189 2050 1238 quod
2078 1189 2205 1226 litteris
2225 1190 2302 1227 suis
2321 1190 2371 1228 ad

169 1243 378 1294 capitulum
406 1244 582 1291 generale
613 1242 791 1291 Lugduni
821 1243 960 1280 eodem
990 1255 1092 1279 anno
1122 1242 1171 1279 ad
1200 1243 1453 1279 Pentecosten
1472 1254 1521 1279 xx
1546 1242 1636 1279 maii
1657 1250 1833 1279 coactum
1858 1255 2011 1279 summa
2031 1255 2119 1291 erga
2138 1243 2370 1281 Defunctum

166 1296 469 1348 aexistirnatione
497 1296 620 1346 plenis
648 1303 782 1333 testata
811 1303 877 1333 est.
908 1298 1034 1345 Atque
1063 1297 1160 1333 haec
1189 1303 1245 1332 est
1273 1295 1391 1332 sancti
1420 1295 1598 1333 Doctoris
1626 1295 1727 1332 vitae
1756 1308 1824 1332 seu
1853 1308 2043 1332 annorum
2073 1296 2199 1333 series.
