2788 4204
67 449 76 459 ·
91 454 208 470 austun:
221 449 282 476 puta

66 477 173 501 unum:
185 477 245 502 puta
258 476 285 496 ut

66 502 103 527 si,-
112 508 139 523 a:
151 504 206 526 (om.
214 503 281 529 puta)

65 530 144 576 ¹:522&
156 530 281 556 (om-puta)

66 709 77 719 ⁸
90 715 125 731 ri:
140 709 226 732 bibere.

1189 249 1302 286 CAP.
1332 249 1403 297 xl,
1434 249 1586 287 LECT.
1616 250 1651 286 x

312 331 419 380 quod
434 331 729 369 determinatum
744 338 908 379 tempus,
925 341 1052 379 neque
1068 328 1286 378 simpliciter
1305 341 1384 365 non

312 385 572 422 determinate.
604 386 653 422 Et
686 385 761 421 hoc
787 383 913 432 primo
947 382 1164 420 manifestat
1195 390 1382 430 quantum

311 438 361 475 ad
381 438 677 476 determinatum
701 444 865 486 tempus,
881 444 974 485 puta
994 436 1024 473 si
1043 436 1063 456 ⁶
1085 436 1273 473 dicamus:
1295 436 1385 472 bibit

309 492 483 540 infirmus
495 493 708 540 potionem;
726 502 820 540 ergo
836 491 903 527 tali
919 490 978 527 die
991 490 1197 526 sanabitur.
1221 489 1260 526 Si
1281 489 1382 526 enim

308 557 331 582 a
348 545 466 594 priori
485 546 583 582 facto
599 543 810 593 syllogizari
828 544 949 592 possit
962 542 1150 592 posterius
1169 542 1382 580 secundum

308 598 603 636 determinatum
621 605 786 647 tempus,
802 597 941 647 poterit
973 596 1148 634 concludi
1168 596 1274 645 quod
1293 596 1382 645 quia

306 665 444 689 verum
465 659 521 689 est
549 651 674 689 dicere
692 652 768 688 hoc
796 652 939 689 factum
960 663 1055 698 esse,
1074 657 1166 700 puta
1186 650 1381 687 infirmum

307 706 446 742 bibisse
468 705 488 726 *
505 705 722 754 potionem,
750 705 856 753 quod
885 704 999 742 etiam
1026 716 1165 742 verum
1194 703 1240 740 sit
1258 703 1382 741 dicere

305 759 381 796 hoc
409 759 551 795 facturn
590 770 671 796 esse
709 759 815 807 quod
842 758 1030 808 posterius
1060 765 1135 805 est,
1170 765 1263 806 puta
1292 769 1381 795 eum

307 824 390 849 esse
410 819 598 849 sanatum.
621 811 698 850 Sed
727 813 802 850 hoc
831 825 910 849 non
938 811 1119 861 sequitur,
1141 810 1230 860 quia
1257 818 1383 860 potest

306 865 388 903 dari
416 865 571 914 aliquod
599 873 752 915 tempus
781 866 820 903 in
847 879 926 915 quo
954 877 1093 902 verum
1120 872 1176 901 est
1204 876 1293 901 eum
1312 878 1382 914 po-

305 919 451 956 tionem
471 919 622 967 bibisse,
645 927 682 956 et
699 927 830 957 tamen
849 919 1024 957 nondum
1043 930 1181 957 verum
1208 926 1264 955 est
1291 931 1379 956 eum

306 980 483 1010 sanatum
513 985 607 1020 esse,
638 973 734 1010 sicut
761 973 800 1010 in
827 973 1054 1017 intermedio
1083 980 1258 1021 tempore
1287 971 1383 1009 inter

306 1026 566 1075 sumptionem
586 1026 799 1064 medicinae
831 1035 868 1064 et
895 1027 1094 1064 sanitatem
1119 1026 1310 1074 adeptam.
1332 1026 1382 1062 Et

305 1080 381 1116 hoc
409 1087 466 1117 est
484 1080 590 1129 quod
618 1080 716 1127 dicit,
738 1081 843 1128 quod
864 1080 950 1118 ideo
974 1079 1167 1129 praedicta
1187 1079 1379 1116 conclusio

305 1145 384 1169 non
412 1133 592 1182 sequitur,
618 1133 707 1182 quia
735 1133 774 1170 in
798 1133 928 1171 medio
948 1141 1122 1182 tempore
1149 1133 1286 1170 falsum
1313 1133 1380 1170 erit

306 1185 431 1223 dicere
460 1186 567 1235 quod
594 1187 670 1223 hoc
699 1186 744 1224 sit
772 1187 915 1225 facturn
943 1193 978 1233 μ,
1004 1186 1143 1224 scilicet
1170 1186 1273 1223 hunc
1297 1198 1380 1223 esse

305 1246 494 1288 sanatum,
519 1240 698 1288 quamvis
727 1241 888 1277 alterurn
917 1240 994 1277 iam
1018 1240 1064 1277 sit
1092 1240 1255 1286 factum,
1286 1239 1381 1276 scili-

305 1300 365 1330 cet
384 1305 474 1330 eum
500 1293 734 1331 medicinam
768 1294 919 1331 bibisse.
950 1294 1000 1330 Et
1029 1293 1167 1330 eadem
1201 1292 1294 1330 ratio
1325 1301 1381 1331 est

304 1346 418 1384 etiam
447 1354 623 1396 respectu
655 1347 785 1385 futuri:
815 1359 894 1384 non
922 1346 1025 1384 enim
1053 1358 1260 1395 possumus
1290 1360 1379 1385 con-

304 1396 480 1437 cludere:
501 1401 567 1438 iste
595 1413 696 1438 nunc
718 1401 945 1438 medicinam
974 1400 1081 1442 bibit:
1109 1412 1203 1451 ergo
1224 1401 1296 1437 erit
1319 1414 1379 1438 sa-

304 1459 426 1500 natus,
445 1466 516 1503 pro
537 1454 665 1503 aliquo
690 1461 865 1503 tempore
895 1453 1165 1499 determinato;
1191 1454 1281 1503 quia
1303 1455 1379 1492 hoc

302 1519 383 1544 non
403 1506 471 1544 erit
489 1519 628 1544 verum
647 1507 687 1545 in
702 1507 871 1557 quolibet
889 1515 1063 1557 tempore
1083 1507 1222 1555 futuro,
1239 1508 1379 1546 scilicet

302 1560 342 1598 in
360 1567 536 1610 tempore
564 1561 707 1599 medio.

357 1626 395 1662 9.
426 1614 623 1662 Secundo,
654 1615 728 1652 ibi:
757 1615 895 1664 Neque
923 1615 1102 1664 quoniam
1136 1615 1207 1652 hoc
1222 1616 1377 1664 factum

302 1672 358 1704 est
376 1666 458 1715 etc„
479 1668 619 1717 probat
636 1668 740 1706 idern
760 1676 946 1717 quantum
970 1668 1019 1706 ad
1038 1675 1190 1717 tempus
1214 1668 1376 1706 indeter-

303 1720 503 1769 minatum,
524 1730 616 1771 puta
644 1722 676 1759 si
704 1722 894 1759 dicamus:
925 1723 991 1759 iste
1013 1722 1239 1759 medicinam
1268 1723 1377 1768 bibit,-

303 1786 398 1825 ergo
416 1775 625 1814 sanabitur.
646 1776 740 1813 Non
756 1775 859 1813 enim
878 1775 1047 1828 sequitur
1066 1775 1173 1824 quod
1193 1775 1283 1824 quia
1301 1777 1377 1813 hoc

302 1931 419 1960 minate,-
430 1931 519 1956 ABLS
537 1935 564 1956 et
581 1939 604 1956 s.
618 1939 654 1957 m.
669 1932 704 1956 C:
719 1939 803 1965 neque
819 1932 977 1964 simpliciter
995 1937 1022 1958 et
1036 1932 1072 1967 (S
1090 1941 1144 1958 om.
1163 1933 1205 1967 et)
1226 1934 1379 1960 indetermi-

302 1969 379 1997 nate‚·
394 1966 418 1991 G
437 1971 462 1991 et
481 1974 506 1999 p.
520 1974 556 1992 m.
570 1967 604 1992 C:
619 1967 684 1999 (om.
700 1968 763 2000 non)
784 1967 975 1998 determinata
993 1969 1014 1994 F
1033 1969 1093 1994 hab.
1114 1970 1174 2000 lac.;
1190 1970 1227 1994 H:
1242 1970 1314 2002 quod
1328 1978 1378 2002 po-

302 2004 386 2027 natur
399 2002 536 2034 posterius
555 2003 597 2028 vel
614 2006 799 2036 consequatur,
820 2011 867 2029 nec
889 2004 1046 2036 simpliciter
1070 2005 1253 2035 determinate,
1274 2013 1321 2031 nec
1338 2013 1378 2031 se-

301 2037 418 2062 cundum
444 2037 555 2071 aliquod
577 2038 784 2064 determinatum
810 2042 922 2071 tempus.
944 2040 980 2065 Et
1004 2040 1053 2066 hoc
1077 2046 1126 2065 etc.
1140 2055 1158 2059 -
1173 2041 1298 2074 Legimus
1324 2049 1376 2066 non

302 2073 494 2102 determinate,
514 2074 575 2106 quia
599 2074 675 2099 lectio
695 2075 730 2105 P,
751 2082 803 2100 non
828 2075 1014 2106 determinati,
1035 2076 1123 2101 haberi
1142 2082 1229 2109 potest
1253 2082 1378 2110 tanquam

303 2116 376 2134 error
394 2109 606 2142 typographicus.
632 2110 830 2140 Determinate,
857 2111 956 2136 omisso
975 2119 1028 2138 non
1047 2113 1089 2137 vel
1109 2112 1162 2142 in-,
1182 2112 1304 2138 sustineri
1323 2120 1377 2138 non

302 2149 398 2177 potest.
417 2144 456 2169 Cf.
470 2152 514 2169 nn.
529 2152 606 2178 seqq.

357 2179 386 2214 μ)
407 2180 470 2205 Erit
488 2180 576 2206 dicere
594 2181 667 2214 quod
678 2181 728 2207 hoc
745 2182 782 2207 sit
791 2183 909 2216 sactum.
919 2183 967 2208 -Ρ
986 2191 1040 2208 om.
1053 2183 1149 2214 dicere,
1165 2184 1236 2217 quod
1255 2184 1375 2209 addimus

2437 251 2513 299 367

1440 329 1580 366 factum
1597 336 1663 376 est,
1681 328 1822 366 scilicet
1849 329 1954 378 quod
1975 329 2042 366 iste
2063 329 2294 366 medicinam
2315 329 2419 377 bibit,
2436 330 2512 367 hoc

1440 382 1518 429 erit,
1540 382 1680 419 scilicet
1701 382 1904 420 sanabitur.
1927 384 2008 419 Iam
2029 383 2132 420 enim
2162 395 2277 432 supra
2298 383 2439 420 dictum
2456 391 2512 421 est

1438 436 1542 485 quod
1573 448 1686 473 causa
1719 448 1817 484 quae
1847 449 1892 473 ex
1926 436 2148 474 necessitate
2178 436 2287 473 infert
2320 436 2511 485 effectum,

1439 497 1494 526 est
1521 489 1633 527 simul
1655 502 1744 526 cum
1765 490 1914 527 effectu.
1945 491 1994 527 Et
2013 490 2193 540 accipitur
2212 490 2321 538 quasi
2340 490 2510 527 medium

1436 544 1727 593 homogeneum‚
1747 543 1843 581 idest
1862 544 1882 564 *
1902 544 2014 581 unius
2042 544 2204 592 generis3
2235 543 2330 580 sicut
2357 544 2407 580 ad
2424 556 2512 593 pro-

1438 596 1610 634 bandum
1639 597 1765 645 aliqua
1794 609 1875 633 esse
1905 598 2001 634 facta
2029 598 2068 635 in
2086 597 2301 647 praeterito,
2331 597 2513 646 accipitur

1436 663 1507 699 pro
1536 650 1667 687 medio
1685 658 1725 687 et
1754 662 1867 687 causa
1887 651 2027 700 aliquid
2053 651 2159 700 quod
2185 659 2242 688 est
2269 651 2412 688 factum
2434 652 2453 672 ²⁸
2473 651 2512 688 in
2537 663 2548 674 ⁸

1436 703 1658 752 praeterit03
1680 711 1716 740 et
1731 704 1901 741 similiter
1921 705 2148 753 futurorum,
2164 705 2202 742 id
2217 704 2324 753 quod
2339 712 2395 741 est
2414 705 2510 741 futu-

1437 769 1540 803 rum;
1571 765 1608 794 et
1628 770 1763 795 eorum
1792 770 1891 806 quae
1920 766 2007 795 sunt
2026 759 2064 795 in
2082 759 2183 805 fieri,
2205 758 2242 795 id
2272 758 2377 807 quod
2397 766 2453 795 est
2472 758 2511 795 in

1436 810 1535 856 fieri;
1552 818 1589 847 et
1613 823 1747 847 eorum
1763 823 1862 859 quae
1887 812 2046 849 existunt
2055 818 2078 860 ⁹,
2096 812 2132 849 id
2147 811 2252 860 quod
2278 811 2410 849 existit.
2432 812 2511 849 Sed

1436 864 1592 913 quando
1621 864 1674 901 sic
1703 865 1962 913 syllogizatur:
1989 866 2060 902 hoc
2081 867 2237 914 factum
2265 871 2320 902 est
2348 866 2385 909 *3
2414 877 2509 916 ergo

1435 918 1507 954 hoc
1525 918 1614 962 erit;
1633 930 1713 955 non
1732 918 1913 967 accipitur
1932 918 2104 956 medium
2127 919 2240 956 unius
2260 919 2420 966 generis,
2441 919 2509 957 sed

1435 983 1558 1008 unum
1593 979 1648 1008 est
1674 971 1779 1020 prius
1813 979 1849 1008 et
1881 971 1983 1008 aliud
2009 972 2209 1021 posterius.
2243 972 2355 1010 Unde
2380 974 2506 1022 posito

1435 1024 1551 1073 priori
1571 1037 1650 1061 non
1669 1024 1838 1074 sequitur
1858 1036 1903 1061 ex
1918 1026 2138 1062 necessitate
2158 1026 2345 1075 posterius
2373 1027 2412 1064 in
2440 1027 2509 1064 illis

1435 1078 1474 1114 in
1494 1077 1631 1126 quibus
1661 1078 1818 1115 effectus
1847 1090 2048 1115 causarum
2077 1079 2252 1128 impediri
2280 1087 2452 1128 possunt.

1495 1143 1553 1167 10.
1575 1130 1724 1168 Deinde
1745 1143 1833 1168 cum
1854 1131 1957 1168 dicit:
1974 1133 2146 1181 Amplius
2166 1133 2265 1170 enim
2286 1145 2405 1182 neque
2424 1141 2507 1182 etc.,

1435 1183 1543 1232 ponit
1561 1184 1674 1221 aliam
1703 1184 1902 1233 rationem,
1923 1190 2022 1234 'quae
2042 1186 2203 1223 sumitur
2224 1199 2268 1223 ex
2287 1195 2394 1236 parte
2413 1194 2508 1224 tem-

1434 1237 1538 1286 poris
1557 1237 1692 1284 medii;
1723 1246 1759 1275 et
1787 1238 1875 1275 dicit
1900 1239 2015 1288 quod,
2037 1239 2133 1276 sicut
2161 1252 2206 1276 ex
2225 1248 2331 1289 parte
2359 1248 2507 1290 tempo-

1435 1291 1675 1329 risabsolute
1696 1291 1922 1329 considerati
1941 1293 2186 1330 manifestum
2212 1301 2268 1330 est
2295 1295 2400 1342 quod
2429 1308 2508 1333 non

1433 1352 1559 1393 potest
1586 1345 1796 1393 syllogizari
1825 1358 1847 1382 a
1879 1346 1996 1395 priori
2030 1347 2079 1384 ad
2107 1347 2315 1396 posterius,
2351 1360 2422 1385 nee
2451 1361 2507 1386 se-

1435 1398 1604 1436 cundum
1633 1406 1785 1448 tempus
1814 1399 2121 1447 determinatum,
2149 1413 2274 1449 neque
2295 1402 2507 1439 secundum

1432 1460 1586 1502 tempus
1607 1453 1627 1473 *
1647 1453 1999 1500 indeterminatum;
2020 1454 2070 1491 ita
2091 1454 2204 1491 etiam
2233 1467 2305 1491 nec
2333 1467 2379 1491 ex
2401 1464 2506 1504 parte

1433 1506 1550 1543 medii
1570 1506 1753 1555 temporis
1775 1507 1954 1555 contingit
1973 1507 2093 1557 accipi
2111 1509 2131 1529 ³*
2151 1508 2306 1556 aliquod
2330 1508 2506 1546 determi-
2535 1527 2543 1536 ·

1433 1568 1565 1597 natum
1594 1569 1660 1598 aut
1678 1560 2025 1609 indeterminatum,
2042 1561 2079 1598 in
2099 1574 2177 1611 quo
2193 1562 2333 1599 scilicet
2351 1562 2470 1611 possit
2486 1564 2506 1584 ’Β

1433 1614 1608 1652 concludi
1635 1614 1825 1663 posterius
1844 1628 1866 1651 a
1885 1615 2011 1664 priori.
2045 1616 2126 1652 Iam
2156 1615 2258 1652 enirn
2278 1616 2420 1653 dictum
2451 1624 2507 1654 est

1432 1667 1538 1716 quod
1566 1668 1604 1704 in
1631 1676 1711 1705 toto
1740 1676 1915 1717 tempore
1943 1668 2169 1706 intermedio
2199 1670 2336 1706 falsum
2372 1677 2427 1707 est
2452 1670 2506 1707 di-

1433 1734 1517 1758 cere
1537 1721 1575 1759 id
1603 1722 1710 1771 quod
1740 1730 1794 1759 est
1813 1722 2000 1771 posterius
2028 1735 2123 1771 esse,
2144 1723 2322 1773 quamvis
2342 1722 2379 1761 id
2399 1724 2505 1772 quod

1433 1783 1489 1812 est
1515 1774 1620 1824 prius
1648 1775 1725 1813 iam
1754 1776 1999 1825 praecesserit
2026 1773 2050 1814 ξ.

1433 1943 1464 1960 ex
1482 1935 1557 1960 codd.
1571 1935 1688 1960 Habetur
1707 1935 1784 1960 etiam
1803 1936 1828 1960 in
1847 1940 1930 1960 textu:
1945 1934 2036 1969 ψεῦδος
2054 1932 2126 1961 ἔσται
2146 1932 2176 1960 τὸ
2195 1931 2312 1961 εἷπεῒν.-
2323 1936 2383 1961 AN:
2403 1940 2444 1962 est
2462 1937 2503 1962 di-

1432 1978 1491 1996 cere
1497 1979 1506 2000 ,·
1520 1971 1566 1995 FI:
1579 1971 1615 1996 sit
1634 1971 1730 1996 dicere.
1740 1986 1760 1990 —
1769 1972 1790 1995 B
1803 1979 1857 1996 om.
1870 1971 1919 1996 hoc
1925 1980 1934 2002 ‚·
1948 1972 1986 1996 G:
2002 1972 2073 2004 quod
2087 1971 2136 1996 hoc
2149 1971 2187 1996 sic
2198 1972 2305 2005 sactum
2319 1975 2366 1997 est.

1485 2007 1509 2039 ν)
1526 2007 1562 2031 Et
1573 2014 1665 2031 eorum
1681 2014 1748 2039 quae
1767 2007 1896 2032 existunt.
1905 2020 1924 2027 —-
1933 2007 1980 2031 Est
1994 2007 2070 2031 lectio
2084 2007 2195 2037 BFG153
2214 2007 2248 2032 P:
2261 2011 2287 2033 et
2299 2015 2391 2032 eorum
2405 2008 2505 2033 scilicet

1431 2049 1499 2074 quae
1517 2042 1655 2072 existunt3
1669 2042 1773 2067 CEKL:
1788 2046 1815 2068 et
1833 2050 1924 2067 eorum
1938 2050 2006 2075 quae
2019 2043 2120 2068 scilicet
2137 2043 2273 2074 existunt;
2287 2043 2347 2068 DT:
2367 2046 2394 2068 et
2410 2051 2502 2068 eorum

1430 2078 1531 2103 scilicet
1548 2078 1686 2107 existunt,·
1706 2078 1742 2102 H:
1762 2080 1789 2103 et
1806 2085 1897 2103 eorum
1917 2085 1985 2110 quae
2002 2081 2073 2108 sunt,
2091 2078 2160 2103 idest
2178 2086 2246 2111 quae
2263 2079 2400 2108 existunt;
2419 2079 2457 2109 Q:
2477 2083 2506 2104 et

1430 2120 1523 2138 eorum
1542 2121 1610 2146 quae
1628 2117 1691 2138 sunt
1709 2114 1863 2139 existentia.

1485 2147 1508 2181 ξ)
1530 2149 1586 2174 Iam
1598 2149 1810 2181 praecesserin-
1821 2149 1878 2174 PT:
1890 2149 2037 2181 praecessit
2042 2158 2051 2179 ‚·
2066 2150 2105 2180 Q:
2119 2153 2304 2182 praecesserat
2308 2158 2318 2181 ;
2331 2150 2368 2175 L:
2378 2157 2505 2182 praeces-

1430 2185 1496 2210 serit
1515 2185 1578 2210 iam.
1592 2185 1628 2210 G:
1648 2188 1687 2210 est
1700 2185 1781 2217 prius
1794 2186 1943 2217 praecedat
1960 2185 2060 2210 scilicet
2079 2186 2117 2210 id.

2538 556 2549 567 ⁸
2564 562 2584 578 ri
2599 563 2647 578 om.
2667 557 2739 580 idest.

2570 663 2667 685 Factum
2691 671 2718 686 ex

2536 690 2608 711 codd.
2623 690 2659 712 Cf.
2674 694 2730 712 text.
2741 703 2753 707 -

2537 723 2551 738 n
2561 724 2566 738 :
2574 716 2710 745 facturum.

2642 828 2654 844 ν

2537 876 2545 884 ·
2561 874 2606 895 Est
2618 881 2667 896 om.
2677 882 2702 900 A:
2713 881 2749 902 co„

2537 907 2586 923 om.
2600 908 2651 929 seq.
2662 902 2713 924 hoc.

2533 1472 2543 1484 ⁸
2558 1479 2578 1494 rr
2588 1479 2636 1495 om.
2647 1475 2746 1501 tempus.

2559 1532 2579 1548 r-i
2586 1534 2591 1548 :
2602 1528 2718 1555 accipere.

2533 1576 2544 1586 ⁸
2560 1575 2636 1597 Codd.
2645 1583 2687 1599 -r:
2701 1582 2749 1604 po-

2534 1604 2588 1624 test.
