2788 4204
43 410 52 419 ”
66 415 94 431 o:
115 409 178 437 quod
198 415 254 431 con—

42 442 92 464 seq.
103 438 146 457 est.

41 619 50 628 ·
66 617 137 639 Num.
149 623 199 645 seq.

39 670 52 681 ⁴
66 669 138 691 Num.
151 675 174 697 9.

39 722 49 733 ⁹
63 721 146 747 codd..
155 727 233 742 exem.
242 732 253 737 -

38 754 64 769 r:
79 748 224 775 negativum.

37 936 50 948 ⁸
63 935 139 958 Codd.
155 947 166 952 -
180 941 194 957 tv
207 943 212 958 :
228 938 252 957 e!

37 968 140 1021 ge{feda
155 1000 166 1005 -
180 995 194 1010 i»
206 996 211 1010 ε
226 989 251 1010 in

37 1022 93 1038 mun.

34 1046 48 1058 ⁸
61 1046 137 1069 codd.
146 1056 156 1062 —
167 1053 180 1067 r
190 1053 195 1067 :
206 1046 251 1067 Ιιοε

36 1074 75 1094 eet
92 1072 197 1098 metor-12·
219 1078 248 1094 x:

34 1098 99 1122 tam
109 1099 206 1121 maiori.

34 1253 141 1278 codd.-
130 1260 176 1276 -:¹’
187 1259 249 1285 quae

29 1625 248 1680 ..css-..22:²1

24 1729 93 1752 'Mo
100 1736 131 1752 ex
137 1730 220 1753 codd.-
209 1737 245 1752 -.ο

26 1756 190 1839 Ἑωῗῖῗῒέ.
189 1763 245 1811 ¹225:

26 1890 190 1917 ‘metimu-
203 1894 243 1917 op.

26 2002 189 2052 „ffff‘ffl”
198 2002 242 2024 ὲ*

23 2099 38 2112 ⁴
51 2105 95 2122 n:
109 2099 135 2122 εἰ
146 2099 186 2122 eit.

24 2126 79 2149 ”o
113 2126 242 2158 ιτΊΙίίοο-

24 2152 90 2175 dice·
110 2143 181 2175 abii.-
170 2159 204 2175 -νε
211 2153 239 2175 C.

25 2181 87 2202 ἐιο
101 2180 126 2202 ia
139 2179 240 2202 ascend.

25 2371 39 2383 ⁸
46 2370 131 2392 Adhuc
144 2377 193 2393 om.
200 2377 240 2393 nt.

25 2424 39 2436 *
45 2423 121 2446 eodd.
131 2423 187 2451 (exe.
193 2426 240 2451 1¹09:

26 2450 106 2472 Me.

1084 272 1195 309 CAP.
1225 274 1330 320 XXI,
1362 274 1512 311 LECT.
1542 275 1686 311 XXXII

283 353 400 383 stetur
419 346 456 383 in
476 346 862 384 demonstrationibus
882 348 1128 396 affirmativis,
1151 350 1239 386 dicit
1257 364 1346 388 con—

283 411 447 448 sequens
476 412 558 436 esse
577 401 598 421 *
625 400 730 448 quod
759 401 872 436 etiam
900 408 1017 437 stetur
1047 402 1085 438 in
1111 403 1345 441 demonstra-

283 452 448 493 tionibus
478 453 671 501 negativis.

337 519 372 555 7.
390 506 539 543 Deinde
550 518 638 542 cum
655 505 757 542 dicit:
778 507 814 542 T
809 505 987 553 ripliciter
1000 507 1099 543 enim
1115 515 1197 554 etc.,
1210 510 1346 557 probat

281 559 533 607 propositum.
564 559 613 595 Et
638 558 763 606 primo
792 558 830 594 in
858 559 982 607 prima
1006 559 1144 607 figura;
1175 562 1344 598 secundo

282 612 320 648 in
341 612 525 656 secunda;
546 611 615 647 ibi:
635 612 778 647 Iterum
794 611 843 647 sit
862 613 898 647 B
921 613 1069 660 quidem
1089 613 1108 634 '¹‘
1129 621 1215 659 etc.;
1236 615 1343 651 tertio

281 665 319 701 in
347 665 470 708 tertia;
500 664 575 702 ibi:
608 664 753 700 Tertius
779 670 904 701 autem
933 671 987 701 est
1008 666 1029 686 *
1057 673 1124 702 etc.
1157 668 1197 702 In
1227 668 1345 704 tribus

282 717 383 753 enim
412 717 542 764 figuris
568 716 748 764 contingit
766 717 982 764 negativam
1000 719 1019 740 *
1039 720 1225 757 concludi.
1247 720 1346 757 Dicit

281 781 370 817 ergo
407 769 533 817 primo
571 770 676 818 quod
708 769 899 818 tripliciter
931 779 1057 819 potest
1094 772 1344 810 demonstrari

277 822 488 871 propositio
509 822 696 870 negativa,
716 835 786 871 per
805 835 921 871 quam
943 824 1173 872 significatur
1201 827 1342 875 aliquid

279 887 358 912 non
378 887 471 912 esse.
493 877 580 913 Uno
601 875 758 924 quidem
787 877 907 913 modo
934 877 971 914 in
990 877 1114 926 prima
1133 879 1266 926 figura,
1288 893 1344 916 se-

280 929 448 966 cundum
470 929 491 950 *
518 930 621 966 hunc
643 929 823 975 modum,
854 931 959 978 quod
983 932 1013 967 B
1035 931 1120 967 insit
1140 932 1170 967 C
1191 934 1343 969 univer-

279 982 414 1029 saliter,
431 982 603 1019 minori*
622 982 800 1019 existente
819 983 1024 1020 universali
1044 985 1288 1032 affirmativa3
1309 988 1343 1022 A

279 1047 372 1072 vero
401 1035 488 1072 insit
515 1035 605 1072 nulli
634 1035 682 1081 B,
709 1035 844 1072 maiori
876 1037 895 1058 *
932 1037 1111 1074 existente
1139 1038 1343 1075 universali

258 1088 464 1136 negativa.
486 1088 587 1135 Quia
613 1088 722 1135 igitur
746 1089 972 1137 supponitur
990 1091 1096 1139 quod
1119 1090 1158 1127 in
1178 1092 1342 1128 affirma-

277 1142 362 1178 tivis
391 1149 508 1178 stetur
541 1149 578 1178 et
601 1141 639 1177 in
667 1154 819 1178 sursum
849 1143 942 1180 etin
968 1143 1165 1190 deorsum,
1188 1157 1343 1181 necesse

277 1202 334 1232 est
361 1195 467 1243 quod
494 1194 564 1231 ista
591 1195 813 1243 propositio,
841 1208 939 1244 quae
969 1204 1024 1233 est
1053 1197 1146 1243 B-C,
1177 1198 1342 1234 affirma-

276 1247 354 1284 tiva
373 1249 406 1295 ‘,
435 1248 466 1285 si
486 1260 564 1284 non
584 1247 630 1284 sit
658 1248 889 1295 immediata,
908 1258 944 1286 et
963 1250 1221 1298 quodeunque
1242 1250 1343 1288 aliud

276 1301 440 1350 spatium
469 1301 660 1350 accipitur,
687 1302 866 1339 existente
892 1303 1018 1351 aliquo
1039 1303 1168 1340 medio
1197 1303 1293 1340 inter
1312 1306 1342 1341 B

262 1361 314 1390 ·et
335 1354 380 1402 C,
405 1367 567 1391 necesse
586 1354 654 1391 erit
677 1355 858 1392 reducere
887 1355 924 1392 in
953 1356 1174 1393 immediata
1193 1362 1223 1402 ¹⁰3
1255 1357 1343 1406 quia

259 1406 347 1444 ‘ista
357 1383 553 1455 distantia,
575 1420 674 1456 quae
703 1409 905 1446 attenditur
923 1409 1136 1446 secundum
1156 1410 1343 1447 habitudi-

275 1472 364 1498 nem
394 1461 510 1498 medii
539 1461 588 1497 ad
616 1461 806 1499 minorem
837 1463 1129 1510 extremitatem,
1160 1470 1215 1499 est
1244 1464 1343 1500 affir-

273 1513 428 1560 mativa,
454 1513 493 1550 in
514 1526 589 1563 qua
622 1515 849 1563 supponitur
877 1529 960 1553 esse
989 1523 1116 1553 status.
1145 1515 1185 1552 Si
1213 1524 1340 1554 autem

273 1566 505 1615 accipiamus
538 1568 699 1605 alterum
735 1569 920 1617 spatium,
957 1569 1062 1618 quod
1096 1576 1152 1605 est
1185 1569 1280 1606 inter
1308 1571 1338 1607 B

274 1627 312 1656 et
333 1621 380 1666 A,
410 1620 652 1657 manifestum
683 1629 738 1658 est
765 1622 871 1670 quod
892 1623 923 1669 *,
953 1622 983 1658 si
1002 1623 1098 1659 haec
1116 1622 1338 1671 propositio,

272 1673 434 1710 Nullum
453 1675 489 1710 B
506 1679 562 1710 est
576 1675 624 1720 A,
644 1687 723 1711 non
753 1683 808 1712 est
835 1675 1066 1722 immediata,
1097 1687 1252 1712 neeesse
1286 1684 1342 1713 est

273 1725 380 1775 quod
402 1728 437 1763 A
465 1735 710 1764 removeatur
742 1729 790 1765 ab
825 1728 952 1777 aliquo
986 1728 1059 1765 alio
1087 1729 1106 1750 *
1133 1741 1202 1777 per
1235 1729 1339 1777 prius

273 1790 390 1829 quam
411 1791 433 1816 a
461 1780 508 1826 B,
539 1787 575 1816 et
602 1780 693 1818 illud
721 1781 767 1818 sit
785 1782 839 1828 D;
861 1781 966 1830 quod
986 1781 1016 1818 si
1040 1781 1279 1830 accipiatur*
1298 1790 1340 1819 ut

272 1832 444 1869 medium
463 1833 560 1869 inter
577 1834 613 1869 A
641 1842 678 1870 et
696 1835 745 1879 B,
767 1846 922 1871 necesse
947 1842 1003 1871 est
1022 1835 1128 1883 quod
1146 1835 1339 1883 praedice-

270 1891 332 1925 tur
365 1885 629 1923 universaliter
661 1887 708 1924 de
738 1887 785 1933 B,
816 1888 904 1936 quia
923 1889 944 1907 ³
973 1895 1124 1936 oportet
1150 1888 1336 1925 minorem

271 1938 663 1976 esseaffirmativam.
690 1941 740 1977 Et
758 1939 896 1977 iterum
925 1940 956 1977 si
974 1941 1071 1977 haec
1099 1953 1176 1977 non
1201 1941 1247 1977 sit
1265 1941 1335 1978 im-

269 1990 435 2028 mediata
462 1992 500 2038 *,
531 1991 674 2029 nullum
703 1994 742 2030 D
769 1999 823 2030 est
839 1995 886 2039 A,
917 2001 1067 2042 oportet
1094 1994 1199 2042 quod
1218 1996 1252 2031 A
1273 2007 1337 2031 ne-

267 2051 376 2092 getur
403 2045 452 2081 ab
476 2044 602 2093 aliquo
637 2046 710 2082 alio
738 2059 808 2094 per
834 2046 938 2095 prius
967 2059 1082 2095 quam
1112 2059 1135 2083 a
1163 2048 1216 2092 D,
1246 2055 1336 2096 puta

240 2088 246 2097 ’
269 2097 315 2134 sit
327 2098 348 2118 *
367 2097 459 2135 illud
475 2099 507 2135 E
525 2098 581 2145 **;
602 2099 708 2148 quod
723 2099 861 2136 eadem
882 2100 1025 2137 ratione
1046 2076 1235 2149 oportebit
1253 2101 1337 2152 uniff

267 2151 463 2188 versaliter
476 2152 686 2200 praedicari
703 2153 749 2189 de
766 2154 813 2190 D.
831 2153 933 2199 Quia
952 2165 1042 2212 ergo
1059 2153 1336 2190 ascendendo*

268 2211 386 2240 statur
413 2204 452 2241 in
480 2205 729 2252 affirmativis,
749 2213 791 2242 ut
810 2206 1048 2254 supponitur,
1071 2206 1240 2255 sequitur
1268 2220 1337 2255 per

269 2269 509 2308 consequens
530 2258 635 2307 quod
663 2259 709 2295 sit
738 2259 917 2296 devenire
947 2259 996 2296 ad
1015 2259 1168 2308 aliquid,
1190 2260 1237 2296 de
1258 2273 1334 2309 quo

267 2309 394 2359 primo
424 2318 461 2347 et
488 2310 707 2348 immediate
737 2320 895 2360 negetur
929 2312 1055 2361 ipsum
1083 2314 1129 2349 A.
1155 2313 1336 2362 Alioquin

269 2363 395 2400 adhuc
427 2363 448 2384 ³³
482 2364 754 2412 procederetur
794 2365 957 2414 amplius
995 2365 1033 2402 in
1076 2366 1333 2413 affirmativis,

268 2415 365 2453 sicut
392 2429 438 2453 ex
466 2417 666 2465 praedictis
686 2417 707 2438 ²⁸
735 2426 848 2466 patet.

324 2470 358 2506 8.
380 2469 529 2506 Deinde
559 2482 647 2507 cum
677 2471 781 2508 dicit:
802 2473 945 2508 Iterum
964 2471 998 2507 si
1014 2473 1049 2507 Β
1073 2471 1222 2519 quidem
1251 2479 1334 2518 etc.,

266 2523 405 2571 probat
431 2522 535 2559 idern
563 2523 602 2560 in
630 2524 816 2571 negativa,
838 2536 936 2573 quae
957 2524 1193 2561 concluditur
1221 2525 1258 2561 in
1279 2537 1335 2561 se-

268 2575 393 2612 cunda
421 2576 552 2624 figura.
576 2576 631 2613 Sit
650 2577 752 2614 enim
781 2577 830 2614 ita
850 2577 955 2626 quod
982 2579 1025 2623 B,
1047 2577 1152 2626 quod
1181 2585 1237 2614 est
1256 2590 1335 2614 me-

268 2628 390 2674 dium,
417 2629 657 2677 praedicetur
683 2630 946 2667 universaliter
975 2630 1023 2667 de
1051 2632 1085 2667 A
1115 2638 1151 2667 et
1179 2638 1336 2678 negetur

266 2681 531 2719 universaliter
559 2682 606 2720 de
627 2683 676 2730 C,
708 2691 745 2720 et
772 2696 818 2720 ex
837 2683 895 2720 his
915 2683 1164 2720 concludatur
1182 2689 1196 2704 ³
1217 2683 1334 2732 quod,

320 2808 346 2843 ρ)
365 2809 504 2835 Reducere
522 2810 548 2834 in
569 2810 835 2834 immediata.—Cod.
850 2810 859 2834 1
874 2817 994 2835 erronee:
1015 2810 1142 2835 reducere
1161 2810 1187 2835 in
1203 2810 1337 2842 mediata,-

267 2849 346 2877 atque
364 2845 429 2870 infr-a
447 2845 505 2869 loco
523 2846 572 2869 τοῦ·
597 2845 748 2870 attenditur
765 2845 843 2870 habet
861 2849 1049 2870 removetur.—-
1064 2846 1127 2870 ltem
1145 2845 1226 2870 infra:
1250 2846 1335 2870 mani-

258 2881 363 2913 festum
382 2883 422 2905 est
439 2880 510 2912 quod
528 2880 551 2904 si
570 2880 622 2905 ista
636 2881 793 2912 propositio,
813 2888 881 2913 quae
898 2884 945 2910 est,
965 2881 1074 2905 Nullum
1094 2886 1143 2905 etc.

319 2914 347 2948 σ)
368 2915 404 2940 Et
421 2922 459 2940 ex
477 2915 517 2940 his
529 2916 794 2940 conductarum—Bo
809 2921 834 2940 et
847 2924 868 2940 s.
883 2924 919 2940 m.
934 2917 964 2940 S:
980 2919 1006 2941 et
1020 2923 1057 2940 ex
1071 2917 1119 2941 hoc
1133 2917 1225 2945 concl.,·
1244 2916 1335 2941 CDEK

267 2950 413 2980 LMNQRT
432 2955 458 2975 et
475 2951 589 2982 p.rn.S:
608 2954 635 2975 et
653 2958 691 2975 ex
708 2951 771 2981 hac‚·
790 2952 827 2975 A:
846 2951 1032 2981 concludetur-5
1051 2952 1100 2976 GI:
1119 2952 1253 2984 sequitur;
1271 2952 1334 2976 DM·

266 2985 457 3015 concludatur;
477 2986 510 3010 P:
529 2986 705 3010 concluditur.

321 3019 346 3053 τ)
367 3020 573 3045 Demonstretur
590 3028 656 3053 ergo
675 3021 781 3045 eth-A
795 3029 849 3045 om.
864 3027 945 3053 ergo:
958 3022 995 3045 H:
1011 3021 1180 3054 ignum—G:
1195 3023 1295 3046 nullum
1311 3022 1336 3046 B

266 3058 307 3080 est
324 3056 356 3083 A,
379 3055 402 3080 C
417 3058 457 3080 est
475 3055 500 3080 B
505 3063 514 3085 ,·
533 3055 579 3080 sed
598 3055 676 3079 verba
696 3056 720 3080 Β
733 3058 773 3080 est
790 3057 814 3080 A
833 3056 955 3080 inutiliter
973 3062 1113 3088 ponuntur,
1133 3057 1186 3081 imo
1205 3057 1334 3081 confusio-

266 3098 326 3115 nem
345 3091 554 3122 pariunt.-HN:
577 3091 600 3115 C
615 3094 654 3115 est
673 3091 704 3119 B,
719 3090 791 3122 quod
809 3091 1004 3116 universaliter.
1023 3092 1196 3116 Amanuensis
1212 3093 1270 3117 cod.
1287 3093 1334 3116 lin

267 3133 376 3157 corpore
400 3126 495 3150 omittit
512 3126 592 3150 verba
614 3126 652 3150 sic
670 3126 742 3158 quod
760 3131 808 3150 etc.
828 3134 913 3158 usque
931 3127 963 3150 ad
986 3127 1088 3151 nullum
1111 3128 1134 3151 C
1149 3131 1189 3152 est
1208 3128 1235 3151 D
1253 3128 1334 3151 inclu-

266 3161 330 3190 sive,
350 3168 417 3193 quae
434 3166 522 3186 tamen
541 3168 594 3185 sec.
609 3168 677 3185 man.
691 3161 819 3185 adduntur
838 3161 994 3193 marg—R:
1014 3162 1052 3186 ita
1072 3162 1143 3194 quod
1161 3163 1197 3187 sit
1218 3163 1250 3186 D.

319 3194 346 3229 u)
368 3196 404 3220 Et
422 3199 534 3228 negetur
553 3196 739 3220 universaliter
752 3196 784 3220 de
802 3197 825 3220 C
835 3197 1027 3221 etc.—ABGO:
1047 3200 1073 3221 et
1086 3197 1272 3222 universaliter
1291 3205 1334 3222 ne-

265 3234 346 3264 getur
359 3231 392 3255 de
403 3236 467 3260 etc.;
487 3232 523 3255 H:
543 3234 569 3255 et
587 3234 699 3263 negetur
718 3231 863 3255 universali
877 3231 910 3255 de
929 3232 1027 3257 minori
1046 3232 1192 3256 universali
1207 3235 1234 3256 et
1253 3239 1333 3265 nega-

266 3267 359 3291 tiva.—
372 3267 409 3291 A:
429 3266 461 3290 Si
479 3273 570 3291 verum
590 3266 654 3291 haec
668 3266 818 3297 propositio
837 3271 898 3296 etc.;
918 3267 1107 3291 CDHLMOST
1126 3273 1152 3291 et
1170 3275 1192 3291 s.
1208 3275 1244 3291 m.
1261 3268 1284 3291 1:
1305 3268 1336 3291 Si

267 3301 379 3330 iterum‚·
398 3301 507 3326 EGNR:
527 3301 581 3326 Sed
600 3301 712 3330 iterum5
730 3300 767 3325 K:
787 3301 818 3325 Si
837 3301 932 3326 iterum
952 3302 990 3330 si;
1010 3302 1034 3331 Q
1052 3310 1079 3334 p.
1093 3310 1143 3326 m.:
1170 3302 1205 3326 Et
1224 3302 1333 3331 iterum,

266 3344 290 3362 s.
305 3345 355 3361 m.:
376 3337 412 3361 Et
425 3337 449 3361 si
462 3337 567 3361 iterum.
586 3336 709 3367 Legimus
729 3344 789 3360 eum
808 3336 927 3368 praefatis
947 3337 1021 3362 codd.
1035 3337 1141 3361 iterum.
1161 3337 1195 3360 P:
1215 3337 1247 3361 Si
1261 3344 1332 3361 vero.

320 3371 349 3405 φ)
371 3372 400 3396 In
421 3371 552 3404 negativis
571 3371 841 3396 demonstrationibus
860 3376 936 3396 etc.-
949 3372 998 3396 GI:
1018 3372 1044 3396 in
1065 3372 1195 3405 negativis
1210 3372 1334 3403 proposi-

267 3407 389 3436 tionibus,
411 3414 512 3432 necesse
531 3409 570 3431 est
590 3406 622 3439 (Ι,
642 3405 709 3440 erit)
725 3406 880 3438 procedere.

367 3442 489 3467 Ostendit
499 3442 567 3466 idem
579 3447 626 3466 etc.
636 3455 656 3458 —
665 3441 730 3466 Cod.
741 3442 777 3471 Q:
784 3442 889 3474 figura,
905 3441 994 3466 dicens
1005 3441 1076 3473 quod
1088 3442 1124 3466 sit
1143 3441 1273 3473 (corrupte
1286 3449 1333 3473 pro

264 3477 304 3510 si)
323 3478 359 3502 sit
371 3478 408 3502 ad
426 3477 541 3502 medium
556 3477 587 3506 Β,
602 3477 634 3501 de
647 3483 698 3508 quo
712 3478 749 3504 A;
764 3477 798 3500 B:
815 3476 846 3500 Si
859 3483 937 3509 ergo‚·
952 3476 988 3500 G:
1004 3477 1049 3501 Sic
1062 3477 1099 3501 sit
1110 3483 1189 3509 ergo,·
1205 3477 1239 3500 R:
1256 3477 1298 3501 Sit
1310 3477 1334 3501 Β

266 3513 394 3541 medium,
410 3513 442 3537 de
455 3520 506 3544 quo
520 3513 576 3536 A.—
584 3511 926 3536 ABCDEGHIKLMNOST
938 3519 991 3536 om.
1006 3514 1035 3535 ut
1048 3512 1112 3536 B.-
1126 3512 1150 3535 1:
1166 3512 1190 3536 C
1200 3518 1262 3535 vero
1276 3512 1334 3536 uni-

266 3549 406 3573 versaliter
418 3548 451 3572 ab
465 3555 495 3572 eo
510 3554 618 3577 remov.,·
629 3547 677 3571 GH
691 3552 717 3571 et
729 3554 751 3571 3.
766 3554 800 3571 m.
814 3546 849 3571 N:
868 3547 901 3570 ab
914 3553 944 3570 eo
958 3546 1144 3571 uniuersaliter
1157 3549 1333 3571 removeatur.

318 3583 425 3613 Textus,
440 3583 483 3615 qui
503 3583 552 3607 hoc
572 3583 630 3607 loco
649 3582 793 3622 exponitur
802 3589 816 3606 a
835 3589 857 3606 s.
867 3581 978 3611 Thema,
993 3581 1019 3605 in
1033 3581 1152 3606 versione
1165 3587 1252 3605 nostra
1271 3581 1332 3605 sub-

264 3618 394 3643 obscurus
414 3623 460 3649 est,
480 3619 573 3651 planus
593 3617 619 3642 in
637 3625 743 3650 graeco:
762 3612 794 3642 Εἷ
815 3613 844 3641 τὸ
865 3614 910 3650 μὲν
929 3615 955 3641 Α
974 3618 1010 3650 τῷ
1028 3615 1051 3641 Β
1070 3624 1146 3641 παντι
1167 3612 1287 3651 ὑπάρχει,
1302 3613 1331 3641 τὸ

2390 278 2465 325 269

1400 352 1560 388 Nullum
1586 353 1619 389 C
1633 352 1679 388 sit
1701 353 1747 388 A.
1771 352 1810 389 Si
1834 360 1963 389 autem
1992 353 2208 400 negativam
2237 354 2374 391 iterum
2400 355 2464 392 de-

1402 405 1602 441 monstrari
1622 413 1806 454 oporteat,
1822 413 1978 454 propter
1996 406 2071 442 hoc
2090 407 2195 455 quod
2215 415 2271 443 est
2284 408 2461 455 mediata,

1400 469 1555 493 necesse
1585 466 1640 494 est
1668 458 1773 506 quod
1792 459 1853 495 vel
1879 459 2159 496 demonstretur
2179 459 2216 496 in
2234 460 2359 508 prima
2378 461 2398 481 *
2418 462 2462 497 fi-

1399 521 1502 556 gura,
1529 510 1576 547 de
1601 523 1677 559 quo
1699 511 1818 548 modo
1848 511 2179 549 demonstrationis
2198 512 2273 549 iam
2289 514 2309 534 ’¹‘
2337 521 2461 550 osten-

1400 574 1485 598 sum
1515 570 1570 599 est
1598 564 1702 611 quod
1730 565 1846 600 habet
1873 572 2023 611 statum,
2045 565 2075 601 si
2103 565 2141 602 in
2161 565 2398 602 affirmativis
2417 567 2497 603 sit.

1400 622 1536 661 status;
1563 624 1627 652 aut
1655 625 1804 665 oportet
1833 618 1937 665 quod
1966 618 2247 654 demonstretur
2263 631 2336 667 per
2363 621 2462 656 hunc

1399 668 1573 714 modum,
1590 669 1686 705 idest
1704 682 1774 717 per
1793 670 2000 707 secundam
2020 671 2200 718 figuram3
2222 679 2286 708 aut
2299 684 2372 720 per
2390 678 2460 708 ter-

1399 721 1608 766 tium,idest
1620 734 1690 770 per
1704 723 1851 759 tertiam
1867 723 2065 770 figuram&
2087 724 2242 760 Dictum
2257 732 2313 761 est
2332 732 2460 761 autem

1399 772 1437 809 in
1461 773 1587 821 ,prima
1615 775 1749 822 figura,
1771 776 1876 823 quod
1899 777 2014 812 habet
2041 785 2179 813 statum
2208 777 2246 813 in
2266 778 2459 825 negativis,

2493 462 2536 482 'eL
2538 468 2566 482 Νκ
2554 466 2626 488 n.et5=
2634 468 2666 483 m.
2677 468 2704 483 os

2491 494 2566 509 e.rron
2573 489 2686 513 Uet-unda
2691 496 2704 510 n

2490 521 2538 535 om.
2551 514 2646 542 figura.
2663 527 2672 530 -
2690 521 2704 535 G

2490 547 2565 562 erron.
2575 541 2658 567 pergit:
2669 542 2705 562 vel

2489 567 2513 587 in
2529 574 2555 587 se
2542 567 2639 593 emcunda
2652 567 2689 588 de.

2490 593 2561 614 'Iam
2577 600 2624 615 om.
2638 600 2676 614 AB.

2488 735 2499 745 '⁵
2509 741 2527 755 1:
2543 736 2586 755 aut
2595 740 2641 761 per
2655 737 2701 756 ter-

2489 761 2546 782 tiam
2554 761 2604 788 sig.

1399 825 1429 861 si
1459 826 1504 862 sit
1532 834 1648 863 status
1669 827 1706 863 in
1726 828 1973 865 affirmativis.
2002 830 2079 866 Sed
2106 830 2181 866 hoc
2209 830 2365 878 quidem
2395 831 2459 867 de·
2510 860 2513 862 .

1399 880 1671 916 monstrabitur
1702 892 1804 916 nunc
1833 889 2016 929 quantum
2046 883 2101 918 ad·
2127 883 2335 919 secundam
2365 884 2459 931 figu-

1400 943 1492 968 ram.
1528 933 1819 969 Demonstretur
1855 946 1942 980 ergo
1977 935 2070 970 haec
2104 936 2328 983 propositio,
2363 937 2460 973 Nul-

1398 984 1476 1020 lum
1498 986 1530 1021 C
1542 991 1596 1021 est
1608 987 1678 1032 B‘,
1700 986 1753 1021 sic
1772 986 1876 1034 quod
1892 988 1926 1022 D
1947 987 2209 1024 universaliter
2222 989 2461 1036 praedicetur

1399 1037 1446 1073 de
1475 1038 1527 1084 B,
1557 1038 1696 1074 maiori
1722 1038 1901 1075 existente
1938 1039 2141 1076 universali
2176 1042 2402 1078 affirmativa
2422 1042 2458 1089 *,

1399 1097 1435 1125 et
1463 1098 1620 1137 negetur
1647 1091 1908 1127 universaliter
1937 1091 1984 1127 de
2012 1093 2042 1128 C
2064 1098 2088 1140 ⁰,
2119 1094 2258 1130 minori
2280 1095 2459 1131 existente

1397 1142 1601 1179 universali
1617 1143 1802 1190 negativa.
1816 1144 1855 1180 Si
1871 1144 2006 1180 iterum
2022 1145 2116 1181 haec
2130 1147 2350 1194 propositio,
2363 1148 2459 1184 Nul-

1398 1195 1475 1231 lum
1501 1197 1534 1232 C
1558 1202 1613 1232 est
1638 1197 1687 1242 D,
1714 1204 1767 1232 est
1795 1197 1977 1244 mediata,
2005 1210 2159 1239 necesse
2189 1200 2256 1235 erit
2290 1201 2460 1249 accipere

1398 1248 1553 1297 aliquod
1581 1249 1683 1285 aliud
1711 1250 1900 1296 medium,
1926 1251 2030 1298 quod
2059 1251 2171 1287 etiam
2195 1253 2498 1299 praedicetur*

1398 1301 1445 1338 de
1474 1303 1508 1338 D
1543 1302 1819 1349 universaliter,
1857 1310 1892 1339 et
1925 1303 2183 1340 universaliter
2215 1314 2459 1342 removeatur

1397 1367 1419 1390 a
1449 1355 1491 1391 C.
1523 1356 1572 1391 Et
1590 1355 1650 1402 ita,
1674 1355 1769 1392 sicut
1796 1356 2014 1404 proceditur
2033 1356 2071 1392 in
2091 1357 2272 1404 negativis
2302 1358 2460 1395 demon-

1397 1408 1639 1444 strationibus
1658 1413 1684 1455 P,
1716 1408 1905 1457 oportebit
1922 1409 2132 1457 procedere
2153 1409 2192 1446 in
2212 1410 2458 1458 affirmativis,

1396 1461 1536 1497 scilicet
1563 1461 1669 1509 quod
1688 1463 1718 1498 B
1746 1462 2026 1510 praedicabitur
2045 1463 2065 1482 *
2095 1463 2142 1499 de
2161 1465 2208 1510 A,
2230 1471 2266 1499 et
2285 1464 2319 1500 D
2347 1465 2395 1500 de
2415 1465 2457 1510 B,

1397 1522 1433 1550 et
1452 1514 1593 1563 aliquid
1621 1514 1723 1551 aliud
1743 1515 1790 1551 de
1819 1517 1871 1561 D;
1897 1515 2005 1551 et'sic
2023 1515 2252 1564 procedetur
2273 1517 2292 1537 *
2319 1516 2357 1553 in
2377 1516 2459 1553 infi-

1396 1567 1516 1604 nitum
1537 1567 1575 1604 in
1595 1568 1841 1605 affirmativis.
1873 1569 1974 1615 Quia
2001 1581 2090 1616 ergo
2111 1569 2337 1618 supponitur
2355 1570 2458 1618 quod

1395 1620 1433 1656 in
1453 1621 1688 1658 affirmativis
1717 1628 1834 1658 stetur
1851 1621 1890 1657 in
1909 1634 2072 1668 sursum,
2093 1634 2250 1658 necesse
2271 1630 2326 1659 est
2345 1622 2458 1659 etiam

1395 1674 1500 1722 quod
1528 1681 1644 1710 stetur
1672 1674 1710 1711 in
1737 1674 1931 1722 negativis,
1963 1675 2175 1711 secundum
2203 1676 2306 1711 hunc
2326 1675 2346 1696 *
2375 1687 2458 1711 mo-

1396 1727 1510 1773 dum,
1536 1739 1612 1776 quo
1641 1727 1816 1775 negativa
1845 1727 2125 1765 demonstratur
2152 1727 2190 1764 in
2218 1728 2386 1765 secunda
2413 1729 2457 1765 fi-

1393 1792 1497 1827 gura.

1447 1846 1482 1881 9.
1504 1833 1654 1870 Deinde
1692 1846 1781 1870 cum
1811 1833 1913 1870 dicit:
1948 1834 2092 1871 Tertius
2125 1839 2250 1870 autem
2284 1839 2338 1870 est
2365 1841 2455 1882 etc.,

1395 1886 1558 1922 ostendit
1577 1887 1679 1923 idem
1700 1887 1738 1922 in
1757 1886 1864 1937 tertia
1887 1887 2019 1935 figura.
2042 1886 2097 1923 Sit
2125 1899 2213 1934 ergo
2232 1892 2251 1913 χ
2270 1887 2454 1935 medium,

1390 1947 1432 1975 ut
1459 1940 1502 1986 B,
1523 1939 1571 1976 de
1591 1952 1667 1988 quo
1696 1941 1731 1976 A
1750 1940 2011 1977 universaliter
2029 1939 2279 1988 praedicetur,
2301 1940 2332 1976 C
2360 1953 2454 1977 vero

1391 1993 1439 2028 ab
1461 2005 1506 2028 eo
1532 2000 1791 2029 removeatur:
1813 1993 1980 2041 sequitur
2007 1993 2240 2041 particularis
2269 1993 2453 2040 negativa,

1391 2045 1531 2082 scilicet
1558 2045 1663 2094 quod
1693 2046 1723 2082 C
1753 2054 1909 2093 negetur
1929 2047 1985 2082 a*
2005 2046 2173 2094 quodam
2203 2048 2247 2083 A.
2270 2047 2319 2082 Et
2351 2046 2455 2094 quod

1391 2098 1548 2147 quidem
1577 2099 1614 2135 in
1633 2099 1844 2147 praemissa
1867 2099 2104 2145 affirmativa,
2126 2111 2224 2147 quae
2245 2106 2311 2146 est,
2337 2100 2455 2136 Omne

1390 2153 1425 2187 Β
1452 2153 1578 2197 estA,
1606 2159 1733 2199 stetur,
1767 2153 1929 2188 habetur
1965 2165 2010 2189 ex
2039 2152 2320 2201 suppositione;
2349 2152 2453 2200 quod

1391 2212 1519 2241 autem
1549 2217 1704 2241 necesse
1739 2205 1784 2241 sit
1818 2213 1915 2242 stare
1945 2205 2058 2242 etiam
2087 2206 2125 2242 in
2158 2206 2230 2242 hac
2258 2205 2451 2253 negativa,

1390 2258 1550 2294 IVullum
1566 2259 1601 2294 B
1615 2264 1668 2294 est
1686 2259 1726 2304 C,
1749 2270 1846 2307 quae
1863 2266 1918 2295 est
1932 2259 2066 2304 maior,
2086 2265 2199 2306 patet,
2221 2258 2309 2306 quia
2329 2259 2358 2295 si
2378 2259 2453 2294 hoc

1391 2311 1529 2348 debeat
1557 2311 1824 2358 demonstrari,
1854 2324 2008 2348 necesse
2039 2319 2094 2348 est
2122 2311 2226 2360 quod
2253 2312 2315 2348 vel
2339 2311 2359 2332 *
2389 2311 2452 2348 de-

1391 2371 1621 2401 monstretur
1634 2376 1706 2412 per
1719 2365 1890 2412 superius
1909 2365 2017 2410 dicta,
2034 2364 2129 2401 idest
2147 2377 2216 2412 per
2233 2364 2399 2412 primam
2415 2371 2452 2400 et

1390 2417 1597 2454 secundam
1628 2418 1803 2464 figuram,
1823 2418 1885 2454 vel
1911 2417 2231 2454 demonstrabitur
2245 2417 2265 2438 *
2284 2417 2489 2453 similiter

1391 2470 1486 2507 sicut
1515 2471 1812 2507 concludebatur
1835 2471 1856 2491 *
1884 2470 2094 2518 conclusio,
2124 2470 2263 2507 scilicet
2290 2483 2359 2518 per
2382 2478 2453 2507 ter·
2479 2486 2491 2496 ⁸

1390 2523 1481 2560 tiam
1510 2523 1691 2571 figuram:
1721 2523 1771 2560 ita
1798 2531 1927 2560 tamen
1961 2523 2065 2572 quod
2097 2524 2192 2560 haec
2220 2523 2344 2559 maior
2376 2536 2453 2560 non

1391 2577 1639 2613 assumatur*
1656 2584 1699 2613 ut
1725 2576 1959 2623 universalis,
1981 2576 2050 2613 sed
2068 2584 2110 2613 ut
2123 2576 2365 2625 particularis.
2382 2577 2491 2613 Illo

1390 2635 1515 2666 autem
1533 2629 1642 2666 modo
1658 2628 1674 2658 ‘l'
1687 2635 1818 2675 statur,
1835 2606 1974 2666 scilice⁷t
1988 2630 2018 2666 si
2032 2629 2282 2678 procedatur
2274 2642 2312 2666 in
2326 2629 2451 2688 prima

1391 2689 1428 2719 et
1454 2682 1493 2719 in
1512 2675 1680 2719 secunda
1708 2683 1840 2729 figura.
1863 2682 1902 2719 Si
1922 2690 2050 2719 autem
2069 2683 2297 2731 procedatur
2324 2682 2362 2718 in
2381 2691 2453 2719 ter-

1389 2807 1417 2834 δὲ
1435 2809 1458 2835 Γ
1478 2808 1512 2845 μὴ
1531 2807 1656 2845 ὑπάρχει,
1677 2807 1708 2836 οὗ
1728 2808 1804 2835 παντὶ
1825 2806 1932 2844 ὑπάρχει
1952 2807 1982 2834 τὸ
2002 2808 2023 2834 Γ
2042 2808 2063 2843 ᾧ
2082 2806 2111 2834 τὸ
2131 2808 2166 2834 Α.
2191 2810 2304 2842 Nempe:
2329 2809 2411 2834 Omne
2430 2809 2454 2833 Β

1389 2849 1430 2870 est
1441 2847 1482 2875 A,·
1500 2846 1610 2875 nullum,
1626 2846 1676 2877 vel,
1691 2854 1742 2870 non
1764 2853 1840 2870 omne
1854 2846 1878 2870 B
1896 2849 1935 2870 est
1956 2846 1990 2874 C;
2009 2845 2118 2877 aliquod
2130 2847 2152 2869 A
2167 2852 2217 2869 non
2233 2848 2272 2869 est
2289 2845 2316 2873 C,
2330 2845 2378 2873 vel,
2399 2852 2451 2868 non

1389 2888 1467 2906 omne
1485 2883 1508 2905 A
1523 2882 1562 2906 e'st
1579 2882 1606 2906 C.
1626 2882 1692 2906 Cum
1713 2881 1781 2905 enim
1801 2881 1825 2905 in
1838 2881 1964 2913 praesenti
1978 2888 2065 2905 sermo
2079 2881 2111 2904 sit
2126 2881 2157 2904 de
2170 2879 2329 2912 syllogismis
2343 2879 2367 2903 in
2381 2879 2453 2903 tertia

1389 2915 1478 2947 figura,
1499 2917 1631 2941 conclusio
1650 2917 1727 2941 debet
1745 2924 1802 2941 esse
1821 2916 1978 2948 particularis
1999 2914 2048 2948 (Cf.
2065 2916 2121 2939 lect.
2135 2923 2188 2944 vul,
2202 2920 2254 2939 not.
2268 2914 2301 2947 ρ).
2321 2915 2354 2938 At
2371 2914 2396 2938 in
2410 2922 2452 2938 or-

1389 2951 1517 2976 dinatione
1528 2952 1602 2976 huius
1613 2952 1766 2984 syllogismi,
1777 2959 1843 2983 quae
1857 2951 1941 2984 primo
1957 2951 2014 2975 loco
2027 2950 2058 2974 ab
2068 2951 2205 2974 Aristotele
2218 2950 2320 2982 ponitur
2332 2950 2420 2981 (omne
2429 2949 2453 2973 Β

1389 2990 1429 3011 est
1447 2988 1484 3015 A,·
1503 2982 1523 3011 εἷ
1544 2983 1573 3011 τὸ
1595 2987 1656 3019 etc.)
1677 2992 1716 3011 est
1740 2987 1828 3011 minor
1850 2986 2005 3027 propositio,
2026 2993 2093 3018 quae
2112 2993 2173 3009 vero
2198 2985 2360 3009 materialiter
2384 2989 2454 3009 tenet

1390 3023 1475 3046 locum
1495 3022 1601 3046 minoris
1622 3022 1737 3053 (nullum
1757 3022 1781 3046 Β
1799 3025 1838 3046 est
1859 3022 1894 3050 Ε,-
1913 3029 1943 3046 το
1963 3019 1989 3045 δὲ
2009 3019 2030 3045 Γ
2048 3020 2105 3051 etc.)
2122 3026 2161 3044 est
2174 3028 2262 3044 revera
2275 3020 2377 3044 maior:
2391 3027 2450 3043 nam

1389 3057 1550 3089 syllogismi'
1545 3066 1569 3081 in
1582 3058 1654 3081 tertia
1669 3056 1750 3088 figura
1764 3057 1896 3089 postulant
1910 3056 2037 3080 minorem
2051 3055 2226 3080 affirmativam
2243 3054 2293 3087 (Cf.
2307 3055 2355 3079 loc.
2366 3055 2426 3087 cit..)
2432 3069 2451 3073 —

1389 3093 1439 3116 Sed
1459 3092 1498 3116 his
1517 3092 1616 3124 positis,
1636 3093 1798 3116 retinendum
1818 3097 1857 3116 est
1876 3099 1988 3115 errorem
2009 3091 2144 3123 irrepsisse
2163 3091 2188 3114 in
2208 3091 2290 3114 Venn.
2306 3090 2363 3114 edd.
2382 3095 2407 3114 et
2425 3090 2451 3114 in

1389 3132 1491 3151 nostros
1511 3127 1594 3156 codd.
1614 3135 1673 3151 cum
1694 3127 1829 3151 lectionem
1842 3127 1965 3159 praebent
1980 3134 2058 3158 quarn
2073 3126 2149 3150 habet
2163 3126 2190 3155 P,
2206 3125 2313 3149 scilicet.
2332 3125 2452 3157 sequitur

1384 3162 1561 3193 particularis
1575 3162 1708 3194 negativa,
1723 3162 1822 3187 scilicet
1836 3162 1906 3194 quod
1915 3163 1938 3185 A
1949 3164 2061 3194 negetur
2073 3168 2090 3185 α
2103 3161 2217 3193 quodam
2235 3161 2280 3184 C.
2288 3160 2416 3184 .Nullum
2427 3160 2452 3184 Β

1389 3200 1428 3221 est
1441 3198 1468 3226 C,
1479 3204 1546 3229 quae
1559 3200 1598 3222 est
1611 3197 1712 3222 minor.
1734 3190 1794 3221 ,ἰΐα
1809 3200 1896 3221 tamen
1911 3197 1982 3228 quod
1994 3197 2058 3220 haec
2072 3196 2159 3220 minor
2173 3203 2224 3219 non
2235 3198 2388 3220 assumatur
2403 3200 2450 3219 etc.

1389 3232 1416 3255 In
1436 3232 1482 3256 hac
1502 3232 1610 3256 lectione
1629 3239 1700 3256 error
1719 3237 1759 3256 est
1777 3231 1942 3256 manifestus.
1961 3239 2021 3255 nam
2040 3231 2145 3263 ponitur
2159 3231 2183 3255 in
2198 3230 2350 3263 syllogismo
2363 3230 2451 3254 tertiae

1388 3266 1486 3299 figurae
1505 3266 1590 3290 minor
1609 3267 1725 3298 negativa
1744 3267 1862 3297 (nullum
1881 3267 1905 3290 Β
1918 3270 1958 3291 est
1973 3267 2000 3294 C,
2015 3273 2083 3298 quae
2096 3269 2136 3290 est
2150 3266 2263 3296 minor).
2283 3266 2404 3289 Eri-orem
2419 3272 2450 3289 ex

1388 3307 1460 3333 parte
1479 3301 1581 3333 corrigit
1600 3302 1631 3331 R,
1647 3309 1706 3326 cum
1719 3302 1788 3333 legit,
1803 3302 1868 3325 sicut
1883 3309 1973 3333 reapse
1987 3302 2126 3333 legendum
2140 3306 2192 3325 est:
2207 3301 2316 3325 Nullum
2332 3300 2355 3324 Β
2367 3303 2406 3324 est
2421 3301 2449 3330 C,

1388 3344 1455 3368 quae
1474 3339 1513 3361 est
1526 3337 1620 3361 maior.
1629 3350 1647 3354 —
1658 3337 1685 3360 ln
1700 3336 1755 3360 aliis
1769 3344 1831 3360 vero
1847 3336 1976 3361 codicibus
1989 3336 2115 3360 vocabula
2128 3336 2214 3360 maior
2226 3340 2252 3359 et
2266 3335 2354 3360 minor
2368 3343 2450 3367 quan-

1389 3372 1475 3403 doque
1494 3372 1527 3395 ita
1546 3371 1727 3395 abbreviantur
1744 3376 1774 3395 ut
1791 3379 1872 3395 unum
1891 3379 1939 3403 pro
1958 3372 2038 3395 altero
2057 3371 2088 3395 ab
2107 3371 2230 3402 imperitis
2249 3370 2449 3394 amanuensibus

1388 3407 1455 3430 sumi
1475 3406 1598 3438 potuerit,
1619 3406 1663 3438 qui
1683 3406 1758 3430 etiam
1778 3406 1803 3430 in
1822 3406 1911 3430 litteris
1936 3406 2082 3430 ordinandis
2107 3405 2175 3430 haud
2194 3413 2252 3429 raro
2271 3405 2449 3430 confusionem

2586 1004 2600 1020 *t

2487 1051 2673 1075 ’Λεοεκκκκρετ
2680 1054 2702 1071 et

2488 1083 2545 1098 sm.
2556 1083 2575 1098 i:
2587 1079 2609 1098 et
2616 1077 2701 1104 affimn.

2586 1118 2599 1133 υ

2508 1267 2699 1287 Λουειικυίκρετ.

2488 1293 2520 1307 -Ρε
2527 1287 2654 1314 quidemr
2623 1295 2654 1315 pr
2655 1294 2696 1309 ae-

2488 1313 2698 1342 dic.,·1³:etprne-

2486 1339 2590 1362 dicatur.

2586 1425 2602 1450 9

2487 1473 2530 1494 ‘oz
2538 1473 2690 1500 praedicetur
2691 1481 2700 1498 ,-

2486 1505 2522 1520 nm
2527 1499 2698 1526 :ipraedcatun

2486 1526 2602 1574 ἒὲᾆῖἱίᾒ
2609 1532 2633 1547 ¹'
2640 1532 2699 1553 W·

2483 1688 2607 1710 “Codd.-r·:
2618 1689 2696 1710 istum.

2483 2057 2579 2079 'nde-

2479 2322 2490 2333 ⁴
2499 2321 2635 2343 Codd.-i³uo
2644 2327 2692 2342 om.

2480 2348 2524 2370 vel.

2499 2434 2526 2449 A:
2538 2428 2573 2449 dm
2577 2430 2668 2455 Iratum·
2677 2435 2691 2450 ιτ

2481 2454 2602 2476 dffltretur.

2506 2492 2524 2506 ιε
2545 2485 2692 2507 demonstra-

2481 2512 2557 2534 batur.

2480 2591 2587 2613 *Codd.-
2595 2598 2615 2613 1²:
2627 2592 2692 2620 affir—

2480 2620 2567 2640 matur.

2578 2645 2595 2680 ψ

1389 3441 1686 3465 incurrunt-Similiter
1699 3441 1799 3465 videtur
1817 3441 1978 3465 retinendum
1999 3441 2069 3473 quod
2089 3448 2119 3465 ex
2137 3440 2334 3465 amanuensium
2353 3440 2449 3465 incuria
2500 3470 2508 3475 .

1388 3476 1413 3500 in
1432 3484 1541 3500 numero
1560 3483 1643 3508 praec.
1663 3476 1774 3508 legatur,
1794 3476 1820 3500 in
1836 3476 1927 3507 prima
1939 3476 2042 3508 figura,
2062 3476 2094 3500 de
2113 3483 2164 3507 quo
2183 3476 2261 3500 modo
2280 3475 2445 3501 demonstra-

1388 3511 1467 3535 tionis
1483 3511 1534 3535 iam
1549 3514 1681 3535 ostensum
1695 3514 1734 3535 est
1747 3511 1818 3543 quod
1832 3511 1910 3535 habet
1922 3514 2030 3540 statum,
2044 3511 2068 3535 si
2082 3511 2107 3535 in
2122 3511 2293 3544 affirmativis
2307 3510 2342 3535 sit
2354 3514 2447 3540 status,

1388 3551 1414 3570 et
1432 3551 1492 3578 post
1510 3554 1591 3578 pauca
1610 3546 1716 3576 iterum,
1740 3546 1847 3571 Dictum
1869 3549 1908 3570 est
1921 3549 2009 3571 autem
2029 3546 2054 3570 in
2072 3546 2162 3577 prima
2174 3545 2270 3578 figura
2285 3551 2362 3570 etc.—-
2377 3546 2448 3570 ldem

1388 3581 1454 3605 forte
1473 3582 1614 3605 notandum
1633 3581 1709 3605 etiam
1724 3586 1764 3605 est
1776 3589 1823 3613 pro
1836 3581 1943 3613 periodo
1954 3579 1981 3605 'n.
1996 3589 2026 3613 7:
2048 3581 2117 3610 Quia
2131 3581 2215 3614 igitur
2227 3581 2386 3613 supponitur
2399 3587 2447 3606 etc.

1441 3615 1469 3649 ψ)
1491 3616 1540 3640 Illo
1559 3619 1647 3641 autem
1667 3616 1745 3641 modo
1764 3622 1812 3641 etc.
1827 3629 1846 3636 —-
1859 3616 1922 3640 Cod.
1937 3616 1961 3641 O
1980 3616 2073 3640 omittit
2091 3616 2155 3641 haec
2173 3616 2252 3641 verba
2270 3621 2295 3641 et
2313 3617 2448 3649 sequentia
