2548 4192
574 272 1037 311 DISSERTATIONES
1067 269 1316 307 CRITICAE
1346 269 1402 305 IN
1432 269 1470 305 S.
1493 268 1736 305 THOMAM
1764 270 2087 316 AQUINATEM

221 366 294 389 rum
316 354 486 387 Oudinum
508 354 582 384 loco
606 352 732 393 saepius
755 352 850 383 citato
866 351 1061 382 inscribitur:
1082 350 1236 390 Sequitur
1258 348 1298 379 de

225 399 397 441 Opusculis
409 399 514 430 sancti
536 399 684 428 Thomae.
696 396 800 436 Digna
815 403 889 426 sunt
903 395 1177 426 animadversione
1192 393 1297 433 priora

221 444 332 485 capitis
354 444 466 474 verba:
487 442 623 482 Scripsit
641 442 739 472 etiam
762 450 788 472 s.
812 441 936 471 Doctor
953 440 1098 471 diversos
1125 439 1298 469 Tractatus

221 494 252 520 et
283 488 422 519 Libellos
449 487 493 517 ad
525 487 711 517 instantiam
744 485 948 515 diversarum
971 493 1209 524 personarum,
1229 483 1298 522 qui-

221 533 281 564 bus
302 532 443 568 scilicet,
468 531 545 562 dum
570 530 736 561 mittebant
754 529 872 567 dubia,
893 529 992 560 dabat
1010 530 1078 569 ipse
1100 528 1140 558 de
1165 528 1300 558 veritate

222 586 388 617 responsa.
412 575 477 613 Qui
505 576 678 606 Tractatus
697 574 859 605 recollecti
877 575 910 604 in
931 574 1028 604 unius
1043 573 1215 603 voluminis
1229 581 1299 602 cor-

216 631 301 663 pore
324 622 428 661 ipsum
453 619 600 661 efficiunt
622 620 703 650 satis
726 626 902 659 magnum:
929 623 960 648 et
985 618 1194 648 intitulantur
1217 625 1300 646 com-

223 666 366 697 muniter
383 664 547 705 Opuscula
562 673 588 695 s.
608 664 758 700 Thomae,
779 668 810 693 et
820 667 958 703 possunt
977 662 1164 693 coordinari
1183 662 1215 691 in
1237 669 1301 690 uno

224 710 387 742 volumine
409 709 453 740 ad
475 709 707 749 beneplacitum
732 708 931 744 ordinantis,
959 708 1035 747 quia
1065 715 1150 737 unus
1173 705 1213 736 ab
1236 705 1302 735 alio

224 765 289 787 non
312 754 479 794 dependet.
496 753 580 784 Sunt
595 758 703 783 autem
722 762 856 783 numero
871 753 1000 782 circiter
1018 757 1078 788 4ο,
1091 751 1206 791 paullo
1224 749 1302 790 plus

225 800 404 839 minusque.
428 798 543 829 Solum
560 798 736 838 plusquam
755 798 871 837 viginti
886 803 1032 826 numerat
1048 795 1241 827 Guillelmus
1263 793 1302 824 de

225 844 355 874 Tocc0:
379 843 435 873 sed
462 842 626 883 opuscula
657 842 856 882 theologicae
884 842 1030 872 veritatis
1060 841 1224 871 dumtaxat
1255 838 1302 868 in-

224 887 346 927 telligit.
371 887 491 918 Iterum
513 887 667 917 volumen
683 896 787 917 unum
803 885 1036 923 animadverte,
1053 895 1119 925 quo
1144 883 1303 915 Guidonis

225 939 326 963 aetate
343 932 421 962 haec
440 931 548 972 Opera
562 931 688 961 minora
703 930 767 961 divi
777 931 925 961 Thomae
941 929 1302 970 comprehendebantur:

225 976 399 1017 ipsumque
415 986 529 1006 eorum
545 975 759 1006 animadverte
778 974 936 1012 ordinem,
953 984 1019 1015 quo
1039 973 1191 1004 recenseri
1208 979 1303 1012 atque

227 1021 360 1052 describi
376 1021 532 1059 solebant,
548 1020 589 1050 ad
613 1019 850 1059 beneplacitum
873 1019 990 1049 scilicet
1011 1017 1204 1054 ordinantis,
1227 1017 1303 1056 quia

227 1075 329 1096 unum
353 1066 393 1096 ab
415 1066 482 1096 alio
506 1075 570 1096 non
593 1064 758 1104 dependet.
784 1064 873 1093 Tum
895 1073 972 1093 vero
995 1069 1135 1103 quatuor
1158 1066 1305 1091 numerat

225 1109 280 1141 ille
303 1109 470 1150 Opuscula
493 1119 530 1140 ex
554 1108 603 1138 his
626 1108 666 1138 de
689 1107 806 1148 quibus
839 1107 983 1147 agimus:
1007 1116 1124 1145 nempe
1143 1118 1158 1133 κ
1176 1105 1304 1135 Tracta-

229 1166 245 1183 »
267 1161 339 1185 tum
371 1153 589 1184 continentem
621 1151 854 1192 expositionem
885 1150 1091 1182 Salutationis
1123 1148 1304 1188 Angelicae,

229 1210 244 1226 »
266 1199 335 1229 Ave
356 1198 469 1238 gratia
487 1197 605 1237 plena,
630 1196 687 1237 qui
710 1195 838 1236 incipit,
862 1195 903 1226 In
926 1195 1123 1226 salutatione
1146 1194 1207 1224 ista
1231 1202 1305 1223 con-

230 1254 246 1270 »
269 1243 416 1273 tinentur
434 1242 498 1272 tria
508 1249 520 1272 .·
533 1241 720 1272 Tractatum
736 1239 954 1270 continentem
968 1238 1203 1278 expositionem
1227 1237 1306 1268 Ora-

229 1299 246 1315 »
271 1286 369 1318 tionis
391 1285 591 1327 Dominicae,
610 1285 710 1315 Pater
733 1289 853 1321 noster,
878 1283 935 1324 qui
958 1283 1080 1323 incipit,
1105 1282 1198 1313 Inter
1220 1282 1306 1311 alias

231 1344 247 1360 ι
269 1332 434 1369 orationes
445 1328 617 1361 Dominica
633 1330 739 1360 oratio
748 1328 966 1369 principalior
981 1327 1164 1358 invenitur:
1177 1326 1306 1356 Tracta-

192 1377 197 1378 ’
230 1388 246 1404 »
268 1382 340 1407 tum
362 1375 402 1405 de
425 1374 575 1405 Articulis
598 1373 672 1404 fidei
688 1380 719 1404 et
749 1372 907 1403 Ecclesiae
938 1371 1148 1403 Sacramentis
1177 1370 1217 1400 ad
1245 1372 1304 1400 Ar-

230 1432 246 1450 »
265 1419 508 1460 chiepiscopum
530 1418 806 1454 Panormitanum,
827 1417 883 1458 qui
907 1416 1028 1456 incipit,
1048 1416 1195 1446 Postulat
1217 1425 1237 1445 a
1257 1424 1308 1445 me

231 1477 247 1493 ι
268 1464 397 1496 dilectio
421 1469 540 1500 vestra,
558 1468 594 1494 ut
616 1463 656 1493 de
678 1462 835 1493 Articulis
847 1461 933 1503 fidei
951 1466 982 1492 et
1004 1461 1171 1491 Ecclesiae
1189 1459 1307 1490 Sacra-

231 1522 247 1538 »
269 1509 385 1541 mentis
400 1531 409 1539 .
427 1531 435 1539 .
453 1531 462 1539 .
478 1531 487 1539 .
511 1508 698 1538 Tractatum
721 1507 761 1537 de
783 1506 981 1546 Praeceptis,
1005 1505 1095 1546 quod
1118 1505 1167 1534 lex
1190 1504 1308 1534 amoris

231 1566 248 1582 ι
270 1553 331 1584 fuit
360 1552 485 1584 homini
516 1551 707 1590 necessaria,
731 1551 788 1592 qui
819 1550 947 1591 incipit,
977 1550 1054 1580 Tria
1084 1554 1160 1580 sunt
1187 1549 1309 1579 homini

234 1609 249 1626 »
272 1598 456 1629 necessaria
471 1596 516 1627 ad
529 1597 677 1628 salutem.

298 1642 335 1672 In
357 1642 420 1672 hoc
443 1641 547 1672 indice
571 1651 590 1671 a
613 1639 763 1671 Guidone
795 1645 943 1670 contexto
974 1638 1170 1669 desideratur
1199 1638 1308 1677 Expo-

230 1687 305 1719 sitio
328 1686 474 1727 symboli
496 1685 734 1726 Apostolorum.
760 1684 823 1715 Sed
841 1684 929 1714 illam
953 1683 1084 1714 fortasse
1110 1682 1310 1713 notariorum

232 1730 399 1762 oscitantia
421 1729 675 1771 praetermissam
708 1738 746 1759 ex
776 1738 815 1759 eo
844 1727 958 1759 coniici
982 1734 1104 1768 potest,
1128 1726 1218 1767 quod
1241 1736 1310 1756 san-

233 1782 303 1809 ctus
330 1774 515 1806 Antoninus
543 1773 710 1814 praedictis
734 1772 908 1813 Opusculis
939 1782 979 1802 eo
1003 1771 1115 1802 ordine
1139 1770 1310 1808 recensitis,

233 1829 301 1861 quo
324 1819 445 1857 factum
468 1829 487 1849 a
510 1818 660 1849 Guidone
683 1817 841 1854 vidimus,
866 1815 988 1847 disertis
1016 1815 1120 1846 verbis
1138 1814 1312 1855 praemittit

238 1864 426 1898 Tractatum
450 1864 664 1894 continentem
684 1862 914 1902 expositionem
938 1860 1095 1901 Symboli,
1114 1859 1220 1890 Credo
1227 1867 1239 1896 ;
1257 1860 1314 1900 qui

233 1909 356 1948 incipit,
379 1908 525 1938 Primum
549 1907 635 1947 quod
658 1911 706 1937 est
721 1906 938 1937 necessarium
961 1905 1168 1936 Christiano:
1186 1911 1312 1934 sanctus

232 1952 436 1990 Antoninus,
460 1951 610 1992 inquam,
639 1950 695 1992 qui
726 1950 790 1980 divi
819 1950 968 1980 Thomae
998 1949 1106 1989 Opera
1136 1958 1312 1986 recensens,

233 2007 317 2039 quae
340 2003 371 2028 et
393 1996 462 2037 ipse
485 2002 617 2026 noverat
646 2005 682 2026 ac
705 1994 854 2026 manibus
878 1995 1008 2032 terebat,
1029 1993 1167 2024 indicem
1183 1994 1222 2023 ab
1242 1993 1313 2033 ipso

233 2041 384 2074 Guidone
398 2040 582 2072 confectum
596 2039 716 2080 passim
730 2039 875 2080 sequitur
895 2038 1028 2079 eiusque
1048 2038 1142 2068 verba
1156 2037 1313 2068 describit.

233 2086 379 2119 Habetur
392 2095 468 2116 vero
483 2085 597 2115 allatus
612 2085 704 2115 locus
717 2084 752 2114 in
771 2083 935 2114 Chronico
952 2089 1040 2123 parte
1055 2083 1108 2121 111,
1119 2082 1212 2114 titulo
1227 2092 1313 2120 xvnt,

214 2130 336 2171 „capite
358 2140 390 2168 x,
413 2130 443 2171 ξ.
470 2139 500 2160 2.

302 2174 451 2215 Scrupuli
466 2173 616 2204 nonnihil
631 2173 745 2214 ingerit
763 2172 985 2204 testimonium
999 2171 1236 2202 Bartholomaei
1252 2171 1315 2201 Lo-

234 2219 383 2260 gothetae
398 2225 429 2249 et
450 2218 575 2250 Nicolai
594 2217 726 2256 Triveti,
744 2217 800 2258 qui
824 2217 906 2247 inter
921 2216 1027 2257 Opera
1044 2215 1224 2257 Aquinatis,
1241 2225 1315 2255 pro-

234 2263 306 2305 prio
321 2263 453 2304 quidem
472 2262 540 2293 eius
555 2263 638 2304 stylo
656 2262 782 2302 scripta,
799 2268 968 2292 numerant
989 2262 1175 2291 Tractatum
1195 2260 1236 2291 de
1253 2260 1315 2290 Ar-

236 2308 344 2340 ticulis
346 2308 433 2349 fidei
448 2313 479 2338 et
494 2307 534 2338 de
550 2307 771 2338 Sacramentis
790 2306 956 2337 Ecclesiae
969 2305 1014 2336 ad
1031 2305 1313 2345 Archiepiscopum

235 2353 525 2390 Panormitanum‚·
548 2351 603 2382 sed
627 2350 846 2392 praetermissa
868 2350 1079 2391 Expositione
1102 2350 1316 2380 Salutationis

234 2397 424 2438 Angelicae‚
442 2403 504 2427 tres
517 2396 598 2426 alios
621 2395 916 2427 Commentariolos
939 2394 1020 2424 inter
1043 2404 1140 2434 opera
1164 2393 1314 2431 referunt,

236 2451 320 2482 quae
342 2442 519 2481 Reportata
543 2440 701 2471 dicuntur.
726 2440 776 2470 Sic
800 2439 887 2470 enim
906 2439 1037 2469 habent:
1061 2438 1257 2468 Collationes
1275 2438 1315 2468 de

235 2486 343 2517 decem
366 2485 552 2526 Praeceptis
581 2494 663 2525 quas
693 2484 824 2525 collegit
843 2483 955 2523 frater
972 2484 1089 2513 Petrus
1107 2482 1147 2513 de
1174 2482 1313 2512 Andria.

235 2529 328 2568 Quae
351 2535 460 2560 tamen
475 2539 551 2559 cum
567 2528 751 2569 protulisset
764 2528 860 2558 verba
874 2527 1050 2558 Casimirus
1065 2526 1216 2557 Oudinus
1239 2526 1313 2556 loco

235 2584 330 2615 saepe
353 2573 449 2604 citato
480 2573 582 2613 capite
612 2583 664 2603 xxi
695 2572 757 2603 ait:
776 2573 820 2602 At
846 2572 906 2602 alii
936 2581 1065 2608 omnes,
1089 2572 1145 2611 qui
1164 2571 1238 2612 fide
1265 2571 1313 2601 di-

231 2620 367 2661 gniores
388 2623 475 2655 sunt,
493 2617 570 2648 haec
594 2617 760 2658 Opuscula
784 2616 853 2654 tria,
875 2615 972 2646 veluti
990 2615 1121 2656 proprio
1138 2615 1221 2656 stylo
1238 2615 1312 2645 scri-

233 2670 300 2705 pta,
315 2663 498 2694 attribuunt
513 2667 625 2692 sancto
647 2662 784 2692 Doctori
805 2661 964 2702 Angelico
988 2661 1020 2690 in
1044 2661 1113 2691 suis
1136 2660 1310 2700 catalogis,

233 2717 315 2749 quos
337 2711 583 2739 contexuerunt.

303 2752 413 2793 Itaque
431 2751 509 2782 haec
532 2749 805 2791 splendidissime,
829 2756 973 2780 veterum
996 2748 1200 2786 testimonio,
1219 2748 1312 2779 inno-

236 2803 372 2834 tescunt,
388 2800 425 2827 ut
447 2795 558 2836 paucis
574 2795 796 2834 recolligamus
812 2794 932 2825 omnia:
955 2805 981 2824 1.
999 2793 1197 2824 Germanum
1213 2792 1312 2824 sancti

235 2841 384 2873 Thomae
399 2840 524 2871 foetum
539 2849 606 2870 esse
621 2840 808 2870 Tractatum
825 2839 865 2869 de
882 2838 990 2869 decem
1006 2838 1202 2878 Praeceptis,
1214 2847 1312 2878 quem

236 2886 350 2917 diserte
373 2891 554 2916 memorant
575 2883 793 2921 Ptolomaeus,
814 2884 949 2914 Ioannes
973 2883 1012 2913 de
1036 2882 1209 2920 Columna,
1237 2882 1311 2912 Ber-

237 2930 355 2961 nardus
371 2929 530 2960 Guidonis
544 2935 575 2959 et
590 2938 615 2959 S.
626 2928 822 2966 Antoninus,
833 2928 1014 2968 habentque
1030 2927 1143 2957 saltem
1161 2926 1242 2957 inter
1250 2927 1312 2957 Re—

230 2979 365 3014 portata
398 2973 577 3013 Logotheta
600 2979 631 3003 et
653 2972 822 3003 Trivetus:
849 2982 877 3002 2.
902 2972 954 3002 Ad
977 2971 1010 3001 id
1041 2981 1142 3011 genus
1175 2981 1312 3011 operum

241 3017 409 3049 Orationis
425 3018 616 3048 Dominicae
630 3017 872 3057 Expositionem
893 3015 999 3046 referri
1023 3016 1061 3046 ab
1086 3015 1206 3046 eisdem
1230 3015 1311 3046 duo-

237 3062 299 3092 bus
322 3061 490 3101 postremis
508 3060 658 3098 testibus;
682 3061 737 3091 sed
760 3060 848 3091 illam
871 3060 904 3090 in
928 3070 1042 3090 eorum
1065 3059 1172 3090 haberi
1203 3069 1311 3097 censu,

238 3115 320 3147 quae
343 3105 474 3145 proprio
498 3104 582 3146 stylo
605 3105 789 3145 composuit
811 3105 984 3144 Angelicus
1002 3104 1134 3142 Doctor,
1151 3114 1170 3134 a
1193 3104 1312 3134 Ioanne

239 3151 278 3181 de
302 3149 476 3187 Columna,
491 3149 652 3179 Bernardo
668 3149 828 3180 Guidonis
843 3156 875 3179 et
890 3156 999 3179 sancto
1015 3148 1194 3179 Antonino:
1213 3149 1241 3178 3.
1257 3148 1312 3178 Di-

238 3201 359 3226 sertum
373 3203 440 3224 esse
455 3203 514 3233 pro
528 3193 739 3233 Expositione
751 3194 929 3234 Angelicae
943 3193 1156 3224 Salutationis
1170 3192 1312 3223 testimo-

237 3239 331 3270 nium
353 3237 544 3275 Ptolomaei,
568 3237 726 3267 Guidonis
750 3244 781 3268 et
803 3248 828 3268 s.
848 3237 1015 3268 Antonini:
1031 3247 1063 3276 4.
1085 3237 1148 3267 Pro
1171 3236 1312 3276 genuino

238 3284 328 3314 foetu
352 3281 481 3322 agnosci
504 3282 543 3311 ab
563 3281 714 3312 omnibus
738 3282 924 3312 Tractatum
943 3282 984 3312 de
1001 3282 1158 3312 Articulis
1174 3281 1260 3322 fidei
1283 3286 1314 3311 et

238 3327 458 3359 Sacramentis
481 3325 663 3357 Ecclesiae:
681 3327 710 3356 5.
727 3325 883 3365 Scriptam
905 3325 1044 3366 denique
1067 3325 1199 3365 proprio
1223 3325 1312 3355 Tho-

239 3383 311 3403 mae
334 3372 418 3413 stylo
441 3370 683 3410 Expositionem
707 3370 854 3410 Symboli
871 3370 1097 3410 Apostolorum
1126 3369 1311 3399 testimonio

237 3417 434 3448 innotescere
454 3414 580 3445 Ioannis
604 3414 643 3444 de
667 3413 840 3451 Columna,
857 3413 1007 3444 Bernardi
1023 3412 1182 3443 Guidonis
1201 3419 1232 3442 et
1247 3415 1312 3442 An-

237 3461 358 3492 tonini:
379 3458 584 3501 praetermitti
603 3458 736 3498 quidem
757 3457 846 3487 illam
865 3467 882 3487 a
901 3457 1090 3487 Ptolomaeo
1115 3456 1262 3493 Lucensi,
1282 3463 1313 3486 at

237 3505 438 3536 notariorum
473 3502 638 3534 oscitantia
661 3502 695 3532 id
718 3501 849 3533 fortasse
879 3501 1017 3538 factum3
1041 3511 1077 3530 ac
1105 3500 1186 3530 inter
1216 3510 1313 3540 opera

237 3549 350 3581 saltem
365 3550 542 3589 Reportata
562 3547 709 3578 eamdem
731 3545 932 3576 annumerari
958 3555 977 3575 a
1000 3544 1131 3575 Triveto
1155 3550 1186 3574 et
1209 3554 1227 3574 a
1250 3544 1313 3574 Lo-

238 3594 377 3633 gotheta.
395 3594 487 3631 Quae
511 3593 644 3623 demum
666 3590 791 3621 minora
814 3589 957 3631 quinque
981 3589 1088 3629 Opera
1110 3588 1190 3618 nihil
1213 3587 1313 3618 haesi-

239 3643 341 3669 tantes
363 3638 511 3668 Thomae
534 3635 686 3677 Aquinati
710 3634 892 3666 adiudicant
920 3633 1084 3674 Pignonus
1103 3639 1134 3664 et
1156 3632 1313 3664 Valleole-

2321 286 2426 311 CXXXI

1354 355 1448 379 tanus
1462 348 1548 389 apud
1565 349 1764 379 Echardum:
1783 349 1915 390 eiusque
1930 350 2062 381 nornine
2077 354 2252 391 praenotati
2267 362 2429 386 servantur

1355 393 1561 433 quamplures
1585 404 1660 424 mss.
1677 404 1761 434 quos
1785 394 1871 424 idern
1894 394 2057 425 Echardus
2082 395 2178 434 affert,
2199 398 2330 428 Parisini
2360 410 2429 429 san-

1356 444 1423 468 ctae
1446 437 1630 468 Genovefae
1653 445 1684 469 et
1703 438 1802 469 sancti
1826 439 1974 478 Victoris,
1994 449 2030 470 ac
2053 440 2228 471 Florentini
2251 443 2383 478 Medicei
2401 450 2431 473 et

1356 482 1454 512 sancti
1478 482 1576 513 Marci
1600 483 1734 513 codices.

1426 526 1464 557 II.
1492 527 1603 567 Longe
1627 527 1789 557 diversum
1813 527 1968 558 iudicium
1993 528 2097 560 ferunt
2121 529 2159 559 de
2192 529 2241 560 his
2260 530 2433 571 Opusculis

1356 571 1467 601 Petrus
1491 572 1530 602 de
1556 571 1639 602 Alva
1665 578 1696 602 et
1719 571 1895 603 Casimirus
1919 572 2087 611 Oudinus;
2112 574 2208 604 ambo
2239 575 2314 605 divo
2343 576 2432 606 Tho-

1357 625 1428 646 mae
1452 626 1519 646 uno
1551 626 1708 646 consensu
1744 617 1853 647 eadem
1888 617 2073 657 eripientes;
2102 619 2278 659 eademque
2310 620 2433 660 primus

1358 660 1544 690 Innocentio
1564 661 1668 701 Papae
1687 661 1728 691 111
1761 661 1944 699 attribuens,
1961 662 2039 692 alter
2054 663 2194 693 Henrico
2214 664 2253 694 de
2277 664 2434 695 Urimaria

1358 714 1414 735 seu
1429 705 1611 735 Wrimaria.
1638 705 1724 736 Illius
1748 706 1825 736 haec
1840 707 1934 736 verba
1965 713 2039 737 sunt
2055 707 2142 747 apud
2156 707 2378 739 Piccinardum
2395 709 2434 739 de

1358 750 1503 789 Approb.
1527 749 1698 780 Doctrinae
1717 750 1948 780 diviThomae
1966 750 2020 781 lib.
2038 762 2070 789 11,
2088 758 2209 792 quaest.
2225 763 2279 790 vn,
2296 753 2381 783 artic.
2398 763 2433 791 11,

1359 793 1472 824 obiect.
1493 795 1526 824 5:
1546 807 1561 822 α
1574 794 1740 833 Expositio
1764 804 1863 834 super
1886 795 2120 826 Salutationem
2134 797 2326 837 Angelicam
2341 797 2432 828 nullo

1362 850 1376 865 »
1399 838 1500 868 modo
1517 845 1563 868 est
1574 849 1598 868 s.
1610 838 1768 876 Thomae,
1781 849 1884 879 neque
1898 849 1997 879 super
2014 839 2201 870 Orationem
2216 841 2434 872 Dominicam:

1362 895 1376 909 w
1400 889 1430 912 et
1453 882 1540 912 idem
1564 882 1635 912 dico
1661 883 1700 912 de
1723 882 1898 922 Opusculis
1924 883 2081 923 inscriptis
2104 885 2144 914 de
2166 886 2323 916 Articulis
2335 886 2432 927 fidei,

1362 939 1377 954 2>
1401 932 1432 957 et
1440 927 1481 957 de
1489 927 1656 957 Ecclesiae
1673 927 1904 963 Sacramentis,
1916 934 2011 968 atque
2029 938 2128 968 super
2135 929 2334 969 Symbolum.
2346 931 2434 961 Haec

1363 983 1376 998 »
1400 971 1487 1000 enim
1509 971 1653 1011 quinque
1684 971 1840 1010 opuscula
1869 978 1943 1001 sunt
1974 972 2147 1003 innocentii
2167 973 2270 1013 Papae
2300 975 2353 1013 ΙΙΙ,
2378 975 2434 1015 qui

1363 1027 1378 1042 »
1401 1015 1482 1045 obiit
1499 1022 1672 1055 antequam
1696 1015 1866 1055 Angelicus
1890 1016 2012 1046 Doctor
2034 1024 2228 1047 nasceretur:
2248 1029 2330 1058 quae
2354 1019 2434 1050 scili-

1363 1071 1378 1086 »
1402 1066 1450 1089 cet
1474 1059 1649 1089 Innocentii
1673 1069 1740 1089 esse
1765 1066 1888 1090 constat
1909 1070 1946 1090 ex
1962 1061 2104 1100 quodam
2128 1061 2272 1101 originali
2296 1073 2355 1094 ms.
2374 1064 2435 1094 exi-

1365 1115 1379 1130 »
1402 1109 1503 1133 stente
1527 1104 1613 1143 apud
1629 1114 1654 1134 s.
1666 1103 1840 1134 Martinum
1857 1104 2002 1142 Lovanii,
2017 1105 2075 1135 litt.
2092 1105 2134 1143 O,
2151 1116 2240 1136 num.
2253 1118 2284 1148 7.
2304 1120 2318 1134 ›
2338 1108 2436 1139 Addit

1362 1147 1525 1178 Echardus
1549 1155 1580 1178 et
1605 1148 1706 1178 alium
1729 1148 1853 1187 regium
1884 1149 2027 1179 codicem
2050 1150 2229 1180 Parisinum
2259 1152 2297 1181 ab
2322 1152 2436 1183 eodem

1361 1191 1539 1221 adversario
1564 1201 1623 1231 pro
1647 1202 1704 1222 sua
1728 1192 1854 1232 allegari
1877 1193 2042 1224 sententia.

1429 1236 1552 1266 Eadem
1576 1236 1741 1276 opuscula
1761 1247 1826 1267 non
1846 1247 1914 1267 esse
1937 1238 2105 1278 Aquinatis
2134 1238 2338 1271 fidentissime
2364 1251 2437 1281 pro-

1363 1280 1493 1311 nunciat
1509 1280 1676 1318 Oudinus;
1694 1288 1848 1321 putatque
1864 1281 2035 1312 verisimile
2059 1283 2172 1323 scripta
2189 1283 2285 1314 fuisse
2301 1285 2339 1315 ab
2350 1286 2437 1316 Hen-

1363 1324 1428 1354 rico
1462 1325 1501 1355 de
1529 1325 1720 1363 Wrimaria,
1746 1325 1875 1356 Ordinis
1903 1326 2127 1366 Augustiniani
2151 1328 2324 1359 clarissimo
2356 1329 2437 1360 viro.

1363 1369 1466 1400 Verba
1490 1376 1565 1400 sunt
1588 1370 1673 1400 eius:
1694 1371 1769 1400 «Ex
1793 1370 1841 1400 his
1865 1370 2038 1410 Opusculis
2068 1372 2133 1402 duo
2162 1372 2195 1402 in
2223 1383 2298 1404 mss.
2324 1374 2439 1404 codici-

1367 1427 1381 1441 »
1405 1414 1465 1444 bus
1489 1414 1704 1445 attribuuntur
1734 1415 1915 1445 Alexandro
1946 1415 2078 1446 Halensi
2105 1416 2186 1447 inter
2215 1427 2290 1448 mss.
2316 1418 2440 1449 codices

1368 1470 1383 1485 ι
1404 1458 1598 1489 Bodleianae
1621 1459 1829 1490 bibliothecae
1844 1460 1916 1490 cod.
1937 1461 2013 1498 663,
2038 1460 2071 1490 in
2091 1471 2165 1491 mss.
2183 1462 2344 1492 codicibus
2364 1462 2443 1493 Gui-

1368 1515 1383 1529 s
1406 1503 1505 1533 lielmi
1535 1503 1637 1534 Laudi
1667 1504 1747 1534 olim
1777 1503 2014 1535 Cantuariensis
2043 1505 2295 1546 Archiepiscopi,
2327 1507 2385 1537 litt.
2404 1507 2444 1546 C,

1370 1560 1384 1574 »
1407 1548 1480 1578 cod.
1498 1558 1546 1586 11,
1564 1558 1654 1579 num.
1677 1559 1704 1586 ι,
1721 1549 1905 1579 Alexandri
1919 1549 2050 1580 Halesii
2071 1550 2239 1590 Expositio
2256 1560 2292 1581 10
2308 1552 2444 1582 Praece-

1370 1604 1384 1619 ι
1401 1597 1535 1632 ptorum
1561 1593 1663 1634 legis:
1686 1603 1777 1624 num.
1794 1602 1834 1632 4,
1850 1594 2040 1624 Alexander
2062 1594 2220 1626 Halesius
2234 1595 2274 1626 de
2291 1596 2445 1636 Symbolo

1370 1650 1385 1663 ι»
1407 1642 1594 1668 sanctorum
1618 1638 1763 1668 Patrum.
1786 1638 1869 1668 Inter
1889 1639 2020 1669 eosdem
2042 1649 2118 1670 mss.
2135 1640 2260 1670 codices
2276 1640 2443 1671 bibliothe-

1371 1694 1385 1708 >›
1408 1691 1462 1712 cae
1485 1681 1695 1719 Bodleianae,
1719 1682 1780 1712 alia
1804 1683 1870 1713 duo
1901 1693 1938 1713 ex
1961 1683 2010 1713 his
2041 1684 2204 1724 opusculis
2228 1685 2443 1715 attribuuntur

1370 1738 1385 1753 x
1408 1726 1548 1756 Henrico
1576 1726 1615 1756 de
1634 1726 1825 1764 Wrimaria,
1850 1727 1906 1768 qui
1935 1727 2015 1758 circa
2038 1738 2161 1759 annum
2194 1738 2276 1769 1290
2301 1736 2332 1760 et
2360 1730 2442 1760 1300

1370 1782 1386 1798 ν
1408 1770 1541 1801 florebat
1569 1770 1603 1800 in
1635 1770 1756 1802 Ordine
1784 1771 1997 1803 Eremitarum
2030 1773 2094 1803 divi
2124 1773 2306 1813 Augustini.
2333 1774 2442 1815 ltaque

1371 1827 1385 1842 »
1409 1814 1490 1845 inter
1507 1825 1584 1846 mss.
1594 1815 1752 1846 codices...
1771 1815 1934 1846 Guilielmi
1952 1817 2053 1847 Laudi
2072 1817 2131 1848 litt.
2143 1817 2182 1855 G,
2194 1818 2265 1848 cod.
2278 1819 2334 1858 34,
2348 1818 2440 1849 Hen-

1372 1872 1386 1887 »
1409 1860 1498 1890 ricus
1520 1859 1561 1890 de
1583 1860 1761 1898 Urimaria,
1778 1860 1818 1891 de
1835 1860 2037 1901 perfectione
2059 1863 2233 1902 spirituali,
2252 1872 2309 1893 seu
2332 1863 2441 1903 Expo-

1373 1917 1387 1931 »
1409 1905 1483 1934 sitio
1502 1905 1535 1934 in
1559 1903 1747 1935 Orationem
1762 1905 1966 1936 Dominicam
1986 1911 2017 1936 et
2033 1916 2133 1946 super
2154 1907 2222 1937 Ave
2235 1908 2358 1938 Maria.
2380 1907 2441 1938 lbi-

1374 1962 1388 1976 »
1412 1949 1519 1979 dem...
1536 1949 1595 1979 litt.
1607 1949 1648 1986 D,
1665 1950 1737 1980 cod.
1752 1950 1804 1987 56,
1819 1960 1910 1981 num.
1929 1961 1960 1990 9,
1976 1951 2116 1981 Henrici
2131 1951 2171 1981 de
2191 1951 2358 1982 Urimaria
2374 1952 2442 1982 Ex—

1373 2006 1388 2021 >
1405 1994 1525 2033 positio
1552 1993 1720 2025 Orationis
1734 1994 1943 2032 Dominicae,·
1966 2005 2056 2025 num.
2086 2005 2142 2034 10,
2161 1996 2330 2036 Expositio
2348 1996 2443 2027 Salu-

1373 2051 1388 2065 »
1411 2039 1543 2068 tationis
1560 2039 1748 2078 Angelicae.
1766 2038 1918 2080 Cumque
1934 2039 2030 2070 etiam
2046 2040 2212 2080 scripserit,
2233 2050 2270 2070 ex
2289 2039 2351 2071 fide
2367 2051 2443 2071 mss.

1374 2096 1387 2110 >o
1412 2082 1571 2119 codicum,
1592 2083 1832 2123 Expositionem
1865 2085 1897 2114 in
1930 2084 2038 2115 decem
2065 2090 2241 2125 praecepta
2264 2086 2444 2126 Decalogi;

1374 2140 1388 2154 »
1410 2127 1485 2158 hinc
1508 2127 1678 2158 verisimile
1701 2135 1764 2165 est,
1789 2128 1896 2168 ipsum
1911 2138 1978 2159 esse
2002 2129 2119 2159 horum
2142 2129 2285 2170 quinque
2304 2140 2443 2169 opuscu-

1374 2186 1388 2200 »
1411 2172 1519 2202 lorum
1551 2182 1663 2203 verum
1696 2180 1876 2204 auctorem:
1901 2183 2015 2213 quae...
2043 2183 2061 2203 a
2085 2173 2231 2204 fratribus
2246 2174 2443 2205 Praedicato-

1373 2229 1388 2245 »
1410 2216 1498 2247 ribus
1514 2227 1539 2247 s.
1556 2217 1704 2248 Thomae
1718 2217 1812 2257 gratis
1827 2217 1974 2248 attributa
1991 2217 2062 2248 sint.
2076 2232 2090 2245 »
2104 2218 2191 2248 Haec
2207 2218 2319 2258 repetit
2334 2218 2443 2249 omnia

1371 2261 1521 2293 Oudinus
1545 2261 1577 2292 in
1602 2261 1745 2292 eiusdem
1774 2262 1902 2292 Henrici
1926 2262 1964 2292 de
1988 2261 2160 2292 Wrimaria
2190 2262 2295 2302 elogio
2320 2263 2359 2293 ad
2387 2273 2443 2293 an-

1371 2316 1450 2336 num
1480 2307 1561 2336 1330
1578 2306 1611 2336 in
1627 2306 1822 2337 Bibliotheca
1843 2306 2051 2346 Scriptorum.

1437 2350 1544 2380 Nimia
1573 2351 1711 2381 censoris
1741 2351 1866 2381 licentia
1893 2358 1956 2389 est,
1986 2351 2065 2381 dum
2088 2350 2165 2381 haec
2189 2350 2295 2391 Opera
2318 2351 2443 2382 minora

1369 2396 1478 2435 gratis
1502 2395 1692 2435 pronunciat
1709 2405 1728 2425 a
1744 2395 1890 2426 fratribus
1909 2395 2179 2426 Praedicatoribus
2203 2395 2352 2426 attributa
2368 2396 2442 2426 divo

1370 2439 1528 2470 Thomae.
1545 2442 1597 2470 An
1615 2441 1723 2481 gratis
1745 2440 1899 2471 attributa
1924 2439 1984 2470 dici
2008 2440 2153 2477 debeant,
2177 2450 2259 2480 quae
2287 2440 2368 2471 inter
2390 2450 2443 2479 ge-

1370 2484 1468 2514 nuina
1492 2483 1560 2514 eius
1580 2484 1687 2524 Opera
1710 2491 1909 2524 agnoverunt
1930 2484 2046 2515 vetusti
2066 2484 2251 2524 scriptores,
2271 2485 2321 2515 vel
2344 2485 2444 2524 ipsius

1369 2528 1517 2558 Thomae
1533 2528 1679 2569 discipuli
1694 2535 1725 2559 et
1739 2529 1828 2566 socii,
1843 2529 1894 2559 vel
1909 2528 2014 2559 eidem
2030 2529 2200 2569 synchroni
2216 2539 2444 2570 supparesque,

1369 2573 1601 2612 diligentissimi
1618 2573 1764 2613 Operum
1783 2573 1851 2604 eius
1867 2580 1897 2603 et
1912 2573 2155 2613 Opusculorum
2171 2571 2378 2604 scrutatores?
2393 2576 2445 2604 An

1368 2619 1476 2658 gratis
1499 2618 1611 2648 eadem
1634 2618 1782 2648 Thomae
1805 2618 2052 2648 adiudicaverint
2084 2618 2144 2658 ipsi
2174 2618 2289 2648 vetusti
2313 2618 2444 2658 scripto-

1368 2672 1428 2699 res,
1453 2662 1508 2703 qui
1532 2669 1695 2693 accuratos
1718 2662 1838 2692 indices
1862 2669 1898 2693 ut
1928 2669 2146 2699 contexerent,
2170 2662 2366 2702 diligentiam
2389 2663 2443 2692 ad-

1368 2706 1542 2737 hibuerunt
1565 2717 1708 2743 omnem,
1724 2706 1850 2748 fideque
1874 2707 1998 2746 dignos,
2016 2707 2041 2736 si
2065 2706 2230 2747 quidpiam
2246 2707 2444 2746 ingerebatur

1368 2751 1468 2790 dubii,
1484 2749 1710 2782 consulebant?
1724 2754 1776 2782 An
1789 2753 1897 2792 gratis
1911 2761 2083 2782 numerum
2097 2751 2339 2791 Opusculorum
2353 2751 2442 2781 Tho-

1368 2806 1439 2826 mae
1462 2796 1620 2834 auxerint,
1645 2796 1702 2837 qui
1725 2796 1883 2836 praedicta
1913 2796 2075 2836 quinque,
2100 2796 2138 2825 de
2162 2795 2277 2835 quibus
2301 2795 2441 2834 agimus,

1367 2841 1542 2871 lustrabant
1565 2841 1678 2878 oculis,
1703 2841 1908 2880 terebantque
1932 2840 2097 2877 manibus;
2116 2840 2197 2870 inter
2220 2840 2280 2869 alia
2303 2850 2369 2870 uno
2384 2850 2441 2869 vo-

1367 2885 1489 2916 lumine
1513 2885 1754 2925 comprehensa,
1771 2884 1915 2915 indicatis
1935 2885 2030 2915 etiam
2053 2884 2152 2924 ipsius
2176 2884 2348 2914 voluminis
2372 2894 2441 2923 par-

1368 2929 1463 2968 tibus,
1475 2929 1589 2970 prima,
1599 2930 1738 2960 secunda
1753 2936 1783 2960 et
1797 2929 1898 2966 tertia,
1913 2929 2066 2959 adnotant
2080 2928 2248 2966 recensita;
2264 2938 2441 2968 eorumque

1367 2974 1569 3014 singulorum
1592 2974 1681 3005 initia
1704 2971 1890 3014 proferunt?
1904 2976 1955 3004 An
1979 2974 2086 3014 gratis
2109 2972 2246 3012 denique
2268 2972 2301 3002 id
2329 2979 2365 3003 ut
2388 2973 2441 3002 ad-

1369 3026 1506 3049 sererent
1537 3018 1743 3049 convenerint
1774 3028 1906 3055 omnes,
1940 3017 2091 3057 scrupulo
2124 3023 2249 3047 tantum
2272 3027 2291 3046 a
2314 3017 2441 3047 duobus

1367 3063 1495 3100 iniecto,
1516 3073 1595 3093 num
1618 3063 1727 3102 potius
1750 3062 1911 3103 operibus,
1929 3071 2010 3102 quae
2024 3062 2199 3101 Reportata
2216 3061 2374 3098 dicuntur,
2391 3071 2441 3091 ac·
2457 3070 2461 3071 ⁷

1368 3107 1487 3138 censeri
1511 3117 1547 3137 ea
1571 3108 1725 3145 debeant,
1749 3118 1789 3137 an
1819 3107 1857 3136 iis
1890 3116 1972 3147 quae
2005 3106 2088 3147 stylo
2121 3105 2252 3145 proprio
2286 3105 2442 3145 scripserit

1368 3149 1533 3183 Thomas?

1436 3197 1506 3236 Ipse
1521 3196 1682 3234 Oudinus,
1693 3196 1738 3226 ad
1750 3195 1957 3236 agnoscenda
1974 3204 2051 3225 vera
2068 3199 2098 3225 et
2113 3194 2243 3224 indubia
2263 3204 2289 3224 s.
2302 3194 2441 3224 Thomae

1368 3241 1540 3281 Aquinatis
1553 3240 1661 3281 Opera
1677 3241 1728 3271 vel
1740 3240 1915 3280 Opuscula,
1926 3249 2063 3269 canones
2074 3238 2255 3279 praescribit
2265 3238 2365 3278 capite
2375 3248 2439 3274 xm,

1368 3295 1509 3326 quorum
1525 3285 1648 3325 primus
1663 3292 1724 3315 est:
1740 3284 1902 3314 Audiendi
1913 3289 1990 3314 sunt
2000 3289 2122 3314 veteres
2137 3289 2167 3313 et
2183 3282 2441 3321 contemporanei

1362 3331 1564 3370 potissimum
1588 3335 1748 3365 auctores,
1764 3330 1820 3369 qui
1842 3328 1882 3358 de
1896 3329 2024 3368 scriptis
2036 3337 2062 3358 s.
2084 3328 2222 3357 Thomae
2236 3327 2333 3356 locuti
2350 3330 2438 3362 sunt,

1368 3375 1518 3414 illiusque
1544 3373 1652 3413 Opera
1676 3378 1707 3403 et
1733 3373 1896 3413 Opuscula
1920 3377 2109 3408 recensent‚·
2127 3377 2347 3410 memoratque
2365 3370 2439 3400 Pto-

1368 3418 1533 3448 lomaeum
1557 3418 1745 3454 Lucensem,
1770 3416 1940 3446 Nicolaum
1963 3416 2140 3452 Trivetum,
2166 3414 2376 3445 Guilielmum
2401 3414 2439 3443 de

1368 3462 1490 3499 Tocco,
1514 3461 1711 3491 Bernardum
1734 3460 1908 3497 Guidonis;
1932 3460 2045 3499 hisque
2069 3459 2201 3489 demum
2229 3468 2439 3488 annumeran-

1369 3506 1447 3535 dum
1471 3512 1562 3545 putat
1585 3512 1731 3535 sanctum
1745 3504 1958 3540 Antoninum,
1974 3505 2030 3544 qui
2037 3503 2156 3543 facile,
2172 3509 2208 3533 ut
2223 3503 2275 3540 ait,
2291 3503 2438 3533 reiicien—

1368 3550 1429 3580 dus
1462 3559 1525 3580 non
1559 3554 1615 3579 est.
1649 3548 1748 3589 Atqui
1780 3548 1898 3578 laudati
1931 3554 2024 3578 testes
2054 3557 2167 3577 omnes
2197 3546 2351 3587 Aquinati
2382 3556 2440 3577 no-

1369 3601 1433 3624 stro
1459 3593 1617 3633 praedicta
1640 3593 1782 3633 quinque
1807 3592 1972 3632 Opuscula
1997 3591 2193 3629 adiudicant;
2217 3592 2307 3632 quod
2323 3591 2439 3631 etipse

1368 3638 1512 3678 agnoscit
1545 3637 1695 3668 Oudinus
1718 3637 1819 3677 capite
1842 3647 1913 3675 xxi,
1938 3636 1993 3666 ubi
2024 3636 2112 3667 addit
2144 3636 2240 3666 etiam
2263 3636 2374 3670 eadem
2404 3636 2437 3665 in
