2548 4192
900 278 954 313 IN
985 278 1023 314 s.
1045 277 1285 314 THOMAM
1312 250 1635 324 AQUINATEM

2223 293 2366 318 CCXLVH

174 361 304 391 natione
330 358 460 389 divina:
489 365 586 397 quem
620 355 697 386 aliae
727 361 886 395 praestant
918 355 1072 386 editiones
1095 356 1146 386 vel
1169 362 1242 395 post
1295 356 1458 396 Pignonus
1481 357 1542 388 ait:
1567 357 1738 389 Sermones
1760 358 1800 388 de
1821 358 1968 400 Angelis,
1994 359 2067 389 item
2092 359 2262 390 Sermones
2283 371 2362 401 qua-

171 405 312 435 Primam
343 402 495 433 Summae
517 399 732 439 Theologicae
765 406 887 439 partem
919 400 968 430 vel
991 407 1065 440 post
1088 399 1239 430 Tertiam.
1294 400 1508 442 dragesimae.
1534 401 1742 433 Valleoletani
1765 402 1871 442 accipe
1898 403 2010 433 verba:
2040 403 2121 433 Item
2151 404 2278 443 scripsit
2306 414 2361 434 ex-

172 448 314 479 Huiusce
337 446 441 486 operis
464 451 607 475 veterum
631 453 727 474 nemo
751 444 947 474 mentionem
963 444 1075 484 ingerit
1095 454 1152 475 ceu
1176 444 1241 474 elu-

173 492 292 523 cubrati
321 491 360 521 ab
383 489 553 530 Aquinate.
577 489 699 518 Lucem
728 487 870 527 primum
896 488 975 518 vidit
1005 488 1154 528 Lugduni
1187 498 1240 518 an-

171 546 215 566 no
244 536 321 574 1541
357 533 444 574 apud
471 533 623 563 Ioannem
642 531 845 571 Crispinum,
870 532 1090 563 obstetricante
1117 532 1241 563 Ioanne

170 579 337 617 Danielis,
361 587 477 609 sacrae
498 577 646 617 Paginae
675 576 857 606 baccalario
887 577 1098 613 Lovaniensi‚
1128 577 1183 617 qui
1208 587 1240 607 se

170 623 340 655 contulisse
355 623 540 653 Tractatum
557 620 600 651 ait
614 621 658 651 ad
671 620 772 651 multa
789 621 998 660 exemplaria.
1010 620 1165 651 Codicem
1179 631 1238 651 ms.

169 668 296 699 nullum
320 677 353 697 se
376 675 521 706 unquam
545 664 712 695 offendisse
734 671 866 695 testatur
881 665 1055 704 Echardus‚
1070 665 1126 706 qui
1141 666 1239 696 sancti

168 711 318 743 Doctoris
340 720 460 741 nomen
483 709 672 749 inscriptum
694 709 857 749 praeferat.
881 722 896 737 α
914 708 1083 740 Caeterum
1099 709 1175 740 haec
1191 710 1238 740 lu-

170 769 186 784 »
210 755 352 787 cubratio
385 753 547 795 (eiusdem
571 753 715 784 Echardi
745 753 841 784 verba
869 753 967 795 sunt)
997 753 1069 784 licet
1099 754 1239 784 multum

172 813 187 828 >
210 799 303 830 distet
325 809 344 829 a
367 799 450 840 stylo
474 809 498 829 s.
523 798 690 836 Thomae,
724 807 790 832 non
813 804 919 828 tamen
952 797 995 828 ita
1022 798 1176 838 discrepat
1199 799 1238 828 ab

173 857 188 872 2>
211 844 278 875 eius
301 843 460 874 doctrina:
485 853 561 873 nam
580 842 659 873 etin
676 852 711 872 ea
735 842 906 873 adstruitur
925 842 1165 883 praescientiam
1179 843 1238 873 Dei

171 901 186 916 ιν
209 888 357 919 adiuncta
379 887 543 918 voluntate
566 897 695 917 causam
718 897 785 917 esse
808 886 962 917 scitorum
980 892 1011 917 et
1029 886 1238 927 praedestina-

172 946 187 961 »
209 933 332 964 tionem
355 941 422 962 esse
444 931 613 972 gratuitam
636 938 667 962 et
689 938 760 961 ante
780 931 921 971 praevisa
943 931 1063 961 merita.
1081 931 1164 961 Hinc
1178 931 1238 961 mi-

172 991 187 1006 »
209 987 283 1008 rum
310 976 474 1007 Thomam
507 975 746 1016 Campanellam
759 998 768 1013 ,
801 975 963 1005 famosum
990 974 1082 1005 illum
1113 975 1238 1005 scholae

171 1034 186 1049 »
209 1028 335 1052 nostrae
359 1021 561 1059 desertorem,
585 1020 666 1050 hanc
690 1019 830 1059 opellam
844 1028 902 1049 ceu
916 1018 1094 1058 genuinum
1109 1029 1133 1049 s.
1150 1019 1238 1049 Tho-

172 1079 188 1094 »
209 1076 281 1096 mae
297 1065 421 1096 foetum
434 1065 612 1105 adoptasse,
623 1073 690 1104 quo
707 1073 799 1094 suam
813 1063 852 1093 de
866 1062 1151 1103 praedestinatione
1166 1069 1240 1103 post

171 1123 186 1138 ›
206 1109 348 1151 praevisa
369 1109 480 1140 merita
512 1107 700 1138 sententiam
723 1107 862 1145 fulciret,
885 1117 904 1136 a
926 1116 990 1147 qua
1014 1113 1095 1137 certe
1124 1116 1239 1147 pamm

171 1167 187 1182 »
209 1160 264 1184 aut
287 1153 394 1193 potius
417 1152 496 1183 nihil
518 1152 564 1182 illi
587 1151 744 1191 praesidii.
764 1164 779 1179 »

236 1197 290 1228 lv.
311 1197 346 1227 ln
370 1196 508 1227 editione
524 1196 682 1234 Romana,
699 1202 772 1236 post
788 1194 1046 1226 Commentarios
1062 1194 1095 1224 in
1111 1194 1238 1234 Episto—

167 1242 215 1273 las
236 1241 386 1282 Apostoli
408 1240 510 1278 Pauli,
533 1246 678 1280 prostant
701 1240 760 1270 sub
779 1238 947 1279 Aquinatis
963 1238 1095 1268 nomine
1110 1238 1238 1268 Sermo-

169 1296 227 1318 nes
242 1295 308 1326 pro
322 1286 502 1316 Dominicis
523 1284 634 1315 diebus
648 1289 679 1314 et
685 1294 751 1324 pro
765 1283 959 1314 Sanctorum
973 1282 1236 1320 solemnitatibus,

168 1341 206 1362 ex
228 1329 420 1369 bibliotheca
442 1328 593 1360 Vaticana
622 1328 825 1368 prodeuntes.
854 1326 1064 1367 Frequentius
1091 1326 1238 1358 habuisse

167 1374 332 1406 Thomam
355 1373 527 1404 Sermones
549 1373 583 1403 in
613 1372 765 1410 ecclesiis,
789 1381 909 1412 eosque
924 1371 1108 1402 recollectos
1123 1378 1178 1402 aut
1191 1381 1238 1402 re-

169 1425 311 1460 portatos
334 1417 449 1457 fuisse,
483 1417 625 1448 dubitare
649 1426 716 1447 non
744 1416 853 1446 sinunt
874 1421 993 1446 veteres
1023 1415 1237 1455 probatissimi

168 1462 431 1494 nomenclatores.
456 1461 653 1501 Logothetae
684 1461 780 1491 verba
809 1466 899 1491 sunt:
927 1460 1149 1491 Dominicales
1177 1461 1237 1491 ali-

167 1517 250 1549 quas
272 1504 487 1550 (collationes)
511 1511 542 1536 et
555 1505 698 1546 festivas
720 1510 751 1536 et
763 1504 1064 1545 quadragesimales
1070 1510 1147 1544 post
1164 1514 1236 1535 eum

161 1551 406 1593 praedicantem
437 1550 605 1591 recollegit
622 1549 740 1590 frater
767 1550 884 1580 Petrus
913 1549 954 1580 de
981 1548 1120 1579 Andria.
1147 1548 1238 1579 Paria

167 1602 262 1635 sunt,
285 1605 368 1637 quae
391 1595 539 1626 Trivetus
563 1601 594 1625 et
616 1593 793 1624 Bernardus
817 1592 976 1624 Gnidonis
999 1592 1159 1633 scripsere.
1183 1594 1238 1625 Ait

167 1639 240 1671 ine:
267 1639 464 1670 Collationes
490 1638 700 1670 dominicales
722 1643 753 1668 et
769 1637 915 1679 festivae
915 1659 982 1668 ......
1004 1647 1086 1678 quas
1108 1638 1238 1679 collegit

158 1683 275 1726 frater
296 1684 413 1715 Petrus
433 1683 474 1715 de
488 1683 602 1714 Adria.
617 1682 672 1713 Ait
686 1681 761 1713 iste:
785 1682 905 1712 Fertur
926 1691 1052 1722 quoque
1072 1683 1238 1722 scripsisse

167 1729 395 1769 expositionem
411 1737 510 1768 super
524 1726 708 1768 Evangelia
725 1726 932 1757 dominicalia
946 1727 1044 1756 totius
1053 1727 1146 1763 anm}
1154 1736 1238 1767 quae

168 1773 226 1804 vix
242 1778 301 1804 aut
318 1773 485 1803 rarissime
501 1772 673 1812 reperitur.

234 1817 327 1848 Hanc
349 1816 445 1848 en'am
467 1822 607 1856 spartam
629 1821 774 1846 ornatam
797 1814 893 1845 fuisse
916 1824 935 1844 a
957 1813 1155 1845 sanctissimo
1170 1815 1236 1845 Do-

169 1867 255 1892 ctore
277 1860 339 1892 alia
361 1866 446 1899 sunt,
465 1870 547 1901 quae
568 1858 757 1891 confirmant
777 1858 1027 1890 luculentissima
1043 1858 1234 1890 testimonia.

1291 446 1479 484 positionem
1507 450 1606 486 super
1628 446 1811 488 Evangelia
1825 447 2030 477 dominicalia
2052 448 2148 477 totius
2166 449 2255 477 anni.
2275 448 2363 478 Haec

1294 489 1404 519 eadem
1436 489 1530 520 habet
1562 490 1656 521 verba
1685 501 1709 521 S.
1739 491 1942 529 Antoninus,
1975 491 2031 532 qui
2055 491 2131 521 haec
2155 491 2257 521 addit:
2288 492 2362 533 Ego

1294 533 1389 563 credo
1412 544 1462 564 me
1484 534 1600 565 vidisse
1623 533 1718 577 (hanc
1742 533 1998 578 expositionem):
2023 535 2080 566 sed
2101 535 2210 573 talem,
2227 535 2313 575 quod
2327 542 2363 566 ut

1293 577 1371 607 mihi
1393 578 1535 616 videtur,
1560 584 1607 610 est
1630 584 1781 619 excerpta
1812 590 1854 610 ex
1879 580 2048 620 praedicto
2081 578 2186 619 Opere
2209 577 2362 622 (Catenae

1293 620 1430 664 Aureae)
1445 632 1544 662 super
1558 623 1741 664 Evangelia
1757 629 1906 664 quatuor.
1923 624 2067 654 Dubium
2087 623 2214 654 nullum
2230 623 2361 654 indicari

1292 666 1456 706 quoddam
1480 666 1572 707 Opus
1596 677 1614 697 a
1637 668 1836 699 sermonibus
1858 668 1953 708 longe
1972 668 2142 698 diversum.

1358 711 1447 741 Num
1470 721 1545 751 ergo
1568 711 1749 750 Sermones,
1765 722 1848 753 quos
1871 713 2017 743 Romana
2034 712 2129 743 editio
2145 718 2291 752 praestat,
2308 722 2368 743 co-v

1292 763 1360 784 ram
1382 755 1552 796 palamque
1575 755 1719 786 habuerit
1741 756 1884 797 Aquinas
1910 756 2176 797 reportaveritque
2198 757 2308 787 Petrus
2323 756 2363 787 de

1292 798 1411 829 Andria
1427 797 1439 829 ?
1462 799 1594 830 Antonii
1617 800 1763 830 Senensis
1782 800 1937 831 iudicium
1955 801 2078 841 accipe:
2097 801 2224 831 Extant
2241 806 2272 832 et
2285 801 2361 831 Ser-

1292 852 1401 873 mones
1424 843 1512 874 illius
1535 844 1725 884 complures,
1746 850 1811 875 tam
1835 845 1874 875 de
1888 850 2038 885 tempore,
2054 855 2150 886 quam
2167 845 2207 875 de
2220 845 2359 883 SanctiS,

1291 887 1347 926 qui
1370 888 1491 917 inventi
1502 886 1607 927 suere
1630 889 1662 918 in
1682 888 1866 918 bibliotheca
1895 889 2069 920 Vaticana:
2088 894 2118 920 et
2131 890 2241 920 multis
2255 890 2363 930 eisque

1291 930 1477 971 efficacibus
1499 933 1702 972 argumentis
1732 932 1820 963 illius
1843 942 1911 963 esse
1932 938 2092 964 ostensum
2115 933 2226 974 fuisse
2243 943 2264 964 a
2283 934 2363 964 viris

1291 975 1392 1005 doctis
1414 976 1582 1005 asseritur.
1606 975 1904 1006 Animadversiones
1927 977 2010 1007 addo
2035 987 2106 1017 ego,
2126 987 2207 1018 quae
2226 984 2360 1018 praeter-

1292 1018 1374 1050 mitti
1398 1029 1464 1049 non
1494 1019 1618 1050 debent.
1643 1021 1690 1050 Ac
1721 1019 1826 1059 primo
1859 1020 1982 1050 Parisiis
2006 1021 2038 1051 in
2069 1021 2177 1052 codice
2207 1022 2359 1053 Sorboni-

1293 1073 1331 1093 co
1355 1072 1452 1102 cmx,
1477 1063 1532 1093 ubi
1555 1063 1782 1103 theologorum
1805 1074 1830 1094 s.
1854 1064 2000 1095 Thomae
2031 1065 2212 1106 aequalium
2236 1066 2359 1097 collecti

1292 1106 1448 1137 habentur
1470 1106 1639 1137 Sermones
1663 1117 1700 1137 ex
1723 1117 1777 1137 ore
1801 1108 1974 1138 dicentium
1997 1109 2163 1149 reportati,
2187 1110 2357 1141 adnotante

1294 1150 1408 1181 Iacobo
1432 1150 1589 1189 Echardo,
1614 1151 1727 1181 Sermo
1743 1151 1879 1182 occurrit
1898 1153 2036 1183 Hamae
2049 1153 2088 1183 de
2101 1154 2228 1193 Aquino
2243 1155 2275 1184 in
2291 1155 2358 1185 Na-

1292 1195 1415 1225 tivitate
1437 1194 1466 1226 b.
1489 1195 1638 1232 Mariae,
1664 1195 1754 1225 cuius
1786 1195 1927 1226 initium:
1952 1197 2028 1226 Lux
2050 1202 2121 1227 orta
2154 1203 2200 1228 est
2224 1199 2306 1229 iusto
2329 1204 2360 1229 et

1292 1240 1388 1269 rectis
1411 1239 1507 1269 corde
1530 1239 1663 1270 laetitia.
1686 1239 1910 1270 Animadverte
1934 1240 2013 1270 inter
2036 1241 2137 1271 editos
2153 1241 2275 1272 Romae
2289 1242 2358 1273 Ser-

1291 1293 1404 1313 mones
1436 1283 1522 1314 hunc
1555 1283 1731 1314 desiderari.
1766 1283 1845 1314 Item
1877 1284 2010 1315 Ioannes
2042 1284 2208 1315 Bunderus
2238 1285 2271 1316 in
2299 1296 2359 1317 suo

1292 1327 1441 1358 codicum
1463 1337 1538 1358 mSS.
1563 1327 1663 1367 Belgii
1687 1334 1717 1358 et
1739 1327 1915 1358 vicinarum
1938 1328 2077 1368 partium
2104 1329 2206 1360 indice
2229 1330 2359 1361 adnotat

1291 1381 1382 1402 num.
1407 1372 1449 1413 67
1473 1378 1544 1402 tum
1567 1372 1752 1412 Moguntiae
1775 1372 1910 1403 exn'tisse
1934 1373 2073 1403 nomae
2093 1373 2263 1405 Sermones
2281 1384 2359 1415 qua-

1291 1416 1525 1457 dragesimales
1549 1426 1623 1447 cum
1646 1415 1708 1447 hoc
1730 1415 1833 1455 initio,
1852 1416 1893 1447 In
1913 1417 2022 1448 multis
2045 1425 2173 1447 eorum:
2191 1424 2261 1448 tum
2280 1418 2358 1448 alios

1290 1461 1376 1501 apud
1399 1460 1538 1491 Minores
1554 1460 1709 1491 adservari
1724 1460 1888 1499 Bruxellis,
1907 1460 2103 1501 incipientes,
2123 1462 2199 1492 Tria
2213 1467 2290 1492 sunt
2303 1462 2358 1492 ho—

1290 1506 1370 1535 mini
1401 1506 1584 1535 necessaria
1616 1504 1660 1535 ad
1690 1505 1838 1536 salutem.
1862 1505 1961 1546 Atqui
1984 1505 2095 1536 Sermo
2119 1505 2293 1545 incipiens,
2317 1506 2357 1536 In

1291 1549 1400 1580 multis
1423 1559 1545 1587 eorum,
1570 1559 1636 1579 non
1660 1555 1823 1589 comparet
1845 1549 1877 1579 in
1901 1549 2039 1580 editione
2062 1550 2218 1580 Romana:
2236 1550 2359 1590 aliaque

1290 1594 1383 1624 allata
1405 1594 1498 1624 verba
1522 1593 1595 1624 satis
1618 1593 1758 1624 indicant
1785 1593 1989 1634 Opusculum
2010 1594 2062 1624 De
2084 1594 2208 1624 duobus
2223 1604 2358 1634 praece-

1284 1639 1352 1678 ptis
1374 1638 1528 1668 caritatis.
1554 1637 1700 1668 Senensis
1724 1637 1860 1679 denique
1878 1638 2049 1676 Antonius,
2065 1637 2132 1668 imo
2149 1644 2179 1669 et
2194 1638 2304 1669 Petrus
2319 1638 2358 1669 de

1290 1682 1370 1712 Alva
1393 1691 1429 1712 ac
1452 1681 1548 1712 Index
1580 1681 1729 1712 codicum
1761 1692 1836 1712 mss.
1860 1682 1993 1722 Angliae
2016 1682 2187 1713 Sermones
2217 1682 2357 1713 referunt

1289 1725 1442 1767 Aquinati
1466 1726 1646 1757 attributos:
1671 1736 1812 1767 quorum
1834 1726 1886 1756 alii
1910 1726 2087 1767 discrepant
2104 1727 2143 1757 ab
2159 1726 2259 1758 editis:
2277 1736 2359 1758 num

1290 1770 1343 1800 alii
1367 1770 1566 1808 conveniant,
1591 1769 1771 1809 diligentius
1794 1771 1972 1811 perquirere
1995 1781 2062 1801 non
2084 1771 2166 1802 licet.
2186 1772 2258 1802 Hoc
2280 1781 2358 1802 vero

1291 1814 1329 1845 de
1353 1814 1611 1846 lucubrationum
1629 1823 1742 1854 genere
1765 1814 1848 1846 satis.
