2548 4192
202 303 247 327 LX

200 368 262 399 divi
286 367 430 398 Thomae
455 364 598 404 viguisse.
624 362 692 392 Hac
716 361 754 390 de
778 370 809 390 re
833 359 919 389 nulla
951 367 1025 388 cum
1049 354 1258 403 Disquisitore

200 410 427 448 controversia,
451 418 548 449 quam
572 404 807 446 diligentissime
831 408 994 443 exponunt
1025 409 1116 440 saepe
1140 398 1257 428 laudan

199 456 363 497 scriptores
388 461 417 484 et
436 452 623 484 confirmant
642 448 809 488 exemplis:
835 448 901 477 imo
924 445 972 475 vel
992 444 1151 483 hodieque
1171 442 1257 472 obla-

198 501 318 532 tionem
342 499 428 528 illam
451 497 483 527 in
506 505 601 526 usum
625 493 761 524 revocari
782 501 875 531 posse
902 490 1075 519 admonent
1098 487 1256 517 Thomas-

199 545 285 575 sinus
309 549 393 584 parte
419 542 445 579 1,
470 541 549 570 libro
574 539 630 576 ΙΙΙ,
655 537 748 568 citato
773 535 873 574 capite
896 543 988 569 tvm,
1008 542 1097 582 num.
1122 532 1137 561 5
1165 537 1195 560 et
1219 531 1256 567 6,

199 588 379 619 Franciscus
403 585 530 616 Suarius
555 590 644 613 tomo
674 582 712 611 111
741 580 778 610 de
805 578 986 617 Religione,
1015 576 1067 606 hb.
1090 575 1129 613 V,
1156 584 1222 624 ctap.
1246 584 1253 602 1

200 640 230 663 et
261 643 282 662 11
337 631 470 669 Prosper
502 628 667 667 Fagnanus
699 631 776 664 part.
807 623 832 652 11
866 621 935 651 libri
955 621 994 650 111
1024 619 1256 655 Decretahum,

201 687 266 716 cap.
295 655 330 705 [51¹
356 675 445 714 quis,
476 680 506 702 et
536 681 602 710 cap.
626 670 705 699 Cum
731 669 854 702 uirum,
882 665 921 695 de
948 663 1175 704 Regularibus.
1206 661 1257 691 Ad

200 720 328 750 huiusce
352 718 442 754 ritus,
469 726 506 746 eo
530 724 595 755 quo
625 712 687 742 divi
711 712 856 741 Thomae
881 715 978 739 aetate
1002 707 1126 747 vigebat
1156 705 1256 736 modo

200 774 234 794 ac
257 763 413 802 hodieque
436 760 468 790 in
492 768 586 789 usum
610 755 745 786 revocari
770 760 895 795 posset,
929 751 1174 792 splendidiorem
1207 759 1256 779 ex-

199 807 408 848 positionem,
441 803 620 834 addendum
645 807 708 830 est:
734 809 790 829 nec
814 796 1014 838 parentibus,
1039 795 1094 836 qui
1119 803 1255 844 puerum

199 853 267 882 Deo
291 849 386 880 semel
418 847 607 883 obtulerint,
631 845 788 884 integrum
821 841 957 881 amplius
981 849 1066 877 esse,
1092 845 1127 869 ut
1146 847 1256 888 ipsum

198 900 361 930 revocent;
386 902 488 932 neque
511 890 576 920 filio
601 888 756 929 impuberi
781 894 851 917 ante
875 895 975 915 annos
1000 884 1181 924 pubertatis,
1203 882 1255 911 ad-

198 939 259 969 huc
277 937 392 978 patriae
411 936 551 966 subiecto
572 933 727 974 potestati,
747 932 838 962 licere
853 939 1012 970 egressum
1031 927 1135 978 moliri
1155 937 1171 957 e
1187 936 1256 956 mo-

197 982 329 1013 nasterio
354 988 534 1020 vestemque
560 979 717 1018 deponere
741 986 838 1017 quam
857 974 959 1004 induit
979 983 1035 1013 pro
1055 982 1127 1022 iure·
1146 981 1255 1011 paren-

197 1034 274 1057 tum.
301 1027 344 1056 Ita
368 1035 441 1055 sane
464 1030 548 1055 tenet
571 1023 742 1062 docetque,
768 1028 972 1050 communem
997 1023 1183 1047 sententlam
1203 1015 1254 1045 de·

197 1071 332 1108 claraus,
357 1069 501 1100 laudatus
525 1067 652 1098 Suarius
676 1066 748 1096 loco
772 1065 881 1101 citato,
907 1062 1005 1102 capite
1030 1072 1058 1099 x,
1083 1070 1171 1091 num.
1199 1060 1253 1089 13:

199 1128 213 1142 ‹<
231 1114 434 1154 Interrogabit
466 1112 596 1152 aliquis,
631 1111 794 1150 inquiens,
827 1108 978 1149 quidnam
1003 1112 1150 1146 operetur
1179 1105 1254 1155 haec

199 1172 212 1186 »
235 1159 352 1189 oblatio
377 1158 456 1188 facta
478 1156 533 1187 filii
562 1155 651 1186 alicui
682 1151 845 1193 religioni?
874 1150 1065 1182 Communis
1090 1159 1254 1199 responsio

198 1216 212 1230 »
235 1209 281 1233 est
313 1203 505 1233 oblationem
538 1200 617 1230 hanc
647 1199 704 1230 tria
733 1197 863 1238 operari.
899 1196 1007 1226 Unum
1037 1201 1102 1231 est,
1127 1201 1162 1224 ut
1185 1194 1254 1224 talis

199 1247 316 1278 »licite
348 1247 446 1287 possit
479 1256 496 1276 a
529 1244 676 1284 religione
710 1242 803 1282 recipi
836 1251 870 1271 ac
903 1239 1035 1270 retineri.
1070 1239 1254 1269 Secundum

199 1305 212 1319 »
235 1299 291 1330 est,
316 1299 350 1322 ut
373 1298 459 1331 pater
482 1299 547 1319 non
571 1288 670 1328 possit
693 1286 828 1327 amplius
853 1285 897 1316 uti
919 1284 1017 1324 patria
1041 1290 1195 1324 potestate
1215 1283 1254 1312 ad

199 1349 212 1362 »
234 1337 445 1366 revocandum
469 1334 587 1370 filium,
616 1332 689 1373 quia
713 1331 775 1360 iam
799 1330 889 1360 cessit
911 1329 971 1359 iuri
995 1335 1074 1365 suo;
1099 1334 1130 1358 et
1153 1337 1253 1368 quan-

198 1394 211 1407 »
235 1387 304 1410 tum
336 1380 367 1410 in
392 1390 423 1409 se
447 1386 511 1415 est,
545 1377 750 1407 donationem
773 1374 827 1405 filii
858 1373 1000 1414 religioni
1031 1372 1122 1410 fecit,
1156 1382 1254 1413 quam

198 1437 211 1451 >›
234 1425 301 1465 ipsa
324 1424 501 1464 acceptavit.
536 1422 680 1452 Tertium
704 1427 768 1457 est,
798 1426 834 1449 ut
856 1428 958 1459 neque
991 1418 1058 1458 ipse
1082 1416 1177 1467 filius·
1198 1427 1255 1447 sua

198 1482 211 1496 »
235 1469 394 1499 voluntate
425 1467 526 1508 egredi
559 1465 658 1506 possit
681 1471 751 1495 ante
775 1473 875 1493 annos
907 1461 1098 1504 pubertatis:
1123 1472 1199 1503 quia
1222 1461 1254 1491 in

197 1527 211 1541 »
234 1514 285 1543 illa
308 1520 416 1551 aetate,
436 1523 500 1542 non
520 1518 584 1542 tarn
610 1520 665 1540 sua
689 1518 785 1550 quam
805 1507 899 1548 patris
919 1507 1081 1538 voluntate
1100 1506 1255 1547 regendus

198 1571 211 1585 >›
235 1565 298 1595 est;
323 1565 408 1597 pater
431 1563 535 1587 autem
560 1555 753 1585 voluntatem
778 1562 868 1583 suam
890 1552 922 1582 in
937 1551 1137 1592 Religionem
1157 1558 1254 1581 trans-

197 1616 210 1630 »
234 1603 313 1633 tulit.
333 1615 346 1629 »

259 1646 364 1687 Atqui>
380 1656 452 1676 vero
476 1644 541 1674 fieri
564 1650 686 1684 poterat
705 1641 807 1684 (quod
827 1648 990 1682 postremo
1015 1641 1088 1672 loco
1113 1640 1254 1671 animad-

193 1691 377 1722 vertendum
401 1689 463 1731 est)
489 1696 523 1719 ut
546 1687 691 1728 praedicti
716 1686 805 1727 pueri
829 1695 888 1726 pro
913 1692 1081 1726 parentum
1100 1691 1255 1726 potestate

193 1735 287 1766 oblati
311 1736 379 1765 Deo
399 1734 430 1764 in
456 1733 562 1774 aliquo
586 1731 753 1769 coenobio,
780 1730 911 1762 abiicere
936 1730 1100 1762 cucullum
1117 1730 1256 1771 'possent

193 1787 223 1811 et
241 1779 337 1810 redire
356 1779 394 1809 ad
414 1778 574 1808 saeculum
598 1776 675 1806 infra
695 1776 867 1816 pubertatis
887 1785 1000 1813 annos,
1020 1775 1091 1816 ipso
1111 1774 1256 1806 videlicet

193 1823 402 1860 monasterio,
437 1830 490 1853 aut
513 1821 693 1852 monasterii
717 1821 839 1851 Abbate
873 1830 928 1850 seu
958 1820 1101 1850 Praelato
1126 1819 1255 1850 cedente

191 1869 250 1899 iuri
273 1868 360 1909 quod
385 1867 596 1908 acquisiverat.
622 1866 702 1896 Rem
726 1875 782 1905 per
805 1874 872 1895 sese
896 1871 1008 1895 notam
1029 1864 1159 1905 exponit
1178 1864 1255 1895 Sua-

192 1913 254 1943 rius
277 1913 349 1943 loco
374 1912 484 1943 citato:
510 1911 551 1942 Et
575 1911 664 1948 ideo,
689 1909 856 1950 inquiens,
884 1910 955 1940 sine
982 1909 1151 1951 religionis
1181 1919 1255 1940 con-

191 1967 285 1988 sensu
305 1958 393 1987 exire
412 1966 473 1987 non
490 1961 594 1996 potest
612 1954 705 1997 (puer
724 1954 864 1996 oblatus)
885 1953 975 1994 insra
996 1954 1084 1985 illam
1105 1959 1254 1992 aetatem,

191 2003 335 2043 quamvis
357 2002 396 2032 ab
420 2002 487 2041 ipsa
511 2001 668 2041 religione
692 2000 795 2039 possit
825 1999 944 2039 expelli
973 1999 1068 2030 etiam
1092 2004 1169 2030 ante
1192 2008 1255 2039 pu-

191 2047 361 2083 bertatem,
386 2047 414 2076 si
437 2047 480 2076 ita
503 2045 562 2076 sibi
585 2044 735 2085 expedire
767 2045 947 2081 censuerit,
981 2045 1058 2084 quia
1076 2053 1141 2084 pro
1166 2043 1256 2074 nullo

191 2097 329 2131 tempore
359 2100 394 2120 se
425 2090 578 2131 obligavit
609 2089 652 2119 ad
684 2088 886 2119 retinendum
922 2088 1024 2119 illum.
1059 2088 1148 2118 Paria
1182 2094 1256 2118 sunt

192 2135 315 2166 loannis
347 2134 540 2165 Caramuelis
563 2134 676 2170 verba,
709 2143 790 2174 quae
824 2133 925 2174 capite
949 2143 975 2170 1,
1002 2143 1091 2164 num.
1112 2142 1134 2173 4
1164 2132 1257 2163 allata

191 2186 281 2210 sunt:
315 2180 547 2210 Monasterium
580 2178 708 2209 devotos
735 2187 858 2218 pueros
883 2179 991 2218 potuit
1023 2177 1184 2208 dimittere
1207 2177 1259 2208 vel

191 2229 282 2262 ante,
308 2224 357 2254 vel
373 2229 448 2264 post
465 2223 645 2264 pubertatis
668 2232 781 2253 annos.
806 2222 992 2253 silvestrum
1016 2222 1141 2260 laudat,
1166 2221 1257 2253 cuius

191 2268 265 2299 haec
284 2269 414 2299 demum
434 2268 532 2299 refero
547 2278 616 2298 voc.
634 2267 767 2307 Religio,
784 2278 804 2297 ιι
819 2274 939 2308 quaest.
956 2277 996 2298 xi.
1013 2267 1255 2298 Advertendum

191 2318 253 2350 est,
278 2313 362 2353 quod
385 2323 442 2343 nec
461 2318 574 2353 pater,
606 2322 663 2343 nec
691 2317 793 2350 tutor,
825 2321 883 2343 nec
911 2313 1083 2353 magister,
1112 2321 1171 2342 nec
1188 2312 1256 2352 qui-

192 2367 324 2398 cumque
346 2358 430 2388 alius
453 2362 577 2394 custos,
604 2362 708 2398 potest
733 2357 925 2397 impuberem
955 2356 995 2387 de
1018 2356 1178 2398 religione
1201 2365 1256 2387 ex-

192 2403 319 2432 trahere
336 2403 470 2442 propria
494 2402 703 2439 authoritate,
735 2402 801 2432 sive
825 2411 867 2432 ex
897 2406 968 2432 voto
991 2402 1060 2432 sive
1086 2402 1157 2432 sine
1186 2405 1257 2432 voto

193 2447 377 2477 intraverit:
403 2446 459 2476 sed
482 2446 675 2477 authoritate
698 2446 841 2476 habentis
863 2451 1053 2486 potestatem
1083 2447 1115 2476 in
1145 2455 1256 2476 mona-

190 2491 296 2521 sterio.

256 2534 380 2572 Quibus
404 2534 591 2575 praemissis,
616 2534 679 2564 iam
703 2535 774 2565 dare
799 2535 860 2566 hoc
883 2535 956 2566 loco
981 2535 1081 2573 liceat,
1107 2534 1256 2566 Thomae

191 2579 355 2620 Aquinatis
375 2586 516 2619 parentes
536 2587 593 2619 pro
614 2579 679 2609 iure
698 2579 814 2619 patriae
834 2580 997 2620 potestatis
1017 2580 1123 2621 ipsum
1148 2579 1256 2611 Casini

191 2623 340 2654 obtulisse
368 2623 437 2654 Deo
468 2624 526 2654 sub
550 2623 655 2663 regula
686 2624 782 2654 sancti
806 2624 975 2656 Benedicti.
1008 2625 1130 2656 Demus
1161 2624 1256 2655 etiam

191 2675 284 2709 atque
319 2667 490 2705 fateamur,
526 2668 653 2698 eosdem
689 2668 835 2699 Thomae
866 2677 1010 2709 parentes
1027 2692 1035 2707 ,
1067 2669 1092 2700 si
1124 2669 1256 2711 quidem

191 2713 297 2752 ipsum
312 2712 380 2743 Deo
405 2722 460 2753 per
483 2712 678 2743 oblationem
693 2713 886 2751 devoverint,
902 2724 967 2744 non
987 2714 1125 2755 amplius
1149 2714 1255 2755 ipsum

192 2766 335 2787 revocare
358 2757 515 2797 potuisse:
540 2767 642 2798 neque
662 2757 720 2798 ipsi
745 2757 891 2789 Thomae
910 2759 990 2789 infra
1009 2758 1182 2799 pubertatis
1201 2768 1256 2789 an-

192 2811 250 2831 nos
281 2801 383 2841 egredi
414 2801 605 2832 monasterio
630 2812 685 2832 sua
716 2802 878 2834 voluntate
901 2803 1035 2834 licuisse.
1060 2805 1103 2834 At
1133 2803 1256 2835 contin-

191 2855 261 2885 gere
280 2853 384 2876 tamen
405 2846 509 2886 potuit
527 2844 629 2888 (quod
654 2846 781 2877 inficiari
802 2847 911 2889 nequit
926 2847 1132 2891 Disquisitor)
1156 2848 1256 2889 ipsius

193 2890 338 2920 Thomae
362 2900 502 2930 egressus
526 2900 542 2921 e
567 2891 776 2929 monasterio;
801 2892 864 2923 sive
888 2892 1020 2924 demum
1039 2893 1090 2924 ille
1110 2893 1255 2934 puberta-

190 2941 254 2964 tem
277 2935 408 2974 adeptus
439 2945 497 2975 pro
528 2934 673 2966 facultate
700 2945 784 2966 novo
813 2937 880 2967 iure
910 2937 1057 2975 inducta,
1089 2937 1257 2978 expediens

190 2978 370 3009 iudicaverit
402 2979 440 3009 ad
471 2979 633 3010 saeculum
662 2988 821 3018 remeare;
855 2982 918 3012 sive
950 2989 985 3013 ut
1015 2993 1031 3013 e
1062 2982 1256 3013 monasterio

192 3023 386 3062 egrederetur
404 3023 483 3053 infra
507 3023 601 3054 etiam
620 3025 790 3064 pubertatis
811 3036 922 3064 annos,
947 3027 1125 3068 iterumque
1145 3027 1258 3058 rediret

191 3066 223 3096 in
247 3067 378 3106 patriam
401 3075 604 3108 potestatem,
629 3070 795 3109 expediens
824 3070 946 3102 duxerit
969 3070 1150 3102 Casinensis
1174 3071 1256 3103 Coe-

194 3110 280 3140 nobii
303 3111 417 3142 Abbas.
448 3112 605 3143 Neutrum
635 3113 819 3154 contigisse,
848 3115 957 3146 validis
981 3116 1174 3156 argumentis
1205 3116 1257 3147 de-

194 3155 434 3186 monstrandum
457 3155 552 3194 foret,
572 3164 607 3187 ut
630 3158 837 3189 monachatus
861 3155 923 3190 divi
946 3160 1093 3191 Thomae
1112 3167 1167 3191 aut
1189 3161 1257 3191 reli-

193 3198 281 3238 giosa
294 3205 370 3229 voto
390 3199 522 3230 solemni
538 3201 576 3231 ab
595 3201 664 3241 ipso
685 3210 866 3243 nuncupata
885 3204 1039 3244 professio
1054 3204 1256 3236 evinceretur.

260 3243 311 3273 Ad
328 3245 604 3284 praesumptiones
632 3252 662 3276 et
686 3246 725 3276 ad
753 3255 937 3287 argumenta
959 3249 1122 3282 decentiae
1146 3249 1257 3281 confu-

194 3286 238 3327 git
261 3286 460 3328 Disquisitor,
492 3295 527 3319 ut
549 3289 751 3330 Aquinatem,
776 3292 947 3332 pubertatis
971 3303 1071 3324 annos
1095 3293 1258 3335 adeptum,

194 3331 338 3362 ostendat
360 3332 554 3363 oblationem
577 3343 595 3363 a
618 3335 797 3374 parentibus
821 3337 860 3367 de
884 3346 916 3367 se
940 3336 1054 3368 factam
1077 3338 1158 3369 votis
1178 3348 1259 3370 nun-

195 3375 314 3415 cupatis
338 3382 436 3406 ratam
455 3376 616 3408 habuisse:
641 3388 676 3409 ac
699 3379 724 3409 si
743 3387 865 3411 certum
884 3388 1148 3424 compertumque
1168 3382 1259 3421 foret,

196 3419 252 3449 sub
276 3420 449 3451 monastica
472 3421 748 3454 Benedictinorum
771 3424 935 3466 disciplina
958 3426 1064 3468 ipsum
1088 3427 1126 3457 ad
1146 3427 1260 3468 puber-

196 3469 291 3493 tatem
314 3474 414 3505 usque
437 3472 594 3496 versatum
625 3476 706 3505 esse,
736 3478 838 3510 neque
867 3469 1033 3501 dimissum
1057 3481 1074 3501 e
1102 3471 1260 3503 coenobio

197 3506 276 3537 infra
298 3509 466 3547 pubertatis
490 3519 600 3548 annOS,
625 3511 684 3542 iuri
708 3513 836 3544 cedente
860 3514 992 3552 Abbate,
1017 3515 1042 3546 si
1061 3516 1150 3556 quod
1173 3515 1206 3546 in
1225 3515 1260 3547 il-

198 3550 266 3580 lum
280 3552 491 3592 acquisiverat.
503 3554 553 3584 Ad
567 3563 750 3595 argumenta
759 3559 1032 3599 praesumptionis
1045 3567 1085 3590 ac
1098 3559 1262 3592 decentiae

199 3594 287 3634 qu‘od
310 3595 427 3634 attinet,
457 3607 493 3627 ea
523 3598 653 3629 demum
676 3600 716 3630 ad
738 3600 771 3630 id
794 3610 897 3632 unum
920 3603 1105 3643 rediguntur
1134 3600 1260 3635 omnia:

200 3637 316 3668 Filium
336 3648 410 3670 vere
423 3642 513 3680 pium
533 3651 572 3672 ac
590 3643 775 3683 religiosum
797 3645 876 3676 nihil
894 3647 1000 3687 magis
1021 3647 1144 3684 decere,
1164 3657 1260 3688 quam

926 275 1383 316 DISSERTATIONES
1414 274 1660 310 CRITICAE

1317 357 1502 392 conceptum
1527 351 1566 382 de
1593 361 1628 381 se
1652 356 1828 391 parentum
1862 355 1969 380 votum
2001 349 2145 389 implere,
2172 359 2235 381 non
2267 352 2396 382 irritum

1308 396 1438 437 facere,
1470 397 1532 426 nisi
1559 405 1664 436 grave
1687 394 1768 425 obsit
1798 394 2071 434 impedimentum,
2098 394 2184 435 quod
2207 395 2332 436 nullum
2364 397 2397 426 in

1323 441 1441 470 Roma
1461 439 1661 470 adolescente
1677 439 1880 469 sanctissimo
1902 443 1932 468 et
1947 439 2104 475 asceticae
2126 439 2212 479 vitae
2226 438 2398 483 candidato

1317 484 1559 524 religiosissimo
1582 482 1851 523 deprehenditur:
1875 492 1910 512 ac
1934 492 2009 512 sane
2033 477 2073 513 de
2090 481 2239 524 piissimo
2267 480 2345 517 tunc
2368 490 2399 516 et

1317 528 1558 568 religiosissimo
1582 527 1783 557 adolescente
1805 527 1936 566 opinari
1959 526 2053 567 nefas
2072 537 2151 566 esse,
2178 538 2250 559 eum
2275 527 2398 560 abiecto

1317 572 1442 602 cucullo
1466 571 1510 602 ad
1531 571 1696 602 saeculum
1722 570 1863 601 rediisse.
1889 570 2035 602 Nimium
2055 571 2150 602 exiles
2174 573 2246 614 quis
2266 583 2332 604 non
2352 573 2396 604 vi-

1317 616 1387 646 deat
1410 615 1595 646 huiusmodi
1620 615 1896 655 praesumptiones
1920 623 1951 646 et
1970 614 2187 647 coniecturas?
2211 617 2396 657 Solidiores,

1316 660 1526 700 melioresque
1541 666 1666 699 praesto
1682 659 1797 697 forent,
1808 670 1891 700 quae
1906 661 2142 692 decentissimas
2159 661 2296 693 rationes
2311 661 2395 694 exhi-

1315 705 1442 741 berent,
1467 703 1583 744 quibus
1617 704 1800 734 adolescens
1834 704 1979 736 Thomas
2011 713 2198 746 permotus,
2228 707 2395 748 expediens

1315 747 1497 778 iudicaverit
1521 748 1686 778 Casinensi
1717 749 1912 780 Monasterio
1945 750 2049 790 egredi
2074 761 2109 781 ac
2134 750 2233 782 redire
2257 751 2297 782 ad
2328 762 2393 782 sae—

1316 792 1436 830 culum,
1453 793 1593 832 supremi
1604 793 1753 823 Numinis
1769 793 2031 825 illustrationibus
2046 795 2293 836 praeparandus,
2304 795 2395 837 quod

1315 837 1411 866 aliter
1433 837 1473 867 de
1496 837 1564 877 ipso
1583 838 1809 875 ordinaverat,
1833 839 1909 879 quia
1929 840 1991 870 erit
2006 839 2124 880 frater
2142 839 2276 871 Ordinis
2293 840 2394 871 Prae-

1289 884 1292 887 *
1314 881 1506 918 dicatorum,
1533 889 1567 912 ut
1586 881 1771 922 prophetice
1795 882 1993 922 praedictum
2011 883 2123 915 fuerat.
2144 885 2266 922 Quidni
2279 884 2393 923 etiam,

1315 935 1388 955 cum
1413 925 1516 956 eidem
1535 933 1705 966 parentum
1724 927 1856 958 consilia
1875 934 1906 958 et
1924 928 2175 960 machinationes
2194 930 2233 960 de
2254 929 2395 961 Casinati

1314 969 1448 1000 Abbatia
1467 970 1694 1009 suboluissent,
1718 972 1757 1002 ab
1777 972 1866 1002 omni
1892 982 2018 1013 semper
2036 972 2200 1004 honorum
2219 984 2275 1014 spe
2299 981 2395 1015 atque

1313 1013 1435 1044 ambitu
1455 1014 1661 1054 alienissimo,
1678 1023 1713 1047 ut
1732 1016 1775 1047 ait
1789 1017 2103 1048 Marcus-Antonius
2123 1018 2242 1059 Scipio,
2262 1018 2394 1049 abiicere

1313 1058 1477 1089 cucullum
1500 1060 1637 1091 voluerit
1667 1061 1939 1103 cogitationesque
1968 1072 2041 1093 suas
2065 1062 2104 1093 ad
2129 1062 2215 1094 aliud
2238 1063 2320 1094 vitae
2343 1073 2396 1104 ge-

1313 1113 1373 1133 nus
1397 1104 1656 1144 amplectendum
1687 1113 1879 1144 convertere,
1910 1106 1942 1137 in
1973 1117 2040 1148 quo
2065 1114 2173 1147 posset
2203 1107 2395 1148 dignitatum

1312 1147 1446 1188 insignia
1470 1159 1505 1179 ac
1524 1149 1634 1180 titulos
1654 1160 1766 1181 omnes
1791 1150 1912 1182 facilius
1937 1161 1972 1182 ac
1990 1151 2186 1192 probabilius
2209 1152 2242 1183 in
2262 1162 2395 1184 omnem

1311 1192 1410 1222 vitam
1443 1192 1618 1225 declinare?
1653 1195 1722 1235 lpse
1756 1195 1888 1226 demum
1921 1196 2092 1227 Caramuel
2122 1197 2299 1228 audiendus
2330 1203 2393 1229 est:

1312 1237 1367 1268 Sic
1388 1237 1483 1269 divus
1520 1239 1674 1277 77zomas,
1706 1239 1873 1281 inquiens,
1903 1241 2085 1272 studiorum
2119 1251 2220 1272 causa
2250 1242 2394 1283 legitime

1306 1283 1425 1322 potuit,
1451 1284 1515 1314 imo
1538 1284 1646 1315 debuit
1663 1284 1839 1322 discedere,
1866 1295 1929 1316 non
1949 1285 2095 1317 obstante
2107 1291 2284 1326 parentum
2304 1285 2392 1317 obla—

1312 1327 1416 1358 tione:
1438 1329 1514 1368 quia
1533 1329 1693 1370 Angelica
1712 1329 1770 1360 illa
1790 1339 1890 1368 mens,
1911 1331 2079 1371 magistris
2096 1331 2166 1362 suis
2183 1331 2319 1366 doctior.
2338 1331 2393 1362 de·

1312 1370 1403 1402 bebat
1419 1372 1561 1413 publicis
1584 1374 1848 1405 universitatibus
1871 1384 1940 1406 esse
1962 1375 2173 1406 admirationi
2196 1381 2227 1406 et
2249 1374 2389 1413 mundo,

1313 1417 1521 1457 magisterio:
1550 1427 1635 1459 quae
1656 1419 1686 1449 si
1709 1419 1741 1449 in
1775 1418 1946 1450 Casinensi
1973 1420 2175 1451 Monasterio
2206 1421 2393 1458 mansisset,

1303 1459 1428 1501 suisset
1451 1463 1559 1493 minus
1582 1463 1669 1494 culta
1701 1469 1732 1494 et
1759 1465 1854 1504 quasi
1877 1463 2084 1503 absconditas
2113 1470 2302 1506 careretque
2330 1465 2394 1496 Ec-

1312 1505 1409 1536 clesia
1434 1507 1711 1539 excellentissimis
1729 1508 1830 1546 libris,
1855 1518 1936 1550 quos
1948 1514 2107 1550 perpetuo
2130 1510 2228 1540 choro
2246 1508 2395 1541 addictus

1312 1550 1452 1581 scribere
1485 1561 1548 1582 non
1576 1553 1745 1592 potuisset.
1779 1553 1839 1584 Est
1872 1554 1957 1584 ratio
1991 1553 2176 1595 manifesta,
2211 1555 2288 1595 quia
2321 1554 2395 1594 licet

1316 1594 1509 1626 Casinenses
1525 1606 1591 1637 pro
1615 1602 1758 1638 tempore
1780 1597 1934 1629 haberent
1965 1598 2165 1630 doctissimos
2189 1599 2294 1637 viros,
2325 1597 2397 1640 Do—>

1313 1641 1410 1670 ctoris
1433 1641 1517 1671 tanti
1539 1642 1707 1683 ingenium
1732 1642 1898 1684 indigebat
1921 1642 2120 1684 expeditiore
2139 1649 2290 1684 tempore.
2314 1642 2394 1674 Pm-

1306 1689 1422 1725 pterea
1453 1686 1536 1716 iuste
1565 1691 1596 1717 et
1627 1687 1770 1728 legitime
1800 1687 1861 1728 ipsi
1889 1698 1910 1718 a
1942 1687 2172 1719 Casinensibus
2195 1697 2394 1728 persuasum

1311 1739 1398 1767 reor,
1415 1735 1450 1761 ut
1465 1731 1626 1762 excoleret
1645 1732 1812 1773 ingenium
1833 1732 1982 1773 Neapoli,
2008 1738 2039 1764 et
2057 1733 2213 1764 transiret
2231 1732 2276 1764 ad
2292 1729 2393 1771 Prae-

1310 1774 1491 1812 dicatores,
1526 1775 1580 1806 ubi
1603 1776 1718 1806 melius
1747 1776 1836 1814 Deo,
1870 1777 2036 1808 Ecclesiae
2058 1782 2089 1808 et
2117 1777 2239 1818 populo
2269 1776 2400 1809 servire⁴

1305 1824 1423 1859 posset.
1449 1820 1685 1851 Monasterium
1714 1820 1844 1852 devotos
1868 1831 1992 1862 pueros
2009 1822 2118 1862 potuit
2139 1822 2311 1860 dimittere,
2343 1819 2396 1857 rel

1310 1869 1386 1894 ante
1405 1864 1456 1895 vel
1468 1869 1544 1905 post
1556 1865 1739 1906 pubertatis
1757 1875 1872 1904 annos,
1895 1871 1930 1897 ut
1948 1867 2044 1897 etiam
2068 1866 2225 1908 quoslibet
2245 1862 2391 1898 novitios.

1380 1908 1432 1940 lv.
1458 1909 1570 1950 Reque
1598 1909 1667 1951 ipsa
1698 1910 1867 1942 dimissum
1891 1921 1907 1941 e
1931 1910 2090 1942 coenobio
2121 1910 2302 1950 Thomam,
2331 1909 2394 1942 iuri

1311 1963 1370 1983 suo
1395 1953 1524 1985 cedente
1548 1954 1682 1994 Abhinc,
1707 1955 1940 1997 dimissumque
1972 1955 2053 1986 infra
2076 1953 2250 1997 pubertatis
2278 1965 2393 1995 annos,

1311 1997 1459 2029 historica
1483 1999 1677 2030 documenta
1700 1999 1834 2031 demum
1857 2010 1924 2030 non
1948 2000 2082 2037 desunt,
2106 2010 2189 2042 quae
2213 2000 2287 2032 satis
2310 1999 2391 2038 indi-

1311 2052 1380 2073 care
1403 2042 1560 2074 videntur.
1586 2044 1717 2075 Testem
1741 2043 1837 2075 affero
1861 2044 2072 2076 Guillelmum
2095 2045 2135 2076 de
2154 2045 2278 2085 Tocco,
2302 2043 2403 2084 cuius,

1312 2087 1388 2118 haec
1418 2088 1512 2119 verba
1536 2095 1611 2119 sunt
1634 2088 1666 2119 in
1691 2089 1835 2120 eiusdem
1858 2089 1947 2127 Vita,
1972 2089 2074 2131 capite
2098 2097 2122 2120 1:
2147 2089 2254 2121 Abbas
2280 2087 2388 2122 autem

1306 2132 1469 2173 praedicti
1498 2133 1693 2164 Monasterii
1716 2133 1893 2175 providus,
1918 2144 1991 2165 cum
2015 2134 2199 2166 adverteret
2229 2135 2262 2166 in
2287 2143 2395 2176 puero

1312 2181 1377 2207 tam
1402 2182 1542 2208 certaret
1561 2183 1691 2209 matura
1705 2178 1851 2220 suturae
1867 2178 2082 2220 perfectionis
2105 2178 2270 2211 indicia...
2295 2175 2395 2211 alvo-

1313 2226 1385 2252 cato
1409 2222 1537 2253 domino
1557 2223 1765 2264 landulpho,
1785 2228 1884 2264 patre
1900 2223 2064 2265 praedicti
2080 2225 2199 2265 pueri,
2225 2225 2256 2256 ei
2278 2233 2399 2269 ωηατ,

1313 2266 1373 2297 luit
1397 2271 1433 2298 ut
1449 2277 1537 2308 puer
1560 2268 1743 2299 mitteretur
1765 2268 1935 2309 Neapolim
1959 2268 2004 2300 ad
2025 2267 2232 2307 studendum,
2252 2268 2308 2300 ubi
2323 2273 2400 2315 stu·⁸

1312 2311 1392 2342 dens
1415 2312 1569 2352 inciperet
1599 2311 1768 2344 addiscere
1797 2323 1881 2354 quae
1903 2313 1995 2344 Deus
2018 2318 2063 2344 tot
2086 2313 2214 2345 indiciis
2243 2310 2394 2355 coeperat

1311 2355 1557 2388 demonstrare:
1588 2356 1674 2388 unde
1701 2367 1787 2398 puer
1818 2357 1859 2389 de
1887 2359 2057 2399 utriusque
2080 2359 2231 2399 parentis
2261 2354 2394 2394 consilio⁴

1312 2400 1481 2442 Neapolim
1502 2402 1649 2433 mittitur.
1674 2402 1762 2440 Quid
1786 2402 1868 2434 ultra
1887 2399 2075 2444 requiritur?
2099 2402 2132 2434 si
2150 2402 2242 2444 quod
2259 2401 2294 2435 in
2316 2411 2395 2444 puer·

1312 2444 1421 2476 rulurn
1450 2445 1615 2477 Thomam
1646 2456 1683 2477 ex
1713 2446 1876 2478 oblatione
1906 2453 2076 2488 parentum
2106 2447 2156 2479 ius
2187 2444 2396 2489 acquisiverat

1311 2490 1419 2521 Abbas
1442 2490 1635 2529 Casinensis,
1661 2491 1745 2522 ultro
1769 2491 1851 2523 cedit
1874 2491 1938 2530 ille,
1962 2501 2066 2523 carere
2096 2491 2298 2524 consentiens
2327 2497 2394 2530 tam

1312 2534 1396 2566 claro
1420 2544 1533 2576 puero,
1559 2542 1594 2566 ut
1617 2535 1761 2567 eiusdem
1785 2536 1817 2567 in
1842 2535 1979 2568 scientiis
2009 2536 2165 2578 profectui
2197 2534 2392 2574 consulent:

1312 2579 1511 2622 consilioque
1535 2590 1596 2611 suo
1626 2587 1749 2621 patrem
1777 2580 1947 2622 permovit,
1972 2588 2008 2612 ut
2038 2581 2140 2620 omni,
2165 2581 2191 2612 si
2214 2591 2280 2623 qua
2303 2587 2394 2626 *tene-

1312 2630 1407 2663 retur,
1432 2623 1615 2656 difficultate
1640 2632 1821 2664 summota,
1845 2625 1950 2657 filium
1974 2626 2013 2657 de
2037 2625 2196 2658 coenobio
2225 2625 2395 2661 dimissum

1311 2668 1462 2710 reciperet
1493 2669 1693 2711 mitteretque
1724 2669 1895 2711 Neapolim
1923 2670 1968 2702 ad
1997 2670 2202 2703 studendum.
2228 2670 2264 2702 ld
2293 2669 2394 2712 conti·

1311 2713 1393 2754 gisse
1416 2723 1492 2745 vero
1516 2713 1597 2745 infra
1626 2714 1800 2756 pubertatis
1823 2714 1972 2746 Thomae
2000 2725 2102 2746 annos
2126 2714 2286 2756 praedicta
2304 2712 2394 2756 Glffl·

1311 2757 1399 2789 lelmi
1413 2759 1518 2797 verba,
1533 2768 1655 2800 quaeve
1670 2759 1884 2800 praemiserat,
1899 2769 2030 2800 prorsus
2045 2759 2204 2791 evincunt.
2220 2759 2276 2792 Ait
2289 2757 2393 2793 euim:

1315 2816 1329 2830 α
1351 2803 1515 2834 Paruulus
1538 2802 1698 2846 (Thomas
1722 2803 1830 2835 Casini
1855 2802 2018 2847 exceptus)
2046 2814 2064 2835 a
2088 2803 2246 2835 nobilium
2277 2801 2394 2849 puem-

1315 2861 1328 2874 »
1352 2857 1425 2879 rum
1439 2847 1602 2880 consortio
1622 2858 1654 2879 se
1670 2847 1866 2890 frequentius
1884 2848 2084 2881 absentabat:
2109 2848 2228 2880 habens
2246 2847 2280 2879 in
2294 2845 2393 2880 manu

1315 2905 1328 2919 ιο
1353 2892 1540 2931 chartulam,
1565 2892 1783 2924 continentem
1802 2893 1835 2924 in
1859 2892 2020 2934 scripturis
2039 2892 2142 2934 prima
2161 2892 2394 2937 addiscendum

1316 2949 1329 2963 »
1352 2937 1485 2978 puerilia
1518 2937 1708 2969 rudimenta.
1742 2937 1818 2969 Erat
1849 2944 1958 2970 autem
1990 2937 2169 2979 praedictus
2195 2947 2298 2979 puer,
2329 2947 2393 2977 non

1316 2995 1329 3008 »
1354 2981 1458 3013 verbis
1479 2983 1652 3024 garrulus,
1672 2982 1730 3014 sed
1751 2981 1903 3014 meditari
1926 2983 2014 3014 intra
2036 2992 2072 3014 se
2095 2983 2159 3013 iam
2175 2982 2332 3024 incipiens
2344 2987 2394 3015 ta—

1316 3040 1329 3053 »
1353 3027 1530 3058 citurnus..
1543 3050 1550 3058 .
1573 3032 1608 3058 ut
1631 3027 1695 3058 iam
1720 3028 1753 3058 in
1778 3037 1815 3059 eo
1838 3027 1959 3059 novitia
1982 3032 2074 3058 aetas
2097 3026 2289 3066 ostenderet,
2310 3036 2396 3070 quae

1316 3084 1329 3097 ›
1347 3071 1552 3112 postmodum
1570 3077 1727 3114 provecta
1750 3076 1957 3103 monstraret.
1976 3071 2083 3103 Abbas
2105 3077 2213 3103 autem
2231 3068 2397 3113 praedicet

1317 3129 1329 3143 »
1353 3116 1548 3148 Monasterii
1578 3122 1636 3148 etc.
1656 3129 1669 3144 »
1697 3115 1824 3154 Quibus
1854 3115 1947 3157 plura
1977 3115 2093 3148 dantur
2120 3115 2236 3148 indicia
2258 3114 2399 3156 tendite(

1313 3160 1421 3192 aetatis
1441 3170 1480 3192 eo
1499 3167 1570 3192 toto
1589 3167 1745 3202 tempore,
1765 3170 1832 3203 quo
1852 3159 1961 3192 Casini
1980 3170 2106 3192 moram
2125 3160 2216 3192 traxit
2236 3160 2394 3200 Thomae,

1313 3215 1419 3246 quove
1443 3205 1563 3237 Casino
1595 3205 1736 3237 discessit
1763 3215 1799 3237 ac
1822 3205 1994 3247 Neapolim
2017 3205 2179 3247 profectus
2203 3212 2259 3237 est.
2288 3203 2395 3238 Habe-

1314 3259 1386 3280 mus
1404 3250 1582 3291 parvulum
1606 3249 1772 3282 Thomam
1795 3250 1854 3281 sub
1878 3249 2045 3282 monachis
2068 3249 2302 3282 institutoribus
2322 3258 2407 3296 ως,

1314 3304 1387 3325 rum
1409 3294 1572 3326 sanctitate
1595 3295 1628 3326 in
1653 3294 1720 3326 dies
1743 3301 1898 3333 crescere;
1929 3294 1993 3326 iam
2010 3295 2130 3336 primis
2159 3290 2406 3342 addiscentipm.

1308 3339 1491 3379 puerilibus
1514 3339 1706 3371 rudimentis
1728 3338 1872 3381 apprime
1895 3339 2086 3371 instructum
2109 3345 2278 3381 apparere;
2301 3347 2338 3374 ac
2355 3335 2393 3385 'in

1315 3384 1435 3415 novitia
1466 3383 1554 3416 illius
1583 3388 1690 3418 aetate
1719 3383 1951 3425 fulgentissima
1981 3383 2152 3416 sanctitatis
2182 3393 2219 3416 ac
2246 3380 2394 3416 scientiae

1314 3427 1438 3459 futurae
1462 3429 1550 3470 signa
1570 3428 1695 3460 micare.
1721 3429 1886 3460 Habemus
1905 3429 2013 3467 etiam,
2033 3427 2206 3470 providum
2223 3426 2398 3466 Abbatetu,¹

1315 3472 1618 3505 animadvertentem
1648 3474 1681 3504 in
1706 3483 1813 3515 puero
1845 3480 1913 3505 tam
1935 3480 2018 3506 certa
2041 3471 2166 3504 futurae
2188 3469 2391 3514 perfectionis

1316 3516 1441 3559 indicia,
1461 3517 1655 3559 Landulpho
1675 3517 1754 3560 patri
1768 3517 1932 3560 praedicti
1947 3516 2048 3560 pueri
2065 3514 2237 3550 consilium
2255 3514 2391 3563 dedisse,

1316 3567 1351 3592 ut
1383 3561 1553 3602 Neapolim
1583 3561 1759 3594 mitteretur
1789 3562 1875 3594 idem
1898 3572 1998 3604 puer*
2015 3561 2171 3594 Thomas.
2201 3560 2294 3598 Quae
2376 3569 2408 3605 ⁸«

1316 3605 1425 3636 omnia
1448 3616 1609 3647 egressum
1633 3604 1782 3638 Thomae
1796 3617 1813 3638 e
1837 3604 2008 3639 Coenobio
2032 3604 2198 3652 Catinensi
2221 3605 2254 3637 in
2278 3611 2350 3636 tene
2375 3614 2392 3635 ι

1317 3655 1416 3680 aetate
1439 3649 1519 3681 infra
1543 3651 1715 3691 pubertatis
1739 3661 1841 3682 annos
1865 3650 1988 3692 egregie
2011 3650 2157 3692 probunt.
