2548 4192
154 270 271 296 CLXXII

154 348 244 369 nasse
267 349 343 369 vero
368 339 552 369 earumdem
576 338 810 369 Sententiarum
840 338 957 368 librum
986 338 1147 378 primum,
1172 338 1227 368 sed

154 383 235 413 hanc
254 383 340 413 malo
356 383 421 413 fato
437 383 691 423 explanationem
715 382 852 422 periisse.
872 382 1150 412 Commentarium
1165 382 1227 422 pri-

154 438 247 459 mum
270 435 409 459 recenset
438 428 615 458 Bernardus
645 427 805 458 Guidonis
836 428 939 467 deque
968 427 1066 456 altero
1098 427 1225 467 incepto

154 472 198 503 sic
226 473 336 503 habet:
369 472 513 512 Cumque
540 477 615 512 post
650 477 716 501 tres
747 480 851 501 annos
882 472 934 500 sui
959 472 1142 511 magisterii
1174 481 1224 501 re-

153 518 263 548 diisset
286 519 318 547 in
343 517 472 547 Italiam
494 522 634 556 tempore
653 516 776 545 Urbani
791 516 916 554 Papae,
942 516 1083 545 existens
1103 516 1226 546 Romae

153 563 282 602 scripsit
296 563 411 592 iterum
431 562 584 600 scriptum
603 570 701 599 super
709 560 852 599 primum
873 559 1125 596 Sententiarum,
1142 561 1226 590 sicut

154 612 293 637 testatur
316 607 347 636 in
376 615 436 635 sua
464 605 623 635 Chronica
637 603 691 644 fr.
714 604 917 633 Ptolomaeus
940 603 1119 644 Episcopus
1146 605 1224 634 Tor-

154 652 314 687 cellanus,
345 651 400 690 qui
423 649 598 688 discipulus
622 653 652 678 et
681 647 813 677 auditor
825 646 918 687 fuit,
943 657 1093 678 asserens
1121 658 1156 678 se
1180 650 1224 678 vi·
1260 675 1265 679 ,
1287 661 1300 674 ν»

154 696 238 726 disse
262 694 343 725 illud
363 695 395 723 in
420 698 575 723 conventu
600 693 744 728 Lucam,
762 691 848 732 quod
864 702 951 722 nunc
965 702 1028 722 non
1049 694 1222 730 invenitur,

154 741 229 780 quia
243 739 342 780 furto
365 738 525 768 sublatum
545 746 613 767 esse
628 736 772 767 creditur
794 741 824 766 et
847 736 917 766 ideo
941 746 1004 766 non
1019 737 1094 777 fuit
1117 738 1224 767 multi-

148 785 316 825 plicatum.
334 782 423 812 Paria
447 781 551 811 scribit
574 781 606 810 in
632 780 794 811 Chronico
818 791 842 811 s.
860 781 1043 811 Antoninus
1063 788 1150 821 parte
1170 782 1223 819 111,

153 828 246 859 titulo
265 837 349 864 xvrn,
367 836 434 866 cap.
452 836 482 863 x,
507 825 534 866 ξ.
553 836 573 855 1.
591 825 672 862 Quis
696 835 771 865 ergo
800 835 865 855 non
890 826 996 856 doleat
1020 826 1095 856 novi
1120 825 1224 866 operis

152 871 385 912 irreparabilem
407 868 578 900 iacturam?

221 917 257 946 11.
275 918 317 946 At
340 915 373 945 in
396 914 535 945 editione
558 921 665 945 tamen
688 915 835 945 Romana
864 921 955 945 tomo
980 915 1066 945 XVII
1093 914 1224 945 recensi-

152 969 222 992 tum
248 960 433 1000 editumque
450 965 523 999 post
539 959 694 999 opuscula
713 957 841 999 legitur:
861 960 938 989 Divi
966 960 1104 990 Hamae
1127 961 1224 1000 Aqui-

153 1007 237 1036 natis
259 1006 411 1035 Doctoris
442 1004 592 1045 Angelici
615 1004 776 1044 Scriptum
809 1004 984 1034 secundum
1019 1006 1051 1034 in
1085 1010 1225 1045 quatuor

152 1051 250 1081 libros
265 1049 504 1080 Sententiarum
523 1049 566 1079 ad
580 1049 798 1079 Annibaldum
815 1049 1085 1079 Annibaldensem
1106 1050 1223 1079 Roma—

152 1105 228 1125 num
256 1094 389 1124 Ordinis
411 1093 592 1124 Praedicat.
613 1093 645 1124 S.
661 1094 700 1124 R.
722 1093 760 1123 E.
783 1093 976 1133 Episcopum
1004 1094 1223 1124 Cardinalem.

152 1139 251 1177 Quod
270 1149 353 1179 opus
377 1147 479 1168 nemo·
491 1138 651 1168 diversum
667 1138 706 1168 ab
723 1147 761 1168 eo
786 1147 852 1168 non
868 1145 1028 1177 agnoscat,
1045 1139 1135 1179 quod
1151 1139 1224 1168 loco

152 1184 246 1214 citato
271 1189 428 1213 memorat
446 1183 667 1213 Ptolomaeus:
688 1192 762 1212 cum
781 1182 865 1212 istud
888 1184 1042 1223 scriptum
1064 1182 1157 1213 fuerit
1171 1193 1224 1213 su—

146 1238 210 1269 per
226 1229 371 1268 primum
396 1228 559 1258 dumtaxat
582 1227 834 1264 Sententiarum,
856 1227 1006 1268 maloque
1031 1227 1096 1258 fato
1121 1228 1224 1257 subla-

152 1280 221 1303 tum
245 1272 373 1312 periisse
397 1272 528 1309 dicatur,
544 1281 667 1312 proque
692 1271 855 1311 deperdito
872 1272 1039 1302 haberetur
1058 1279 1137 1310 turn,
1151 1272 1224 1302 Ber-

151 1317 240 1347 nardi
265 1316 423 1347 Guidonis
449 1326 547 1354 aevo,
571 1323 642 1346 tum
666 1316 760 1346 etiam
784 1327 807 1346 S.
836 1316 1001 1346 Antonini.
1028 1316 1113 1347 Hinc
1137 1323 1224 1347 mota

151 1361 295 1403 quaestio
320 1371 400 1392 num
422 1361 503 1391 inter
526 1370 693 1400 germanos
714 1360 776 1390 divi
799 1360 947 1391 Thomae
978 1360 1082 1391 foetus
1114 1361 1225 1391 debeat

151 1406 318 1443 accenseri,
343 1405 432 1446 quod
455 1405 488 1435 in
513 1405 602 1435 editis
622 1412 752 1445 prostat.

218 1450 382 1481 Publicam
405 1450 472 1480 vice
492 1449 594 1490 prima
617 1449 695 1479 vidit
718 1449 823 1479 lucem
846 1449 992 1479 laudatus
1016 1449 1223 1480 Commenta-

151 1495 216 1526 rius
239 1496 389 1526 Basileae
412 1494 495 1535 typis
521 1494 650 1524 Nicolai
671 1494 777 1535 Keser
805 1493 854 1523 vel
883 1494 1001 1524 Kesler
1030 1504 1117 1524 anno
1140 1499 1224 1535 1492

151 1539 207 1570 fol.
230 1553 244 1567 «
258 1540 366 1577 Quam
388 1539 526 1579 primam
549 1538 722 1568 editionem
746 1536 913 1579 (Echardi
936 1538 1032 1568 verba
1057 1538 1166 1578 refero
1190 1540 1222 1568 in

155 1597 169 1612 »
190 1585 295 1625 elogio
310 1583 536 1625 Hannibaldi)
554 1583 676 1613 videtur
690 1583 850 1622 ignorasse
873 1583 1018 1613 Thomas
1034 1583 1146 1613 Nerius
1167 1591 1220 1613 no-

155 1642 170 1656 »
192 1636 273 1666 ster,
298 1638 373 1659 cum
405 1628 531 1658 hortatu
556 1627 644 1657 Pauli
670 1627 728 1664 lV,
757 1634 827 1657 tum
852 1627 955 1658 adhuc
987 1627 1020 1658 in
1045 1627 1223 1658 minoribus

155 1686 169 1701 »
192 1673 365 1710 constituti,
383 1683 474 1703 suam
491 1671 655 1702 adornavit
678 1671 802 1702 Parisiis
826 1672 911 1712 apud
934 1672 1122 1702 Michaelem
1142 1672 1224 1703 Son-

155 1731 169 1746 »
192 1717 283 1748 nium
307 1717 387 1748 circa
409 1718 490 1747 1560
515 1717 573 1747 sub
593 1717 655 1746 hoc
674 1716 783 1757 titulo:
803 1717 880 1746 Divi
899 1717 1038 1747 Thomae
1054 1718 1225 1758 Aquinatis

155 1775 170 1790 »
197 1761 329 1792 Ordinis
367 1756 631 1792 Praedicatorum
675 1761 827 1791 Doctoris
863 1762 1013 1802 Angelici
1048 1762 1223 1792 secundum

155 1819 169 1834 ³>
192 1807 352 1846 Scriptum
377 1806 572 1846 appellatum
596 1815 695 1846 super
716 1805 770 1835 IV
792 1806 891 1836 libros
919 1806 1158 1837 Sententiarum
1182 1806 1226 1836 ad

155 1863 169 1878 »
191 1851 438 1881 Hannibaldum
471 1850 772 1888 Hannibaldensem
796 1851 830 1881 S.
859 1851 898 1881 R.
932 1851 971 1881 E.
1002 1850 1223 1887 cardinalem,

156 1908 170 1922 2>
194 1905 280 1926 nunc
297 1897 441 1936 primum
462 1896 494 1925 in
520 1895 622 1925 lucem
643 1895 762 1925 editum
783 1905 855 1926 cum
871 1896 995 1926 duobus
1012 1902 1068 1926 etc.
1087 1896 1163 1932 Quo
1179 1896 1225 1926 lo-

156 1952 170 1967 »
193 1940 312 1980 quendi
331 1940 431 1970 modo
457 1950 489 1970 se
513 1950 550 1970 ex
569 1939 732 1970 codicibus
751 1940 974 1980 manuscriptis
993 1941 1066 1970 dare
1090 1940 1163 1970 satis
1180 1940 1226 1970 in-

155 1997 169 2012 »
193 1984 283 2015 dicat.
304 1997 318 2010 ν»
345 1984 431 2015 Nerii
454 1985 548 2014 verba
571 1984 604 2014 in
629 1984 826 2014 Praefatione
844 1985 921 2015 haec
945 1991 1035 2015 sunt:
1065 1985 1225 2022 Quoniam

151 2029 352 2060 Sanctissimi
374 2029 507 2059 Domini
530 2030 633 2059 nostri
650 2029 783 2059 Domini
805 2029 900 2059 Pauli
922 2029 1041 2066 Quarti
1064 2030 1227 2070 Pontficis

150 2074 302 2111 Maximi,
328 2084 399 2104 cum
425 2078 506 2104 esset
528 2073 635 2104 adhuc
653 2074 685 2103 in
710 2074 898 2111 minoribus,
918 2075 1010 2114 pium
1030 2074 1224 2104 desiderium

142 2117 215 2158 fuit
233 2119 356 2158 cunctis
374 2118 540 2158 prodesse,
556 2118 615 2148 hoc
630 2117 696 2148 divi
715 2119 854 2149 Thomae
868 2128 1004 2149 aureum
1026 2118 1125 2159 Opus,
1142 2119 1227 2159 quod

152 2162 207 2192 diu
231 2163 324 2203 quasi
346 2163 405 2192 sub
428 2167 517 2192 terra
551 2163 711 2200 latuerat,
737 2163 769 2192 in
795 2163 896 2193 lucem
932 2164 1000 2193 eius
1018 2164 1224 2203 providentia

151 2207 277 2246 extulit,
303 2207 388 2247 quod
411 2207 510 2237 veluti
533 2208 629 2237 totius
656 2216 772 2237 sacrae
804 2208 984 2248 theologiae
1013 2209 1225 2238 summarium

151 2251 310 2292 quoddam
335 2256 461 2282 est....
486 2251 613 2282 Placuit
646 2252 746 2281 eidem
775 2252 983 2282 Sanctissimo
1007 2253 1147 2282 Domino
1171 2262 1226 2283 no-

151 2301 229 2333 stro,
255 2301 290 2326 ut
314 2297 346 2325 in
371 2296 575 2337 marginibus
597 2296 663 2326 alia
688 2296 744 2326 tibi
766 2297 971 2337 assignarem
996 2297 1078 2333 loca,
1100 2298 1132 2327 in
1158 2298 1226 2338 qui-

151 2341 210 2370 bus
233 2340 342 2371 eadem
367 2341 460 2371 divus
483 2341 620 2371 Thomas
639 2346 821 2381 pertractat
845 2346 876 2372 et
903 2342 1064 2382 copiosum
1094 2342 1227 2382 insuper

146 2385 379 2425 principalium
405 2386 572 2425 magisque
596 2385 782 2415 notabilium
807 2387 1063 2426 propositionum
1089 2386 1224 2417 indicem

151 2429 226 2459 huic
239 2430 479 2469 praemitterem
501 2429 608 2470 Operi.
630 2428 735 2460 Veluti
752 2440 787 2460 ac
802 2430 827 2460 si
847 2430 908 2461 hoc
925 2430 1017 2470 Opus
1033 2437 1102 2461 tum
1120 2431 1225 2471 primo

153 2473 312 2503 emerserit
335 2483 352 2503 e
375 2473 511 2504 tenebris
534 2474 735 2504 disertissime
759 2474 918 2514 praefatur
941 2475 1072 2506 Nerius:
1103 2475 1224 2516 ipsum-

151 2527 225 2558 que,
242 2528 317 2548 cum
340 2528 398 2558 pro
422 2528 574 2557 germano
594 2518 761 2559 Aquinatis
785 2519 873 2550 foetu
893 2519 1030 2555 haberet,
1047 2520 1222 2550 secundum

151 2562 312 2602 Scriptum
337 2562 507 2602 appellavit
531 2563 562 2592 in
587 2568 727 2603 quatuor
751 2563 990 2594 Sententiarum
1016 2564 1123 2595 libros.

218 2606 352 2647 Nerium
368 2607 493 2647 sequuti
518 2614 591 2637 sunt
615 2607 830 2648 quamplures.
850 2608 1004 2638 Vielmius
1024 2608 1100 2638 haec
1115 2609 1223 2639 habet:

150 2651 277 2682 Deinde
309 2661 384 2682 vero
417 2656 522 2682 aetate
540 2652 725 2691 provectior
748 2650 935 2694 (Thomas),
963 2653 1008 2682 ad
1029 2653 1223 2683 Anibaldum

154 2695 362 2726 cardinalem
387 2705 584 2737 magnopere
607 2695 865 2736 efflagitantem,
890 2701 1055 2727 contracte
1078 2702 1109 2727 et
1132 2707 1224 2737 pres-

150 2741 218 2770 sius
233 2740 408 2771 illustravit
423 2749 504 2780 opus
518 2741 607 2771 Petri
623 2741 807 2777 Lombardi,
820 2741 905 2781 quod
921 2741 1161 2772 Sententiarum
1177 2743 1224 2772 in-

150 2785 312 2815 scribitur.
330 2785 413 2815 lllud
435 2785 516 2815 inter
539 2784 677 2825 genuina
708 2795 805 2825 opera
836 2792 1060 2816 recensuerunt
1089 2786 1224 2816 editores

151 2829 306 2860 Romani:
332 2830 507 2870 eademque
531 2836 578 2860 est
600 2830 753 2860 sententia
778 2830 966 2860 Ferdinandi
996 2829 1139 2867 Castillii,
1165 2830 1224 2860 Mi-

151 2873 266 2904 chaelis
290 2874 336 2904 Pii
370 2881 400 2904 et
428 2873 517 2904 Pauli
541 2874 673 2904 Nazarii.
701 2875 835 2904 loannes
859 2874 1021 2905 Nicolaius
1045 2874 1076 2904 in
1102 2874 1224 2905 Praefa-

151 2918 238 2948 tione
261 2918 305 2949 sic
335 2918 442 2949 habet:
471 2931 485 2946 ι
503 2918 566 2949 Sed
589 2918 743 2959 quoniam
767 2925 799 2949 et
821 2918 900 2949 illud
924 2919 1077 2959 scripturn
1100 2919 1132 2949 in
1157 2929 1224 2959 gra-

154 2975 168 2990 »
192 2963 269 2993 tiam
283 2963 426 2993 eiusdem
441 2963 633 2993 Hannibaldi
650 2973 686 2993 ea
701 2963 856 2994 methodo
873 2963 1063 3004 dispositum
1081 2973 1099 2993 a
1115 2970 1224 2994 sancto

155 3019 169 3034 »
192 3007 262 3047 ipso
286 3007 435 3045 Thoma,
460 3007 627 3048 eidemque
660 3007 800 3038 dicatum
834 3008 1039 3038 Ptolomaeus
1073 3008 1224 3038 Lucensis

155 3063 169 3078 >0
192 3058 309 3090 noster,
327 3052 501 3092 discipulus
524 3051 635 3092 ipsius,
651 3051 836 3093 profitetur;
853 3062 911 3083 nec
935 3052 1055 3093 alioqui
1075 3060 1140 3083 tam
1157 3055 1222 3083 An·

155 3107 169 3123 »
192 3096 293 3135 gelico
318 3096 445 3136 ingenio
469 3096 648 3136 indignum,
673 3103 708 3127 ut
731 3107 790 3127 nec
814 3104 944 3134 caetera,
969 3096 1137 3128 existimari
1166 3107 1223 3137 po-

155 3152 169 3167 »
192 3146 268 3170 test:
297 3140 511 3171 indubitatum
535 3148 695 3172 remaneat
727 3148 835 3172 contra
865 3141 1041 3182 quamlibet
1064 3142 1224 3172 coniectu-

155 3197 169 3211 »
192 3194 280 3222 ram,
305 3195 340 3215 ac
363 3185 538 3225 legitimam
561 3185 752 3216 Thomistici
777 3186 891 3226 Operis
915 3196 989 3217 cum
1015 3186 1143 3217 caeteris
1167 3197 1223 3217 au-

155 3241 169 3255 »
193 3228 369 3260 ctoritatem
392 3230 539 3267 retineat3
564 3240 621 3260 nec
655 3240 721 3260 esse
751 3231 943 3261 Hannibaldi
975 3231 1062 3262 velut
1089 3231 1128 3261 ab
1153 3231 1224 3271 ipso

155 3285 169 3300 υ
192 3273 345 3314 scriptum
369 3273 582 3311 existimetur,
607 3275 660 3305 sed
685 3275 872 3315 inscriptum
903 3276 1065 3306 dumtaxat
1092 3275 1223 3306 Hanni-

155 3330 169 3344 »
192 3318 296 3349 baldo.
310 3331 325 3346 ι
343 3318 403 3349 His
426 3319 545 3349 accedit
568 3319 788 3350 Bellarminus.

218 3362 337 3393 Mirum
361 3373 434 3393 sane
458 3363 490 3393 in
514 3363 594 3394 hanc
619 3363 701 3402 illos,
718 3364 833 3395 iniecto
858 3364 956 3395 dubio
981 3365 1083 3402 nullo,
1101 3371 1224 3395 senten-

152 3406 228 3436 tiam
251 3407 354 3445 ivisse,
378 3417 476 3448 quam
499 3414 642 3438 veterum
665 3419 689 3439 s.
710 3409 856 3439 Thomae
876 3409 1020 3450 Operum
1043 3409 1224 3440 nomencla-

153 3457 260 3481 torum
283 3451 444 3483 silentium
470 3452 543 3483 satis
572 3453 734 3491 convellit,
754 3453 964 3495 profligatque
983 3454 1225 3485 disertissimum

153 3494 329 3526 Ptolomaei
352 3497 391 3527 de
415 3497 501 3527 Luca
524 3497 758 3528 testimonium.
783 3508 862 3539 quo,
883 3498 909 3528 si
929 3498 985 3529 rite
1005 3506 1150 3540 recteque
1174 3508 1224 3529 ex-

154 3540 319 3578 pendatur,
342 3550 529 3580 germanum
549 3542 702 3573 adseritur
720 3552 803 3583 opus
822 3542 922 3583 ipsius
942 3543 1145 3579 Hannibaldi,
1165 3553 1224 3583 po-

154 3589 219 3613 stea
242 3583 272 3614 S.
298 3584 335 3614 R.
360 3585 396 3615 E.
415 3585 600 3616 Cardinalis.
618 3587 794 3617 Ptolomaei
818 3588 912 3617 verba
935 3594 1010 3618 sunt
1032 3587 1112 3618 libro
1138 3588 1223 3618 xxu

155 3626 237 3658 Hist.
266 3628 353 3667 eccl„
382 3629 482 3669 capite
509 3637 599 3660 xxm:
633 3644 647 3658 x
666 3631 727 3661 Hic
755 3629 925 3673 (Urbanus
955 3630 1016 3674 lV)
1046 3631 1119 3662 fecit
1147 3632 1225 3662 duas

882 259 1343 296 DISSERTATIONES
1374 247 1623 297 CRITICAE

1288 351 1302 366 s
1326 339 1559 377 ordinationes,
1588 340 1621 370 in
1651 339 1768 380 quibus
1797 339 1926 370 fuerunt
1953 340 2047 370 creati
2071 340 2136 370 duo
2161 339 2362 378 Cardinales,

1287 395 1301 409 »
1325 393 1465 423 quorum
1495 394 1578 414 unus
1608 384 1668 414 fuit
1692 394 1792 424 nepos
1816 395 1911 422 suus,
1941 392 2072 415 vocatus
2102 385 2262 415 Dominus
2285 385 2362 415 Ani-

1288 439 1302 454 »
1325 428 1464 458 cherius:
1494 428 1571 459 alter
1594 428 1653 459 fuit
1677 438 1777 468 nepos
1801 429 1933 459 Domini
1957 429 2104 459 Richardi
2129 430 2167 459 de
2187 429 2362 467 Anibaldis,

1288 484 1302 498 »
1325 472 1380 512 qui
1404 479 1535 503 vocatus
1566 480 1612 503 est
1635 472 1672 503 fr.
1697 473 1874 503 Anibaldus
1898 471 1952 515 (de
1975 472 2154 516 Anibaldis)
2178 474 2217 504 de
2242 473 2362 504 Ordine

1286 528 1300 543 »
1324 515 1457 547 fratrum
1485 517 1750 547 Praedicatorum.
1781 518 1846 555 Qui
1880 517 1940 548 fuit
1969 519 2117 558 magister
2145 518 2179 548 in
2202 518 2363 558 theologia

1286 572 1300 586 ι·
1323 567 1355 590 et
1378 560 1437 591 fuit
1459 561 1507 591 vir
1530 571 1664 601 magnae
1687 561 1874 592 humilitatis
1898 569 1929 593 et
1951 562 2087 593 veritatis
2107 570 2138 593 et
2161 570 2287 593 sanctus
2303 563 2362 593 ho-

1287 617 1301 631 »
1324 612 1395 635 mo:
1413 615 1511 646 quem
1525 606 1618 636 frater
1632 606 1777 636 Thomas
1792 607 1933 637 multum
1950 607 2065 637 dilexit.
2082 607 2233 648 Fecitque
2248 608 2362 648 scripta

1324 659 1419 688 super
1447 649 1641 687 Sententias,
1671 660 1753 691 quae
1783 650 1984 681 intitulantur
2011 651 2155 681 Domino
2183 652 2358 682 Anibaldo:

1285 705 1299 719 »
1323 703 1404 733 quae
1429 693 1508 724 nihil
1531 694 1618 725 aliud
1641 701 1726 732 sunt,
1751 704 1849 735 quam
1868 695 2060 726 abbreviatio
2080 696 2238 726 dictorum
2258 696 2359 727 fratris

1285 749 1300 763 »
1323 737 1481 768 Thomae.
1501 750 1514 765 »
1547 739 1622 777 Agit
1645 739 1708 769 hoc
1730 739 1803 769 loco
1834 740 2039 770 Ptolomaeus
2071 741 2110 770 de
2139 740 2360 779 Hannibaldo,

1283 790 1319 810 ex
1343 781 1541 813 nobilissima
1564 783 1873 813 Hannibaldensium
1902 791 1994 823 gente
2022 785 2168 815 Romana
2191 792 2360 825 prognato,

1282 824 1412 856 Ordinis
1431 826 1687 857 Praedicatorum
1706 827 1857 864 alumno,
1877 828 2051 859 litterarum
2071 829 2181 868 peritia
2202 830 2360 860 moribus-

1281 880 1345 910 que
1370 870 1572 900 sanctissimis
1592 871 1806 908 ornatissimo,
1819 872 1866 901 *ad
1889 882 2009 902 sacram
2028 873 2208 912 Purpuram
2232 880 2357 904 evecto:

1283 914 1447 955 obiterque
1478 915 1609 946 adnotat
1646 915 1780 955 dignum
1810 915 1918 955 ipsum
1951 916 2066 954 fuisse,
2102 927 2200 957 quem
2234 925 2360 957 sanctus

1282 959 1427 989 Thomas
1451 960 1586 990 multum
1618 960 1778 1001 diligeret.
1805 960 1888 990 Hinc
1915 961 2028 998 verba,
2059 971 2141 1001 quae
2165 968 2360 1002 sequuntur,

1273 1003 1420 1044 fecitque
1443 1005 1563 1044 scripta
1587 1014 1685 1044 super
1708 1004 1901 1042 Sententias,
1926 1005 1966 1035 ad
1989 1005 2097 1045 ipsum
2121 1005 2362 1036 Hannibaldurn

1283 1049 1451 1088 pertinent,
1476 1049 1608 1079 minime
1633 1049 1672 1079 ad
1691 1049 1864 1080 Thomam.
1890 1050 1979 1080 Fecit
1997 1050 2114 1090 itaque,
2137 1057 2266 1080 auctore
2286 1050 2360 1081 Pto-

1282 1093 1420 1130 lomaeo,
1445 1093 1512 1133 ipse
1535 1093 1758 1124 Hannibaldus
1780 1095 1901 1134 scripta
1925 1104 2024 1135 super
2046 1094 2238 1125 Sententias.
2268 1095 2358 1125 Tho-

1282 1148 1353 1168 mae
1363 1138 1514 1178 Aquinati
1525 1138 1647 1169 huncce
1663 1138 1941 1169 Commentarium
1956 1139 1981 1169 si
1996 1139 2146 1170 tribueret
2156 1139 2361 1170 Ptolomaeus

1282 1192 1381 1223 quam
1404 1183 1521 1223 inepta,
1550 1193 1648 1224 quam
1677 1183 1809 1213 ridicula
1837 1183 1919 1214 foret
1941 1184 2018 1214 haec
2042 1183 2110 1214 eius
2139 1184 2275 1214 locutio:
2299 1184 2360 1214 Fe-

1282 1228 1386 1267 citque
1417 1225 1525 1269 (frater
1553 1226 1712 1270 Thomas)
1742 1229 1863 1268 scripta
1893 1238 1993 1269 super
2023 1228 2252 1259 Sententias...
2277 1239 2362 1269 quae

1283 1272 1364 1302 nihil
1386 1272 1478 1302 aliud
1499 1277 1585 1309 sunt,
1611 1281 1708 1313 quam
1732 1273 1928 1303 abbreviatio
1951 1273 2108 1303 dictorum
2120 1273 2173 1314 fr.
2200 1273 2360 1303 Thomae!

1282 1315 1463 1347 Cohaerent
1472 1326 1547 1347 vero
1559 1317 1679 1354 omnia,
1691 1317 1716 1347 si
1726 1317 1959 1348 Hannibaldus
1970 1317 2091 1348 dicatur
2090 1317 2215 1358 fecisse
2223 1319 2356 1358 scripta,

1282 1371 1363 1401 quae
1388 1361 1467 1391 nihil
1491 1361 1577 1392 aliud
1601 1361 1674 1398 sint,
1705 1372 1803 1402 quam
1827 1362 1929 1392 brevis
1945 1362 2085 1403 epitome
2109 1362 2236 1392 fusioris
2260 1362 2359 1393 Com-

1282 1405 1426 1435 mentarii
1449 1415 1470 1435 a
1483 1405 1601 1446 fratre
1628 1407 1748 1436 Thoma
1772 1407 1956 1437 elucubrati.

1349 1449 1470 1489 Sponte
1499 1450 1642 1491 sequitur
1674 1450 1735 1480 alia
1758 1461 1795 1481 ea
1822 1452 1932 1489 verba,
1961 1461 2045 1492 quae
2068 1451 2278 1482 intitulantur
2304 1451 2359 1482 do-

1282 1494 1368 1524 mino
1391 1494 1570 1531 Anibaldo,
1595 1495 1646 1525 vel
1677 1495 1808 1535 intelligi
1838 1495 1881 1526 ita
1905 1495 2037 1534 debere,
2063 1502 2098 1526 ut
2122 1495 2215 1526 frater
2238 1495 2360 1526 Hanni-

1281 1538 1393 1568 baldus
1410 1538 1581 1569 confecerit
1596 1538 1867 1578 Commentarios,
1883 1550 1967 1581 quos
1984 1540 2214 1580 nuncupaverit
2229 1541 2359 1571 domino

1281 1583 1443 1613 Richardo
1462 1583 1645 1613 Annibaldo
1666 1590 1781 1623 patruo
1805 1594 1865 1614 suo
1889 1584 1920 1615 S.
1933 1585 1970 1615 R.
1989 1584 2026 1615 E.
2048 1584 2224 1622 Cardinali;
2247 1585 2298 1615 vel
2314 1584 2358 1615 ita

1281 1627 1389 1667 potius
1413 1634 1449 1658 ut
1472 1627 1715 1665 Commentarii,
1740 1638 1823 1668 quos
1847 1628 1915 1669 ipse
1939 1628 2032 1659 frater
2051 1628 2273 1659 Hannibaldus
2292 1629 2359 1660 elu-

1281 1671 1433 1709 cubravit,
1463 1673 1562 1712 vulgo
1591 1672 1867 1703 circumferrentur
1895 1673 1954 1703 sub
1978 1672 2158 1704 honorifico
2187 1674 2280 1704 titulo
2303 1673 2360 1704 do-

1281 1718 1360 1747 mini
1373 1717 1588 1754 Hannibaldi,
1606 1717 1706 1757 ipsius
1722 1727 1838 1758 nempe
1855 1717 1956 1748 fratris
1972 1717 2165 1748 Hannibaldi
2183 1718 2221 1748 de
2238 1717 2360 1748 Hanni-

1280 1761 1379 1791 baldis
1394 1761 1434 1791 ad
1448 1771 1568 1792 sacram
1585 1762 1762 1802 Purpuram
1777 1762 1886 1793 evecti.
1898 1762 2040 1792 Priorem
2055 1772 2185 1792 sensum
2195 1762 2360 1802 amplexus

1281 1805 1381 1836 fuerat
1405 1806 1538 1836 lacobus
1566 1806 1745 1836 Echardus:
1776 1817 1842 1847 quo
1867 1814 1978 1847 postea
2007 1806 2193 1847 repudiato,
2218 1806 2361 1838 adhaesit

1279 1850 1378 1887 alteri,
1396 1860 1431 1881 ea
1447 1857 1613 1890 permotus
1633 1851 1771 1888 ratione,
1788 1851 1877 1892 quod
1901 1851 2045 1882 codicem
2065 1851 2202 1882 nancisci
2219 1851 2360 1892 potuerit

1281 1895 1418 1930 nullum,
1442 1895 1475 1925 in
1499 1905 1566 1936 quo
1586 1895 1719 1935 epistola
1743 1895 1975 1936 nuncupatoria
1998 1896 2037 1926 ad
2053 1895 2248 1926 Richardum
2271 1896 2360 1926 Han-

1281 1939 1499 1970 nibaldensem
1530 1947 1693 1980 prostaret.
1727 1940 1823 1971 Hunc
1853 1947 1884 1971 et
1914 1950 1974 1979 ego
2005 1950 2136 1970 sensum
2167 1940 2359 1980 amplector:

1282 1994 1384 2025 neque
1408 1984 1512 2015 obstat
1536 1985 1669 2015 verbum
1693 1984 1790 2022 illud,
1815 1986 2039 2022 intitulantur,
2066 1994 2141 2015 curn
2164 1985 2295 2025 perinde
2319 1984 2359 2016 sit

1281 2036 1375 2070 atque
1399 2029 1620 2060 inscribuntur
1654 2039 1710 2059 seu
1734 2029 1900 2070 feruntur
1926 2029 1985 2060 sub
2008 2029 2101 2060 titulo
2125 2029 2247 2060 domini
2273 2029 2359 2060 Han-

1282 2073 1414 2104 nibaldi:
1435 2083 1502 2114 quo
1522 2073 1636 2113 pariter
1655 2083 1749 2104 sensu
1770 2074 1871 2104 aiebat
1895 2084 1919 2104 s.
1939 2073 2123 2104 Antoninus
2142 2074 2175 2104 in
2195 2073 2359 2105 Chronico

1282 2125 1368 2158 parte
1387 2118 1438 2155 111,
1454 2118 1547 2148 titulo
1563 2128 1649 2155 xvm,
1666 2127 1733 2158 cap.
1746 2128 1775 2153 x,
1791 2118 1818 2158 ἓ.
1838 2129 1870 2155 11,
1886 2119 2038 2149 Postillas
2050 2127 2150 2158 super
2165 2118 2314 2149 Genesim
2330 2123 2361 2149 et

1282 2163 1506 2194 Ecclesiastem
1538 2163 1619 2200 vidi,
1645 2163 1705 2193 sibi
1727 2160 1904 2205 (Thomae)
1929 2163 2125 2200 intitulatas,
2156 2162 2218 2193 hoc
2243 2169 2290 2193 est
2311 2169 2358 2193 at-

1281 2207 1428 2244 tributas,
1466 2207 1599 2238 minime
1623 2215 1822 2247 nuncupatas
1846 2207 2042 2248 dicatasque:
2069 2207 2113 2238 Et
2135 2207 2358 2248 compendium

1281 2253 1461 2293 theologiae
1477 2252 1567 2282 beato
1591 2252 1730 2282 Thomae
1749 2252 1851 2293 aliqui
1870 2253 2052 2289 intitulant,
2073 2251 2154 2282 idest
2172 2251 2359 2289 inscribunt,

1281 2296 1462 2327 adiudicant
1487 2296 1654 2337 feruntque
1678 2297 1737 2327 sub
1757 2296 1825 2327 eius
1851 2296 1982 2327 nomine
2008 2306 2044 2327 ac
2067 2296 2172 2327 titulo.
2194 2297 2228 2327 ln
2252 2306 2285 2327 re
2304 2305 2361 2337 per

1281 2351 1348 2372 sese
1373 2341 1454 2372 clara
1478 2351 1513 2372 ac
1538 2341 1703 2382 splendida
1726 2341 1813 2381 piget
1836 2341 1956 2372 diutius
1980 2340 2154 2371 immorari.

1348 2386 1432 2416 Hinc
1455 2396 1531 2416 vero
1563 2386 1767 2426 corrigendus
1796 2385 1882 2416 venit
1906 2385 2081 2416 Casimirus
2105 2385 2272 2423 OudinuS,
2302 2384 2359 2427 qui

1281 2430 1385 2470 priore
1409 2440 1503 2461 sensu
1528 2431 1691 2471 adoptato,
1717 2430 1815 2460 nimia
1837 2429 2028 2461 confidentia
2051 2430 2158 2461 scribit
2185 2429 2287 2470 capite
2308 2439 2360 2460 xxv

1281 2475 1400 2505 dissert.
1427 2475 1466 2505 de
1490 2474 1620 2516 Scriptis
1643 2475 1706 2505 divi
1731 2475 1894 2505 Thomae:
1923 2487 1937 2503 α
1965 2475 2061 2506 Hunc
2080 2473 2360 2506 Commentarium

1283 2532 1297 2547 »
1321 2529 1357 2550 ex
1373 2520 1560 2550 Ptolomaeo
1578 2519 1713 2550 Lucensi
1728 2519 1965 2550 inscribendum
1987 2529 2054 2550 esse
2074 2519 2250 2550 Annibaldi
2265 2519 2359 2549 Com-

1283 2577 1296 2590 ι
1320 2565 1499 2595 mentm-ius
1514 2565 1545 2595 in
1562 2570 1703 2605 quatuor
1719 2564 1818 2595 libros
1827 2564 2066 2595 Sententiarum
2082 2564 2126 2594 ad
2140 2563 2357 2594 Annibaldum

1283 2621 1297 2635 »
1320 2609 1353 2639 S.
1369 2609 1408 2639 R.
1424 2609 1463 2639 E.
1482 2609 1700 2639 Cardinalem.
1716 2621 1730 2636 ιι
1751 2609 1820 2639 lmo
1838 2609 1936 2639 codex
1953 2608 2060 2638 nullus
2076 2607 2236 2648 praedicto
2253 2607 2358 2647 operis

1279 2652 1373 2683 titulo
1403 2652 1502 2683 favet:
1519 2660 1683 2694 quotquot
1704 2663 1779 2683 vero
1805 2653 1957 2683 hactenus
1976 2651 2150 2682 adinveniri
2175 2662 2211 2682 ac
2233 2651 2358 2682 lustrari

1280 2703 1464 2736 potuerunt,
1482 2704 1668 2738 sequentem
1687 2697 1845 2733 exhibent,
1864 2696 1954 2737 Opus
1971 2696 2147 2726 Annibaldi
2164 2705 2262 2736 super
2277 2695 2356 2726 Sen-

1280 2742 1408 2777 tentias,
1427 2741 1478 2771 vel
1497 2741 1658 2781 Scriptum
1678 2741 1883 2771 Hannibaldi
1899 2751 1999 2781 super
2016 2740 2209 2776 Sententias,
2234 2740 2285 2770 vel
2304 2740 2357 2770 de-

1280 2795 1371 2815 mum
1386 2785 1597 2822 Quaestiones
1613 2786 1764 2826 magistri
1774 2785 1978 2816 Hannibaldi
1990 2794 2089 2825 super
2098 2784 2126 2822 I,
2139 2784 2186 2821 II,
2199 2784 2257 2814 III
2265 2790 2296 2815 et
2310 2784 2365 2815 IV

1280 2829 1530 2860 Sententiarum.
1556 2830 1659 2869 Egent
1682 2839 1814 2871 quoque
1837 2829 1982 2870 spongia,
2006 2839 2088 2870 quae
2107 2829 2202 2859 verba
2220 2829 2356 2869 legimus

1280 2874 1311 2904 in
1343 2873 1449 2913 elogio
1480 2874 1623 2904 eiusdem
1656 2873 1849 2905 Hannibaldi
1881 2874 1967 2914 apud
1997 2873 2189 2905 Ciaconium
2221 2873 2253 2904 in
2285 2873 2358 2904 vitis

1280 2915 1473 2949 Pontificum
1497 2926 1527 2949 et
1551 2919 1582 2949 S.
1603 2919 1641 2949 R.
1662 2919 1698 2949 E.
1725 2918 1959 2949 Cardinalium:
1989 2932 2002 2946 a<
2020 2918 2117 2949 Tanti
2142 2917 2215 2948 fecit
2234 2917 2358 2948 Hanni-

1283 2976 1297 2990 »
1320 2963 1451 2994 baldum
1476 2963 1677 2994 Cardinalem
1702 2963 1873 3003 Angelicus
1897 2963 2018 2993 Doctor
2037 2962 2128 2993 divus
2148 2963 2305 2999 Thomas,
2322 2968 2358 2994 ut

1283 3020 1297 3035 »
1321 3008 1430 3038 doctas
1453 3009 1486 3038 in
1510 3013 1652 3048 quatuor
1674 3007 1914 3038 Sententiarum
1939 3007 2038 3038 libros
2056 3006 2292 3038 lucubrationes
2310 3006 2356 3038 ini

1283 3065 1295 3079 >-
1320 3052 1468 3082 dicandas
1497 3052 1690 3083 iudicaverit.
1716 3052 1771 3082 Vir
1794 3051 1845 3082 hic
1869 3052 1988 3083 multae
2011 3052 2155 3082 lectionis
2186 3059 2281 3093 atque
2309 3051 2357 3082 in-

1282 3109 1296 3123 »
1320 3096 1432 3127 defessi
1457 3096 1552 3127 studii
1582 3097 1724 3137 scripsit,
1749 3107 1823 3127 cum
1848 3096 1991 3127 Lutetiae
2014 3096 2211 3136 theologiam
2229 3094 2357 3137 profite-

1282 3154 1296 3168 ι
1320 3148 1415 3179 retur,
1443 3141 1683 3172 Commentaria
1708 3142 1741 3171 in
1765 3147 1907 3182 quatuor
1930 3141 2028 3171 libros
2051 3141 2302 3177 Sententiarum,
2322 3139 2356 3171 in

1282 3198 1296 3212 »
1319 3185 1435 3226 quibus
1475 3185 1537 3216 divi
1571 3186 1718 3216 Thomae
1751 3185 1916 3216 Summam
1949 3185 2158 3216 emedullasse
2181 3185 2314 3215 videtur.
2336 3195 2353 3212 ο

1280 3230 1404 3260 Partem
1428 3229 1566 3270 primam
1594 3241 1612 3260 a
1635 3240 1711 3260 vero
1740 3230 1888 3261 abludere
1919 3230 2173 3261 demonstratum
2202 3229 2354 3260 hactenus

1279 3281 1335 3305 est.
1348 3275 1467 3305 Verum
1485 3274 1665 3316 falsumque
1684 3274 1795 3305 miscet
1809 3285 1881 3315 pars
1897 3275 2009 3312 altera;
2027 3284 2102 3305 cum
2125 3271 2355 3305 elucubraverit

1279 3319 1410 3360 quidem
1427 3319 1648 3350 Hannibaldus
1665 3318 1923 3350 Commentarios
1940 3319 1972 3350 in
1990 3319 2224 3350 Sententiarum
2238 3317 2353 3354 libros,

1279 3363 1396 3404 quibus
1419 3371 1558 3395 attamen
1578 3374 1644 3394 non
1663 3364 1875 3405 theologicam
1894 3365 1999 3395 sancti
2018 3364 2158 3394 Thomae
2175 3362 2352 3398 Summam,

1279 3408 1334 3439 sed
1357 3418 1441 3448 opus
1469 3408 1568 3449 ipsius
1597 3408 1630 3439 in
1659 3409 1789 3439 eosdem
1819 3414 1961 3449 quatuor
1988 3408 2227 3439 Sententiarum
2257 3405 2355 3436 libros

1279 3452 1483 3484 emedullavit
1502 3463 1537 3484 ac
1558 3453 1656 3484 veluti
1671 3453 1835 3491 contraxit,
1855 3453 1945 3494 quod
1958 3452 2020 3483 iuis
2033 3451 2135 3483 verbis
2150 3450 2355 3482 Ptolomaeus

1280 3497 1432 3528 Lucensis
1456 3498 1576 3538 prodit:
1604 3498 1697 3535 Quae
1721 3498 1801 3528 nihil
1823 3497 1915 3528 aliud
1937 3501 2024 3534 sunt,
2043 3505 2139 3537 quam
2158 3494 2353 3525 abbreviatio

1279 3542 1437 3572 dictorum
1453 3542 1580 3583 fratris
1607 3543 1756 3579 Thomae,
1782 3541 1900 3573 scilicet
1922 3541 1955 3572 in
1979 3539 2147 3571 Sententiis
2175 3539 2213 3568 ab
2238 3547 2276 3568 eo
2301 3547 2352 3568 ex-

1280 3586 1426 3627 planatis,
1450 3593 1486 3617 ut
1509 3586 1585 3617 inita
1609 3586 1778 3617 collatione
1802 3585 1892 3616 facile
1915 3585 2051 3626 quisque
2074 3582 2297 3624 deprehendat.

1347 3631 1409 3661 Sed
1432 3641 1516 3671 opus
1539 3630 1677 3671 denique
1699 3630 1795 3668 istud,
1816 3629 1906 3671 quod
1930 3630 1962 3659 in
1986 3628 2168 3659 Sententias
2185 3626 2354 3657 concinna-
