2548 4192
947 258 1002 294 IN
1033 258 1070 294 S.
1093 258 1334 295 THOMAM
1362 259 1686 306 AQUINATEM

218 338 347 369 sectaria
362 337 530 379 quaedam,
546 337 620 367 inde
636 337 786 367 deducta:
807 337 902 374 Quod
917 337 1033 368 scilicet
1051 337 1177 378 Corpus
1196 338 1286 368 Chri-

217 384 259 414 sti
281 383 332 413 vel
353 382 489 412 alterius
511 382 667 418 hominis,
694 387 848 422 quantum
873 382 917 412 ad
937 381 1106 422 formam,
1132 384 1173 413 sit
1196 383 1288 413 aliud

220 428 326 458 vivum
348 431 379 457 et
401 431 575 463 mortuum,
596 426 647 456 vel
669 426 817 463 divisum,
843 436 906 456 non
927 426 1008 456 idem
1035 436 1178 457 numero.
1200 427 1286 457 Haec

217 481 314 512 porro
338 469 509 500 efferuntur
525 470 717 500 consectaria
739 470 772 500 in
796 477 918 510 septem
934 470 1091 510 prioribus
1115 471 1252 501 articulis
1269 482 1287 501 a

216 515 356 546 Pekamo
381 513 547 544 damnatis.
575 515 743 551 Quaenam
766 524 856 544 mens
880 521 961 545 esset
984 514 1167 553 Godefridi,
1190 525 1286 555 quae-

216 569 292 589 nam
314 558 539 589 Parisiensium
562 559 752 596 doctorum,
783 559 850 599 ipse
874 559 974 599 aperit
997 558 1190 590 Godefridus
1213 560 1286 590 loco

216 603 327 634 citato:
351 603 497 639 Parisiis,
515 602 672 643 inquiens,
689 613 752 633 non
774 608 945 643 reputatur
961 604 1011 634 vel
1025 613 1220 644 consequens
1238 605 1287 634 vel

215 646 407 678 antecedens
417 647 622 687 praedictum
640 648 804 678 continere
819 657 975 685 errorem,
994 648 1049 688 qui
1067 649 1207 679 censoria
1226 648 1286 678 vir-

216 691 292 732 gula
308 690 424 731 configi
444 691 565 722 debeat.
590 692 695 722 Immo
719 698 866 722 testatur:
890 692 1037 723 «Multos
1061 693 1229 732 magistros
1252 693 1286 723 in

217 747 232 762 ιν
255 735 419 775 theologia
434 746 537 776 nuper
553 736 711 776 scripsisse
734 736 823 777 quod
842 736 986 767 nesciunt
1008 736 1100 767 illum
1117 737 1286 768 articulum

216 791 231 806 2
255 779 316 822 (de
332 789 398 810 una
406 779 522 821 forma
538 781 570 811 in
587 779 741 822 homine),
759 791 796 811 ex
812 791 878 821 quo
898 791 1010 811 omnes
1027 781 1078 811 alii
1098 782 1220 812 articuli
1239 791 1285 812 se-

217 836 232 851 »
255 831 409 865 quuntur,
425 835 492 855 esse
508 825 653 855 habitum
669 835 728 865 pro
750 825 869 856 haeresi
885 826 935 856 vel
951 836 1064 856 errore.
1082 826 1174 856 Unde
1191 826 1285 856 etiarn

216 881 231 896 ›
254 878 312 899 nec
328 868 452 899 Parisiis
468 869 602 900 habetur
625 880 683 909 pro
700 878 819 900 errore:
844 870 938 907 Quod
956 871 1082 910 Corpus
1100 870 1220 901 Christi
1237 871 1287 901 vel

215 924 231 939 ›
253 913 390 943 alterius
412 914 560 951 hominis,
587 919 743 955 quantum
760 915 804 945 ad
819 914 984 955 formam,
1001 916 1043 945 sit
1065 915 1156 945 aliud
1177 916 1284 945 vivum

215 969 230 984 ›
254 962 285 988 et
316 962 478 988 mortuum
512 958 563 989 vel
593 958 749 989 divisum:
776 959 848 990 licet
878 966 958 989 esset
989 968 1074 989 error
1103 968 1222 998 ponere
1246 958 1286 989 de

215 1014 231 1029 »
257 1001 401 1042 Corpore
419 1002 549 1040 Christi,
567 1002 653 1042 quod
676 1012 738 1032 non
755 1004 797 1033 sit
820 1003 913 1040 idem,
930 1008 1085 1043 quantum
1105 1003 1149 1033 ad
1170 1013 1284 1043 suppo-

216 1059 231 1074 »
253 1047 362 1083 situm,
380 1048 485 1077 vivum
503 1052 534 1077 et
557 1052 718 1077 mortuum
728 1054 742 1084 ‚·
759 1047 792 1077 in
809 1057 875 1087 quo
895 1057 961 1077 non
985 1053 1031 1077 est
1047 1046 1149 1077 simile
1167 1047 1201 1076 in
1217 1046 1285 1076 aliis

215 1103 230 1118 ›
253 1090 448 1121 hominibus.
468 1102 483 1117 »
509 1090 619 1121 Palam
652 1097 698 1121 est
733 1091 931 1131 anglicanam
960 1091 1090 1121 Pekami
1120 1100 1286 1121 censuram

211 1134 264 1164 vix
287 1134 427 1173 agnitam
449 1134 546 1165 fuisse
561 1134 697 1173 Parisiis,
713 1134 881 1176 ipsamque
896 1135 1026 1175 insuper
1048 1135 1190 1165 habitam
1210 1144 1286 1165 con-

212 1185 443 1219 temptamque.

279 1223 318 1253 11.
341 1222 464 1254 Verum
495 1222 652 1263 impactos
685 1223 818 1254 demum
849 1232 969 1253 errores
1001 1229 1286 1263 praeoccupaverat

211 1274 338 1298 sanctus
361 1267 506 1298 Thomas
531 1266 774 1308 profligavitque
797 1273 868 1298 tum
890 1266 997 1297 iunior
1018 1266 1052 1297 in
1071 1267 1284 1304 Quodlibetis,

210 1318 282 1342 tum
305 1317 404 1342 aetate
428 1321 474 1343 ac
489 1311 644 1352 sapientia
672 1318 840 1351 provectus
870 1311 903 1341 in
932 1311 1066 1342 Summa
1095 1311 1284 1351 theologica.

162 1381 166 1382 γ
209 1355 438 1387 Verba‘refero
461 1365 543 1396 quae
566 1355 723 1386 habentur
745 1355 865 1393 Quodl.
883 1355 921 1394 ΙΙ,
938 1362 994 1386 art.
1009 1362 1030 1385 1:
1052 1369 1066 1384 ι
1084 1356 1132 1386 De
1156 1356 1284 1387 Christo

211 1412 228 1428 s
249 1399 285 1431 in
306 1399 413 1431 triduo
437 1400 548 1431 mortis
572 1400 739 1440 dupliciter
760 1399 851 1440 loqui
879 1410 1062 1440 possumus.
1085 1401 1159 1431 Uno
1183 1401 1284 1431 modo

212 1456 228 1472 »
250 1451 409 1485 quantum
431 1445 475 1475 ad
497 1445 696 1486 hypostasim
727 1444 778 1475 vel
800 1452 987 1484 personam:
1009 1451 1039 1475 et
1062 1444 1106 1475 sic
1130 1451 1176 1475 est
1198 1445 1284 1475 idem

212 1501 228 1517 2
250 1499 386 1520 numero
409 1489 608 1530 simpliciter,
626 1489 682 1530 qui
705 1488 776 1520 fuit.
792 1491 859 1520 Aut
881 1495 1039 1530 quantum
1062 1489 1106 1520 ad
1129 1494 1282 1520 naturam

211 1545 228 1560 ²
249 1533 445 1571 humanam,
473 1540 504 1564 et
526 1533 588 1564 hoc
611 1533 788 1573 dupliciter.
814 1534 889 1564 Uno
913 1534 1034 1571 modo,
1060 1540 1218 1574 quantum
1241 1534 1285 1564 ad

212 1589 228 1605 ι
250 1582 348 1608 totam
374 1583 538 1616 naturam,
556 1588 638 1619 quae
662 1577 842 1608 humanitas
866 1578 995 1608 dicitur:
1016 1585 1047 1609 et
1069 1578 1114 1608 sic
1138 1578 1284 1609 Christus

212 1633 228 1649 ›
250 1632 318 1653 non
340 1622 402 1653 fuit
423 1622 525 1652 homo
549 1622 583 1652 in
606 1622 713 1653 triduo
737 1622 860 1660 mortis,
884 1622 969 1653 unde
988 1632 1046 1653 nec
1071 1622 1153 1653 idem
1177 1623 1281 1660 homo,

211 1678 227 1693 ²
250 1667 306 1697 sed
329 1666 438 1697 eadem
462 1667 655 1707 hypostasis.
671 1668 738 1697 Aut
753 1673 911 1707 quantum
927 1667 966 1697 ad
976 1671 1106 1707 partem
1122 1667 1282 1697 humanae

211 1722 226 1738 »
249 1717 396 1741 naturae:
416 1717 448 1741 et
479 1711 523 1742 sic
546 1712 656 1741 anima
689 1710 820 1751 quidem
843 1711 904 1742 fuit
927 1711 1062 1741 omnino
1087 1711 1198 1741 eadem
1222 1721 1282 1742 nu-

211 1767 226 1782 »
248 1765 350 1794 mero,
367 1765 406 1786 eo
429 1755 519 1796 quod
542 1765 609 1786 non
633 1762 680 1786 est
702 1761 910 1786 transmutata
932 1755 1110 1786 secundum
1139 1756 1283 1786 substan-

210 1811 226 1827 »
247 1799 340 1831 tiam:
357 1809 475 1840 corpus
488 1809 564 1830 vero
579 1799 640 1830 fuit
653 1799 740 1830 idem
755 1809 891 1830 numero
906 1799 1082 1830 secundum
1099 1801 1280 1837 materiam,

210 1855 227 1872 ι
249 1844 305 1875 sed
327 1853 395 1874 non
417 1844 594 1875 secundum
607 1843 758 1885 formam
778 1844 1033 1881 substantialem,
1050 1854 1132 1885 quae
1156 1851 1203 1874 est
1217 1844 1282 1874 ani-

210 1900 226 1916 »
248 1897 311 1919 ma.
329 1888 422 1919 Unde
445 1898 513 1919 non
536 1894 642 1929 potest
665 1889 738 1928 dici,
754 1889 844 1929 quod
865 1889 1053 1929 simpliciter
1067 1888 1177 1929 fuerit
1200 1889 1282 1919 idem

2236 275 2413 301 CCLXXXlll

1346 351 1360 366 »
1385 349 1529 376 numero,
1557 339 1632 380 quia
1655 339 1815 380 quaelibet
1840 339 2012 370 differentia
2045 341 2255 371 substantialis
2279 344 2415 374 excludit

1346 394 1359 408 »
1383 383 1468 413 idem
1493 383 1684 423 simpliciter.
1714 396 1728 410 »
1753 384 1951 414 Postremam
1974 384 2066 415 istam
2090 386 2259 416 sententiae
2292 394 2414 426 partem

1343 427 1443 467 magis
1476 427 1610 458 illustrat
1641 428 1763 458 Doctor
1795 428 1966 468 Angelicus
1998 429 2031 459 in
2065 429 2197 459 Summa
2235 430 2414 471 theologiae

1343 482 1373 511 p.
1393 472 1445 509 111,
1462 479 1583 512 quaest.
1600 483 1630 509 L,
1647 472 1731 502 artic.
1750 483 1770 502 v
1793 472 1960 513 ipsamque
1981 473 2168 504 sententiam
2191 480 2275 504 tenet
2292 485 2326 504 ac
2346 475 2412 505 vin-

1343 516 1442 546 dicat:
1463 529 1478 543 -x
1497 516 1687 554 Dicendum,
1705 518 1861 557 inquiens,
1883 517 1971 558 quod
1995 518 2057 548 hoc
2081 518 2169 558 quod
2201 517 2271 548 dico
2295 520 2413 559 simpli-

1345 573 1359 588 »
1383 561 1472 597 citer,
1491 567 1596 600 potest
1611 560 1709 601 accipi
1725 561 1900 601 dupliciter.
1919 562 1993 592 Uno
2010 562 2121 600 modo,
2133 562 2309 592 secundum
2325 564 2414 603 quod

1344 617 1358 631 »
1381 605 1568 644 simpliciter
1591 605 1675 635 idem
1700 612 1746 636 est
1769 606 1857 646 quod
1881 606 2040 637 absolute:
2059 606 2139 637 sicut
2162 606 2344 646 simpliciter
2368 607 2412 637 di-

1344 660 1357 675 »
1382 648 1462 679 citur
1485 649 1574 690 quod
1597 649 1687 679 nullo
1712 650 1819 680 addito
1844 650 1988 681 dicitur...
2010 651 2051 681 Et
2073 650 2135 681 hoc
2159 651 2259 681 modo
2284 651 2412 691 Corpus

1343 705 1357 720 n
1382 692 1499 724 Christi
1523 700 1688 724 mortuum
1713 700 1743 724 et
1765 694 1875 724 vivum
1893 696 2080 735 simpliciter
2097 695 2172 736 suit
2195 695 2276 726 idem
2302 706 2411 726 nume-

1343 750 1358 764 »
1381 745 1440 768 ro:
1459 737 1573 768 dicitur
1597 738 1682 767 enirn
1706 738 1825 778 aliquid
1849 748 1915 769 esse
1939 739 2025 769 idem
2048 749 2182 769 numero
2208 739 2410 779 simpliciter,

1343 793 1358 808 »
1381 781 1455 822 quia
1479 788 1525 812 est
1549 782 1717 822 supposito
1740 782 1870 812 idem....
1895 783 1969 813 Alio
1993 784 2093 814 modo
2116 784 2303 823 simpliciter
2325 784 2410 814 idem

1343 838 1357 852 ›
1381 832 1427 855 est
1459 826 1549 866 quod
1579 827 1707 856 omnino
1742 826 1791 856 vel
1822 827 1982 858 totaliter.-
2010 834 2040 858 et
2063 827 2106 858 sic
2137 827 2264 868 Corpus
2293 828 2411 859 Christi

1343 881 1357 896 »
1380 876 1546 900 mortuum
1570 876 1600 900 et
1622 870 1732 900 vivum
1756 880 1818 900 non
1834 870 1907 911 fuit
1929 872 2115 911 simpliciter
2144 872 2225 902 idem
2255 883 2408 910 numero,

1343 925 1357 940 2
1381 914 1455 954 quia
1479 924 1545 944 non
1570 913 1629 944 fuit
1653 914 1793 944 totaliter
1815 914 1911 953 idem,
1929 926 2004 946 cum
2026 916 2089 946 vita
2108 916 2147 946 sit
2166 916 2285 957 aliquid
2308 917 2347 947 de
2364 927 2410 947 es-

1343 969 1357 984 »
1381 958 1480 988 sentia
1503 957 1644 997 corporis
1668 958 1801 988 viventis
1825 965 1882 988 etc.
1906 971 1920 985 ⁷>

1407 1002 1491 1032 Hinc
1515 1001 1715 1039 latissimum,
1732 1002 1821 1042 quod
1844 1002 1924 1033 inter
1947 1003 2073 1043 Corpus
2107 1003 2223 1034 Christi
2246 1005 2356 1035 vivum
2380 1012 2411 1036 et

1341 1052 1517 1083 mortuum,
1534 1056 1569 1075 ac
1585 1045 1666 1076 inter
1681 1046 1791 1076 vivurn
1815 1053 1845 1076 et
1859 1054 2024 1077 mortuum
2041 1048 2165 1078 alterius
2185 1048 2324 1079 hominis
2341 1059 2409 1079 cor-

1340 1100 1412 1129 pus,
1429 1096 1570 1120 versatur
1590 1089 1767 1128 discrimen,
1784 1090 1857 1120 loco
1878 1091 1971 1121 citato
1990 1092 2133 1131 explanat
2149 1092 2292 1132 Aquinas
2316 1094 2354 1123 ad
2378 1101 2407 1123 1:

1344 1133 1438 1170 Quod
1461 1143 1577 1173 corpus
1601 1139 1762 1164 mortuum
1787 1135 2014 1176 cuiuscumque
2030 1136 2171 1180 ‘alterius
2186 1137 2322 1167 hominis
2345 1148 2408 1168 non

1341 1183 1486 1208 remanet
1502 1179 1625 1208 unitum
1643 1179 1743 1208 alicui
1761 1179 1928 1218 hypostasi
1946 1181 2162 1219 permanenti,
2179 1182 2262 1211 sicut
2283 1181 2410 1222 Corpus

1343 1222 1464 1252 Christi
1496 1227 1676 1252 mortuum:
1702 1227 1732 1252 et
1756 1222 1825 1253 ideo
1849 1233 1966 1263 corpus
1998 1229 2158 1254 mortuum
2183 1226 2409 1266 cuiuscumque

1340 1266 1476 1296 alterius
1498 1266 1635 1297 hominis
1659 1277 1721 1297 non
1747 1272 1794 1297 est
1817 1267 1898 1297 idem
1922 1268 2128 1308 simpliciter,
2155 1269 2212 1299 sed
2233 1270 2407 1300 secundum

1339 1311 1417 1351 quid
1424 1318 1438 1348 ,·
1456 1312 1532 1351 quia
1549 1316 1595 1341 est
1618 1311 1700 1341 idem
1716 1311 1891 1342 secundum
1917 1313 2096 1350 materiam,
2115 1323 2178 1343 non
2195 1319 2300 1343 autem
2325 1314 2406 1344 idem

1339 1355 1514 1386 secundum
1528 1355 1689 1396 sormam.
1705 1355 1924 1396 Amplioribus
1942 1356 2085 1387 vindiciis
2105 1357 2246 1387 doctrina
2268 1358 2408 1398 Aquina-

1339 1399 1377 1430 tis
1402 1409 1467 1430 non
1492 1406 1575 1439 eget:
1595 1399 1766 1441 ipsumque
1790 1401 1933 1438 demum,
1955 1401 2044 1441 quod
2067 1401 2107 1431 ad
2126 1401 2315 1432 Sanctorum
2338 1402 2409 1432 reli-

1339 1443 1429 1484 quIas
1453 1444 1578 1482 attinet,
1604 1455 1640 1474 ex
1671 1445 1786 1485 quibus
1811 1444 2024 1475 obiectionem
2047 1452 2200 1485 promunt
2223 1446 2408 1485 adversarii,

1340 1488 1470 1519 consule
1492 1488 1525 1519 in
1549 1489 1660 1519 eadem
1683 1489 1790 1519 Tertia
1813 1496 1911 1529 parte,
1935 1500 1966 1530 q.
1983 1500 2054 1527 xxv,
2070 1496 2126 1520 art.
2145 1500 2175 1519 vl
2192 1490 2230 1519 ad
2251 1491 2266 1520 3
2285 1490 2328 1520 sic
2348 1490 2409 1520 dis·

1339 1539 1511 1563 serentem:
1533 1533 1660 1573 Corpus
1682 1539 1844 1564 mortuum
1867 1534 2007 1565 alicuius
2029 1534 2142 1565 Sancti
2164 1544 2227 1564 non
2252 1539 2298 1564 est
2326 1535 2407 1565 idem

1339 1587 1473 1608 numero
1496 1578 1582 1618 quod
1590 1579 1699 1618 primo
1712 1577 1787 1618 fuit
1802 1578 1878 1608 dum
1894 1579 2024 1615 viveret,
2037 1583 2174 1619 propter
2191 1578 2406 1610 diversitatem

1327 1621 1475 1662 formae,
1493 1632 1577 1662 quae
1600 1627 1647 1652 est
1669 1624 1798 1653 anima:
1817 1627 1864 1653 est
1887 1627 1992 1653 tamen
2013 1623 2095 1653 idem
2119 1623 2284 1653 identitate
2307 1629 2404 1654 mate-

1338 1667 1428 1703 riae,
1454 1676 1538 1706 quae
1561 1672 1608 1697 est
1631 1668 1746 1697 iterum
1770 1677 1850 1697 suae
1862 1666 1999 1707 formae
2027 1667 2178 1698 unienda.
2203 1667 2407 1698 Subtiliorem

1337 1711 1512 1751 quamdam
1535 1711 1706 1742 adnectunt
1729 1711 1875 1751 discipuli
1897 1711 1993 1742 sancti
2017 1711 2164 1742 Thomae
2187 1711 2407 1752 quaestionem

1338 1755 1376 1785 de
1399 1755 1586 1796 quantitate,
1602 1766 1642 1786 an
1662 1755 1773 1785 eadem
1789 1763 1948 1786 remaneat
1970 1756 2003 1786 in
2019 1766 2152 1796 corpore
2175 1756 2248 1786 vivo
2268 1762 2299 1786 et
2321 1766 2406 1786 mor-

1338 1806 1413 1829 tuo:
1433 1809 1498 1840 qua
1522 1799 1560 1829 de
1584 1810 1617 1830 re
1640 1799 1711 1830 vide
1727 1799 1889 1830 Liberium
1913 1810 1931 1830 a
1947 1801 2016 1831 lesu
2032 1800 2235 1831 Carmelitam
2251 1801 2405 1831 excalcea-

1338 1850 1419 1881 tum,
1427 1843 1461 1874 in
1474 1843 1706 1874 Controversiis
1718 1844 1903 1884 dogmaticis
1914 1851 2004 1875 torno
2016 1845 2039 1883 Ι,
2050 1852 2136 1885 parte
2146 1845 2183 1882 ΙΙ,
2193 1845 2321 1885 disp.1v,
2331 1855 2406 1875 con-

1338 1895 1417 1919 trov.
1434 1898 1498 1927 xrv,
1515 1898 1605 1919 num.
1622 1899 1664 1930 77
1681 1886 1819 1931 (Romae
1835 1899 1943 1930 1701.-
1958 1890 2055 1920 Num.
2073 1890 2144 1928 133,
2161 1889 2283 1919 Romae
2297 1887 2405 1932 1710).
