2788 4204
303 246 377 282 208

898 242 1283 285 POSTERIORUM
1310 243 1740 281 ANALYTICORUM
1767 244 1862 280 LIB.
1894 244 1908 279 I

905 506 1207 563 LECTIO
1250 506 1912 562 DECIMAOCTAVA

557 671 640 711 DE
673 668 1085 709 DIFFERENTIA
1117 667 1301 707 INTER
1335 667 1633 708 PRINCIPIA
1666 667 1746 708 ET
1778 667 1909 708 NON
1942 667 2261 717 PRINCIPIA,

870 747 1169 813 rRINCIPIA
1204 747 1533 788 COMMUNIA
1566 747 1646 787 ET
1678 747 1942 787 PROPRIA

311 897 471 931 Χαλεπὸν
507 890 539 926 δ’
573 894 645 927 ἐστὶ
677 894 719 926 τὸ
753 894 878 938 γνῶναι
903 894 932 925 εἰ
957 888 1044 925 οἶδεν
1069 892 1090 931 ἦ
1116 892 1175 936 μή.
1214 892 1377 925 Χαλεπὸν

377 941 440 988 γάρ
472 939 512 971 τὸ
537 940 661 986 γνῶναι
693 939 722 970 εἱ
751 941 788 972 ἐκ
813 939 880 971 τῶν
915 938 1063 971 ἑκάστου
1098 938 1207 992 ἀρχῶν
1236 940 1330 982 ἴσμεν
1356 935 1378 974 ἦ

377 986 439 1030 μή·
467 983 546 1028 ὅπερ
573 985 645 1016 ἐστὶ
671 982 713 1015 τὸ
731 979 869 1015 εἰδέναι.
897 983 1046 1028 Οὶύμεθα
1062 978 1108 1024 δ’,
1138 985 1176 1015 ἀν
1195 983 1323 1028 ἔχωμεν
1342 980 1377 1022 ἐξ

379 1028 542 1068 ἀληθινῶν
576 1029 675 1062 τινῶν
708 1028 933 1074 συλλογισμὸν
957 1029 1015 1060 καὶ
1041 1027 1201 1073 πρώτων,
1235 1028 1380 1059 ἐπίστα-

377 1074 467 1107 σθαι·
494 1074 536 1106 τό
560 1069 591 1105 ’δ’
622 1073 682 1105 οὐκ
708 1072 813 1115 ἐστιν,
844 1073 935 1106 ἀλλά
959 1074 1105 1119 συγγενῆ
1131 1068 1184 1105 δεῖ
1206 1069 1378 1109 εἶναιτοῖς

441 1119 449 1130 Ι

350 1165 356 1174 e
378 1130 535 1176 προζῖοιις.
574 1162 582 1172 x
628 1162 637 1173 ο
692 1163 699 1173 ι
743 1162 749 1171 ι
877 1161 884 1171 1
1031 1161 1037 1171 t
1169 1163 1183 1173 ιι
1230 1160 1243 1171 ‘r
1308 1160 1321 1171 ν

310 1168 407 1212 Αεγω
432 1167 449 1195 ὸ
495 1175 601 1218 αρχας
626 1174 659 1195 εν
685 1174 821 1204 εκαστῳ
845 1173 935 1208 γενει
968 1174 1127 1204 ταυτας,
1163 1175 1200 1200 ας
1227 1173 1280 1194 οτι
1306 1172 1379 1193 εστι

377 1209 424 1254 μή
452 1203 632 1252 ἐνδεχεται
658 1202 780 1248 δεῖξαι.

311 1258 348 1287 Τί
373 1254 432 1298 μὲν
459 1251 515 1285 οὖν
541 1254 697 1296 σημαίνει
721 1253 779 1284 καὶ
805 1251 853 1283 τοὶ
878 1251 1000 1296 πρῶτα
1024 1253 1081 1283 καὶ
1109 1251 1157 1284 τά
1177 1252 1212 1284 ἐκ
1231 1250 1380 1291 τούτων,

377 1297 612 1342 λαμβάνεται·
649 1295 703 1329 ὅτι
727 1291 757 1328 δ’
788 1295 881 1337 ἐστι,
916 1295 978 1333 τοὶς
1013 1295 1072 1340 μὲν
1107 1296 1214 1341 ἀρχάς
1248 1294 1314 1328 ἀνά
1338 1306 1379 1332 κη

376 1342 578 1388 λαμβάνειν,
598 1341 646 1374 τοὶ
662 1336 694 1373 δ’
725 1341 815 1373 ἄλλα
839 1335 1022 1382 δεικνύναι,
1044 1341 1111 1372 οἷον
1133 1344 1166 1374 τί
1184 1340 1288 1385 μονάς
1307 1351 1327 1378 η
1346 1342 1380 1372 τί

379 1388 421 1421 τὸ
447 1386 526 1420 εὐθύ
549 1389 607 1418 καὶ
633 1388 808 1432 τρίγωνον·
835 1382 920 1417 εἶναι
945 1380 983 1417 δὲ
1013 1385 1077 1421 τήν
1103 1382 1238 1429 μονάδα
1261 1386 1380 1426 λαβεῖν

378 1435 436 1465 καὶ
462 1431 615 1478 μέγεθος,
642 1431 690 1463 τοὶ
713 1426 742 1462 δ’
773 1429 874 1474 ἕτερα
899 1429 1081 1462 δεικνύναι.

307 1523 406 1554 Ἐστι
431 1517 461 1553 δ’
490 1521 532 1552 ὦν
558 1520 707 1564 χρῶνται
732 1519 765 1552 ἐν
792 1522 868 1556 ταῖς
897 1517 1153 1556 ἀποδεικτικαῖς
1175 1517 1382 1562 ἐπιστήμαις

380 1566 428 1599 τοὶ
451 1566 511 1610 μέν
535 1562 607 1598 ἴδια
633 1563 779 1602 ἑκάστης
806 1562 1012 1607 ἐπιστήμης,
1033 1563 1081 1596 τά
1097 1558 1135 1595 δὲ
1155 1562 1266 1596 κοινά·
1285 1563 1384 1595 κοινοὶ

380 1611 418 1643 δὲ
446 1611 525 1642 κατ’
558 1610 764 1655 ἀναλογίαν,
797 1607 871 1640 ἐπεὶ
896 1606 1062 1653 χρήσιμόν
1094 1620 1132 1654 γε
1166 1606 1243 1640 ὅσον
1275 1608 1308 1640 ἐν
1335 1608 1383 1650 τῷ

382 1656 447 1688 ὑπὸ
473 1655 536 1691 τήν
563 1654 755 1698 ἐπιστήμην
784 1651 886 1699 γένει.

305 1735 397 1772 ’Ἰδια
423 1738 482 1782 μὲν
501 1739 569 1770 οἷον
587 1737 746 1784 γραμμήν
770 1733 856 1768 εἶναι
873 1731 1020 1776 τοιανὸί,
1039 1737 1098 1767 καὶ
1115 1735 1156 1768 τὸ
1174 1733 1267 1776 εὐθύ,
1286 1735 1386 1768 κοινοὶ

380 1779 418 1815 δὲ
452 1784 519 1815 οἷον
553 1783 594 1815 τὸ
625 1785 684 1814 ἴσα
717 1781 785 1814 ἀπὸ
817 1783 896 1813 ἴσων
924 1779 963 1813 ἂν
996 1780 1126 1824 ἀφέλῃ,
1162 1779 1215 1813 ὅτι
1245 1782 1306 1813 ἴσα
1338 1780 1386 1814 τοὶ

379 1827 499 1860 λοιπά.

310 1873 442 1907 Ἱκανὸν
468 1867 497 1903 δ’
527 1871 671 1905 ’ἑκαστον
698 1870 832 1904 τούτων
852 1868 928 1902 ὅσον
947 1871 981 1902 ἐν
1000 1870 1048 1913 τῷ
1065 1869 1167 1916 γένει·
1187 1869 1301 1903 ταύτὸ
1318 1869 1384 1916 γάρ

348 1956 351 1959 ,
382 1916 537 1958 ποιήσει,
563 1916 625 1950 κᾶν
651 1916 697 1960 μη
722 1915 819 1948 κατά
843 1914 983 1947 πάντων
1007 1914 1115 1958 λάβῃ,
1144 1914 1217 1947 ἀλλ’
1247 1914 1302 1947 ἐπὶ
1328 1927 1384 1960 με-

381 1961 485 2009 γεθῶν
511 1961 626 2006 μόνον,
653 1961 700 2003 τῷ
725 1956 753 1992 δ’
785 1958 992 2005 ἀριθμητικῷ
1018 1960 1073 1993 ἐπ’
1105 1957 1261 2005 ἀριθμῶν.

307 2054 409 2085 Ἔστι
433 2051 461 2083 δ’
489 2046 561 2083 ἴδια
586 2050 644 2095 μὲν
669 2051 727 2081 καὶ
752 2050 773 2082 οἳ
787 2049 1006 2094 λαμβάνεται
1024 2046 1122 2090 εἶναι,
1142 2050 1215 2093 περὶ
1236 2048 1258 2081 οἳ
1274 2049 1294 2085 ἡ
1314 2048 1384 2080 ἐπι-

382 2095 497 2140 στήμη
524 2094 638 2140 θεωρεῖ
662 2093 710 2126 ταὶ
735 2093 938 2140 ὑπάρχοντα
959 2093 1037 2126 καθ’
1067 2093 1175 2135 αὐτά,
1195 2094 1263 2125 οἷον
1282 2092 1387 2138 μονά-

382 2136 443 2179 δας
470 2142 490 2177 ἦ
519 2138 738 2184 ἀριθμητική,
757 2140 777 2175 ἡ
796 2136 834 2172 δὲ
851 2142 1042 2186 γεωμετρία
1060 2142 1185 2183 σημεῖα
1202 2140 1259 2170 καὶ
1277 2150 1386 2194 γραμ-

382 2185 461 2230 μάς.
489 2186 610 2218 Ταῦτα
635 2184 699 2231 γάρ
717 2184 932 2228 λαμβάνουσι
950 2184 990 2216 τὸ
1009 2181 1169 2216 εἶναικαὶ
1188 2178 1263 2216 τοδὶ
1281 2195 1381 2216 ειναι.

383 2231 434 2263 Τά
457 2226 495 2262 δὲ
520 2229 652 2264 τούτων
687 2228 778 2266 πάθη
810 2228 886 2262 καθ’
924 2228 1040 2270 αὐτά,
1076 2230 1109 2260 τί
1139 2228 1198 2273 μὲν
1227 2230 1383 2271 σημαίνει

385 2274 543 2316 ἕκαστον,
561 2273 809 2319 λαμβάνουσιν,
830 2275 898 2307 οἷον
917 2276 937 2311 ἡ
956 2274 1014 2318 μὲν
1043 2272 1245 2318 ἀριθμητική
1272 2275 1306 2306 τί
1326 2285 1384 2306 πε-

383 2321 500 2366 ριττὸν
526 2318 547 2357 ἦ
575 2319 689 2364 ἄρτιον
715 2317 736 2356 ἦ
763 2318 978 2366 τετράγωνον
1005 2317 1026 2355 -73
1050 2317 1166 2359 κύβος,
1193 2319 1213 2354 ἡ
1239 2313 1276 2350 δὲ
1301 2331 1383 2365 γεω-

384 2368 506 2408 μετρία
532 2367 565 2397 τί
591 2365 632 2397 τὸ
660 2363 783 2410 ἄλογον
810 2364 830 2402 ἦ
857 2364 897 2398 τὸ
922 2362 1109 2396 κεκλάσθαι
1135 2361 1155 2399 ἦ
1183 2362 1301 2404 νεύειν,
1329 2362 1384 2395 ὅτι

385 2409 415 2445 δ’
447 2410 539 2451 ἔστι,
566 2404 752 2442 δεικνύουσι
784 2405 843 2442 διά
868 2422 906 2441 τε
932 2410 998 2442 τῶν
1028 2409 1146 2440 κοινῶν
1170 2409 1229 2440 καὶ
1254 2409 1291 2441 ἐκ
1316 2408 1384 2441 τῶν

387 2450 547 2490 ἀποδεδει
574 2454 692 2500 μένων.
713 2455 779 2485 Καὶ
804 2456 824 2491 ἡ
853 2454 1061 2500 ἀστρολογία
1082 2452 1259 2491 ὡσαύτως.
1285 2454 1384 2486 Πᾶσα

385 2501 449 2548 γάρ
477 2466 702 2535 &nogentem-ri
729 2499 902 2544 ἐπιστήμη
930 2501 1003 2541 περὶ
1030 2500 1108 2541 τρία
1134 2498 1239 2539 ἐστίν,
1260 2497 1323 2530 ὅσα
1345 2510 1384 2530 τε

386 2543 471 2579 εἶναι
497 2545 644 2579 τίθεται·
672 2544 790 2576 ταῦτα
815 2544 843 2576 δ’
873 2544 947 2576 ἐστὶ
973 2543 1014 2575 τὸ
1036 2542 1145 2589 γένος,
1165 2542 1203 2574 οὗ
1222 2544 1288 2575 τῶν
1304 2542 1380 2575 καθ’

388 2590 483 2623 αὐτοὶ
507 2587 722 2634 παθημάτων
749 2588 821 2621 ἐστὶ
853 2587 1054 2630 θεωρητική,
1071 2589 1129 2619 καὶ
1149 2587 1196 2620 τοὶ
1218 2587 1316 2620 κοινοὶ
1330 2589 1385 2620 λε-

386 2634 516 2682 γόμενα
543 2634 745 2677 ἀξιώματα,
773 2633 808 2674 ἐξ
833 2633 875 2665 ὧν
902 2631 1043 2677 πρώτων
1073 2632 1303 2673 ἀποδείκνυσι,
1326 2633 1383 2664 καὶ

387 2683 502 2724 τρίτον
521 2680 569 2713 τοὶ
586 2677 698 2718 πάθη,
726 2678 768 2710 ὧν
794 2680 827 2711 τί
852 2679 1007 2722 σημαίνει
1033 2676 1177 2710 ἕκαστον
1201 2676 1383 2721 λαμβάνει.

313 2725 426 2763 Ἐνίας
452 2723 569 2766 μέντοι
595 2723 789 2767 ἐπιστήμας
817 2717 912 2755 οὐδὲν
936 2721 1058 2754 κωλύει
1079 2721 1151 2754 ἔνια
1170 2720 1304 2754 τούτων
1321 2733 1387 2754 πα-

388 2770 506 2814 ρορᾶν,
543 2769 610 2802 οἷον
642 2767 683 2800 τὸ
712 2766 808 2815 γένος
833 2768 881 2812 μή
913 2765 1133 2799 ὑποτίθεσθαι
1166 2762 1271 2806 εἶναι,
1299 2764 1338 2798 ἂν
1364 2763 1387 2808 ᾗ

388 2814 527 2858 φανερὰν
554 2812 725 2847 ὅτι·ἔστιν
750 2812 803 2855 (οὗ
829 2812 893 2858 γάρ
913 2812 1033 2854 ὁμοίως
1050 2806 1155 2848 δῆλον
1175 2809 1228 2843 ὅτι
1251 2810 1273 2844 ἀ
1294 2809 1387 2855 ιθμός

389 2859 462 2891 ἐστι
486 2860 544 2891 καὶ
571 2857 625 2891 ὅτι
650 2856 772 2903 ψυχρὸν
796 2859 855 2889 καὶ
884 2856 937 2900 θερ
968 2855 1040 2898 όν),
1065 2857 1124 2888 καὶ
1150 2855 1197 2887 τοὶ
1221 2823 1314 2892 πάθη
1340 2854 1387 2899 μή

386 2902 575 2947 λαμβάνειν
601 2905 634 2936 τί
659 2904 828 2946 σημαίνει,
858 2900 896 2934 ἂν
923 2868 1075 2944 ᾗμδῆλα·
1101 2899 1212 2945 ὥσπερ
1238 2894 1316 2932 οὐδὲ
1341 2900 1389 2932 τοὶ

387 2948 485 2980 κοινά
517 2947 555 2980 οὗ
583 2946 752 2991 λαμβάνει
792 2949 825 2979 τί
862 2948 1017 2990 σημαίνει
1050 2944 1091 2978 τὸ
1118 2947 1179 2976 ἴσα
1212 2944 1280 2977 ἀπὸ
1309 2946 1388 2976 ἴσων

391 2993 544 3036 ἀφελεῖν,
581 2991 635 3025 ὅτι
667 2990 843 3037 γνώριμον.
874 2991 968 3022 Ἀλλ’
1005 2985 1101 3022 οὐδὲν
1135 2988 1243 3026 ἦττον
1277 2990 1322 3031 τῇ
1349 3001 1387 3035 γε

391 3037 484 3078 φύσει
516 3039 593 3082 τρία
619 3035 738 3070 ταῦτά
764 3035 861 3076 ἐστι,
897 3036 971 3078 περὶ
998 3033 1014 3067 ὅ
1040 3047 1078 3067 τε
1111 3029 1256 3066 δείκνυσι
1284 3035 1342 3066 καὶ
1369 3034 1392 3067 οἳ

388 3077 533 3115 δείκνυσι
556 3082 615 3114 καὶ
640 3081 674 3122 ἐξ
699 3080 754 3113 ὦν.

384 3204 532 3232 SYNOPSIS.
545 3220 579 3224 —
597 3212 620 3231 1.
643 3201 803 3231 Necessitas
825 3200 1036 3230 determinandi
1052 3201 1087 3229 de
1101 3200 1248 3238 principiis
1262 3199 1387 3238 propriis

324 3250 351 3271 et
373 3243 586 3272 communibus.
603 3259 622 3264 -
637 3250 663 3270 2.
686 3241 796 3270 Divisio
824 3241 994 3279 argumenti.
1013 3258 1032 3262 -
1049 3241 1074 3269 3.
1097 3240 1240 3277 Principia
1260 3240 1290 3268 in
1311 3250 1386 3269 uno-

324 3293 442 3320 quoque
462 3292 566 3320 genere
587 3289 653 3311 sunt
672 3282 719 3310 illa
741 3290 824 3319 quae,
847 3291 912 3309 cum
928 3281 983 3309 sint
997 3290 1072 3316 vera,
1094 3290 1155 3309 non
1177 3280 1317 3318 contingit
1337 3281 1387 3309 de-

325 3330 493 3358 monstrare,
515 3323 559 3351 vel
581 3322 748 3359 simpliciter
768 3321 791 3349 si
813 3321 869 3349 sint
890 3320 1030 3358 principia
1050 3320 1152 3357 prima,
1174 3321 1219 3349 vel
1239 3321 1277 3348 ad
1292 3320 1387 3348 minus

325 3362 354 3390 in
375 3362 425 3391 illa
446 3362 564 3391 scientia
585 3363 614 3390 in
635 3371 693 3399 qua
714 3367 900 3390 assumuntur
913 3367 944 3389 ut
959 3360 1108 3398 principia.
1121 3377 1140 3382 -
1153 3370 1181 3396 4.
1204 3360 1346 3398 Principia
1360 3366 1389 3388 et

326 3411 386 3430 non
407 3402 547 3439 principia
568 3402 742 3431 conveniunt
770 3401 799 3429 in
821 3411 856 3430 eo
878 3402 958 3438 quod
979 3401 1014 3429 de
1035 3400 1164 3437 utrisque
1179 3406 1294 3437 oportet
1315 3399 1388 3429 acci-

326 3451 402 3478 pere,
424 3442 505 3479 quasi
527 3442 729 3479 supponendo,
751 3441 821 3479 quid
843 3441 1017 3478 significent3
1039 3440 1175 3469 differunt
1193 3446 1290 3469 autem
1305 3449 1338 3468 ex
1353 3449 1389 3468 eo

329 3482 407 3517 quod
432 3483 468 3510 de
492 3482 637 3518 principiis
659 3481 832 3518 supponitur
855 3481 923 3518 quia
947 3487 1029 3515 sunt,
1052 3481 1087 3508 de
1110 3479 1172 3508 aliis
1198 3489 1284 3515 vero,
1313 3489 1388 3517 quae

327 3527 394 3548 sunt
415 3530 448 3549 ex
478 3521 639 3558 principiis,
666 3522 813 3558 probatur.
832 3538 850 3542 —
871 3521 895 3549 5.
913 3520 995 3548 Aliae
1018 3520 1228 3548 subdivisiones
1250 3526 1353 3548 textus.
1371 3536 1390 3542 -

329 3561 356 3587 6.
379 3560 604 3597 principiorum,
620 3561 724 3597 quibus
745 3561 853 3588 utimur
874 3560 903 3588 in
925 3559 1234 3595 demonstrationibus,
1250 3559 1306 3588 alia
1324 3566 1391 3588 sunt

328 3599 445 3636 propria
466 3600 692 3637 uniuscuiusque
713 3600 860 3635 scientiae,
882 3599 937 3628 alia
956 3608 1026 3628 vero
1047 3599 1230 3628 communia:
1252 3608 1327 3636 quae
1347 3606 1390 3628 ta-

1431 894 1448 913 *
1462 893 1596 925 Difficile
1613 900 1721 924 autem
1737 903 1866 924 noscere
1882 900 1938 931 est,
1956 893 1981 923 si
1995 893 2084 924 scivit
2099 900 2155 924 aut
2171 904 2249 926 non.
2267 893 2402 925 Difficile
2421 895 2506 925 enim

1499 948 1629 969 noscere
1653 945 1709 976 est,
1735 938 1760 968 si
1786 948 1823 968 ex
1846 937 2099 978 uniuscuiusque
2122 937 2285 979 principiis
2309 938 2426 969 scimus
2452 946 2507 970 aut

1500 993 1578 1022 non,
1603 983 1692 1024 quod
1715 992 1788 1013 vere
1811 989 1858 1013 est
1881 982 1976 1020 scire;
2001 982 2172 1022 opinamur
2196 989 2319 1021 autem,
2344 983 2369 1013 si
2392 983 2506 1014 habea-

1501 1037 1573 1058 mus
1590 1038 1627 1058 ex
1641 1027 1722 1058 veris
1741 1027 1900 1068 aliquibus
1917 1026 2140 1068 syllogismum
2156 1034 2187 1058 et
2202 1027 2323 1068 primis,
2341 1027 2434 1067 scire;
2452 1028 2507 1059 sed

1501 1072 1562 1102 hoc
1586 1082 1653 1103 non
1676 1078 1738 1110 est,
1764 1072 1819 1102 sed
1842 1071 1987 1112 proxima
2011 1077 2138 1112 oportet
2161 1081 2227 1102 esse
2251 1071 2373 1113 primis.

1434 1168 1451 1188 *
1466 1168 1547 1199 Dico
1577 1175 1685 1199 autem
1707 1167 1863 1209 principia
1886 1167 1919 1198 in
1943 1177 2142 1209 unoquoque
2166 1177 2296 1208 genere,
2326 1177 2409 1210 quae
2433 1178 2507 1199 curn

1502 1213 1579 1251 sint,
1604 1223 1671 1243 non
1695 1212 1849 1252 contingit
1872 1212 2098 1243 demonstrare.

1436 1257 1523 1295 Quid
1547 1257 1678 1298 quidem
1701 1257 1796 1297 igitur
1819 1263 1850 1288 et
1872 1257 1975 1297 prima
1998 1256 2173 1297 significent
2205 1263 2236 1288 et
2258 1266 2340 1298 quae
2373 1264 2447 1289 sunt
2471 1267 2508 1288 ex

1503 1302 1552 1332 his
1571 1301 1791 1342 accipiendum
1806 1308 1869 1340 est;
1886 1300 1975 1342 quod
1994 1308 2102 1332 autern
2120 1301 2192 1339 sint,
2208 1300 2363 1342 principia
2376 1301 2508 1342 quidem

1503 1355 1629 1377 necesse
1658 1353 1704 1377 est
1734 1346 1893 1386 accipere,
1918 1346 1977 1376 alia
2006 1354 2081 1376 vero
2109 1346 2340 1384 demonstrare;
2371 1351 2411 1376 ut
2430 1346 2509 1387 quid

1503 1390 1618 1428 unitas,
1634 1397 1664 1421 et
1683 1390 1761 1431 quid
1783 1397 1921 1429 rectum,
1946 1397 1976 1421 et
1994 1390 2072 1431 quid
2089 1397 2135 1421 est
2149 1390 2344 1430 triangulus3
2369 1399 2436 1421 esse
2451 1400 2510 1422 au·
2540 1396 2542 1398 '

1503 1442 1569 1465 tem
1593 1434 1748 1466 unitatem
1775 1435 1916 1475 accipere
1946 1442 1977 1466 et
1999 1434 2272 1475 magnitudinem,
2305 1435 2401 1465 altera
2426 1444 2502 1466 vero

1504 1479 1729 1510 demonstrare.

1437 1523 1518 1555 Sunt
1542 1530 1660 1562 autem,
1680 1523 1797 1564 quibus
1813 1523 1934 1554 utimur
1956 1523 1989 1554 in
2009 1523 2262 1554 demonstrativis
2282 1523 2430 1563 scientiis,
2448 1523 2510 1554 alia

1504 1567 1636 1608 quidem
1659 1567 1787 1608 propria
1810 1568 2062 1609 uniuscuiusque
2078 1568 2236 1607 scientiae,
2256 1568 2316 1598 alia
2330 1577 2406 1598 vero
2422 1577 2509 1599 com-

1504 1612 1635 1651 munia;
1660 1612 1845 1643 communia
1868 1618 1976 1642 autem
2000 1612 2178 1643 secundum
2201 1612 2398 1652 analogiam,
2426 1621 2511 1653 quo-

1505 1657 1592 1687 niam
1615 1656 1693 1687 utile
1716 1663 1764 1688 est
1785 1663 1943 1698 quantum
1962 1663 2009 1687 est
2026 1657 2060 1687 in
2079 1666 2118 1687 eo
2134 1666 2258 1697 genere,
2275 1656 2365 1698 quod
2381 1662 2428 1687 est
2450 1656 2510 1687 sub

1504 1701 1642 1732 scientia.

1437 1745 1570 1787 Propria
1592 1745 1746 1786 principia
1769 1745 1911 1787 quidem,
1927 1752 1963 1776 ut
1981 1745 2099 1776 lineam
2123 1755 2190 1776 esse
2213 1744 2399 1776 huiusmodi
2416 1750 2448 1776 et
2462 1754 2512 1776 re-

1505 1797 1608 1828 ctum;
1633 1790 1819 1821 communia
1842 1797 1966 1828 autem,
1987 1796 2023 1820 ut
2046 1790 2084 1820 ab
2108 1789 2294 1830 aequalibus
2317 1788 2461 1831 aequalia
2483 1789 2513 1820 si
2533 1826 2540 1834 -

1505 1834 1644 1873 auferas,
1663 1835 1753 1876 quod
1776 1834 1919 1875 aequalia
1941 1834 2063 1875 reliqua
2086 1841 2169 1865 sunt.

1438 1879 1603 1911 Sufficiens
1628 1885 1734 1910 autem
1759 1885 1805 1910 est
1828 1879 2085 1920 unumquodque
2110 1878 2246 1909 istorum
2272 1885 2508 1920 quantumcun-

1506 1934 1570 1964 que
1598 1923 1632 1954 in
1662 1933 1776 1964 genere
1803 1930 1867 1955 est:
1902 1923 1989 1954 idem
2019 1923 2105 1954 enim
2135 1922 2227 1954 faciet
2253 1922 2427 1963 geometria
2453 1922 2511 1954 etsi

1507 1978 1572 1999 non
1592 1968 1631 1998 de
1647 1968 1798 1999 omnibus
1816 1968 1959 2008 accipiat,
1976 1967 2031 1998 sed
2045 1967 2079 1998 in
2097 1967 2370 2008 magnitudinibus
2386 1967 2510 2007 solum;

1505 2012 1700 2043 arithmetica
1722 2019 1830 2043 autem
1852 2012 1886 2043 in
1909 2011 2059 2043 numeris.

1439 2057 1520 2088 Sunt
1543 2064 1650 2088 autem
1666 2056 1794 2097 propria
1813 2056 1944 2098 quidem
1960 2063 1991 2088 et
2006 2066 2088 2097 quae
2107 2056 2304 2097 accipiuntur
2323 2066 2407 2095 esse,
2431 2056 2512 2087 circa

1506 2111 1588 2142 quae
1619 2101 1747 2132 scientia
1777 2101 1957 2142 speculatur
1986 2110 2068 2142 quae
2091 2107 2166 2132 sunt
2194 2110 2250 2141 per
2273 2108 2326 2139 se;
2351 2106 2388 2131 ut
2415 2100 2509 2131 arith-

1505 2146 1619 2177 metica
1642 2146 1795 2184 unitates,
1819 2145 1992 2186 geometria
2020 2151 2128 2175 autem
2151 2145 2240 2185 signa
2263 2151 2294 2176 et
2315 2144 2424 2176 lineas.
2441 2145 2511 2175 Hae

1506 2190 1592 2221 enim
1614 2190 1771 2231 recipiunt
1794 2200 1878 2229 esse,
1904 2197 1935 2221 et
1957 2190 2019 2221 hoc
2043 2199 2120 2220 esse.
2145 2190 2274 2220 Horum
2301 2196 2410 2220 autem
2437 2199 2510 2230 pas-

1506 2235 1611 2266 siones
1634 2245 1690 2275 per
1713 2245 1756 2272 se,
1782 2235 1859 2276 quid
1883 2235 2014 2276 quidem
2037 2234 2191 2274 significet
2214 2243 2436 2275 unaquaeque,
2460 2243 2510 2265 ac-

1506 2279 1645 2320 cipiunt;
1669 2286 1705 2310 ut
1733 2279 1927 2310 arithmetica
1959 2279 2091 2320 quidem
2121 2279 2199 2320 quid
2229 2278 2332 2319 impar
2359 2285 2415 2310 aut
2437 2287 2510 2319 par,

1506 2331 1561 2355 aut
1591 2324 1782 2365 quadratus,
1807 2331 1862 2355 aut
1885 2324 2001 2363 cubus;
2025 2324 2198 2364 geometria
2220 2333 2296 2354 vero
2326 2323 2405 2364 quid
2434 2322 2508 2353 irra-

1505 2368 1643 2407 tionale,
1677 2374 1732 2399 aut
1763 2367 1894 2406 reflecti,
1924 2375 1979 2399 aut
2003 2375 2148 2406 curvare;
2172 2367 2261 2409 quod
2291 2374 2399 2398 autem
2429 2366 2508 2406 sint,

1506 2413 1723 2444 demonstrant
1737 2423 1793 2453 per
1809 2412 2009 2451 communia,
2028 2420 2058 2444 et
2074 2423 2111 2444 ex
2126 2412 2174 2443 his
2190 2422 2272 2453 quae
2291 2412 2509 2443 demonstran-

1505 2464 1557 2488 tur
1571 2467 1627 2498 per
1639 2457 1833 2488 communia.
1854 2457 1895 2488 Et
1910 2457 2080 2498 astrologia
2096 2457 2248 2488 similiter.
2258 2456 2276 2475 *
2292 2456 2408 2488 Omnis
2422 2455 2508 2487 enim

1506 2501 1752 2533 demonstrativa
1775 2501 1904 2532 scientia
1927 2501 2008 2532 circa
2031 2501 2089 2532 tria
2112 2508 2174 2540 est,
2203 2510 2415 2542 quaecunque
2443 2510 2510 2531 esse

1506 2553 1686 2587 ponuntur;
1710 2546 1786 2576 haec
1810 2552 1885 2577 sunt
1908 2552 2026 2585 autem,
2050 2555 2168 2586 genus,
2193 2545 2284 2576 cuius
2307 2555 2363 2586 per
2386 2554 2418 2575 se
2438 2554 2510 2586 pas-

1506 2591 1635 2621 sionum
1658 2590 1850 2631 speculativa
1873 2597 1936 2629 est,
1962 2597 1992 2621 et
2015 2600 2096 2631 quae
2129 2599 2317 2620 communes
2342 2588 2508 2629 dignitates

1506 2635 1672 2673 dicuntur,
1702 2644 1738 2665 ex
1768 2634 1884 2675 quibus
1915 2634 2025 2674 primis
2053 2634 2290 2672 demonstrant,
2321 2639 2352 2664 et
2381 2633 2511 2664 tertium

1506 2679 1688 2719 passiones,
1713 2688 1850 2719 quarum
1873 2678 1951 2719 quid
1975 2677 2128 2718 significet
2150 2687 2362 2718 unaquaeque
2385 2677 2508 2718 accipit.

1440 2724 1605 2762 Quasdam
1628 2729 1735 2753 tamen
1761 2722 1904 2753 scientias
1928 2722 2006 2753 nihil
2034 2722 2181 2762 prohibet
2211 2721 2368 2763 quaedam
2398 2731 2512 2753 eorum

1507 2767 1684 2807 despicere,
1707 2773 1744 2798 ut
1766 2776 1866 2807 genus
1890 2776 1956 2797 non
1980 2775 2161 2807 supponere
2189 2776 2271 2804 esse,
2297 2766 2323 2796 si
2347 2766 2386 2797 sit
2409 2765 2509 2797 mani-

1508 2811 1625 2842 festum
1655 2810 1810 2852 quoniam
1839 2817 1885 2842 est
1913 2809 1998 2854 (non
2026 2810 2111 2842 enim
2135 2810 2277 2841 similiter
2306 2810 2512 2842 manifestum

1508 2856 1597 2897 quod
1626 2855 1778 2886 numerus
1808 2855 1848 2886 sit
1871 2862 1902 2886 et
1930 2855 2020 2896 quod
2043 2855 2181 2886 calidum
2211 2862 2242 2886 et
2265 2853 2457 2898 frigidum);
2481 2861 2513 2886 et

1508 2900 1670 2941 passiones
1694 2910 1760 2930 non
1784 2906 1830 2931 est
1853 2899 1989 2940 recipere
2012 2900 2091 2940 quid
2115 2898 2300 2940 significent,
2321 2899 2346 2930 si
2366 2899 2429 2931 sint
2443 2909 2511 2930 ma-

1509 2944 1657 2982 nifestae;
1681 2944 1762 2975 sicut
1785 2954 1842 2974 nec
1866 2944 2051 2975 communia
2076 2954 2141 2974 non
2161 2943 2270 2984 recipit
2293 2944 2371 2985 quid
2393 2943 2512 2985 signifi-

1509 2995 1595 3027 cent,
1619 2989 1708 3029 quod
1724 2995 1770 3019 est
1785 2989 1929 3030 aequalia
1943 2989 1981 3019 ab
1998 2988 2181 3030 aequalibus
2197 2989 2338 3027 demere,
2356 2988 2512 3030 quoniam

1509 3040 1624 3064 notum
1648 3039 1702 3064 est.
1728 3033 1790 3064 Sed
1805 3033 1883 3064 nihil
1899 3033 2006 3064 minus
2025 3040 2137 3064 natura
2152 3033 2210 3064 tria
2225 3033 2302 3064 haec
2323 3039 2414 3072 sunt,
2431 3033 2515 3064 circa

1511 3078 1600 3119 quod
1613 3078 1856 3117 demonstratur,
1872 3085 1902 3109 et
1914 3088 1995 3119 quae
2009 3078 2276 3116 demonstrantur,
2289 3084 2320 3108 et
2332 3087 2369 3108 ex
2382 3077 2511 3119 quibus.

1441 3210 1509 3229 men
1533 3200 1635 3229 ultima
1662 3200 1842 3238 accipiuntur
1868 3200 1898 3229 in
1928 3209 2104 3238 unaquaque
2131 3199 2250 3229 scientia
2275 3209 2336 3228 non
2362 3199 2510 3235 absolute,

1441 3241 1491 3269 sed
1512 3240 1542 3269 in
1563 3247 1705 3278 quantum
1726 3240 1870 3278 pertinent
1891 3241 1928 3269 ad
1949 3250 2039 3278 genus
2061 3240 2221 3269 subiectum
2245 3240 2326 3277 quod
2347 3237 2511 3268 continetur

1441 3281 1494 3309 sub
1516 3280 1564 3309 illa
1585 3280 1711 3309 scientia.
1723 3297 1742 3302 -
1753 3290 1779 3318 7.
1795 3281 1936 3317 Exemplo
1958 3281 2114 3317 explicatur
2128 3289 2203 3317 quae
2217 3279 2274 3308 sint
2287 3279 2428 3316 principia
2441 3287 2510 3316 pro·

1441 3320 1504 3358 pria
1524 3327 1552 3349 et
1566 3320 1743 3349 communia.
1760 3337 1779 3343 -·
1793 3321 1820 3349 8.
1837 3320 1978 3349 Scientiae
1999 3319 2241 3349 demonstrativae
2262 3325 2383 3348 utuntur
2402 3317 2508 3356 princi-

1441 3360 1496 3398 piis
1517 3360 1722 3389 communibus
1743 3370 1804 3389 non
1825 3361 1986 3389 secundum
2008 3369 2110 3389 eorum
2131 3359 2366 3397 amplitudinem,
2389 3357 2455 3393 sed,
2476 3363 2515 3386 ut

1443 3400 1552 3429 dictum
1574 3407 1616 3429 est
1641 3410 1669 3429 n.
1692 3401 1727 3436 6,
1749 3407 1890 3438 quantum
1916 3401 1954 3429 ad
1981 3409 2072 3438 genus
2099 3399 2260 3428 subiectum
2289 3399 2326 3427 de
2351 3403 2513 3436 quosunt.

1442 3457 1462 3462 -
1476 3450 1503 3477 9.
1519 3441 1644 3469 Utuntur
1658 3446 1755 3468 autem
1776 3439 1924 3478 principiis
1945 3439 2079 3477 propriis,
2100 3448 2134 3468 ea
2149 3439 2342 3476 supponendo
2361 3437 2427 3475 quia
2441 3443 2509 3465 sunt

1442 3480 1487 3508 vel
1508 3480 1576 3517 quid
1597 3477 1664 3508 sunt
1684 3481 1728 3508 vel
1748 3487 1912 3518 utrumque.
1925 3496 1944 3502 -
1962 3489 2004 3508 xo.
2021 3479 2147 3508 Solvitur
2160 3477 2398 3507 dubium-Tria
2417 3478 2509 3514 (quae

1443 3526 1509 3548 sunt
1529 3519 1669 3557 principia
1683 3519 1714 3548 in
1729 3519 2050 3555 demonstrationibus),
2067 3527 2173 3555 nempe
2187 3518 2254 3556 quia
2267 3523 2334 3546 sunt
2347 3515 2509 3554 dignitates,

1443 3566 1471 3587 et
1491 3559 1559 3597 quid
1580 3559 1615 3588 sit
1629 3559 1735 3596 passio,
1751 3566 1779 3588 et
1797 3560 1863 3597 quia
1877 3566 1905 3588 et
1919 3559 1988 3597 quid
2001 3558 2038 3587 sit
2053 3558 2214 3587 subiectum
2235 3555 2491 3586 demonstrationis
2499 3577 2515 3592 ,.

1443 3605 1510 3627 sunt
1530 3599 1696 3628 naturaliter
1716 3599 1908 3636 supponenda
1929 3599 1959 3627 in
1980 3597 2107 3636 qualibet
2127 3596 2254 3626 scientia.

2539 2469 2548 2478 ·
2560 2467 2628 2491 Text.
2642 2474 2684 2498 ²5—
