2788 4204
94 3146 101 3152 ·
118 3149 130 3163 ε
139 3150 143 3164 :
159 3142 281 3170 quomodo.

96 3193 105 3202 ⁴
116 3191 176 3213 Infra
190 3198 212 3213 n.
224 3198 245 3219 7.

96 3303 103 3309 “
115 3300 260 3330 Propositum
267 3300 305 3322 de-

97 3330 132 3348 est
142 3333 165 3347 111
176 3326 243 3348 codd.

322 208 369 244 56

1085 211 1204 246 PERI
1235 209 1582 247 HERMENEIAS
1620 211 1714 248 LIB.
1746 212 1759 247 1

996 364 1295 420 LECTIO
1342 365 1827 422 DUODECIMA

501 484 673 536 QUOD
708 484 812 525 UNI
845 484 1286 524 AFFIRMATIONI
1319 483 1450 525 UNA
1479 484 1640 526 SOLA
1673 487 1946 528 NEGATIO
1982 489 2329 532 OPPONITUR

320 595 468 640 Φανερόν
486 590 523 626 δὲ
546 594 599 626 ὅτι
619 596 676 625 καὶ
694 596 755 637 μία
774 592 943 637 ἀπόφασις
957 594 1035 638 μιᾶς
1052 593 1279 639 καταφάσεώς
1298 594 1383 628 ἐστι·

322 684 364 717 τὸ
388 683 452 730 γάρ
479 682 566 714 αὐτὸ
591 677 643 713 δεῖ
668 682 843 726 ἀποφῆσαι
868 694 933 718 την
964 682 1148 727 ἀπόφασιν,
1177 682 1268 739 ὅμπερ
1282 682 1387 715 κατέ-

409 738 486 765 ησεν
513 728 533 764 η’
558 725 773 779 κατάφασις,
792 729 849 758 καὶ
870 727 940 759 ἀπὸ
958 728 1020 760 τοῦ
1039 728 1162 782 αὐτοῦ,
1182 726 1203 765 η
1222 729 1288 760 τῶν
1306 727 1381 760 καθ’

388 770 521 804 ὲκαστά
545 782 652 812 τινος,
680 769 700 807 ἦ
728 771 797 804 ἀπὸ
822 772 888 804 τῶν
913 771 1060 804 καθόλου
1086 772 1191 814 τινός,
1218 772 1240 809 ἢ
1265 773 1307 810 ὡς
1325 784 1386 804 κα-

387 815 498 857 θόλου,
525 814 546 851 ἦ
571 828 613 853 ως
639 827 685 859 μη
710 814 869 847 καθόλου.

318 860 415 907 Λέγω
432 855 469 892 δὲ
457 884 483 902 ,
503 860 570 891 οἷον
602 859 675 892 ἔστι
701 859 881 904 Σωκράτης
905 859 1041 901 λευκός,
1066 860 1126 892 οὐκ
1155 860 1229 893 ἔστι
1246 861 1388 917 Σωκρά-

387 917 446 942 της
471 902 599 942 λευκός.
621 905 703 936 Ἐάν
729 899 767 937 δὲ
793 905 877 938 ἄλλο
903 917 936 937 τι
960 904 981 942 ἢ
1012 906 1066 937 ἀπ’
1090 904 1193 939 ἄλλου
1211 918 1252 938 το
1282 905 1385 948 αὐτό,

388 949 449 994 οὐχ
474 963 494 987 η
515 948 742 994 ἀντικειμένη,
763 950 834 982 ἀλλ
858 949 957 982 ἔσται
982 950 1108 987 ἐκείνης
1125 950 1239 995 ἑτέρα.
1267 952 1315 993 Τῇ
1333 946 1385 993 δέ,

387 997 454 1033 πᾶς
481 993 652 1038 ἄνθρωπος
675 993 810 1036 λευκός,
837 1007 872 1036 η,
901 995 939 1026 06
970 995 1035 1032 πᾶς
1067 995 1238 1040 ἄνθρωπος
1253 995 1383 1033 λευκός·

387 1040 432 1082 τῇ
451 1035 502 1080 δέ,
522 1041 573 1076 τὶς
597 1037 768 1080 ἄνθρωπος
786 1039 914 1081 λευκός,
938 1040 973 1080 ἡ,
998 1035 1107 1078 οὐδεὶς
1127 1040 1308 1096 ἄνθρωπος
1312 1042 1388 1072 λευ-

385 1084 455 1122 κός·
486 1084 531 1126 τῇ
561 1078 616 1125 δὲ,
644 1083 734 1116 ἔστιν
766 1083 935 1128 ἄνθρωπος
963 1084 1099 1126 λευκός,
1136 1085 1181 1126 ἡ,
1209 1085 1267 1117 οὐκ
1293 1084 1385 1118 ἔστιν

389 1127 558 1170 ἄνθρωπος
583 1126 712 1165 λευκός.

312 1216 389 1250 ’Ότι
414 1217 473 1260 μὲν
499 1215 556 1249 οὖν
587 1217 647 1260 μίᾷ
675 1215 871 1260 καταφάσει
901 1219 985 1272 μία
995 1216 1162 1260 ἀπόφασις
1196 1218 1385 1251 ἀντίκειται

390 1262 629 1319 ἀντφφατικῶς,
647 1264 705 1293 καὶ
723 1264 808 1298 τίνες
835 1262 915 1292 εἰσὶν
942 1260 1061 1303 αὗται,
1082 1263 1227 1306 εἴρηται·
1245 1265 1304 1295 καὶ
1330 1262 1384 1295 ὅτι

389 1309 423 1339 αἱ
450 1307 602 1339 ἐναντίαι
630 1305 750 1347 ἄλλαι,
780 1308 838 1337 καὶ
864 1308 949 1342 τίνες
980 1307 1060 1338 εἰσὶν
1092 1307 1209 1340 αὗται·
1240 1309 1298 1339 καὶ
1331 1306 1384 1340 ὅτι

389 1352 427 1384 06
453 1352 550 1384 πᾶσα
583 1350 708 1388 ἀληθης
735 1349 755 1388 ἦ
805 1344 902 1388 ευδης
929 1350 1122 1394 ἀντίφασις,
1157 1353 1215 1384 καὶ
1240 1346 1300 1384 διαὶ
1328 1354 1383 1393 τί,

387 1397 446 1428 καὶ
472 1395 556 1429 πότε
584 1395 711 1433 ἀληθής
736 1395 757 1431 ἦ
806 1390 917 1432 ευδῆς.

321 1440 391 1473 Μία
422 1436 460 1472 δέ
485 1442 558 1473 ἐστι
589 1439 781 1483 κατάφασις
809 1440 867 1470 καὶ
901 1437 1069 1480 ἀπόφασις
1102 1453 1122 1476 η
1149 1439 1182 1471 ἓν
1206 1438 1280 1471 καθ’
1314 1439 1385 1477 ἑνος

387 1487 616 1529 σημαίνουσα,
643 1485 664 1521 ἦ
684 1482 867 1516 καθόλου“’
850 1494 945 1520 οντος
962 1481 1165 1525 καθόλου,“
1144 1497 1165 1521 η
1183 1485 1230 1527 μή
1249 1485 1382 1528 ὁμοίως,

389 1530 456 1562 οἷον
475 1530 541 1567 πᾶς
560 1509 731 1571 ἄνθρωπος
748 1527 864 1566 λευκός
884 1528 989 1569 ἐστιν,
1010 1528 1068 1560 οὐκ
1087 1528 1161 1561 ἔστι
1179 1529 1245 1566 πᾶς
1264 1529 1387 1574 ἄνθρω-

389 1586 450 1612 πος
471 1573 601 1611 λευκός·
621 1573 713 1605 ’ἐστιν
738 1571 909 1610 ἄνθοωπος
924 1571 1055 1614 λευκός,
1076 1574 1135 1605 οὐκ
1153 1573 1244 1606 ἔστιν
1265 1573 1388 1619 ανθρω-

389 1630 450 1656 πος
473 1617 602 1655 λευκός·
624 1613 730 1655 οὐδεὶς
758 1617 797 1650 ἄν
820 1628 929 1660 ρωπος
950 1616 1081 1656 λευκός
1105 1618 1178 1652 ἔστι
1195 1630 1246 1657 τις
1266 1618 1389 1664 ἄνθρω-

388 1674 450 1700 πος
465 1662 595 1700 λευκός·
611 1675 638 1694 ει
653 1674 694 1694 το
706 1662 824 1694 λευκον
850 1662 882 1694 ἓν
907 1664 1074 1705 σημαίνει.

319 1706 358 1737 Εἰ
374 1702 412 1738 δὲ
435 1702 526 1739 δυοῖν
553 1708 585 1739 ἓν
612 1707 718 1749 ὄνομα
742 1711 875 1748 κεῖται,
895 1705 930 1748 ἐξ
948 1706 990 1738 ὧν
1008 1706 1057 1751 μή
1081 1707 1172 1740 ἐστιν
1196 1707 1242 1749 ἕν,
1270 1708 1307 1740 06
1325 1711 1387 1751 μία

386 1751 595 1795 κατάφασις,
621 1748 700 1784 οὐδὲ
726 1751 895 1806 ἀπόφασις
919 1752 954 1795 μί
959 1763 994 1782 α·

323 1795 403 1837 οἷον,
432 1799 461 1828 εἴ
485 1809 534 1834 τις
561 1796 653 1829 θεῖτο
681 1796 788 1851 ὄνομα
809 1795 969 1852 ἱμάτιον
968 1795 1059 1837 ίππῳ
1076 1797 1134 1827 καὶ
1154 1795 1325 1852 ἀνθρώπῳ,
1345 1797 1387 1830 τό

388 1841 478 1874 ἔστιν
505 1840 642 1886 ἱμάτιον
666 1840 806 1882 λευκόν,
834 1839 924 1877 αὕτη
944 1841 981 1872 06
999 1842 1034 1883 μί
1039 1852 1060 1872 α
1082 1841 1290 1885 κατάφασις,
1310 1837 1388 1875 οὐδὲ

390 1885 560 1929 ἀπόφασις
585 1888 660 1929 μία.

320 1925 425 1962 Οὐδὲν
449 1930 514 1976 γοὶρ
539 1926 688 1985 διαφέρει
712 1930 819 1962 τοῦτο
844 1929 961 1968 εἰπεῖν,
982 1926 1003 1965 ἦ
1021 1928 1112 1961 ἔστιν
1133 1929 1254 1983 (meoq-
1256 1932 1315 1962 καὶ
1334 1931 1390 1963 ἄν-

389 1974 517 2019 θρωπος
541 1974 692 2013 λευκόῌ*
697 1974 841 2006 ,Τουτο
858 1968 896 2005 δὲ
916 1970 1011 2007 οὐδὲν
1025 1967 1175 2017 διαφέρει
1193 1986 1255 2007 του
1269 1975 1386 2017 εἰπεῖν,

391 2020 480 2052 ἔστιν
502 2019 609 2058 ἵππος
633 2018 764 2059 λευκός,
789 2019 847 2050 καὶ
873 2017 966 2052 ἔστιν
993 2017 1163 2059 ἄνθρωπος
1190 2019 1318 2058 λευκός.
1351 2021 1389 2052 El

391 2062 447 2097 οὖν
474 2063 581 2096 αὗται
607 2064 721 2096 πολλοὶ
744 2065 945 2106 σημαίνουσι
968 2065 1027 2096 καὶ
1045 2063 1107 2095 εἰσὶ
1126 2065 1265 2105 πολλαί,
1284 2059 1388 2102 δῆλον

390 2109 445 2141 ὅτι
468 2110 527 2140 καὶ
552 2121 573 2145 η
600 2108 715 2164 πρώτη
741 2107 820 2145 ητοι
845 2109 960 2141 πολλοὶ
983 2107 1005 2145 ἦ
1031 2102 1128 2141 οὐδὲν
1157 2110 1388 2153 σημαίνει·οὐ

389 2153 452 2200 γάρ
480 2154 570 2185 ἐστιν
598 2154 613 2185 6
639 2156 689 2191 τὶς
717 2152 877 2208 ἄνθρωρος
899 2152 1018 2191 ἵππος.

313 2196 418 2230 ’Ὥστε
446 2192 516 2229 οὐδ’
539 2199 571 2230 ἐν
590 2198 738 2235 ταύταις
765 2209 914 2243 αναγκη,
942 2209 1006 2235 την
1031 2196 1090 2241 μὲν
1118 2196 1241 2239 ἀληθῆ,
1270 2198 1334 2235 τήν
1351 2193 1390 2230 δὲ

389 2237 493 2286 ψευδῆ
520 2254 604 2275 ειναι
632 2243 821 2286 ἀντίφασιν.

385 2331 533 2359 SYNOPSIS.
551 2347 585 2350 —
608 2339 630 2357 1.
646 2330 857 2374 Argumentum
879 2335 906 2356 et
927 2329 1030 2357 divisio
1057 2335 1181 2358 textus.-
1195 2338 1221 2358 2.
1237 2331 1328 2359 Unius
1349 2331 1389 2359 af-

325 2369 494 2399 firmationis
516 2376 558 2398 est
579 2379 638 2397 una
659 2368 772 2406 negatio
795 2369 871 2414 sola,
894 2369 1026 2406 quamvis
1047 2369 1103 2397 sint
1126 2369 1209 2406 plura
1229 2370 1390 2407 oppositio-

325 2420 396 2438 num
418 2419 553 2446 genera.—
569 2410 593 2437 3.
610 2409 693 2437 Ratio
708 2415 759 2444 est,
775 2409 843 2446 quia
864 2408 978 2446 negatio
994 2409 1062 2437 ideo
1083 2409 1241 2446 opponitur
1261 2408 1389 2439 affirma-

325 2449 411 2483 tioni,
430 2449 498 2485 quia
519 2455 603 2485 negat
624 2448 710 2483 idem,
726 2455 754 2476 et
768 2450 872 2476 eodem
894 2449 992 2483 m0d0,
1016 2449 1096 2485 quod
1116 2447 1271 2478 affirmatio
1293 2450 1389 2486 ponit,

327 2496 355 2518 et
376 2471 447 2517 ni'hil
468 2489 553 2517 aliud.
583 2490 662 2516 Haec
683 2494 778 2516 autem
801 2489 914 2525 negatio
936 2498 997 2516 non
1018 2495 1113 2524 potest
1134 2498 1196 2517 esse
1217 2489 1271 2517 nisi
1292 2499 1359 2518 una.
1369 2505 1392 2512 -

327 2539 355 2565 4.
378 2529 575 2556 Manifestatur
594 2527 730 2564 exemplis
754 2528 789 2555 de
813 2528 941 2556 subiecto
965 2534 1027 2555 tum
1051 2529 1214 2566 singulari,
1240 2536 1304 2558 tum
1327 2530 1389 2557 uni-

328 2569 437 2598 versali
457 2567 653 2596 universaliter
674 2573 799 2603 sumpto,
821 2574 883 2595 tum
905 2567 1065 2595 universali
1085 2568 1292 2604 particulariter
1312 2578 1390 2597 sum-

326 2615 387 2645 pto,
402 2615 464 2636 turn
484 2608 641 2646 indefinito.
647 2622 670 2629 -
691 2607 716 2635 5.
738 2606 863 2635 Solvitur
884 2605 1035 2635 difficultas
1057 2608 1155 2652 quoad
1164 2608 1391 2652 propositiones

327 2648 498 2683 indefinitas,
514 2647 587 2675 inter
601 2656 672 2692 quas
693 2656 755 2675 non
774 2653 816 2674 est
836 2646 951 2683 proprie
971 2646 1127 2683 oppositio,
1142 2647 1196 2675 nisi
1211 2649 1329 2684 quando
1350 2648 1391 2676 af-

328 2688 452 2716 firmatio
474 2694 502 2715 et
522 2687 637 2724 negatio
659 2693 725 2714 sunt
746 2686 821 2714 circa
842 2686 934 2720 idem,
956 2686 997 2714 uti
1019 2686 1120 2714 accidit
1141 2687 1259 2724 quando
1280 2696 1391 2724 propo-

328 2728 393 2756 sitio
415 2734 457 2756 est
475 2727 505 2755 in
519 2727 640 2755 materia
661 2726 821 2754 necessaria
844 2726 903 2762 (Cf.
918 2726 980 2754 lect.
995 2734 1056 2761 xm,
1071 2735 1099 2754 n.
1113 2726 1155 2762 3),
1178 2733 1206 2754 et
1224 2726 1291 2755 ideo
1309 2735 1392 2764 prae-

460 2818 576 2857 ···L'’,·”
593 2818 769 2859 ostquam
798 2810 1054 2869 Philosophus
1083 2809 1246 2847 distinxit
1269 2809 1391 2847 diver-

547 2867 577 2895 “a
593 2876 656 2900 sos
682 2863 821 2900 modos
850 2863 1136 2912 oppositionum
1156 2862 1194 2899 in
1216 2863 1391 2900 enuncia-

412 2945 421 2958 ,
447 2875 507 2944 1¹³·
505 2922 545 2961 ς
565 2920 577 2965 ξ
593 2916 770 2963 tionibus,
785 2928 886 2953 nunc
901 2916 1058 2953 intendit
1073 2916 1271 2952 ostendere
1287 2915 1391 2964 quod

478 2962 485 3014 Ῐ,
537 2963 574 2999 9³¹
593 2970 658 3007 uni
674 2969 916 3006 affirmationi
926 2981 1003 3006 una
1018 2968 1165 3016 negatio
1174 2969 1390 3017 opponitur,

331 3032 367 3061 et
382 3025 479 3061 circa
493 3025 568 3060 hoc
583 3024 660 3061 duo
681 3022 781 3059 facit:
803 3022 941 3071 primo,
958 3021 1121 3058 ostendit
1137 3022 1239 3070 quod
1259 3022 1325 3058 uni
1341 3022 1391 3058 af-

330 3076 535 3115 firmationi
554 3089 631 3113 una
650 3075 797 3123 negatio
819 3075 1039 3124 opponitur;
1066 3074 1247 3121 secundo,
1269 3082 1392 3112 osten-

333 3130 385 3167 dit
404 3130 535 3179 quae*
554 3129 599 3166 sit
618 3142 695 3166 una
716 3128 917 3165 affirmatio
937 3128 999 3164 vel
1019 3127 1185 3186 negati03
1215 3127 1282 3164 ibi:
1308 3129 1392 3165 Una

331 3189 455 3220 autem
489 3182 736 3232 affirmati²¹³o
757 3189 824 3218 etc.
861 3181 971 3217 Circa
1003 3180 1171 3229 primum
1190 3179 1259 3217 tria
1283 3180 1388 3217 facit:

332 3237 468 3285 primo,
478 3235 659 3310 proponit
674 3234 779 3284 quod
794 3233 966 3270 intendit·
958 3233 1164 3280 ,secund0‚
1182 3233 1394 3270 manifestat

332 3289 605 3338 propositum*
613 3301 621 3334 3
642 3288 712 3325 ibi:
742 3288 831 3324 Hoc
851 3287 950 3323 enim
969 3287 1065 3323 idem
1082 3294 1162 3323 etc:
1154 3286 1300 3334 ‚tertio,
1317 3285 1392 3334 epi-

334 3343 434 3390 logat
448 3354 544 3391 quae
565 3341 663 3379 dicta
678 3349 779 3385 sunt;
801 3340 869 3376 ibi:
885 3339 1133 3388 Manifestum
1148 3345 1203 3376 est
1214 3350 1307 3389 ergo
1323 3346 1391 3376 etc.

388 3450 415 3483 α)
435 3447 548 3475 Οὐδὲν...
572 3454 636 3474 etc...
655 3446 669 3481 ἢ
689 3446 784 3474 ἔστιν’
777 3456 851 3478 ιππος
870 3445 913 3472 καὶ
933 3444 1064 3481 ἅνθρωπος
1082 3445 1181 3476 λευκὸς.
1196 3447 1231 3472 lta
1240 3447 1394 3472 Theodorus

1440 595 1457 615 *
1473 599 1678 631 Manifestum
1701 607 1747 632 est
1762 608 1869 632 autem
1900 602 2054 643 quoniam
2069 613 2134 634 una
2156 604 2281 644 negatio
2309 604 2404 635 unius
2428 604 2507 636 affir-

1508 643 1657 674 mationis
1681 651 1745 675 est:

1441 687 1503 717 hoc
1523 688 1609 718 enim
1629 688 1715 719 idem
1738 695 1865 729 oportet
1890 699 2003 730 negare
2017 691 2219 731 negationem
2238 693 2327 733 quod
2342 692 2509 724 affirmavit

1508 731 1685 771 affirmatio,
1702 739 1734 763 et
1752 733 1790 762 de
1814 734 1939 773 eodem,
1955 735 2005 765 vel
2028 735 2067 765 de
2090 736 2198 776 aliquo
2215 736 2433 776 singularium,
2457 737 2508 767 vel

1509 776 1547 806 de
1564 776 1671 816 aliquo
1696 777 1932 817 universalium,
1955 779 2006 809 vel
2029 779 2254 819 universaliter,
2277 781 2328 812 vel
2351 791 2418 811 non
2439 781 2508 812 uni-

1508 820 1676 851 versaliter.

1441 863 1522 894 Dico
1546 871 1664 903 autem,
1680 872 1716 896 ut
1730 872 1787 904 est,
1804 865 1947 896 Socrates
1970 873 2017 897 est
2039 867 2140 906 albus,
2157 877 2224 898 non
2244 875 2292 899 est
2305 868 2448 899 Socrates
2464 870 2508 900 al-

1509 909 1578 939 bus.
1603 909 1636 940 Si
1652 916 1760 940 autem
1778 910 1864 940 aliud
1880 910 1999 952 aliquid
2015 911 2053 941 de
2070 911 2195 950 eodem,
2211 913 2262 942 vel
2278 913 2316 942 de
2332 913 2395 943 alio
2411 913 2508 952 idem,

1508 963 1575 983 non
1599 954 1747 994 opposita
1771 954 1838 993 erit,
1863 956 1917 985 sed
1941 955 1979 985 ab
1999 965 2036 985 ea
2055 955 2185 986 diversa.
2206 956 2291 987 Huic
2305 963 2413 987 autem
2427 966 2509 998 quae

1509 1004 1566 1036 est,
1597 998 1702 1029 omnis
1725 998 1826 1029 horno
1850 999 1941 1030 albus
1964 1006 2021 1038 est,
2045 1000 2230 1031 contradicit
2251 1001 2316 1040 illa,
2339 1011 2422 1042 quae
2445 1007 2508 1032 est:

1508 1052 1575 1072 non
1599 1043 1704 1074 omnis
1727 1042 1828 1074 homo
1853 1044 1942 1074 albus
1961 1050 2018 1083 est,
2033 1044 2078 1074 illi
2093 1051 2201 1075 autem
2215 1055 2296 1086 quae
2316 1053 2372 1084 est,
2395 1045 2509 1086 aliquis

1508 1087 1608 1118 homo
1632 1087 1722 1118 albus
1746 1095 1802 1127 est,
1826 1088 1881 1119 illa
1896 1098 1978 1129 quae
2002 1095 2058 1128 est,
2082 1089 2190 1120 nullus
2214 1089 2314 1120 homo
2334 1090 2425 1120 albus
2444 1096 2508 1128 est;

1507 1130 1552 1161 illi
1576 1138 1683 1162 autem
1706 1142 1788 1173 quae
1818 1140 1879 1172 est,
1912 1133 2013 1163 homo
2041 1133 2131 1164 albus
2159 1140 2222 1173 est,
2251 1133 2305 1164 illa
2333 1144 2414 1175 quae
2445 1140 2508 1173 est,

1507 1175 1609 1206 homo
1633 1177 1722 1207 albus
1746 1187 1812 1208 non
1837 1184 1891 1208 est.

1442 1219 1540 1256 Quod
1562 1221 1658 1260 igitur
1680 1231 1743 1252 una
1767 1221 1933 1252 affirmatio
1962 1221 2017 1252 uni
2040 1222 2201 1262 negationi
2229 1222 2406 1263 opponitur
2433 1232 2509 1253 con·

1507 1265 1694 1304 tradictorie,
1719 1272 1749 1296 et
1771 1275 1853 1306 quae
1877 1273 1950 1297 sunt
1964 1267 2033 1305 hae,
2049 1266 2170 1297 dictum
2193 1272 2254 1305 est;
2278 1273 2309 1297 et
2328 1267 2418 1307 quod
2436 1273 2511 1297 sunt

1507 1309 1585 1340 aliae
1609 1310 1792 1349 contrariae,
1817 1317 1847 1341 et
1871 1321 1952 1351 quae
1976 1318 2050 1342 sunt
2067 1311 2138 1349 hae,
2154 1311 2276 1342 dictum
2299 1318 2359 1342 est:
2375 1318 2407 1342 et
2420 1311 2510 1352 quod

1506 1363 1573 1383 non
1588 1354 1692 1428 omnifs
1706 1364 1779 1384 vera
1792 1355 1843 1385 vel
1857 1354 1934 1385 falsa
1949 1355 2166 1394 contradictio,
2178 1362 2208 1386 et
2222 1365 2319 1396 quare
2334 1362 2364 1386 et
2378 1355 2509 1397 quando

1506 1406 1579 1428 vera
1601 1398 1651 1428 vel
1687 1398 1761 1429 alsa.

1438 1439 1456 1459 '⁸‘
1471 1441 1543 1471 Una
1565 1447 1673 1472 autem
1695 1441 1861 1473 affirmatio
1877 1451 1908 1474 et
1930 1443 2055 1484 negatio
2080 1450 2136 1482 est,
2152 1453 2233 1484 quae
2257 1453 2360 1474 unum
2376 1443 2414 1474 de
2443 1453 2509 1475 uno
2539 1449 2547 1457 ”

1506 1485 1669 1526 significat,
1692 1487 1744 1517 vel
1763 1497 1837 1517 cum
1860 1488 1900 1518 sit
1923 1487 2098 1518 universale
2127 1488 2342 1520 universaliter
2367 1491 2419 1521 vel
2441 1501 2509 1522 non

1507 1530 1722 1561 universaliter
1749 1538 1802 1570 ut,
1833 1532 1939 1562 omnis
1966 1532 2067 1562 homo
2095 1533 2185 1563 albus
2213 1539 2277 1571 est,
2306 1544 2372 1564 non
2403 1535 2509 1566 omnis

1506 1575 1607 1606 1101110
1631 1575 1721 1606 albus
1745 1582 1806 1614 est,
1830 1576 1937 1606 nullus
1955 1576 2056 1607 homo
2076 1576 2166 1608 albus
2181 1583 2238 1616 est,
2257 1577 2390 1618 quidam
2408 1579 2509 1611 homo

1509 1620 1598 1650 albus
1622 1626 1683 1659 est,
1708 1619 1733 1650 si
1757 1620 1866 1650 album
1889 1629 1992 1651 unum
2015 1619 2178 1660 significat.

1443 1708 1475 1740 Si
1497 1719 1572 1739 vero
1597 1708 1723 1739 duobus
1746 1719 1850 1739 unum
1873 1718 1992 1739 nomen
2016 1708 2159 1749 positum
2179 1714 2235 1748 est,
2251 1719 2288 1740 ex
2307 1710 2424 1752 quibus
2443 1721 2510 1750 non

1509 1759 1555 1784 est
1577 1762 1696 1792 unum,
1720 1763 1787 1783 11011
1811 1759 1857 1783 est
1880 1763 1943 1783 11118
1966 1752 2132 1783 affirmatio
2155 1753 2205 1783 vel
2228 1753 2373 1795 negatio;

1443 1805 1489 1837 ut,
1504 1797 1530 1828 si
1544 1798 1615 1839 quis
1634 1804 1733 1838 ponat
1747 1797 1809 1828 hoc
1823 1807 1943 1828 nomen
1957 1797 2064 1828 tunica
2077 1797 2201 1828 homini
2216 1805 2247 1829 et
2261 1808 2345 1840 equo
2364 1805 2396 1831 et
2414 1800 2509 1839 dicar,

1509 1842 1616 1873 tunica
1639 1849 1685 1872 est
1707 1842 1792 1882 alba,
1816 1842 1893 1872 haec
1916 1852 1982 1872 non
2006 1848 2052 1872 est
2075 1851 2139 1872 una
2162 1842 2328 1874 affirmatio
2359 1854 2418 1874 nec
2445 1854 2511 1875 una

1510 1886 1646 1927 negatio.

1442 1931 1530 1963 Nihil
1553 1931 1639 1962 enim
1662 1930 1762 1961 differt
1784 1929 1876 1968 haec,
1901 1939 1999 1970 quam
2022 1929 2138 1968 dicere,
2163 1937 2209 1962 est
2235 1931 2337 1962 homo
2365 1931 2456 1963 albus
2479 1938 2511 1964 et

1510 1983 1556 2007 est
1579 1985 1681 2016 equus
1704 1975 1804 2005 albus.
1829 1974 1861 2005 Si
1884 1983 1959 2014 ergo
1982 1973 2042 2004 hae
2065 1974 2166 2005 multa
2189 1974 2364 2015 significant
2387 1982 2418 2007 et
2436 1982 2512 2008 sunt

1510 2021 1632 2061 plures,
1661 2018 1865 2050 manifestum
1889 2024 1935 2048 est
1964 2018 2119 2059 quoniam
2146 2025 2177 2050 et
2204 2019 2306 2059 prima
2336 2020 2437 2051 multa
2458 2021 2511 2052 vel

1510 2065 1589 2096 1111111
1612 2062 1781 2104 significat:
1806 2072 1909 2104 neque
1933 2061 2019 2093 enim
2041 2062 2155 2103 aliquis
2179 2069 2226 2094 est
2247 2062 2349 2095 homo
2373 2073 2486 2106 equus.

1446 2199 1551 2236 Quare
1575 2207 1632 2228 nec
1651 2196 1684 2226 in
1702 2195 1751 2226 his
1770 2204 1895 2226 necesse
1910 2201 1957 2225 est
1979 2194 2060 2225 hanc
2083 2194 2214 2235 quidem
2228 2195 2511 2227 contradictionem

1510 2252 1617 2273 veram
1641 2250 1718 2279 esse,
1742 2239 1830 2270 1118111
1852 2248 1928 2269 vero
1952 2238 2073 2269 falsam.

1444 2331 1570 2360 dicatum
1598 2339 1649 2366 per
1682 2338 1713 2357 se
1743 2327 1877 2356 convenit
1900 2326 2045 2362 subiecto,
2073 2327 2118 2355 vel
2143 2328 2261 2364 quando
2285 2327 2445 2357 subiectum
2469 2331 2512 2358 est

1443 2371 1621 2408 8111301818.-
1635 2370 1662 2397 6.
1690 2367 1866 2405 Epilogus-
1881 2376 1907 2403 7.
1929 2366 2030 2395 Unitas
2051 2364 2253 2396 affirmationis
2274 2368 2318 2396 vel
2339 2367 2508 2406 negationis,

1444 2410 1505 2439 sine
1527 2419 1585 2447 qua
1605 2418 1666 2437 non
1687 2409 1771 2436 datur
1792 2406 1954 2444 oppositio,
1976 2406 2095 2443 requirit
2118 2407 2257 2436 unitatem
2279 2407 2510 2444 significationis,

1445 2460 1496 2479 seu
1509 2450 1550 2478 rei
1565 2448 1739 2486 significatae
1753 2454 1816 2476 tum
1837 2456 1871 2475 ex
1885 2452 1966 2483 parte
1980 2445 2099 2474 subiecti
2116 2453 2178 2475 tum
2193 2456 2227 2476 ex
2242 2454 2323 2492 parte
2340 2447 2510 2484 praedicam

1444 2490 1503 2518 sive
1518 2491 1588 2518 haec
1602 2488 1696 2516 unitas
1713 2487 1749 2515 sit
1762 2486 1939 2521 universalis,
1961 2485 2020 2514 sive
2041 2486 2228 2522 particularis,
2250 2487 2310 2515 sive
2330 2487 2511 2516 indefinita.-

1445 2531 1472 2558 8.
1484 2531 1551 2558 Non
1572 2526 1678 2557 sufficit
1691 2533 1787 2556 autem
1808 2526 1904 2554 unitas
1925 2525 2066 2561 nominis;
2081 2532 2200 2563 excepto
2222 2535 2290 2555 88811
2309 2527 2339 2555 111
2353 2536 2413 2563 quo
2427 2535 2510 2563 prae-

1445 2569 1571 2597 dicatum
1597 2567 1734 2596 referatur
1754 2567 1791 2595 ad
1805 2575 1945 2594 vocem.-
1957 2574 1984 2601 9.
2000 2566 2055 2593 Res
2075 2566 2236 2594 declaratur
2256 2566 2393 2602 exemplis
2414 2573 2444 2594 et
2463 2575 2508 2595 ra-

1445 2608 1524 2636 tione
1538 2608 1774 2644 probatur.-1o.
1797 2604 2054 2633 Corollarium.1n
2074 2605 2313 2633 affirmationibus
2334 2611 2362 2633 et
2380 2605 2509 2643 negatio-

1445 2647 1530 2676 nibus
1552 2645 1701 2683 aequivoci
1729 2644 1848 2673 subiecti
1869 2653 1930 2672 non
1951 2650 2066 2680 oportet
2085 2653 2175 2672 unam
2197 2653 2258 2673 esse
2272 2644 2370 2673 veram
2391 2651 2419 2673 et
2439 2645 2509 2673 alte-

1445 2696 1508 2716 ram
1528 2687 1638 2721 falsam,
1660 2685 1730 2722 quia
1749 2683 1863 2721 negatio
1891 2690 1919 2711 et
1939 2681 2094 2712 affirmatio
2115 2690 2237 2720 possunt
2264 2693 2326 2712 non
2351 2693 2414 2712 esse
2434 2684 2510 2714 cirea

1446 2726 1533 2755 idem.

1501 2821 1536 2847 2.
1557 2809 1657 2846 Dicit
1671 2820 1760 2856 ergo
1776 2807 1914 2856 primo,
1926 2806 2168 2844 manifestum
2180 2819 2262 2844 esse
2277 2807 2380 2856 quod
2396 2807 2509 2846 unius

1446 2861 1708 2899 affirmationis
1729 2867 1784 2897 est
1806 2872 1884 2897 una
1902 2859 2051 2908 negatio
2072 2862 2163 2898 sola.
2190 2861 2239 2898 Et
2257 2860 2333 2897 hoc
2352 2860 2508 2909 quidem

1446 2915 1514 2952 fuit
1541 2914 1796 2952 necessarium
1820 2913 1882 2950 hic
1907 2913 2066 2950 dicere*

1445 2969 1554 3017 plura
1582 2966 1867 3016 oppositionum
1896 2978 2051 3025 genera,
2080 2966 2282 3004 videbatur
2309 2966 2416 3015 quod
2442 2966 2508 3005 uni

1447 3020 1688 3058 affirmationi
1717 3020 1814 3057 duae
1843 3019 2062 3067 negationes
2090 3027 2385 3069 opponerentur3
2414 3019 2510 3058 sicut

1445 3073 1534 3111 huic
1552 3073 1819 3119 affirmativae,
1847 3073 1967 3109 omnis
1989 3073 2102 3109 homo
2126 3078 2180 3110 est
2202 3072 2320 3118 albus,
2345 3071 2507 3120 videtur,

1447 3127 1658 3164 secundum
1676 3125 1880 3175 praedicta,
1900 3125 1996 3162 haec
2014 3125 2189 3173 negativa
2208 3125 2364 3174 opponi,
2386 3125 2508 3162 nullus

1446 3181 1558 3217 homo
1586 3185 1641 3217 est
1665 3179 1790 3239 albus-3
1824 3185 1860 3215 et
1887 3178 1999 3225 haec,
2033 3178 2185 3226 quidam
2213 3179 2325 3215 homo
2354 3190 2428 3216 non
2457 3182 2511 3215 est

1447 3233 1563 3270 albus.
1587 3231 1664 3270 Sed
1679 3232 1709 3269 si
1729 3231 1812 3281 quis
1827 3238 1926 3268 recte
1947 3230 2159 3268 consideret
2173 3230 2285 3268 huius
2303 3231 2324 3253 *
2343 3231 2507 3268 affirma-

1447 3286 1564 3332 tivae,
1598 3285 1719 3323 omnis
1745 3285 1858 3322 homo
1877 3289 1932 3321 est
1956 3284 2063 3321 albus
2069 3312 2080 3330 ,
2109 3283 2317 3332 negativa*
2345 3290 2401 3321 est
2427 3282 2543 3320 sola·

1447 3339 1527 3386 ista,
1544 3338 1696 3387 quidam
1714 3338 1827 3374 homo
1846 3349 1921 3374 non
1941 3342 1995 3374 est
2009 3337 2127 3383 albus,
2144 3349 2241 3386 quae
2261 3334 2506 3374 solummodo

1448 3445 1547 3481 θρωπος
1565 3444 1638 3471 καὶ”
1629 3455 1706 3476 invto<
1723 3445 1822 3476 λευκός.
1842 3446 1915 3477 Quae
1933 3451 2019 3471 autem
2037 3450 2187 3480 sequuntur,
2206 3443 2293 3470 Τοῦτο
2312 3449 2360 3469 etc.
2377 3450 2462 3476 utque
2475 3444 2508 3468 ad

332 3485 415 3509 Waltz
435 3484 579 3518 (Aristotel.
597 3485 740 3517 organon..
760 3492 819 3516 pars
839 3483 916 3516 prior,
936 3483 1039 3515 Lipsiae
1061 3482 1135 3514 1844,
1150 3490 1208 3515 pag.
1228 3481 1296 3517 129),
1315 3490 1394 3516 quem
1447 3481 1537 3512 λευκός
1556 3482 1686 3513 inclusive,
1705 3482 1856 3507 omitumtur
1873 3482 1899 3506 in
1912 3481 2031 3507 versione
2044 3481 2134 3506 latina.
2153 3479 2269 3513 quinimo
2287 3486 2318 3504 et
2336 3478 2435 3503 duabus
2449 3486 2507 3503 sen-

335 3520 450 3552 sequitur
468 3520 551 3544 Didot.
572 3520 598 3544 ln
617 3520 726 3544 editione
745 3524 899 3551 stereotypa,
918 3518 1021 3551 Lipsiae
1038 3517 1111 3559 1872,
1124 3523 1149 3542 et
1167 3517 1193 3542 in
1207 3517 1394 3559 antiquioribus
1448 3517 1532 3542 tentiis
1551 3516 1658 3542 efficitur
1679 3500 1731 3542 1108
1749 3517 1828 3542 modo
1851 3525 1916 3542 unu:
1935 3513 2019 3542 Οὗὸὶν
2037 3514 2086 3550 γὰρ
2105 3514 2215 3549 διαφέροι
2234 3515 2314 3540 τοῦτο
2332 3508 2420 3546 ιικεῗν,
2439 3510 2507 3539 let-w

336 3555 488 3579 editionibus
508 3555 612 3587 legitur:
631 3551 714 3579 Οὐδὲν
731 3552 779 3587 γὰρ
798 3553 908 3587 διαφέρει
928 3555 1008 3578 τοῦτο
1024 3555 1071 3577 τοῦ
1089 3549 1182 3583 ειπεῒν,
1203 3550 1243 3577 ὅτι
1262 3548 1366 3579 ker-clv*
1351 3561 1393 3577 αν-

1447 3550 1526 3582 ’ἷππος
1544 3550 1645 3584 λευκός,
1665 3549 1708 3577 καὶ
1726 3549 1793 3578 ἴστιν
1814 3549 1943 3586 ἅνθρωπος
1961 3549 2060 3581 λευκός.

2078 2913 2210 2963 ·quia
2229 2925 2317 2950 cum
2339 2914 2510 2962 posuerit
2537 2923 2545 2933 ·

2536 604 2614 631 'Seq.
2623 610 2643 626 8.
2654 610 2694 626 vn.

2535 3244 2642 3267 ‘Codd.-
2650 3248 2679 3267 m:
2686 3244 2748 3267 Ante.

2534 3299 2608 3320 ‘nm
2623 3297 2730 3326 neuun.
