2788 4204
103 364 115 375 '
129 363 200 385 Num.
215 368 236 391 3.

104 465 115 476 ⁴
130 464 202 486 Num.
218 470 250 485 10.

104 630 116 643 ⁴
131 631 193 652 Esse
206 636 254 652 om.
264 637 288 657 ιι,
298 634 320 651 et

106 657 138 679 ita
152 657 221 678 infra.

106 737 118 748 ⁸
151 735 255 757 Alterius
293 741 321 756 ex

107 763 185 789 codd„
195 767 276 786 exc.o‚.
285 761 320 784 Cf.

108 792 164 810 text.

106 816 117 827 ’³
127 814 322 842 ef.1ib.1‚1ect.u‚

107 847 132 863 n.
146 847 165 869 5.

107 947 119 958 ’
132 953 158 968 A:
179 945 320 972 orationem

107 979 134 995 n:
150 973 260 994 rationis.

107 1055 157 1078 ἐι.
163 1056 251 1082 ΡενίΙι.,
257 1055 295 1077 lib.
303 1055 321 1081 1,

107 1083 160 1104 leet.
170 1089 203 1110 111,
214 1088 236 1104 ιι.
248 1088 277 1110 ¹3·

107 1213 321 1240 *anunm-mxci-

107 1240 150 1266 n',·
167 1246 183 1262 ιι
207 1245 256 1262 om.
285 1239 321 1261 cf.

107 1269 165 1289 text.

107 1420 304 1444 ’Βαιοοᾶὰῐ

106 1637 121 1648 ⁸
133 1636 206 1659 Num.
218 1635 242 1658 6.

108 1795 233 1845 'go-neodd
243 1797 326 1817 emet

109 1854 209 1877 ''Cf.lib.
215 1854 234 1882 1,
241 1855 294 1876 leet.
300 1859 323 1880 x,

109 1889 159 1907 not.
172 1891 193 1908 ε.

111 2711 123 2723 ⁸
131 2711 220 2734 Codd.-
229 2717 254 2732 P:
263 2710 327 2732 idett

106 2738 210 2766 primun
221 2739 301 2759 mnam.

111 2868 185 2890 *Hoc
195 2869 274 2889 autem
289 2869 328 2889 est

111 2895 167 2934 imp.
182 2901 230 2916 om.
247 2900 276 2915 n.

111 2922 155 2943 ἐιε
162 2921 269 2949 atquin,
271 2926 325 2942 non.

112 2971 169 2992 ⁴:1²1
185 2976 245 2992 2882.

1195 276 1306 312 CAP.
1335 277 1421 324 VII,

347 355 381 391 si
397 352 667 390 demonstrabit
683 352 784 401 quod
801 353 892 400 quid
908 358 960 389 est
976 353 996 373 ²³
1013 360 1100 398 etc.;
1116 354 1236 400 tertio,
1254 354 1417 403 epilogat

348 418 448 455 quae
477 405 575 442 dicta
603 413 707 452 sunt;
727 405 796 442 ibi:
821 406 887 442 Ex
912 406 969 442 his
997 406 1114 455 igitur
1141 418 1260 454 neque
1287 408 1415 455 defini-

349 461 398 497 tio
419 460 439 480 *
461 466 529 496 etc.

403 524 438 549 2.
459 511 559 549 Dicit
578 523 666 559 ergo
685 510 811 559 primo
836 510 941 559 quod
960 523 1039 548 non
1056 511 1207 548 videtur
1228 524 1309 549 esse
1329 526 1416 561 pos-

349 565 463 602 sibilis
483 564 616 612 aliquis
636 563 787 610 modus,
809 576 886 611 quo
907 563 1040 611 aliquis
1063 564 1295 602 demonstret
1318 567 1419 614 quod

349 619 439 667 quid
461 623 515 654 est
538 629 616 654 esse
635 617 655 635 ‘³‘
675 616 858 662 hominis;
884 625 921 653 et
939 617 1014 653 hoc
1033 617 1133 664 ideo,
1154 618 1243 666 quia
1262 630 1417 655 necesse

349 679 406 708 est
437 670 543 718 quod
571 669 788 717 quicunque
822 670 889 706 scit
916 670 1021 718 quod
1045 671 1136 718 quid
1161 679 1216 708 est
1244 683 1325 708 esse
1347 673 1416 708 ho-

349 723 473 769 minis,
502 723 565 759 vel
594 722 852 771 cuiuscunque
881 723 1031 760 alterius
1052 725 1072 745 *
1100 724 1165 771 rei,
1195 725 1299 773 quod
1327 725 1419 761 sciat

350 788 431 813 rem
460 776 562 812 illam
591 788 672 812 esse
701 777 731 812 ³⁸.
763 776 864 822 Quia
894 776 995 813 enim
1025 789 1099 813 non
1137 779 1229 814 entis
1257 790 1335 814 non
1364 786 1419 814 est

349 829 476 877 aliqua
494 829 684 877 quidditas
702 830 765 866 vel
786 829 958 875 essentia,
986 829 1033 866 de
1056 842 1102 866 eo
1123 831 1228 878 quod
1252 843 1331 867 non
1351 839 1416 878 est,

350 883 474 919 nullus
493 890 618 931 potest
636 882 730 919 scire
750 882 856 930 quod
884 883 976 931 quid
996 891 1068 928 est;
1089 884 1156 920 sed
1181 892 1306 932 potest
1324 884 1418 921 scire

350 935 664 984 significationem
680 935 856 982 nominis,
872 937 934 972 vel
950 936 1136 972 rationem
1153 937 1172 957 ⁵¹²
1189 949 1234 973 ex
1248 937 1418 985 pluribus

350 988 569 1025 nominibus
599 989 871 1037 compositam:
902 989 998 1025 sicut
1019 997 1145 1038 potest
1163 990 1296 1038 aliquis
1324 990 1419 1027 scire

350 1041 444 1090 quid
462 1042 646 1090 significat
673 1043 749 1078 hoc
777 1054 922 1078 nomen
945 1043 1188 1091 tragelaphus
1207 1043 1228 1063 '¹‘
1248 1044 1309 1079 vel
1343 1044 1419 1079 lzir-

351 1107 541 1141 cocervus,
563 1095 669 1143 quod
696 1095 800 1131 idern
821 1103 887 1139 est,
909 1094 998 1142 quia
1017 1095 1202 1143 significat
1220 1095 1418 1143 quoddam

351 1148 492 1184 animal
522 1148 780 1196 compositum
810 1160 855 1184 ex
883 1147 989 1183 hirco
1019 1156 1055 1184 et
1083 1160 1218 1193 cervo;
1253 1148 1322 1184 sed
1349 1148 1419 1185 im-

349 1200 529 1249 possibile
550 1208 604 1236 est
623 1200 716 1237 scire
734 1202 754 1222 ’⁴‘
773 1200 883 1248 quod.
898 1199 991 1247 quid
1011 1208 1066 1236 est
1084 1201 1309 1247 hircocervi,
1330 1201 1419 1249 quia

350 1253 442 1290 nihil
471 1261 526 1290 est
553 1254 626 1290 tale
655 1254 694 1290 in
722 1265 850 1291 rerum
879 1260 1024 1289 natura.

405 1307 440 1344 3.
461 1306 611 1343 Deinde
640 1319 728 1343 curn
758 1306 862 1343 dicit:
889 1306 942 1342 At
965 1316 1056 1342 vero
1088 1305 1123 1341 si
1154 1305 1423 1343 demonstrabit

350 1360 441 1408 quid
457 1365 512 1397 est
531 1367 613 1405 etc.‚
636 1371 681 1396 ex
701 1372 747 1396 eo
768 1358 874 1407 quod
888 1358 1143 1407 praemissum
1160 1366 1229 1404 est,
1247 1360 1419 1407 procedit

350 1413 400 1449 ad
417 1412 658 1462 propositum
687 1412 980 1449 ostendendum.
1002 1412 1051 1448 Et
1070 1411 1090 1431 *
1111 1411 1208 1448 circa
1238 1413 1314 1449 hoc
1343 1413 1419 1451 duo

350 1466 453 1502 facit:
473 1465 613 1514 primO,
625 1465 788 1502 ostendit
802 1465 907 1513 quod
922 1477 1001 1502 non
1015 1472 1140 1512 potest
1154 1466 1300 1502 ostendi
1320 1468 1423 1514 quod

349 1518 440 1567 quid
466 1524 520 1554 est
546 1518 891 1564 demonstratione;
917 1518 1099 1564 secundo,
1120 1519 1225 1566 quod
1251 1531 1330 1556 non
1348 1532 1417 1568 po-

349 1579 420 1608 test
448 1571 596 1608 ostendi
627 1571 864 1617 definitione;
891 1572 958 1608 ibi:
986 1572 1029 1608 Si
1053 1583 1147 1621 ergo
1175 1578 1212 1608 et
1243 1573 1421 1620 definiens

349 1625 582 1662 demonstrat
594 1626 614 1646 ³⁵
631 1633 700 1661 etc.
717 1626 828 1662 Circa
843 1626 1011 1674 primum
1026 1625 1134 1673 ponit
1148 1633 1221 1662 tres
1238 1626 1419 1673 rationes;

351 1691 515 1727 quarum
543 1678 668 1727 prima
695 1679 778 1716 talis
808 1686 873 1715 est.
901 1678 1006 1715 Sicut
1034 1678 1202 1715 definitio
1233 1678 1421 1716 inducitur

351 1731 400 1768 ad
428 1731 751 1769 manifestandum
771 1731 915 1779 aliquid
942 1743 1076 1775 unum,
1098 1731 1136 1768 in
1150 1740 1335 1779 quantum
1351 1733 1420 1769 sci-

350 1784 436 1821 licet
455 1797 500 1821 ex
519 1786 688 1833 partibus
709 1785 937 1822 definitionis
956 1785 999 1821 fit
1017 1797 1137 1822 unum
1152 1797 1225 1833 per
1241 1798 1292 1831 se,
1314 1786 1420 1823 non*

346 1850 419 1887 per
449 1838 621 1875 accidens
650 1840 691 1885 *,
721 1838 771 1875 ita
804 1839 918 1875 etiarn
947 1845 1097 1886 oportet
1128 1838 1233 1886 quod
1263 1839 1420 1876 demon-

351 1891 497 1939 stratio,
527 1903 626 1939 quae
654 1891 769 1928 utitur
796 1891 1018 1929 definitione
1055 1898 1238 1951 tanquam
1267 1892 1418 1939 medio,

349 1957 472 1982 unum
501 1945 642 1994 aliquid
675 1945 931 1982 demonstret:
961 1952 1110 1992 oportet
1139 1945 1239 1981 enim
1269 1947 1420 1982 conclu-

349 1997 499 2036 sionem
528 2010 610 2035 esse
639 1992 768 2035 medio
793 1999 1132 2047 proportionatam.
1167 1999 1216 2035 Et
1243 1997 1293 2035 ita
1319 2007 1423 2047 patet

350 2051 457 2100 quod
475 2064 544 2100 per
562 2063 680 2088 unam
702 2059 738 2088 et
758 2051 936 2089 eamdem
957 2051 1322 2089 demonstrationem
1342 2064 1421 2089 non

348 2112 510 2154 possunt
538 2104 689 2142 diversa
716 2105 980 2142 demonstrari.
1012 2105 1089 2142 Sed
1108 2104 1210 2141 aliud
1239 2112 1295 2142 est
1322 2106 1423 2153 quod

350 2158 441 2207 quid
466 2164 521 2195 est
545 2159 676 2203 homo,
708 2166 743 2195 et
775 2171 853 2195 esse
888 2159 1100 2195 hominem:
1129 2158 1167 2194 in
1200 2158 1281 2194 solo
1318 2158 1420 2195 enim

348 2211 475 2271 primo
497 2211 644 2249 essendi
658 2211 863 2260 Principio,
884 2212 988 2260 quod
1009 2218 1064 2248 est
1079 2211 1321 2248 essentialiter
1341 2223 1419 2258 ens,

350 2265 477 2314 ipsum
506 2277 585 2301 esse
613 2272 649 2301 et
677 2265 861 2313 quidditas
890 2265 969 2302 eius
999 2272 1054 2301 est
1080 2276 1201 2301 unum
1232 2272 1268 2301 et
1294 2264 1419 2310 idem3

351 2317 391 2355 in
410 2318 590 2354 omnibus
610 2325 739 2355 autern
760 2318 851 2365 aliis,
872 2330 971 2366 quae
991 2325 1078 2354 sunt
1098 2318 1196 2355 entia
1215 2330 1284 2366 per
1307 2317 1419 2366 parti-

352 2371 595 2420 cipationem,
617 2378 766 2420 oportet
785 2372 889 2420 quod
905 2372 951 2408 sit
966 2370 1066 2408 aliud
1085 2383 1163 2408 esse
1183 2378 1219 2408 et
1237 2371 1420 2419 quidditas

353 2424 447 2461 entis
461 2430 490 2461 ⁶².
512 2425 603 2461 Non
620 2433 675 2462 est
690 2437 778 2473 ergo
793 2424 975 2473 possibile
989 2424 1095 2473 quod
1110 2425 1244 2461 eadem
1261 2424 1419 2460 demon-

352 2478 530 2515 stratione
560 2478 795 2514 demonstret
822 2478 955 2526 aliquis
975 2478 1065 2526 quid
1082 2483 1136 2514 est
1153 2485 1188 2514 et
1207 2476 1295 2524 quia
1315 2482 1376 2513 est.

405 2542 442 2578 4.
469 2531 689 2568 Secundam
710 2531 895 2568 rationem
915 2531 1024 2580 ponit
1047 2531 1114 2567 ibi:
1134 2531 1267 2567 Postea
1296 2535 1333 2565 et
1348 2541 1421 2578 per

352 2584 706 2621 demonstrationem
736 2592 828 2621 etc.
819 2597 957 2632 ,quae
985 2583 1067 2620 talis
1101 2591 1167 2620 est.
1199 2583 1419 2619 Secundum

354 2649 562 2674 commune
578 2637 794 2685 sapientum
806 2614 962 2684 dictum,
974 2636 1231 2674 necessarium
1248 2642 1303 2672 est
1316 2636 1420 2683 quod

353 2702 482 2737 omne,
509 2690 604 2727 idest
631 2697 754 2727 toturn
780 2691 800 2711 *
825 2690 931 2740 quod
958 2702 1027 2739 per
1054 2688 1420 2727 demonstrationem

354 2743 651 2790 demonstratur,
674 2743 720 2780 sit
738 2743 866 2792 ipsum
886 2743 974 2792 quia
994 2748 1057 2788 est,
1082 2743 1151 2779 nisi
1173 2742 1268 2779 forte
1287 2741 1421 2790 aliquis

354 2796 453 2833 dicat
481 2797 585 2845 quod
614 2797 689 2833 hoc
717 2797 843 2845 ipsum
869 2797 958 2845 quia
986 2802 1041 2833 est
1057 2795 1103 2832 sit
1122 2795 1328 2832 substantia
1357 2795 1421 2831 ali-

355 2849 460 2887 cuius
489 2850 553 2887 rei.
576 2851 662 2886 Hoc
684 2851 704 2871 ’¹‘
722 2857 850 2887 autem
871 2858 926 2887 est
944 2849 1190 2898 impossibile.
1212 2849 1299 2885 Hoc
1319 2848 1422 2884 enim

354 2902 479 2952 ipsum
508 2903 614 2951 quod
635 2911 690 2939 est
709 2903 729 2924 *
754 2915 848 2949 esse,
871 2915 950 2940 non
970 2910 1025 2939 est
1052 2901 1259 2938 substantia
1282 2902 1344 2938 vel
1367 2913 1422 2937 es-

354 2955 473 2992 sentia
491 2956 511 2976 *
532 2955 688 2992 alicuius
712 2956 766 2992 rei
790 2956 830 2993 in
852 2967 990 3004 genere
1015 2954 1214 2992 existentis.
1244 2953 1424 3002 Alioquin

407 3081 435 3115 α)
450 3081 532 3106 Aliud
545 3088 601 3106 esse
614 3084 641 3106 et
653 3080 790 3113 quidditas
803 3080 904 3105 entis.—-
913 3080 971 3104 Duo
984 3080 1024 3104 hic
1037 3080 1155 3105 distincte
1172 3081 1320 3104 traduntur:
1339 3088 1422 3104 unum

354 3122 394 3142 est
406 3117 478 3149 quod
490 3117 516 3141 in
529 3116 652 3141 omnibus
665 3116 743 3140 rebus
762 3116 853 3140 creatis
867 3115 980 3140 essentia
992 3115 1093 3140 realiter
1109 3115 1271 3147 distinguitur
1285 3115 1317 3140 ab
1332 3123 1421 3139 earum

353 3152 500 3178 existentia
506 3159 515 3180 ,·
535 3152 604 3176 aliud
623 3156 663 3176 est
681 3152 752 3183 quod
770 3151 899 3175 vocabulo
917 3152 965 3175 τοῦ
983 3158 1039 3175 esse
1057 3159 1079 3175 s.
1092 3150 1209 3175 Thomas
1228 3150 1344 3182 designat
1362 3150 1421 3174 exi-

353 3188 487 3213 stentiam.
511 3187 627 3211 Primum
646 3192 686 3211 est
700 3186 891 3211 fundamentale
909 3187 934 3210 in
954 3186 1069 3210 doctrina
1091 3194 1113 3211 s.
1127 3186 1260 3216 Thomae,
1281 3190 1309 3209 ut
1327 3193 1419 3209 omnes

354 3228 457 3253 norunt,
472 3223 589 3254 illudque
603 3229 681 3254 saepe
700 3229 722 3246 s.
738 3222 833 3246 Doctor
845 3221 963 3246 inculcat.
982 3222 1100 3246 Alterum
1118 3228 1181 3245 vero
1200 3228 1262 3253 prae
1280 3225 1367 3244 mente
1381 3225 1421 3244 est

354 3259 502 3283 habendum
522 3257 624 3290 quoties
643 3258 675 3281 de
694 3262 781 3281 mente
799 3265 822 3281 s.
836 3256 955 3281 Thomae
969 3256 1077 3280 dubium
1095 3256 1213 3281 occurrit.
1228 3256 1338 3286 Quando
1352 3255 1421 3279 enim

353 3301 410 3319 esse
427 3294 483 3318 sine
501 3294 588 3318 addito
606 3292 723 3324 ponitur,
748 3292 920 3316 communiter
942 3291 1092 3324 intelligitur
1110 3291 1254 3319 existentiam
1279 3290 1422 3314 certissime

354 3335 441 3354 autem
459 3336 515 3354 esse
532 3336 580 3360 pro
599 3328 733 3353 existentia
747 3328 858 3352 sumitur
873 3327 984 3359 quoties,
1003 3332 1031 3352 ut
1049 3327 1075 3351 in
1093 3326 1143 3351 hoc
1162 3327 1228 3355 loco,
1244 3332 1299 3350 esse
1317 3333 1420 3357 compa-

354 3370 425 3389 ratur
447 3372 506 3389 cum
526 3364 666 3396 quidditate
689 3370 736 3387 seu
755 3363 874 3387 essentia.
896 3362 1021 3387 «Omnis
1041 3366 1126 3386 autem
1150 3360 1262 3385 essentia
1279 3361 1320 3384 vel
1346 3360 1420 3393 quid-

356 3409 370 3423 »
391 3400 455 3424 ditas
480 3402 588 3431 (rerum
607 3399 779 3429 creatarum)
805 3398 910 3429 intelligi
929 3402 1014 3429 potest
1032 3397 1088 3421 sine
1107 3397 1156 3421 hoc
1175 3396 1246 3428 quod
1268 3396 1363 3428 aliquid
1383 3395 1420 3419 in-

357 3445 370 3459 »
390 3436 520 3467 telligatur
539 3435 571 3459 de
589 3441 644 3459 esse
663 3441 712 3458 suo
730 3433 805 3458 facto.
820 3433 933 3457 Possum
952 3433 1021 3456 enirn
1039 3432 1181 3463 intelligere
1201 3431 1263 3463 quid
1282 3436 1323 3455 est
1340 3431 1420 3455 horno

357 3480 370 3495 »
390 3471 431 3495 vel
455 3470 580 3503 phoenix,
598 3475 624 3494 et
637 3475 724 3493 tamen
743 3469 861 3500 ignorare
874 3476 906 3492 an
924 3475 979 3492 esse
991 3467 1102 3492 habeat
1097 3475 1122 3491 ιιι
1137 3474 1223 3491 rerum
1238 3471 1335 3491 natura.
1351 3466 1419 3497 Ergo

357 3511 460 3538 »patet
475 3506 545 3537 quod
564 3512 620 3530 esse
634 3510 673 3529 est
686 3504 754 3528 aliud
774 3504 805 3528 ab
819 3504 930 3528 essentia
949 3503 989 3527 vel
1005 3503 1174 3535 quidditate.»
1162 3501 1296 3535 »(Opusc.
1307 3502 1349 3526 De
1360 3505 1420 3526 ente

355 3545 383 3567 et
395 3541 517 3568 essentia,
528 3548 584 3573 cap.
593 3548 617 3564 v.
626 3540 691 3564 —Cf.
703 3539 736 3564 ib.
744 3546 790 3572 per
799 3544 854 3568 tot„
864 3543 889 3563 et
903 3546 959 3571 cap.
968 3538 1014 3570 vi).

409 3575 435 3611 β)
457 3577 532 3606 Quae
546 3583 598 3608 per
615 3575 776 3607 exempla.—
791 3574 832 3598 Sic
852 3574 962 3606 legimus
977 3581 1036 3597 cum
1050 3573 1134 3603 codd„
1153 3579 1206 3597 exc.
1222 3572 1286 3597 FGI.
1306 3571 1351 3596 PG
1365 3579 1418 3597 om.

355 3619 437 3645 quae:
456 3612 500 3636 Fl:
525 3619 603 3644 quam
623 3618 676 3643 per
691 3610 826 3642 exempla.
842 3623 862 3628 -
877 3609 915 3634 G.
935 3609 1138 3641 praedictarum
1157 3608 1287 3633 rationem
1307 3607 1418 3640 mamse-

1452 278 1603 314 LECT.
1633 278 1684 315 v1
2457 283 2531 330 347

1473 365 1663 407 oporteret
1691 357 1795 405 quod
1825 358 1899 394 hoc
1932 358 2035 406 quod
2064 358 2148 395 dico
2177 371 2241 396 ens
2269 368 2366 396 esset
2393 373 2532 420 genus,

1472 410 1560 458 quia
1589 423 1707 458 genus
1737 418 1791 447 est
1809 410 1914 458 quod
1941 410 2179 459 praedicatur
2199 412 2246 448 de
2275 412 2428 460 aliquo
2420 426 2458 450 ιιι
2486 426 2533 450 eo

1472 463 1576 511 quod
1596 463 1687 522 quid
1706 464 1736 499 ²⁸.
1759 464 1838 499 Ens
1858 470 1986 500 autem
2006 476 2085 500 non
2105 471 2159 500 est
2178 476 2295 512 genus
2312 466 2367 511 *ᾗ
2387 474 2428 503 ιιι
2445 479 2532 515 pro-

1472 516 1608 552 batur
1600 529 1638 552 1n
1654 517 1703 552 111
1723 517 1892 564 Metaph.
1906 517 1926 537 ²¹⁸
1942 517 1991 553 Et
2009 524 2164 565 propter
2190 518 2266 554 hoc
2285 518 2396 555 etiam
2416 520 2532 566 Deus,

1472 569 1536 616 qui
1566 577 1620 605 est
1649 581 1761 605 suum
1791 581 1883 614 esse,
1905 582 1983 606 non
2012 577 2067 606 est
2094 570 2132 606 in
2160 582 2308 618 genere.
2339 571 2378 608 Si
2407 580 2533 609 autem

1472 622 1560 670 quia
1589 627 1643 658 est
1669 629 1766 658 esset
1793 622 1999 659 substantia
2027 622 2182 659 alicuius
2211 623 2275 670 rei,
2306 624 2417 661 simul
2446 637 2534 661 curn

1473 674 1605 722 aliquis
1625 674 1840 711 ostenderet
1862 676 1950 722 quia
1970 681 2033 720 est,
2063 675 2277 713 ostenderet
2296 677 2386 725 quid
2411 683 2478 723 est,
2500 686 2535 714 et

1473 727 1523 763 ita
1557 740 1636 764 non
1667 735 1789 763 totum
1830 728 1935 774 quod
1975 728 2245 765 demonstratio
2281 730 2533 778 demonstrat,

1474 788 1572 816 esset
1591 781 1678 828 quia
1698 786 1761 816 est.
1789 780 1883 816 Illud
1903 788 2030 817 autem
2055 789 2110 817 est
2138 781 2285 818 falsum.
2306 784 2408 830 Ergo
2434 791 2536 831 patet

1473 833 1578 880 quod
1607 833 1878 869 demonstratio
1907 834 2032 869 solum
2062 834 2295 871 demonstrat
2317 836 2405 884 quia
2427 838 2447 858 *
2471 842 2533 873 est.

1473 887 1720 929 Demonstrat
1746 885 1846 922 enim
1876 886 2178 923 enunciationem

1474 938 1658 986 significat
1685 950 1762 975 esse
1788 938 1850 974 vel
1878 939 1898 959 ³¹²
1917 950 1990 974 non
2020 951 2106 975 esse.
2138 940 2187 976 Et
2213 941 2287 977 hoc
2316 941 2427 978 etiam
2469 955 2535 991 ap-

1472 999 1578 1039 paret
1615 991 1653 1028 in
1685 1002 1866 1039 processu
1904 991 2155 1028 scientiarum.
2195 994 2400 1030 Geometra
2434 995 2535 1031 enim

1474 1043 1608 1092 accipit
1635 1043 1727 1091 quid
1760 1042 1943 1090 significat
1970 1044 2044 1079 hoc
2068 1057 2211 1082 nomen
2239 1046 2470 1095 triangulus,
2501 1056 2536 1084 et

1475 1096 1710 1133 demonstrat
1737 1096 1837 1143 quod
1857 1096 1876 1116 ’⁸
1898 1096 1961 1142 sit,
1990 1104 2082 1144 puta
2111 1110 2197 1134 cum
2224 1098 2457 1136 demonstrat
2475 1113 2535 1137 su-

1473 1161 1542 1197 per
1562 1149 1700 1184 lineam
1727 1155 1868 1184 rectam
1894 1148 2021 1194 datam
2043 1150 2062 1170 *
2082 1150 2307 1197 triangulum
2336 1153 2535 1200 aequilate-

1475 1213 1560 1237 rum
1596 1201 1834 1237 constituere.
1879 1201 1919 1237 Si
1950 1201 2059 1248 igitur
2091 1203 2224 1250 aliquis
2262 1204 2537 1243 demonstraret

1475 1254 1599 1289 solum
1619 1254 1709 1301 quid
1726 1259 1780 1289 est
1800 1253 2020 1300 triangulus,
2041 1262 2190 1303 praeter
2209 1268 2357 1293 morem
2379 1258 2535 1296 demon-

1475 1306 1698 1343 strationum
1718 1306 1856 1354 quibus
1879 1314 2034 1343 utuntur
2058 1307 2254 1355 scientiae,
2281 1322 2360 1346 non
2379 1311 2536 1348 demon-

1475 1367 1607 1396 straret
1630 1360 1705 1396 hoc
1735 1367 1857 1396 totum
1887 1359 1992 1407 quod
2021 1368 2076 1396 est
2101 1361 2327 1408 triangulum
2351 1375 2444 1410 esse,
2470 1365 2538 1401 sed

1476 1413 1753 1450 demonstraret
1789 1413 1914 1449 solum
1946 1413 2022 1449 hoc
2050 1414 2156 1461 quod
2185 1414 2269 1451 dico
2299 1415 2536 1464 triangulum.

1476 1466 1579 1503 Sicut
1607 1466 1709 1502 enim
1736 1473 1892 1514 propter
1918 1466 1993 1502 hoc
2022 1467 2127 1514 quod
2156 1479 2234 1503 esse
2262 1480 2340 1504 non
2370 1477 2424 1505 est
2451 1471 2538 1506 sub—

1474 1519 1607 1556 stantia
1636 1519 1700 1565 rei,
1721 1518 1780 1554 ille
1809 1518 1874 1566 qui
1903 1519 2136 1556 demonstrat
2164 1532 2251 1567 esse,
2280 1522 2355 1557 hoc
2379 1523 2502 1559 solum
2519 1524 2538 1544 *

1476 1572 1724 1617 demonstrat;
1755 1571 1804 1608 ita
1832 1571 1863 1608 si
1891 1572 2022 1620 aliquis
2052 1573 2327 1610 demonstraret
2354 1576 2444 1622 quid
2469 1582 2537 1622 est,

1475 1626 1550 1662 hoc
1573 1626 1698 1661 solum
1728 1624 2012 1661 demonstraret.
2040 1626 2270 1673 Sequeretur
2297 1627 2406 1674 igitur
2433 1629 2538 1677 quod

1475 1677 1607 1726 aliquis
1627 1678 1748 1715 sciens
1767 1690 1836 1726 per
1855 1678 2114 1715 definitionem
2135 1679 2225 1727 quid
2236 1685 2299 1725 est,
2315 1681 2474 1718 nesciret
2487 1694 2537 1719 an

1475 1737 1538 1777 est,
1559 1731 1665 1779 quod
1686 1738 1740 1767 est
1767 1731 2016 1779 impossibile,
2037 1739 2078 1767 ut
2098 1743 2141 1768 ex
2160 1732 2359 1780 praedictis
2376 1735 2395 1755 ’¹‘
2422 1742 2535 1783 patet.

1533 1786 1565 1821 5.
1591 1784 1761 1820 Tertiam
1782 1784 1966 1820 rationem
1986 1784 2093 1833 ponit
2112 1784 2178 1821 ibi:
2203 1786 2315 1822 Man
2304 1786 2450 1834 festum
2470 1800 2536 1824 au-

1476 1843 1547 1873 tem
1573 1843 1627 1873 est
1651 1837 1854 1873 secundum
1884 1849 1983 1873 nunc
2012 1845 2095 1874 etc.·
2086 1850 2213 1886 ,quae
2240 1851 2310 1887 per
2334 1840 2537 1889 exempla!³

1477 1897 1744 1927 consuetarum
1774 1890 2038 1927 definitionum
2062 1891 2275 1928 manifestat
2293 1891 2407 1939 idem,
2431 1894 2537 1942 quod

1476 1943 1514 1979 in
1552 1943 1794 1992 praecedenti
1835 1943 1979 1980 ratione
2018 1951 2072 1979 est
2109 1945 2355 1992 conclusum,
2399 1946 2537 1983 scilicet

1476 1997 1580 2044 quod
1609 2004 1824 2032 monstrans
1852 1997 1942 2044 quid
1962 2002 2017 2033 est
2042 2009 2120 2033 non
2150 2004 2334 2034 monstrat
2361 1999 2448 2046 quia
2473 2006 2534 2037 est.

1475 2049 1586 2086 Unde
1607 2049 1694 2086 dicit
1712 2049 1954 2085 manifestum
1975 2061 2056 2085 esse
2081 2062 2158 2086 non
2182 2051 2306 2087 solum
2326 2052 2537 2089 secundum

1474 2102 1684 2151 praedicta,
1715 2102 1781 2139 sed
1811 2102 1924 2139 etiarn
1953 2103 2163 2140 secundum
2197 2103 2334 2140 modos
2362 2105 2536 2142 termino-

1474 2168 1561 2192 rum
1578 2157 1609 2201 ’ἢ
1632 2156 1728 2192 idest
1746 2155 2022 2201 definitionum,
2039 2168 2136 2204 quae
2164 2168 2264 2192 nunc
2286 2165 2371 2193 sunt
2394 2158 2432 2194 in
2451 2171 2534 2206 usu,

1475 2209 1581 2257 quod
1609 2209 1658 2245 illi
1682 2208 1747 2256 qui
1766 2208 1961 2254 definiunt,
1992 2221 2070 2245 non
2099 2209 2337 2246 manifestant
2364 2211 2452 2258 quia
2471 2217 2533 2248 est.

1475 2263 1570 2298 Puta
1599 2262 1663 2310 qui
1692 2261 1823 2298 definit
1851 2261 2052 2308 circulum,
2088 2262 2215 2299 dicens
2247 2263 2351 2310 quod
2387 2271 2441 2300 est
2473 2264 2536 2300 ali-

1476 2315 1567 2364 quid
1596 2327 1641 2351 ex
1670 2315 1774 2351 cuius
1795 2314 1923 2351 medio
1944 2315 1963 2335 *
1984 2314 2104 2351 lineae
2124 2315 2173 2352 ad
2197 2314 2535 2353 circumferentiam
2563 2327 2574 2338 *

1475 2369 1609 2406 ductae
1639 2375 1726 2404 sunt
1753 2368 1940 2416 aequales,
1971 2367 2096 2404 adhuc
2121 2375 2233 2404 restat
2260 2369 2430 2416 quaestio
2444 2381 2534 2417 pro-

1469 2427 1555 2469 pter
1579 2421 1669 2469 quid
1695 2428 1867 2469 oporteat
1885 2420 1977 2469 poni
2001 2432 2082 2457 esse
2098 2421 2118 2441 '⁸
2142 2421 2181 2458 id
2214 2421 2319 2469 quod
2339 2422 2534 2469 definitur;

1473 2482 1564 2523 puta
1582 2481 1737 2522 propter
1756 2473 1846 2522 quid
1867 2481 2040 2522 oporteat
2061 2474 2152 2522 poni
2172 2474 2277 2523 quod
2297 2474 2342 2511 sit
2361 2475 2534 2523 circulus,

1474 2527 1539 2575 qui
1557 2527 1751 2575 praedicto
1779 2526 1898 2563 modo
1926 2526 2113 2563 definitur.
2144 2527 2333 2564 Convenit
2352 2528 2452 2564 enim
2472 2529 2535 2565 ali-

1475 2593 1592 2629 quam
1612 2580 1774 2617 similem
1794 2580 1979 2616 rationem
2000 2579 2124 2616 dicere
2143 2581 2278 2617 montis
2295 2582 2416 2627 aenei,
2445 2590 2535 2630 puta

1475 2633 1579 2681 quod
1601 2641 1655 2670 est
1675 2645 1813 2681 corpus
1833 2645 1997 2669 aeneum
2016 2633 2054 2669 in
2071 2634 2187 2670 altum
2209 2641 2244 2669 et
2261 2646 2534 2683 usquequaque

1477 2686 1675 2732 diffusum;
1693 2694 1729 2722 et
1744 2694 1872 2722 tamen
1888 2685 2013 2722 adhuc
2029 2694 2140 2722 restat
2155 2698 2336 2734 quaerere
2351 2699 2399 2723 an
2415 2687 2460 2724 sit
2474 2687 2535 2723 ali-

1476 2739 1567 2788 quid
1583 2740 1603 2760 *
1623 2740 1695 2776 tale
1715 2739 1752 2775 in
1773 2751 1898 2775 rerum
1919 2746 2064 2776 natura.
2091 2740 2140 2775 Et
2157 2740 2232 2776 hoc
2251 2739 2337 2776 ideo
2353 2739 2440 2788 quia
2464 2748 2535 2777 ter-

1477 2792 1581 2839 mini,
1593 2793 1689 2829 idest
1708 2792 1871 2829 rationes
1886 2792 2114 2838 definitivae,
2131 2805 2208 2829 non
2224 2792 2413 2829 declarant
2431 2793 2535 2852 quod

1477 2846 1567 2883 illud
1587 2846 1634 2883 de
1658 2858 1735 2894 quo
1761 2845 2006 2893 assignantur,
2023 2853 2087 2881 aut
2107 2846 2126 2866 ’²‘
2145 2846 2192 2882 sit
2215 2853 2278 2881 aut
2296 2846 2471 2893 possibile
2491 2846 2575 2882 sit

1479 2912 1576 2944 esse;
1607 2899 1674 2936 sed
1695 2901 1715 2920 *
1743 2910 1914 2947 semper,
1951 2898 2135 2945 assignata
2168 2898 2230 2934 tali
2259 2898 2421 2945 ratione,
2451 2898 2535 2935 licet

1478 2965 1660 3001 quaerere
1699 2964 1815 3000 quare
1844 2958 2015 3000 oporteat
2038 2956 2052 2976 ⁷
2079 2951 2152 2987 tale
2180 2951 2319 2999 aliquid
2349 2963 2441 2988 esse.
2472 2951 2534 2988 Sic

1476 3083 1531 3104 stat
1551 3080 1580 3104 id
1598 3080 1669 3111 quod
1687 3084 1747 3109 etc.;
1768 3079 1807 3104 O:
1827 3079 2029 3112 manifestarum
2048 3078 2224 3110 definitionem
2246 3077 2353 3110 manif-5
2372 3077 2410 3107 Q:
2428 3084 2534 3102 consue-

1476 3118 1565 3139 tarum
1583 3115 1727 3139 dictionum
1743 3114 1836 3147 manif.
1844 3114 1995 3138 —ACENS:
2014 3113 2186 3145 manifestant
2200 3112 2283 3143 idem;
2297 3113 2334 3136 D.
2353 3113 2536 3137 demonstrant

1477 3150 1514 3182 (s.
1530 3158 1573 3180 m.‚
1587 3149 1767 3181 demonstrat)
1788 3149 1872 3177 idem,·
1890 3149 1926 3172 K:
1946 3148 2133 3182 manifestatur
2147 3148 2225 3172 idem.

1531 3185 1622 3214 Quoad
1632 3185 1783 3225 exemplum
1795 3185 1827 3208 de
1837 3187 1924 3208 monte
1936 3191 2017 3208 aeneo
2027 3184 2097 3216 quod
2108 3183 2171 3207 infra
2183 3182 2317 3214 profertur,
2328 3182 2353 3206 in
2363 3187 2433 3206 textu
2443 3190 2535 3214 graeco

1476 3220 1569 3252 legitur
1595 3215 1759 3253 ὀρειχάλκου.
1785 3219 1841 3243 Νοιι
1871 3219 1942 3243 latuit
1966 3219 2134 3243 scholasticos
2162 3218 2294 3242 diversitas
2320 3217 2448 3242 lectionis.
2474 3225 2535 3242 nam

1476 3255 1500 3279 b.
1510 3255 1632 3279 Albertus
1655 3255 1740 3286 Magn.
1754 3254 1779 3278 in
1794 3254 1814 3277 11
1828 3254 1938 3282 Poster„
1961 3254 2045 3278 Tract.
2061 3254 2094 3283 11,
2114 3261 2167 3285 cap.
2177 3260 2205 3282 v,
2225 3260 2283 3284 pag.
2294 3251 2357 3283 624,
2377 3253 2425 3276 eol.
2440 3260 2468 3282 2,
2487 3253 2533 3277 ait:

1476 3298 1490 3313 «
1502 3289 1610 3314 Arabica
1629 3289 1761 3313 translatio
1775 3296 1827 3312 non
1846 3288 1922 3313 habet
1940 3289 2045 3314 montis.
2054 3297 2096 3311 »-
2110 3288 2148 3312 Cf.
2163 3288 2304 3318 Themist„
2319 3288 2462 3319 Anonym„
2481 3288 2534 3312 Eu-

1475 3330 1556 3354 strat„
1571 3324 1706 3356 Philopon.
1721 3324 1746 3348 in
1761 3323 1787 3348 h.
1797 3324 1826 3348 l.-
1820 3324 1901 3354 ‚item
1913 3324 1998 3348 Waitz
2011 3331 2054 3355 op.
2064 3324 2105 3348 cit.
2116 3324 2135 3347 11
2147 3323 2256 3352 Poster..
2272 3323 2410 3347 Comment
2421 3330 2477 3354 cap.
2483 3330 2532 3354 vn,

1475 3368 1534 3392 pag.
1550 3343 1610 3392 393.
1622 3373 1641 3378 -
1655 3359 1713 3384 Sive
1732 3364 1817 3383 autem
1837 3354 1992 3392 ὀρείχάλκου
2012 3359 2109 3383 dicatur
2127 3358 2159 3382 de
2176 3341 2291 3387 circulo
2312 3363 2340 3382 ut
2358 3362 2433 3382 sonat
2451 3342 2534 3382 littei-si

1475 3400 1563 3419 nostra
1582 3394 1734 3424 Aristotelis,
1749 3394 1804 3418 sive
1818 3394 1850 3418 de
1863 3397 1958 3423 monte,
1973 3399 1998 3418 et
2012 3394 2048 3418 sic
2062 3393 2206 3426 duplicetur
2218 3394 2373 3426 exemplum,
2388 3398 2417 3417 ut
2430 3400 2453 3417 s.
2462 3392 2534 3417 Tho-

1475 3438 1531 3454 mas
1551 3430 1666 3462 exponit,
1690 3430 1721 3454 ad
1740 3429 1808 3453 idem
1827 3429 1948 3453 refertur:
1968 3429 2064 3453 scilicet
2086 3433 2164 3452 restat
2189 3435 2292 3460 semper
2314 3435 2439 3460 quaerere
2457 3435 2489 3452 an
2508 3433 2534 3452 et

1474 3470 1579 3498 propter
1592 3465 1653 3497 quid
1669 3465 1758 3489 existat
1770 3465 1811 3488 vel
1825 3464 1934 3489 circulus
1949 3471 2052 3493 aeneus,
2064 3464 2106 3488 vel
2121 3471 2215 3487 aeneus
2234 3471 2320 3487 mons.

1526 3499 1553 3534 γ)
1576 3500 1666 3530 Quare
1680 3502 1837 3531 oporteat-
1818 3500 1892 3523 -Est
1910 3499 1985 3523 lectio
1998 3499 2085 3529 codd.
2104 3506 2162 3523 exc
2173 3498 2230 3528 HT,
2245 3506 2323 3531 quam
2343 3497 2435 3522 Pianae
2454 3498 2533 3522 suffe-

1474 3536 1569 3560 cimus:
1584 3536 1608 3560 si
1620 3538 1749 3567 oporteat.
1764 3535 1918 3566 Excepimus
1931 3534 1988 3564 HT,
1999 3534 2045 3558 sed
2058 3518 2085 3558 hi
2097 3539 2182 3558 tamen
2201 3533 2311 3558 formam
2330 3533 2438 3557 aliorum
2458 3533 2532 3558 codd.

1473 3570 1605 3596 exhibent.
1625 3578 1685 3595 nam
1704 3571 1742 3595 H:
1757 3573 1870 3602 propter
1888 3569 1953 3602 quid
1971 3573 2108 3602 oporteat,·
2126 3569 2162 3593 Τ.
2182 3569 2244 3601 quia
2263 3571 2376 3601 oportet.
2394 3568 2478 3593 Etiam
2497 3568 2532 3593 L.

1473 3609 1585 3638 oportet.

2200 888 2219 908 ²³
2235 888 2412 936 aliquam,
2438 901 2535 937 quae
2563 903 2574 913 *

2563 473 2618 494 Cf.
2629 474 2679 496 lect.
2690 480 2719 500 ιιι,
2729 481 2751 496 ιι.
2761 475 2776 497 6

2562 507 2583 524 et
2598 507 2647 525 not.
2656 511 2687 536 γ,·
2697 512 2720 527 n.
2731 507 2775 527 8et

2562 541 2610 558 not.
2626 535 2649 564 ζ.

2562 568 2584 579 ”
2599 568 2635 590 Cf
2652 571 2662 592 I
2681 571 2776 598 Perrh„

2562 595 2614 615 lect
2622 601 2669 622 vin
2680 604 2703 619 n
2712 598 2734 619 6.

2562 626 2682 648 Comm.
2699 624 2775 646 3.Τ1ἰ.

2562 653 2614 674 lect.
2616 657 2674 673 νιιι.-
2666 651 2710 672 -Ed
2715 650 2774 672 .Did.

2563 679 2602 700 lib.
2619 679 2653 703 11.
2672 684 2722 705 cap.
2738 683 2775 704 ιιι,

2563 711 2586 726 ιι.
2596 705 2618 732 8,
2633 711 2699 732 seqq.

2563 846 2574 857 ⁸
2581 851 2602 892 rt!
2611 851 2711 866 erronee:
2719 845 2777 872 quid

2578 879 2588 892 5
2601 888 2607 893 ·

2564 878 2577 893 e
2597 909 2618 923 ι-ι
2641 902 2777 923 enunciatio

2563 935 2664 976 refiddd.
2676 966 2686 971 -
2696 961 2721 976 r:
2732 956 2762 975 et.

2563 1108 2667 1129 'urcumt
2675 1107 2732 1135 quid
2737 1107 2776 1133 sit,

2564 1135 2604 1155 sed
2619 1139 2666 1155 non
2682 1137 2751 1155 recte.

2564 1165 2573 1174 ‘
2589 1164 2663 1186 Codd.
2672 1175 2681 1179 -
2690 1171 2714 1185 P:
2732 1164 2775 1185 da·

2564 1193 2611 1211 tam
2617 1190 2731 1218 contingit
2738 1190 2778 1211 tri-

2563 1223 2622 1244 ang.

2565 1536 2575 1547 “
2585 1535 2620 1557 Cf.
2629 1542 2691 1557 num.
2702 1542 2778 1563 praec.

2565 1742 2576 1753 ⁸*
2590 1742 2660 1763 Num.
2670 1748 2691 1764 2.

2565 2160 2575 2170 ³
2597 2159 2632 2181 Cf.
2655 2160 2665 2181 1
2680 2160 2773 2187 Perrh„

2565 2187 2616 2208 lect.
2626 2192 2656 2214 ιν,
2667 2192 2690 2207 ιι.
2700 2192 2720 2207 2.

2595 2333 2615 2348 ri
2623 2335 2628 2348 2
2650 2333 2679 2348 ex
2693 2327 2774 2355 quibus

2564 2353 2662 2375 med1'ae.

2563 2435 2573 2445 ⁸
2589 2434 2624 2455 Cf.
2640 2437 2688 2455 not.
2704 2439 2729 2456 α.

2565 2749 2573 2758 ”
2589 2754 2609 2769 1:
2624 2748 2667 2769 hoc
2676 2748 2776 2775 aliquid,-

2564 2775 2689 2822 patlequid.-
2700 2781 2716 2795 ιι
2727 2781 2775 2796 om.

2589 2860 2617 2874 u:
2632 2859 2678 2878 cm,-
2691 2860 2712 2874 n
2727 2859 2775 2875 om.

2564 2882 2607 2901 aut
2620 2880 2653 2900 sit
2665 2882 2715 2901 aut.

2564 2912 2571 2920 ·
2587 2917 2630 2932 An:
2646 2913 2682 2936 e1,·
2695 2917 2728 2932 ri:
2743 2910 2773 2931 si.

2658 2966 2674 2991 Υ
