2548 4192
206 263 273 288 CCL

209 344 224 359 »
247 332 311 363 suit
333 332 502 363 Dominus.
535 332 586 363 Ad
609 332 702 362 Nunc
727 331 868 369 dimittis,
898 331 973 361 Ant.
999 329 1098 369 Reple
1127 329 1277 360 Domine.

208 388 222 403 ν
249 376 402 415 Collecta,
418 377 527 408 Visita.
543 377 583 407 In
599 377 681 407 Mat.
696 376 792 406 Invit.
810 375 975 406 Christum
989 374 1110 413 Regem
1132 371 1280 414 (Absque

208 433 222 448 ›
245 422 367 462 hymno
384 431 449 462 pro
473 431 562 452 more
580 421 746 451 Ecclesiae
764 418 982 460 Leodiensis).
1000 418 1040 448 In
1056 428 1067 447 1
1085 418 1179 448 Noct.
1202 419 1277 449 Ant.

207 477 221 492 ³
246 466 400 497 Fructum
431 465 638 496 salutiferum.
672 465 758 495 Psal.
783 464 898 494 Beatus
921 462 969 492 vir
993 460 1171 502 (Caeteros
1187 463 1278 503 psal-

208 522 222 537 »
246 521 315 542 mos
338 516 369 542 et
391 511 583 551 antiphonas
599 519 663 550 pro
683 518 708 538 11
733 514 763 538 et
785 517 823 538 111
846 508 939 537 Noct.
957 507 1180 548 subintellige,
1205 517 1277 538 cum

209 567 223 582 »
246 555 366 596 duplici
389 565 470 586 vers.
487 556 579 584 iuxta
596 554 693 583 ritum
713 552 853 582 eiusdem
870 550 1069 593 Ecclesiae).
1086 551 1152 582 Sex
1171 552 1278 583 lectio-

208 612 222 627 »
246 609 302 630 nes
325 600 364 630 de
386 598 539 640 Legenda
559 598 772 634 Sacramenti,
797 606 881 636 quae
902 597 950 627 sic
973 597 1100 635 incipit:
1119 596 1279 627 Immensa

209 657 223 672 »
247 644 370 674 divinae
403 642 550 683 largitatis
574 640 737 671 beneficia.
761 641 916 681 Respons.
933 650 949 671 Ι
973 640 1156 671 Immolabit
1180 639 1277 682 (cum

208 701 222 716 »
245 689 389 725 caeteris,
415 696 498 728 quae
514 696 582 727 par
605 691 652 716 est
674 684 907 727 subintelligi).
934 686 1013 715 Tres
1032 695 1107 716 vero
1127 685 1278 717 lectiones

207 745 221 760 »
244 743 315 763 cum
326 731 518 772 Evangelio,
531 730 614 761 Caro
629 740 700 760 mea
709 740 782 760 vere
793 736 839 760 est
853 729 952 760 cibus.
966 729 1005 760 In
1015 729 1191 768 Laudibus,
1200 731 1275 761 Ant.

207 790 221 805 »
244 777 402 817 Sapientia
426 774 518 816 (cum
543 774 707 817 reliquis).
728 774 897 815 Hymnus,
922 774 1066 805 Verbum
1089 784 1275 814 supernum.

205 834 219 849 »
246 821 384 862 Capitul.
399 821 563 851 Habemus
580 819 684 850 altare.
700 825 729 850 v.
741 819 853 850 Posuit
866 819 1027 849 Dominus
1037 818 1116 849 fines
1133 825 1216 850 tuos.
1225 820 1277 850 Ad

205 878 218 893 »
241 865 357 896 Bened.
382 866 456 895 Ant.
481 865 551 904 Ego
575 874 648 894 sum
678 864 769 904 panis
792 863 894 895 vivus.
921 863 1079 901 Collecta,
1109 864 1196 894 Deus
1219 864 1275 905 qui

205 923 219 938 »
241 910 343 940 nobis.
367 909 419 940 Ad
441 909 540 940 Prim.
562 909 732 950 Hymnus,
757 909 890 940 Summe
914 909 994 939 Iesu.
1022 909 1098 939 Ant.
1124 908 1275 939 Caelestis

203 967 217 982 :v
241 954 359 986 artifex.
392 954 444 985 Ad
471 955 556 984 Tert.
579 954 755 995 Hymnus,
785 953 880 984 Sacro
910 960 1000 984 tecta.
1023 954 1100 984 Ant.
1131 952 1275 984 Christus

203 1013 217 1027 »
241 999 336 1030 enirn.
365 999 504 1040 Capitul.
534 997 624 1029 Calix
648 998 887 1029 benedictionis.
911 998 1005 1038 Resp.
1036 998 1156 1028 Panem
1187 998 1273 1029 caeli.

203 1057 217 1072 2>
243 1044 396 1082 Collecta,
414 1044 501 1074 Deus
517 1043 573 1084 qui
594 1043 784 1074 Ecclesiae...
801 1042 853 1073 Ad
868 1043 956 1073 Sext.
977 1043 1145 1084 Hymnus,
1164 1043 1274 1083 Splen-

202 1101 216 1115 »
240 1089 308 1119 dor.
325 1089 400 1119 Ant.
418 1088 473 1119 Illa
489 1087 591 1118 nobis.
613 1087 753 1128 Capitul.
770 1088 945 1119 Habemus.
962 1087 1117 1128 Respons.
1138 1087 1273 1120 Cibavit.

202 1146 217 1161 »
243 1133 396 1172 Collecta,
422 1132 557 1164 Caelesti
574 1133 654 1163 luce.
670 1133 723 1163 Ad
738 1133 823 1164 Non.
840 1133 1009 1174 Hymnus,
1025 1134 1162 1163 Aeterna
1186 1133 1273 1165 caeli.

202 1190 216 1205 2>
242 1178 381 1219 Capitul.
403 1178 688 1218 Quotiescumque.
713 1178 808 1218 Resp.
829 1178 954 1208 Educas
970 1187 1096 1217 panem.
1119 1177 1272 1217 Collecta,

201 1236 216 1251 »
239 1223 326 1254 Deus
350 1223 405 1264 qui
429 1222 583 1253 fidelium.
612 1222 664 1252 Ad
692 1222 818 1263 Vesper.
834 1222 910 1253 Ant.
930 1221 1180 1253 Sacramentum.
1198 1222 1273 1264 Hy—

202 1281 216 1296 »
239 1277 344 1305 mnus,
359 1268 465 1308 Pange
481 1267 599 1307 lingua.
619 1266 758 1307 Capitul.
778 1266 922 1304 Quoties.
939 1267 1093 1307 Respons.
1110 1267 1197 1298 Misit
1210 1278 1272 1299 me.

201 1326 216 1341 »
238 1318 268 1344 v.
288 1313 408 1343 Panem
439 1312 477 1342 de
501 1312 599 1344 caelo.
623 1311 675 1342 Ad
698 1311 829 1351 Magnis.
853 1313 928 1342 Ant.
954 1311 984 1342 O
1008 1311 1141 1342 Sacrum
1165 1312 1274 1343 convi-

200 1370 215 1385 »
238 1357 338 1388 vium.
366 1357 520 1395 Collecta,
541 1357 628 1387 Deus
647 1356 703 1397 qui
725 1355 912 1396 gloriosum.
929 1355 982 1386 Ad
999 1355 1154 1397 Complet.
1169 1363 1206 1387 ut
1222 1367 1273 1387 su-

202 1416 216 1431 »
239 1413 305 1443 pra.
330 1402 370 1432 In
389 1402 530 1433 crastino
550 1406 581 1432 et
597 1410 662 1441 per
688 1400 829 1432 Octavas
851 1407 912 1431 tres
935 1399 1086 1431 lectiones
1111 1401 1149 1431 de
1173 1401 1273 1442 ipsius

201 1460 216 1474 r»
239 1447 387 1487 Legenda
403 1453 433 1478 et
448 1446 506 1477 tria
521 1455 662 1486 respons.
683 1445 723 1476 In
739 1445 905 1476 Laudibus
923 1444 967 1475 ad
981 1444 1181 1484 Benedictus,
1196 1447 1271 1477 Ant.

201 1504 215 1519 ι
238 1492 430 1523 Animarum
459 1491 547 1522 cibus
571 1488 689 1531 (Aliae
720 1490 915 1531 antiphonae
939 1498 1004 1529 pro
1029 1489 1105 1520 aliis
1132 1488 1274 1521 Octavae

203 1549 218 1565 »
240 1536 383 1579 diebus).
398 1548 412 1563 2

265 1582 389 1612 Totum
412 1580 511 1612 hocce
535 1579 703 1616 Officium,
734 1584 893 1619 quantum
917 1585 982 1617 est,
1007 1587 1025 1608 a
1049 1578 1167 1609 Ioanne
1191 1579 1272 1610 Leo-

198 1626 298 1657 diensi
316 1625 533 1666 compositum
548 1624 644 1655 fuisse
667 1623 846 1654 existimant
870 1623 1071 1654 Bollandiani
1093 1623 1270 1664 scriptores,

197 1671 282 1702 Hinc
305 1670 447 1712 sequitur
469 1679 565 1707 vero,
595 1668 674 1699 illud
701 1667 811 1709 ipsum
841 1668 969 1699 nonnisi
1000 1667 1209 1699 reformatum
1232 1669 1271 1700 ab

196 1715 356 1756 Aquinate
385 1714 630 1754 ordinatumque
654 1713 832 1744 secundum
850 1713 948 1744 ritum
963 1713 1128 1744 Romanae
1144 1713 1270 1745 Curiae.

195 1760 376 1801 Hymnum,
392 1759 503 1790 Sacris
517 1758 698 1795 Solemniis‚
715 1757 900 1798 composuit
913 1757 1098 1799 addiditque
1108 1758 1270 1790 Thomas:

195 1805 285 1845 quod
308 1804 419 1845 utique
442 1803 538 1844 longe
557 1803 685 1834 caeteris
709 1803 836 1834 duobus
860 1809 1018 1843 praestare
1051 1802 1203 1844 inquiunt
1225 1803 1271 1834 illi

196 1850 228 1880 vi
244 1850 372 1890 poetica
397 1854 427 1879 et
450 1849 587 1879 masculi
610 1849 734 1889 vigoris
756 1848 933 1878 maiestate.

264 1894 301 1925 11.
326 1894 388 1924 Pro
418 1902 494 1924 vero
529 1892 639 1934 Officii
667 1892 864 1924 Venerabilis
887 1892 1092 1923 Sacramenti
1121 1899 1270 1931 auctore,

196 1945 304 1970 sancto
328 1938 458 1969 Thoma
480 1937 652 1979 Aquinate,
675 1937 828 1968 vindicias
851 1936 987 1977 agendas
1011 1937 1189 1978 adsumpsit
1208 1938 1271 1968 Na—

195 1984 265 2015 talis
288 1983 485 2021 Alexander,
517 1982 599 2014 edita
629 1981 881 2013 luculentissima
910 1981 1129 2012 dissertatione
1158 1988 1271 2014 contra

196 2039 242 2060 rr.
261 2039 317 2069 pp.
343 2027 543 2058 Henschenii
573 2033 604 2058 et
633 2027 842 2068 Papebrochii
870 2027 1082 2057 coniecturas.
1114 2026 1272 2058 Pressiore

197 2074 280 2115 stylo
295 2083 404 2104 recusa
419 2078 540 2113 prostat
559 2072 636 2104 haec
651 2072 762 2102 eadem
786 2070 962 2102 dissertatio
985 2077 1076 2101 tomo
1090 2071 1148 2102 VII
1164 2072 1271 2103 Histo-

197 2119 260 2149 riae
284 2117 509 2149 ecclesiasticae
525 2117 557 2148 in
575 2117 630 2148 fol.
651 2117 733 2147 Rem
757 2116 820 2156 agit
842 2115 1044 2146 validissimis
1061 2117 1271 2156 argumentis:

197 2174 279 2206 quae
302 2163 403 2194 refero
428 2169 458 2193 et
482 2161 638 2193 confirmo
662 2171 698 2192 ac
721 2162 850 2192 roboro.

263 2208 356 2240 Vano
381 2214 411 2239 et
434 2207 521 2238 irrito
547 2212 663 2238 conatu
687 2206 821 2236 verbum
844 2205 924 2236 illud
947 2205 1113 2243 ordinare,
1131 2205 1272 2237 animad-

195 2253 384 2285 vertendum
402 2251 610 2293 proponitur;
635 2261 671 2282 ac
687 2250 712 2281 si
729 2249 881 2282 Officium
904 2250 1037 2291 aliquod
1053 2250 1141 2290 prius
1156 2251 1190 2282 in
1205 2261 1272 2282 me-

194 2299 308 2330 liorem
332 2298 495 2328 dumtaxat
513 2295 659 2327 ordinem
681 2295 834 2336 redegerit
857 2294 1012 2336 Aquinas,
1036 2295 1075 2325 de
1099 2305 1185 2326 novo
1205 2306 1271 2327 non

196 2342 428 2384 composuerit:
454 2351 529 2372 cum
553 2347 668 2372 notum
692 2340 746 2379 sit,
770 2340 904 2370 verbum
927 2339 1102 2378 ordinare,
1128 2350 1187 2380 pro
1216 2351 1271 2371 eo-

196 2389 270 2419 dem
289 2387 375 2428 apud
394 2386 560 2427 scriptores
584 2385 679 2416 etiam
702 2384 818 2415 latinos
843 2384 987 2425 usurpari
1006 2394 1042 2415 ac
1061 2394 1145 2426 opus
1161 2385 1272 2417 ordine

197 2441 399 2473 componere.
432 2431 467 2461 In
491 2429 578 2460 Actis
601 2430 709 2460 beatae
736 2429 875 2460 Iulianae
903 2429 985 2460 libro
1010 2429 1058 2468 11,
1087 2429 1188 2470 capite
1211 2438 1271 2470 m,

196 2487 286 2508 num.
315 2486 354 2516 14
379 2475 493 2506 dicitur
521 2475 620 2514 Hugo
644 2473 819 2505 Cardinalis
848 2473 1002 2505 Officium
1033 2473 1160 2505 Ioannis
1189 2475 1271 2507 Leo-

197 2521 313 2553 diensis
332 2519 545 2551 considerasse
569 2524 599 2550 et
622 2519 730 2549 omnia
755 2519 913 2550 invenisse
935 2518 1086 2550 decenter
1107 2519 1268 2552 ordinata.

196 2567 284 2598 Num
306 2565 435 2605 colligas
465 2562 618 2595 Officium
640 2563 721 2594 illud
744 2562 783 2594 de
807 2573 894 2594 novo
918 2573 985 2594 non
1004 2563 1101 2594 fuisse
1118 2574 1136 2594 a
1152 2564 1270 2596 Ioanne

197 2607 402 2643 confectum?

251 2658 302 2686 An
312 2664 388 2685 vero
398 2652 524 2691 vetusti,
532 2652 703 2694 synchroni
714 2662 932 2694 supparesque
942 2652 1109 2693 scriptores
1120 2663 1224 2685 unum
1234 2653 1268 2684 il-

197 2701 254 2731 lud
263 2699 397 2730 verbum
410 2698 584 2729 ordinandi
591 2694 825 2738 usurpaverint?
839 2697 894 2728 Ait
903 2697 1110 2728 Ptolomaeus
1121 2697 1160 2728 de
1171 2698 1269 2737 Luca;

196 2745 303 2776 Fecit:
326 2742 518 2775 Guillelmus
534 2743 574 2773 de
589 2743 715 2780 Tocco;
731 2741 886 2782 Scripsit:
899 2741 1077 2772 Bernardus
1095 2741 1269 2782 Guidonis3

195 2789 339 2821 Dictavit
362 2793 392 2819 et
415 2787 593 2818 ordinavit:
627 2787 760 2818 Ioannes
785 2785 947 2818 Columna
975 2792 1030 2817 aut
1052 2793 1196 2818 vetustus
1220 2786 1269 2817 ln·

195 2834 385 2875 terpolator;
403 2832 597 2873 Composuit.
613 2831 770 2862 Nondum
784 2830 867 2862 satis.
878 2831 1050 2862 Testantur
1063 2831 1269 2863 Ptolomaeus

196 2886 227 2910 et
249 2878 442 2910 Bernardus:
467 2876 631 2907 Thomam
658 2875 811 2918 Officium
827 2875 961 2916 secisse,
986 2875 1166 2914 dictavisse,
1183 2876 1269 2908 ordi-

197 2933 291 2955 nasse
315 2927 426 2960 totum,
444 2921 645 2962 completum,
663 2926 729 2952 tam
750 2920 904 2951 diurnum
933 2930 1030 2961 quam
1055 2926 1267 2960 nocturnum,

195 2973 351 3010 quantum
389 2967 433 2998 ad
465 2966 615 2997 lectiones
651 2970 680 2996 et
712 2965 879 2996 historiam
914 2975 970 2996 seu
1003 2965 1203 3006 responsoria
1240 2971 1271 2997 et

195 3011 349 3054 quidquid
373 3012 429 3042 illa
452 3011 505 3042 die
528 3015 691 3042 cantatur.
715 3012 767 3040 An
791 3009 834 3040 ita
858 3008 958 3040 facere
982 3016 1012 3040 et
1031 3010 1176 3041 ordinare
1191 3009 1270 3041 nihil

195 3057 282 3088 aliud
305 3056 419 3094 fuerit,
450 3065 548 3097 quam
573 3065 656 3096 opus
679 3054 718 3085 ab
743 3054 806 3085 alio
831 3053 1013 3085 confectum
1041 3054 1074 3085 in
1103 3054 1270 3086 meliorem

196 3102 342 3132 ordinem
358 3100 496 3140 redigere
518 3109 554 3131 ac
569 3109 674 3131 unum
695 3099 733 3130 de
757 3108 843 3130 novo
865 3098 1024 3140 hymnum
1046 3097 1182 3130 addere?
1205 3099 1269 3130 Ad-

195 3146 259 3177 huc
273 3146 374 3176 habeo
389 3144 609 3176 luculentiora.
626 3144 753 3175 Viscera
767 3144 914 3184 pandunt
928 3143 1028 3184 ipsius
1042 3143 1147 3175 Officii
1162 3144 1269 3175 Ptolo-

195 3201 306 3222 maeus
330 3197 360 3221 et
383 3189 574 3221 Guillelmus
598 3189 636 3219 de
660 3189 789 3226 Tocco,
809 3188 1012 3219 adnotantes:
1036 3188 1139 3226 Quasi
1160 3198 1270 3221 omnes

192 3235 323 3277 figuras
347 3234 462 3266 veteris
486 3234 679 3264 Testamenti
703 3234 735 3263 in
764 3232 882 3275 Officio
904 3234 1010 3264 sancti
1033 3233 1172 3264 Thomae
1194 3243 1268 3265 con-

195 3280 311 3311 tineri:
334 3279 366 3310 in
391 3288 494 3320 eoque
517 3278 706 3318 compilatas
729 3277 790 3318 legi
815 3278 985 3316 ueritates,
1015 3287 1099 3319 quae
1121 3278 1162 3309 de
1185 3287 1269 3310 nova

194 3330 270 3356 sunt
291 3325 413 3366 gratia.
439 3323 530 3361 Quae
554 3322 665 3364 utique
686 3328 821 3363 praestat
843 3322 1039 3353 adamussim
1063 3322 1173 3354 omnia
1188 3322 1268 3355 Offi-

195 3369 281 3400 cium
309 3367 461 3410 Aquinati
485 3367 650 3398 tributum.

261 3414 372 3453 Longe
389 3412 549 3443 diversum
566 3411 743 3442 confecerat
758 3411 892 3442 Ioannes
906 3411 1093 3442 Leodiensis
1109 3419 1145 3444 ut
1159 3413 1268 3444 beatae

195 3458 332 3488 Iulianae
361 3457 444 3488 votis
474 3463 635 3488 annueret.
666 3455 833 3497 Specimen
863 3455 930 3487 eius
958 3457 1086 3497 praebet
1112 3459 1269 3489 Actorum

195 3508 305 3532 auctor
332 3501 412 3532 libro
442 3501 484 3540 11,
509 3511 576 3542 cap.
602 3511 642 3539 11,
674 3511 764 3532 num.
791 3508 826 3542 9:
850 3501 1070 3539 Percurrens,
1099 3501 1267 3543 inquiens,

195 3546 369 3577 multorum
389 3546 581 3576 Sanctorum
607 3546 722 3583 libros,
747 3546 831 3576 sicut
845 3546 917 3586 apis
934 3546 1202 3586 prudentissima,
1219 3546 1267 3578 di-

196 3591 344 3620 vinarum
366 3591 597 3620 sententiarum
614 3590 722 3629 flores
744 3590 871 3630 legebat
889 3589 1095 3621 Sacramenti
1112 3590 1268 3632 Corporis

197 3639 228 3664 et
243 3634 422 3675 Sanguinis
439 3633 560 3665 Christi
575 3634 774 3665 dulcedinem
791 3635 970 3674 sapientes:
993 3643 1036 3665 ex
1053 3635 1168 3675 quibus
1191 3645 1265 3666 con-

943 249 1403 288 DISSERTATIONES
1434 251 1683 290 CRITICAE

1337 329 1457 361 fectum
1490 339 1536 363 est
1559 339 1665 363 toturn
1698 332 1860 374 Officium.
1896 333 2094 375 Scriptorum
2127 336 2414 368 ecclesiasticorum

1336 376 1516 415 sententias,
1541 387 1622 417 quae
1646 383 1738 417 aptae
1760 377 1959 415 videbantur,
1984 380 2151 420 colligebat
2175 381 2309 411 Ioannes
2331 382 2413 412 Leo-

1336 419 1463 458 diensis,
1478 428 1515 452 ut
1529 421 1683 452 Officium
1699 429 1921 462 componeret:
1939 425 2056 455 veteris
2077 426 2271 456 Testamenti
2275 425 2414 467 figuras

1335 464 1480 496 adhibuit
1502 466 1646 506 Aquinas
1680 466 1928 507 compilavitque
1960 470 2127 507 veritates,
2159 480 2243 511 quae
2266 471 2306 501 de
2329 481 2412 502 nova

1333 514 1410 539 sunt
1431 511 1554 551 gratia,
1580 521 1617 541 ex
1641 517 1778 552 utroque
1801 511 2009 543 Testamento
2034 514 2251 555 depromptas,
2275 522 2312 546 ut
2334 515 2412 547 Offi-

1334 552 1420 584 cium
1442 554 1621 594 conficeret,
1638 556 1728 596 quod
1750 555 1928 586 iniunxerat
1951 556 2106 588 Summus
2121 558 2277 590 Pontifex.
2303 560 2412 598 Quam

1334 597 1455 629 diversa
1478 599 1644 641 utriusque
1667 601 1758 639 ratio,
1783 611 1881 642 quam
1908 602 2028 632 mirum
2057 609 2103 633 est
2128 602 2275 634 Bollandi
2300 604 2410 636 Conti-

1333 649 1482 674 nuatores
1501 654 1569 674 non
1588 644 1862 677 animadvertisse!

1399 688 1541 726 Accedit,
1565 688 1598 719 in
1616 689 1724 720 codice
1740 700 1800 721 ωε.
1817 690 2065 730 Rubeae-vallis,
2085 690 2239 722 Officium
2258 702 2277 722 a
2291 692 2410 724 Ioanne

1333 732 1552 772 compositum
1570 732 1719 774 incipere,
1738 735 1931 767 Animarum
1956 736 2064 767 cibus:
2088 746 2170 777 quae
2189 737 2284 767 verba
2299 737 2332 767 in
2352 737 2409 768 Of-

1331 774 1404 806 ficio
1434 777 1533 807 sancti
1562 777 1711 808 Thomae
1740 780 1890 819 nuspiam
1920 787 2101 812 occurrunt.
2133 781 2264 812 Accedit
2293 781 2409 820 etiarn,

1331 820 1447 851 eodem
1469 821 1502 851 in
1531 821 1640 852 codice
1663 823 1852 854 adnotatum
1874 824 1954 864 legi:
1983 825 2150 855 Urbanum
2169 825 2224 856 IV
2244 825 2408 867 Officium,

1330 865 1416 905 quod
1439 866 1555 906 ubique
1577 872 1741 905 cantatur,
1767 868 1952 899 instituisse.
1978 868 2132 900 Officium
2153 880 2270 910 nempe
2290 881 2410 912 propo-

1331 909 1417 940 nitur
1432 910 1470 940 ab
1487 910 1542 941 illo
1561 910 1688 941 Ioannis
1712 912 1847 942 omnino
1872 913 2048 944 diversum:
2078 914 2168 954 quod
2187 924 2304 945 novum
2322 915 2409 946 deni-

1330 964 1394 995 que
1408 955 1546 995 appellat
1560 955 1784 987 Theudoricus
1800 956 1975 988 Vallicolor
1990 957 2023 988 in
2038 957 2102 988 vita
2118 957 2263 989 eiusdem
2277 959 2408 990 Urbani.

1398 999 1432 1029 In
1456 999 1549 1030 Notis
1573 1000 1614 1030 ad
1636 1002 1716 1031 Acta
1740 1001 1849 1032 beatae
1878 1001 2038 1040 Iulianae,
2070 1002 2232 1042 specimen
2262 1002 2368 1034 Officii
2392 1014 2410 1034 a

1330 1043 1449 1074 Ioanne
1472 1044 1642 1075 Leodiensi
1666 1046 1838 1086 compositi
1862 1047 2047 1087 praebentes
2063 1046 2312 1078 Continuatores
2335 1048 2409 1079 Bol—
2442 1049 2446 1053 ’

1329 1088 1427 1126 landi,
1451 1088 1531 1119 illud
1550 1099 1617 1120 esse
1638 1090 1852 1129 consentiunt,
1877 1092 1967 1132 quod
1989 1091 2023 1122 in
2047 1091 2155 1122 codice
2175 1092 2409 1123 Rubeae-vallis

1329 1133 1460 1173 incipit,
1489 1135 1683 1165 Animarum
1708 1135 1806 1166 cibus.
1839 1135 1921 1166 Illud
1944 1136 2143 1176 ipsissimum
2166 1136 2199 1166 in
2222 1137 2408 1177 Appendice

1330 1177 1526 1218 existimant,
1556 1179 1645 1220 quod
1670 1179 1838 1220 proferunt
1870 1190 1907 1211 ex
1939 1180 2117 1212 Directorio
2149 1181 2283 1222 aliisque
2306 1192 2407 1212 mem-

1329 1222 1434 1253 branis
1459 1233 1534 1255 mss.
1551 1223 1584 1254 in
1601 1224 1732 1254 ecclesia
1747 1224 1917 1255 Leodiensi
1936 1225 2000 1255 divi
2019 1225 2147 1256 Martini
2166 1226 2345 1257 adservatis.
2365 1229 2409 1258 At

1330 1267 1416 1297 enim
1440 1278 1506 1298 non
1530 1268 1641 1309 incipit
1662 1268 1759 1308 istud,
1778 1270 1972 1300 Animarum
1997 1270 2100 1308 cibus,
2120 1270 2175 1300 sed
2196 1270 2356 1302 Sacerdos
2374 1272 2408 1302 in

1328 1317 1497 1343 aeternum
1508 1321 1519 1343 :
1536 1323 1636 1354 eaque
1651 1313 1757 1354 priora
1771 1314 1866 1344 verba
1881 1314 2039 1345 habentur
2057 1314 2090 1345 in
2106 1314 2242 1346 crastino
2259 1314 2408 1346 festivita-

1328 1356 1368 1387 tis
1392 1367 1448 1397 per
1471 1357 1628 1388 Octavam
1642 1358 1676 1388 in
1695 1358 1871 1399 antiphona
1889 1359 1929 1389 ad
1945 1359 2150 1390 Benedictus.
2167 1359 2331 1400 Antilogia
2349 1367 2408 1399 est,

1329 1411 1394 1442 qua
1417 1402 1597 1433 recedentes
1623 1413 1642 1432 a
1663 1413 1740 1433 vero
1769 1403 1935 1444 implicant
1964 1413 1996 1434 se
2026 1403 2202 1435 doctissimi
2227 1404 2407 1445 scriptores.

1396 1445 1570 1487 Utriusque
1584 1446 1691 1478 Officii
1706 1447 1905 1488 diligentiore
1920 1448 2089 1479 collatione
2109 1448 2191 1479 facta
2212 1447 2408 1492 (inquiunt),

1328 1496 1453 1529 praesto
1478 1491 1594 1532 cuique
1618 1491 1817 1522 coniectandi
1841 1492 1921 1524 ratio
1951 1492 2045 1524 fuerit
2077 1492 2231 1524 Officium
2253 1493 2408 1535 Aquinati

1327 1533 1503 1573 tributum,
1535 1545 1572 1566 ex
1597 1535 1654 1566 illo
1678 1536 1769 1576 quod
1796 1537 1925 1568 uberius
1957 1544 1988 1568 et
2016 1537 2118 1568 fusius
2141 1544 2208 1576 est,
2239 1545 2408 1579 sumptum

1328 1578 1440 1618 fuisse,
1465 1579 1555 1620 quod
1578 1579 1612 1610 in
1631 1580 1747 1610 eodem
1762 1580 1940 1612 Directorio
1961 1591 1997 1613 ac
2012 1582 2206 1612 membranis
2221 1582 2407 1614 Leodiensis

1327 1623 1486 1654 Ecclesiae
1498 1623 1623 1664 legitur.
1636 1624 1719 1655 Illud
1734 1624 1836 1656 fuerat
1848 1625 2006 1666 imprimis
2021 1626 2237 1667 probandum,
2253 1626 2407 1658 Officium

1326 1667 1413 1699 istud
1437 1668 1615 1699 Leodiense
1639 1669 1801 1710 antiquius
1827 1679 1894 1700 esse
1923 1669 2040 1701 Officio
2065 1670 2244 1712 AquinatiS.
2276 1670 2324 1702 De
2348 1671 2408 1703 hac

1327 1719 1428 1744 aetate
1451 1713 1513 1744 nisi
1538 1713 1732 1753 constiterit,
1760 1714 1921 1745 lubn'cum
1945 1721 1976 1745 et
1998 1724 2120 1746 vanum
2142 1725 2179 1746 ac
2202 1714 2292 1746 futile
2316 1725 2408 1756 argu-

1327 1764 1475 1789 mentum
1490 1758 1629 1789 instruis.
1648 1758 1683 1788 Id
1699 1768 1775 1789 vero
1795 1769 1900 1800 neque
1924 1766 2091 1790 ostensum
2109 1766 2156 1790 est
2171 1759 2205 1790 in
2221 1760 2408 1801 Appendice

1327 1802 1466 1841 laudata,
1482 1812 1588 1844 neque
1603 1803 1751 1834 secundis
1767 1803 1850 1834 curis
1865 1803 2059 1844 patefactum
2074 1804 2108 1835 in
2124 1804 2304 1845 Propylaeo
2319 1804 2405 1837 maii.

1327 1844 1435 1886 Quid?
1459 1847 1548 1888 quod
1572 1857 1609 1878 ex
1633 1847 1774 1888 diligenti
1798 1848 1968 1879 collatione
1993 1848 2141 1880 facillime
2165 1848 2303 1890 quisque
2318 1849 2407 1881 colli-

1327 1900 1399 1933 gat,
1428 1891 1648 1933 compositum
1675 1893 1714 1923 ab
1738 1892 1899 1934 Aquinate
1923 1892 2076 1924 Officium
2106 1894 2286 1924 secundum
2308 1894 2407 1926 ritum

1327 1938 1525 1975 Romanum,
1549 1937 1835 1979 transmissumque
1858 1937 1897 1968 ab
1922 1937 2053 1969 Urbano
2076 1937 2231 1969 Pontifice
2247 1938 2288 1968 ad
2303 1938 2406 1970 Evam

1327 1982 1501 2021 reclusam,
1527 1991 1602 2012 cum
1624 1981 1781 2013 mandatis
1812 1988 1848 2013 ut
1877 1981 1957 2013 illud
1986 1982 2055 2013 aliis
2078 1982 2322 2014 describendum
2345 1990 2406 2014 tra-

1328 2028 1430 2066 deret,
1451 2033 1616 2068 receptum
1631 2026 1728 2057 fuisse
1744 2027 1783 2057 ab
1799 2026 1939 2058 Ecclesia
1955 2027 2125 2058 Leodiensi
2141 2037 2223 2068 quae
2239 2033 2311 2058 tum
2325 2027 2406 2059 illud

1328 2073 1367 2103 ad
1383 2082 1509 2103 morem
1525 2081 1622 2102 suum
1646 2071 1775 2111 redegit,
1799 2071 1944 2102 detractis
1967 2071 2018 2102 vel
2041 2071 2166 2110 additis,
2182 2081 2264 2113 quae
2284 2072 2405 2104 detrahi

1328 2117 1378 2148 vel
1409 2116 1482 2148 addi
1513 2116 1591 2147 ritus
1625 2115 1774 2156 proprius
1803 2115 2005 2156 postulabat;
2036 2123 2108 2147 tum
2138 2115 2279 2157 hymnos
2309 2116 2406 2148 etiam

1329 2172 1365 2193 ac
1388 2161 1580 2202 antiphonas
1608 2160 1774 2191 minorum
1796 2160 1972 2198 Horarum,
1997 2170 2124 2191 necnon
2145 2159 2215 2191 illas
2238 2170 2321 2202 quae
2345 2170 2405 2202 pro

1328 2206 1461 2247 singulis
1477 2205 1616 2237 Octavae
1632 2205 1743 2236 diebus
1767 2204 1975 2246 praescriptae
1991 2211 2077 2243 sunt,
2101 2215 2139 2236 ex
2154 2204 2260 2246 priore
2280 2205 2407 2237 Ioannis

1329 2251 1446 2293 Officio
1470 2250 1619 2282 servavit:
1650 2257 1686 2281 ut
1708 2256 1897 2290 argumento
1921 2256 2003 2281 esset
2027 2250 2115 2291 apud
2138 2256 2303 2291 posteros,
2327 2249 2407 2282 Offi-

1329 2296 1416 2327 cium
1439 2294 1639 2327 sacratissimi
1663 2294 1817 2335 Corporis
1842 2293 1961 2326 Christi
1983 2294 2072 2336 prius
2101 2293 2197 2326 fuisse
2221 2294 2334 2326 Leodii
2357 2304 2406 2327 ce-

1327 2340 1495 2372 lebratum.

1395 2384 1601 2417 Verissimam
1619 2383 1739 2415 Natalis
1757 2383 1926 2415 Alexandri
1943 2383 2186 2424 responsionem
2204 2383 2286 2415 hanc
2302 2393 2406 2416 exem—

1328 2429 1381 2471 pla
1405 2429 1596 2461 confirmant
1625 2428 1759 2459 aliarum
1787 2428 2026 2469 particularium
2056 2427 2292 2467 Ecclesiamm,
2322 2438 2406 2470 quae

1328 2473 1481 2506 Officium
1504 2474 1651 2505 Thomae
1675 2483 1693 2504 a
1711 2473 1849 2504 Summo
1865 2472 2019 2504 Pontifice
2036 2473 2166 2504 Urbano
2190 2473 2404 2514 adprobatum

1326 2519 1370 2551 ita
1387 2529 1563 2560 suscepere,
1572 2525 1608 2550 ut
1622 2518 1703 2549 illud
1717 2518 1893 2559 aptaverint
1906 2517 2043 2559 propriis
2057 2517 2170 2549 ritibus
2185 2517 2403 2560 moribusque.

1326 2564 1475 2596 Fratrum
1499 2563 1758 2594 Praedicatorum
1783 2562 1966 2604 exemplum
2001 2572 2068 2603 cap.
2086 2572 2097 2593 1
2120 2572 2202 2594 num
2223 2572 2247 2602 4
2270 2562 2404 2594 allatum

1326 2615 1382 2640 est.
1406 2608 1479 2639 Alia
1494 2607 1614 2649 profert
1632 2607 1824 2638 Edmundus
1839 2608 1980 2638 Martene
2003 2607 2052 2638 De
2076 2606 2190 2638 divinis
2206 2606 2328 2639 Officiis
2352 2617 2402 2639 ca-
2442 2640 2448 2652 ι

1325 2653 1389 2693 pite
1412 2663 1494 2691 xxix,
1518 2662 1608 2683 num.
1625 2659 1663 2691 4:
1691 2665 1706 2680 ‹
1720 2651 1755 2682 In
1778 2651 1962 2682 Turonensi
1990 2661 2014 2682 s.
2035 2650 2161 2682 Gatiani
2185 2651 2313 2682 basilica
2335 2649 2402 2694 (in-

1327 2709 1342 2724 ›
1364 2695 1491 2739 quiens)
1501 2706 1611 2728 omnes
1620 2696 1863 2727 Nocturnorum
1878 2696 2074 2736 antiphonae
2088 2705 2126 2726 ex
2140 2694 2284 2726 eiusdem
2294 2694 2401 2726 Eccle-

1327 2753 1342 2768 »
1365 2741 1428 2772 siae
1439 2740 1609 2773 Ordinatio
1619 2745 1670 2771 ter
1678 2740 1792 2771 debent
1802 2741 1912 2780 repeti.
1927 2739 1963 2770 In
1972 2738 2161 2771 Martiniana
2170 2749 2246 2770 vero
2257 2739 2402 2771 eiusdem

1327 2798 1342 2813 »
1365 2785 1451 2817 urbis
1471 2791 1546 2826 post
1559 2784 1688 2816 tertium
1707 2783 1863 2825 cuiusque
1871 2783 2029 2815 Nocturni
2043 2783 2285 2824 responsorium
2297 2784 2401 2816 Pmsa

1327 2842 1342 2858 »
1365 2830 1557 2861 decantatur.
1588 2829 1623 2860 ln
1646 2828 1800 2860 breviario
1825 2828 1992 2859 Tolosano
2020 2827 2054 2859 ln
2077 2828 2227 2860 secundis
2256 2828 2402 2870 Vesperis

1327 2887 1342 2903 a»
1365 2884 1424 2915 pro
1448 2874 1571 2916 hymno
1594 2873 1709 2914 legitur
1736 2883 1849 2914 prosa,
1877 2873 1995 2904 Lauda
2018 2872 2096 2904 Sion
2120 2872 2335 2904 Salvatorem.
2365 2873 2401 2904 In

1327 2932 1342 2948 »
1365 2918 1535 2951 Ordinatio
1552 2917 1774 2958 Argentinensi
1797 2917 1841 2949 ad
1866 2917 2020 2958 Vesperas
2034 2917 2186 2959 hymnus,
2210 2917 2322 2949 Sacris
2344 2917 2401 2949 So-

1328 2977 1342 2992 »
1366 2964 1511 2995 lemniis:
1541 2963 1580 2994 ad
1609 2962 1869 3003 Completorium
1893 2963 2008 3003 Pange
2037 2963 2153 3004 lingua
2182 2962 2398 3003 assignatur.»

1324 3008 1520 3040 Breviarium
1538 3007 1622 3038 addo
1642 3017 1701 3048 ego
1719 3006 1914 3047 Collegiatae
1930 3006 2061 3047 insignis
2077 3006 2224 3038 ecclesiae
2243 3006 2401 3046 Foriiulii,

1325 3063 1381 3084 seu
1405 3052 1538 3084 civitatis
1561 3052 1706 3084 Austriae
1730 3051 1764 3082 in
1788 3051 1925 3083 dioecesi
1947 3051 2156 3093 Aquileiensi,
2180 3051 2213 3082 in
2236 3061 2304 3093 quo
2324 3051 2402 3083 haec

1324 3097 1480 3128 habentur
1496 3097 1627 3138 proprio
1647 3096 1888 3128 accommodata
1907 3095 1990 3128 ritui.
2019 3109 2034 3124 ι
2050 3096 2098 3128 Ad
2117 3095 2240 3137 compl.
2259 3095 2399 3137 Capitul-

1327 3155 1342 3170 »
1365 3142 1571 3183 Quicumque
1590 3140 1837 3172 manducaverit.
1860 3141 2028 3182 Hymnus.
2054 3141 2196 3172 Verbum
2212 3150 2398 3182 supernum„

1327 3199 1342 3215 x
1364 3192 1393 3218 ν.
1413 3186 1526 3218 Posuit
1547 3185 1626 3217 fines
1650 3193 1724 3217 tuos
1743 3195 1866 3226 pacem.
1890 3186 1942 3216 Ad
1956 3186 2050 3216 Nunc
2069 3185 2212 3224 dimittis,
2231 3186 2306 3217 Ant.
2326 3184 2398 3216 Pin-

1326 3243 1341 3258 »
1364 3230 1434 3272 guis
1451 3237 1498 3262 est
1513 3230 1603 3272 panis
1628 3230 1755 3262 Christi.
1780 3230 1820 3261 In
1840 3231 2024 3268 Matutinis,
2049 3229 2116 3261 Sex
2138 3230 2289 3261 lectiones
2311 3227 2398 3272 (bre-

1327 3288 1342 3303 »
1364 3274 1541 3318 vissimae).
1573 3275 1691 3316 Incipit
1707 3275 1837 3316 prima:
1861 3274 2021 3307 Convenit
2049 3274 2213 3306 devotioni
2242 3273 2395 3305 fidelium.

1326 3333 1341 3348 »
1364 3320 1404 3351 In
1420 3320 1446 3352 3
1460 3321 1553 3351 Noct.
1578 3319 1745 3351 Lectiones
1769 3325 1840 3358 tres,
1865 3318 1980 3360 pariter
2002 3318 2172 3357 breviores,
2194 3328 2237 3350 ex
2250 3317 2398 3350 Humilia

1327 3377 1341 3393 ι
1363 3375 1389 3397 s.
1404 3365 1591 3407 Augustini.
1621 3363 1709 3395 Cum
1732 3363 1819 3395 enim
1842 3363 1913 3394 cibo
1938 3370 1969 3395 et
1991 3370 2082 3405 potu.
2097 3375 2112 3391 ι
2139 3363 2226 3395 Haec
2249 3361 2397 3394 facillime

1324 3409 1571 3440 animadvertere
1595 3408 1775 3450 peritissimi
1797 3407 1856 3439 viri
1872 3414 2030 3449 poterant,
2049 3407 2166 3449 quibus
2189 3406 2322 3438 aliarum
2337 3406 2396 3437 Ec—

1323 3454 1490 3485 clesiarum
1520 3453 1677 3485 Breviaria
1700 3459 1825 3494 praesto
1849 3459 1956 3492 erant,
1986 3462 2068 3494 quae
2097 3452 2265 3483 lustrarent
2302 3457 2396 3491 atque

1323 3499 1511 3530 conferrent.

1390 3543 1465 3575 Vim
1481 3542 1639 3584 poeticam
1662 3550 1693 3574 et
1709 3541 1841 3573 masculi
1862 3541 1978 3582 vigoris
2002 3540 2198 3572 maiestatem
2219 3538 2319 3570 inesse
2338 3538 2394 3580 hy-

1322 3598 1412 3626 mno,
1437 3587 1548 3619 Sacris
1562 3587 1743 3625 Solemniis,
1762 3595 1858 3617 nemo
1874 3595 1940 3617 non
1954 3585 2054 3616 videt:
2079 3583 2134 3615 sed
2149 3582 2244 3614 etiarn
2259 3582 2394 3624 quisque

1322 3632 1455 3664 fateatur
1471 3638 1607 3672 oportet,
1631 3631 1797 3672 ingenium
1813 3630 1961 3661 Thomae
1989 3638 2025 3660 ac
2047 3628 2167 3669 stylum
2190 3627 2222 3658 in
2246 3627 2314 3658 aliis
2337 3627 2393 3668 hy-
