2788 4204
96 3329 252 3357 *Cf.lect.xm‚
259 3336 282 3351 n.
290 3336 304 3351 1.

95 3539 107 3551 ⁵
120 3539 183 3562 Lect.
193 3546 242 3568 seq.

355 248 428 284 386

926 241 1308 280 POSTERIORUM
1335 239 1765 276 ANALYTICORUM
1794 240 1888 276 LIB.
1920 240 1952 275 ΙΙ

922 491 1220 549 LECTIO
1259 491 1952 548 DECIMASEPTIMA

378 676 381 681 ,
550 633 632 673 DE
665 631 841 672 MODO
875 629 1315 670 INVESTIGANDI
1348 629 1629 669 PROPTER
1663 629 1812 682 QUID
1849 630 2031 671 CIRCA
2065 631 2336 674 SINGULA

348 706 774 753 PROBLEMATA,
800 704 1012 755 DEQUE
1047 703 1508 744 CONVENIENTIA
1541 704 2010 746 PROBLEMATUM
2032 706 2093 746 IN
2117 707 2198 748 EO
2224 708 2398 761 QUOD
2423 709 2539 752 EST

697 779 976 821 PROPTER
1010 778 1176 831 QUID,
1212 778 1344 819 TUM
1378 778 1596 830 QUOAD
1632 779 1955 821 UNITATEM
1987 781 2177 832 MEDn,

905 854 1036 894 TUM
1070 852 1288 905 OUOAD
1324 842 1605 894 ORDINEM
1638 855 1972 898 MEDIORUM
2205 864 2209 867 ·

342 983 420 1030 Πρὸς
446 978 482 1014 δὲ
507 983 547 1015 τὸ
573 983 659 1028 ἔχειν
686 983 732 1015 τοὶ
760 982 993 1026 προβλήματα
1028 981 1175 1027 ἐκλέγειν
1202 977 1254 1012 δεῖ
1277 982 1340 1020 τοὶς
1367 995 1404 1015 τε

411 1027 586 1071 ἀνατομοὶς
610 1030 667 1059 καὶ
684 1027 747 1064 τοίς
765 1022 954 1069 διαιρέσεις,
973 1025 1065 1058 οὕτω
1084 1022 1121 1058 δὲ
1139 1026 1301 1072 ἐκλέγειν,
1323 1029 1404 1059 ὐπο-

408 1071 542 1115 θέμενον
568 1071 608 1103 τὸ
633 1072 726 1119 γένος
761 1072 801 1104 τό
826 1072 936 1103 κοινὸν
965 1072 1148 1111 ἁπάντων,
1184 1072 1253 1103 οἷον
1281 1073 1308 1103 εἰ
1333 1073 1404 1114 ζῷα

407 1118 456 1152 εἴη
483 1116 530 1148 τοὶ
554 1115 800 1161 τεθεωρημένα,
829 1121 911 1148 ποῖα
939 1118 1045 1148 παντὶ
1062 1115 1133 1158 ζῴῳ
1153 1116 1310 1161 ὑπάρχει.
1338 1119 1407 1154 Λη-

406 1160 553 1203 φθέντων
583 1161 620 1192 δὲ
645 1162 791 1202 τούτων,
823 1161 925 1192 πάλιν
956 1162 1023 1193 τῶν
1048 1162 1175 1192 λοιπῶν
1207 1164 1255 1203 τῷ
1281 1161 1402 1206 πρώτῳ

406 1210 489 1237 ποῖα
515 1207 619 1238 παντὶ
645 1206 779 1247 ἕπεται,
808 1206 874 1237 οἷον
900 1206 927 1237 εἰ
946 1207 1052 1239 τοῦτο
1077 1205 1173 1250 ὅρνις,
1195 1211 1279 1238 ποῖα
1298 1211 1403 1240 παντὶ

406 1249 527 1283 ἕπεται
553 1250 664 1295 ὄρνιθι.
691 1253 756 1283 Καὶ
782 1249 888 1288 οὕτως
915 1251 965 1283 ἀεὶ
992 1252 1039 1292 τῷ
1070 1250 1266 1296 ἐγγύτατα·
1297 1246 1402 1288 δῆλον

404 1295 467 1340 γαῖρ
495 1294 546 1328 ὅτι
577 1295 692 1340 ἕξομεν
726 1291 790 1332 ἤδη
822 1295 931 1341 λέγειν
967 1295 1008 1328 τὸ
1033 1290 1092 1328 διαὶ
1118 1299 1151 1328 τί
1184 1295 1330 1340 ιξποίρχει
1356 1299 1404 1331 τοὶ

405 1340 553 1384 ἑπόμενα
586 1346 655 1378 τοῖς
689 1341 753 1372 ὑπὸ
779 1340 819 1373 τὸ
844 1340 974 1379 κοινόν,
1003 1341 1071 1371 οἷον
1096 1337 1155 1373 διαὶ
1180 1343 1212 1373 τί
1241 1341 1401 1385 ἀνθρώπῳ

405 1384 425 1421 ἦ
448 1384 541 1426 ’ίππῳ
568 1386 724 1430 ύπαργει.
744 1385 855 1418 Ἔστω
881 1380 918 1417 δέ
943 1386 1026 1427 ζῷον
1053 1386 1102 1428 ἐφ’
1132 1385 1170 1417 οὗ
1195 1387 1232 1426 Α,
1253 1385 1294 1417 τὸ
1316 1383 1353 1419 δὲ
1378 1389 1402 1427 Β

384 1430 452 1462 .τοί
477 1431 625 1473 ἑπόμενα
651 1424 757 1463 πάντὶ
781 1431 869 1472 ζῷῳ,
898 1431 945 1472 ἐφ’
975 1429 1017 1460 ὠν
1043 1425 1080 1462 δὲ
1106 1433 1127 1462 Γ
1154 1432 1176 1461 Δ
1202 1432 1225 1461 Ε
1251 1429 1298 1462 τοί
1323 1433 1403 1465 τινοὶ

403 1475 486 1516 ζῷα.
514 1476 620 1510 Δῆλον
646 1470 688 1511 δή
714 1471 772 1507 διαὶ
797 1478 829 1506 τί
857 1475 896 1507 τὸ
922 1476 945 1505 Β
965 1474 1110 1521 ὑπάρχει
1137 1475 1184 1517 τῷ
1204 1476 1240 1505 Δ·
1260 1470 1319 1509 δια
1335 1477 1400 1522 γοίρ

404 1520 465 1551 τοῦ
490 1521 524 1551 Α.
549 1521 686 1563 Ὁμοίως
711 1515 748 1552 δέ
773 1522 919 1557 καὶτοῖς
940 1520 1068 1558 ἄλλοις·
1087 1523 1145 1553 καὶ
1173 1519 1226 1552 ἀεὶ
1253 1521 1308 1554 ἐπὶ
1334 1523 1401 1556 τῶν

405 1564 512 1596 ἄλλων
539 1565 554 1595 ὁ
581 1565 684 1602 αὐτὸς
708 1563 820 1610 λόγος.

335 1609 401 1640 Νῦν
426 1609 484 1651 μὲν
510 1607 566 1640 οὖν
590 1610 686 1641 κατα
702 1610 748 1642 ταῖ
766 1603 1031 1651 παραδεδομένα
1053 1610 1151 1642 κοινοὶ
1169 1609 1327 1653 ὀνόματα
1344 1610 1398 1643 λε’-

400 1664 515 1698 γομεν,
542 1649 593 1685 δεῖ
615 1650 653 1686 δέ
678 1654 723 1698 μή
750 1654 850 1698 μόνον
877 1654 931 1685 ἐπὶ
959 1653 1092 1687 τούτων
1119 1660 1274 1694 σκοπεῖν,
1308 1657 1400 1689 ἀλλὰ

399 1700 456 1728 καὶ
476 1697 513 1729 ἂν
534 1699 614 1730 ἄλλο
637 1711 669 1731 τι
689 1698 772 1744 ὀφθῇ
800 1697 952 1744 ὑπάρχον
972 1698 1096 1739 κοινόν,
1117 1700 1396 1743 ὲκλαμβσίνοντα,

401 1740 476 1775 εἶτα
502 1745 568 1774 τίσι
594 1745 690 1776 τοῦτ’
729 1742 904 1777 ἀκολουθεῖ
927 1746 983 1775 καὶ
1010 1748 1093 1776 ποῖα
1119 1746 1231 1786 τούτῳ
1258 1745 1396 1787 ἕπεται,

402 1788 467 1818 οἷον
493 1792 563 1825 τοῖς
587 1788 718 1833 κέρατα
745 1790 857 1833 ’έχουσι
883 1788 924 1821 τὸ
950 1788 1038 1833 ἔχειν
1066 1790 1188 1834 ἐχῖνον,
1210 1791 1251 1824 τό
1269 1791 1317 1832 μή
1337 1792 1399 1835 ἀμ-

399 1828 542 1875 φώδοντ’
571 1830 668 1866 εἶναι.
697 1834 800 1865 [Ιοίλιν
827 1833 866 1866 τὸ
891 1832 1009 1876 κέρατ’
1039 1834 1126 1880 ἔχειν
1146 1838 1232 1868 τίσιν
1251 1834 1394 1875 ἕπεται;

398 1875 500 1913 δῆλον
526 1879 590 1921 γάρ
615 1874 674 1911 διαὶ
699 1882 732 1910 τί
757 1879 893 1916 ἐκείνοις
913 1877 1053 1922 ὑπάρξει
1076 1880 1117 1913 ed
1134 1880 1320 1925 εἰρημένον·
1339 1877 1399 1915 διαὶ

398 1922 462 1969 γάρ
487 1922 528 1955 τὸ
552 1922 669 1968 κέρατ’
700 1923 787 1969 ἔχειν
815 1922 968 1967 ὑπάρξει.

325 1967 402 1999 Ἔτι
427 1967 453 1998 ὸ’
485 1967 583 2005 ἄλλος
610 1968 733 2013 τρόπος
760 1970 832 2000 ἐστὶ
857 1968 953 2001 κατσὶ
977 1969 1018 2002 τό
1043 1969 1213 2015 ἀνάλογον
1233 1969 1393 2015 ἐκλέγειν.

392 2013 450 2042 Ἓν
483 2012 547 2057 γάρ
579 2015 696 2054 λαβεῖν
733 2012 793 2045 οὐκ
823 2014 896 2046 ἔστι
923 2014 963 2046 τὸ
991 2014 1093 2053 αὑτό,
1123 2015 1138 2047 ὃ
1169 2010 1222 2046 δεῖ
1248 2014 1394 2048 καλέσαι

398 2056 537 2093 σήπειον
562 2061 619 2090 καὶ
647 2057 796 2090 ἄκανθαν
821 2060 878 2090 καὶ
912 2059 1047 2092 ὀστοῦν·
1083 2060 1158 2092 ἔστι
1182 2055 1213 2091 δ’
1243 2059 1395 2103 ἑπόμενα

397 2103 454 2133 καὶ
480 2102 615 2141 τούτοις
642 2102 749 2148 ὥσπερ
775 2104 853 2146 μιᾶς
879 2104 969 2142 τινὸς
994 2103 1121 2148 φύσεως
1147 2106 1209 2142 τῆς
1229 2104 1396 2145 τοιαύτης

399 2146 509 2184 οὔσης.

332 2191 382 2222 Tae
405 2187 434 2223 δ’
465 2192 558 2224 αὐτοὶ
583 2191 816 2235 προβλήματα
842 2193 915 2225 ἐστι
941 2193 987 2226 τοὶ
1012 2194 1071 2237 μὲν
1098 2195 1145 2235 τῷ
1172 2194 1214 2227 τὸ
1233 2194 1321 2228 αὐτὸ
1339 2195 1398 2239 μέ-

397 2249 452 2268 σον
472 2237 573 2281 ἔχειν,
593 2238 660 2269 οἷον
683 2237 735 2270 ὅτι
753 2236 871 2270 πάντα
892 2238 1182 2280 ἀντιπερίττασις.
1203 2241 1342 2272 Τούτων
1361 2235 1390 2272 δ’

397 2282 467 2314 ἔνια
494 2283 540 2322 τῷ
564 2281 653 2327 γένει
678 2281 808 2322 ταύτά,
835 2282 898 2315 ὅσα
925 2283 994 2328 ἔχει
1019 2280 1182 2328 διαφοράς
1208 2285 1256 2326 τῷ
1284 2284 1394 2318 ἄλλων

398 2325 419 2363 ἦ
439 2326 545 2364 ἄλλως
563 2324 661 2368 εἶναι,
682 2329 749 2360 οἷον
768 2323 826 2359 διαὶ
843 2331 876 2361 τί
894 2328 984 2372 ἠχεῖ,
1005 2329 1025 2365 ἦ
1043 2325 1103 2362 διαὶ
1121 2332 1153 2362 τί
1175 2330 1391 2373 ἐμφαίνεται,

396 2373 454 2402 καὶ
478 2371 536 2404 διοὶ
561 2375 593 2404 τί
625 2369 696 2416 ἶρις·
726 2373 868 2405 ἅπαντα
892 2375 957 2419 γαρ
984 2375 1102 2407 ταῦτα
1129 2375 1169 2407 τὰ
1196 2374 1286 2407 αὐτὰ
1313 2375 1394 2407 ποό-

397 2416 512 2459 βλημαὶ
530 2417 601 2449 ἐστι
621 2416 710 2464 γένει
728 2417 862 2461 (πάντα
879 2418 943 2464 γάρ
964 2419 1188 2460 ἀνάκλασις),
1214 2415 1393 2453 ἀλλ’·εῑδει

399 2460 510 2500 ἕτερα.

331 2506 382 2538 Tot
406 2501 443 2537 δὲ
469 2507 515 2547 τῷ
541 2505 580 2538 τὸ
607 2505 705 2550 μέσον
732 2506 798 2538 ὑπὸ
819 2507 862 2539 ‘ro'
882 2506 994 2549 ἕτερον
1013 2508 1114 2551 μέσον
1134 2505 1219 2541 εἶναι
1239 2504 1391 2552 διαφέρει

398 2551 463 2582 τῶν
497 2550 766 2593 προβλημάτων,
795 2552 863 2583 οἷον
889 2547 948 2584 διαὶ
973 2555 1006 2585 τί
1033 2554 1049 2584 ὁ
1074 2555 1192 2592 Νεῖλος
1220 2552 1394 2597 φθίνοντος

398 2596 458 2627 τοῦ
484 2595 583 2639 μηνὸς
601 2597 729 2639 μᾶλλον
750 2598 817 2641 ρεἴ;
845 2591 935 2629 διότι
960 2598 1214 2642 γειμεριώτερος
1232 2597 1351 2637 φθίνων
1379 2599 1395 2630 ὅ

397 2639 473 2683 μήν.
495 2641 556 2672 Δια
573 2644 605 2673 τί
628 2640 665 2672 δὲ
689 2641 941 2686 χειμεριώτερος
959 2637 1097 2686 φ’θίνωνζ
1116 2638 1207 2676 διότι
1226 2645 1246 2679 ἦ
1270 2642 1394 2681 σελήνη

399 2685 586 2717 ἀπολείπει.
614 2686 736 2719 Ταῦτα
761 2686 826 2731 γάρ
853 2687 960 2725 οὕτως
987 2687 1057 2733 ἔχει
1083 2689 1163 2732 πρὸς
1191 2689 1338 2726 ἄλληλα.

389 2834 530 2854 stopsts.
546 2843 579 2846 —
606 2836 628 2854 1.
650 2827 860 2864 Argumentum
883 2832 910 2854 et
931 2825 1035 2854 divisio
1056 2831 1158 2854 textus.
1171 2842 1189 2847 -
1206 2833 1233 2854 2.
1248 2826 1295 2853 Ad
1317 2825 1396 2853 inve-

331 2866 491 2903 stigandum
507 2873 623 2903 propter
642 2867 711 2903 quid
727 2873 851 2903 oportet,
867 2866 1018 2903 supposito
1034 2865 1184 2894 communi
1199 2875 1312 2903 genere,
1325 2874 1395 2894 con-

331 2906 453 2934 siderare
475 2905 627 2934 divisiones
649 2914 676 2934 et
697 2906 917 2941 subdivisiones,
939 2907 1034 2934 donec
1055 2905 1212 2942 accipiatur
1233 2905 1394 2933 subiectum

330 2946 446 2983 aliquod
469 2955 622 2974 commune
644 2947 722 2983 quod
745 2946 780 2974 sit
801 2955 903 2981 causa,
928 2955 978 2974 seu
1001 2953 1120 2983 propter
1140 2945 1210 2982 quid
1233 2945 1307 2974 illius
1328 2954 1394 2982 pas-

331 2986 432 3020 sionis,
455 2987 490 3014 de
512 2995 569 3023 qua
590 2986 754 3022 quaerimus
783 2993 900 3023 propter
926 2986 1005 3022 quid.
1023 3003 1041 3007 —
1059 2986 1084 3014 3.
1100 2986 1209 3014 Eadem
1239 2986 1394 3014 methodus

330 3027 467 3053 servanda
481 3033 522 3054 est
537 3027 653 3063 quando
676 3035 840 3061 commune,
860 3027 941 3063 quod
956 3026 1030 3054 inest
1051 3025 1190 3062 pluribus,
1211 3032 1261 3054 aut
1275 3034 1336 3054 non
1351 3031 1395 3053 est

330 3074 427 3102 genuS‚
444 3073 492 3094 aut
506 3073 547 3094 est
562 3076 651 3103 genus
667 3066 890 3094 innominatum.
904 3083 922 3087 -
936 3076 964 3101 4.
981 3067 1024 3094 De
1040 3066 1209 3094 reductione
1223 3066 1260 3094 ad
1275 3065 1395 3103 aliquod

460 3164 768 3206 αἱ;·ῃ,οςῐ(1ι1εὶῐῐι
806 3158 969 3196 ostendit
1007 3158 1263 3208 Philosophus
1298 3170 1392 3207 quo-

448 3196 518 3262 (ὓ)
546 3211 710 3248 tumodo
740 3219 888 3259 oportet
920 3212 1145 3260 investigare
1177 3212 1278 3261 quod
1304 3212 1395 3261 quid

448 3259 577 3311 Ξὲὲᾎθ
593 3270 659 3310 est,
681 3264 741 3301 hic
761 3265 923 3302 ostendit
943 3266 1141 3314 quomodo
1164 3273 1313 3314 oportet
1338 3265 1392 3302 in-

395 3329 422 3345 „-
448 3298 576 3358 ffiffisssslr'*
592 3318 776 3365 vestigare
790 3324 946 3366 propter
965 3319 1054 3367 quid
1069 3320 1100 3356 *.
1123 3320 1171 3356 Et
1196 3319 1293 3356 circa
1312 3319 1388 3356 hoc

335 3369 409 3405 duo
430 3369 529 3406 facit:
559 3370 695 3419 prim0‚
718 3371 879 3408 ostendit
907 3372 1106 3420 quomodo
1136 3379 1310 3422 oporteat
1338 3372 1392 3409 in-

333 3422 505 3469 vestigari
524 3431 677 3472 propter
701 3423 808 3472 quid;
839 3425 1026 3471 secundo,
1047 3433 1179 3462 movet
1204 3426 1390 3475 quasdam

335 3475 571 3523 quaestiones
605 3476 702 3513 circa
734 3476 858 3525 ipsum
892 3486 1046 3527 propter
1085 3479 1191 3528 quid;
1227 3479 1293 3516 ibi:
1333 3480 1394 3516 De

335 3539 447 3564 causa
475 3535 598 3565 autem
626 3535 662 3565 et
688 3530 791 3566 cuius
820 3536 874 3567 est
899 3543 1013 3568 causa
1033 3532 1052 3553 '¹‘
1081 3540 1149 3569 etc.
1181 3532 1290 3570 Circa
1319 3532 1392 3581 pri-

335 3592 442 3617 mum
463 3581 538 3618 duo
559 3582 658 3619 facit:
678 3582 813 3631 primo,
836 3584 999 3621 ostendit
1018 3585 1215 3634 quomodo
1236 3586 1392 3623 alicuius

1458 983 1475 1002 *
1490 984 1540 1014 Ad
1556 985 1740 1016 habendum
1763 993 1871 1017 autem
1888 987 2096 1027 problemata,
2117 989 2230 1030 eligere
2254 997 2382 1031 oportet
2405 992 2536 1023 decisio-

1527 1040 1582 1060 nes
1606 1037 1636 1061 et
1659 1030 1839 1062 divisiones.
1871 1031 1922 1062 Sic
1955 1040 2063 1063 autem
2086 1033 2199 1074 eligere
2232 1035 2412 1066 subiectum
2435 1047 2536 1077 genus

1526 1080 1700 1105 commune
1734 1075 1883 1106 omnium
1912 1077 2149 1117 consimilium,
2176 1085 2212 1109 ut
2235 1079 2261 1109 si
2285 1079 2433 1111 animalia
2462 1088 2537 1113 sunt

1526 1130 1608 1160 quae
1628 1120 1876 1159 considerantur,
1893 1121 1999 1162 qualia
2023 1123 2112 1153 omni
2137 1123 2266 1154 animali
2293 1124 2412 1156 insunt.
2437 1128 2535 1156 Acce-

1526 1165 1587 1205 ptis
1611 1173 1718 1196 autem
1741 1166 1808 1204 his,
1833 1166 2031 1207 reliquorum
2054 1168 2160 1207 primo
2183 1168 2290 1209 qualia'
2313 1170 2403 1200 omni
2426 1170 2533 1201 inhae-

1525 1216 1604 1249 rent,
1623 1218 1658 1241 ut
1681 1210 1706 1240 si
1730 1210 1792 1241 hoc
1816 1218 1862 1241 est
1885 1210 1960 1248 avis,
1978 1212 2084 1252 qualia
2107 1212 2289 1250 inhaereant
2312 1214 2402 1244 omni
2421 1215 2486 1255 avi;
2503 1222 2535 1247 et

1526 1254 1569 1284 sic
1593 1265 1718 1295 semper
1733 1255 1891 1295 proximo.
1909 1256 2114 1287 Manifestum
2134 1257 2219 1287 enim
2243 1265 2290 1289 est
2307 1258 2464 1299 quoniam
2478 1260 2534 1290 ha-

1525 1299 1671 1330 bebimus
1690 1300 1754 1330 iam
1773 1300 1875 1330 dicere
1894 1308 2024 1340 propter
2039 1301 2117 1341 quid
2141 1301 2250 1333 insunt
2265 1303 2459 1334 inhaerentia
2482 1303 2532 1343 iis,

1524 1354 1607 1384 quae
1631 1352 1705 1375 sunt
1728 1345 1787 1375 sub
1813 1345 1998 1375 communi:
2020 1352 2055 1376 ut
2078 1353 2208 1386 propter
2226 1347 2305 1387 quid
2328 1347 2452 1378 homini
2478 1355 2534 1380 aut

1524 1398 1609 1429 equo
1633 1389 1751 1420 insunt.
1775 1389 1822 1420 Sit
1844 1396 1952 1419 autem
1976 1389 2093 1421 animal
2115 1390 2148 1421 in
2172 1401 2239 1432 quo
2263 1394 2302 1430 A,
2319 1392 2345 1422 Β
2361 1399 2470 1423 autem
2485 1392 2532 1423 in-

1523 1433 1682 1464 haerentia
1706 1433 1796 1464 omni
1819 1433 1959 1472 animali,
1976 1434 2009 1464 in
2033 1435 2150 1475 quibus
2174 1443 2282 1466 autem
2304 1444 2379 1468 sunt
2402 1437 2429 1468 C
2447 1437 2476 1468 D
2493 1437 2532 1476 E,

1524 1478 1587 1508 sint
1609 1478 1767 1519 quaedam
1795 1477 1953 1509 animalia.
1977 1479 2183 1510 Manifestum
2206 1480 2302 1520 igitur
2325 1488 2371 1512 est
2401 1488 2533 1522 propter

1523 1522 1601 1563 quid
1624 1529 1671 1553 est
1693 1522 1719 1552 B
1742 1522 1775 1552 in
1799 1522 1847 1559 D;
1870 1530 2001 1563 propter
2015 1526 2043 1554 A
2061 1523 2164 1554 enim:
2189 1524 2332 1556 similiter
2347 1533 2378 1557 et
2400 1526 2433 1556 in
2451 1525 2530 1566 aliis,

1523 1574 1554 1598 et
1577 1577 1703 1607 semper
1725 1566 1757 1596 in
1782 1566 1849 1597 aliis
1874 1567 1985 1597 eadem
2009 1568 2088 1598 ratio
2114 1575 2170 1599 est.

1454 1611 1548 1642 Nunc
1571 1611 1703 1652 quidem
1726 1611 1821 1651 igitur
1844 1612 2022 1642 secundum
2046 1622 2082 1642 ea
2107 1622 2190 1653 quae
2221 1613 2421 1654 assignantur
2443 1623 2531 1646 com-

1522 1656 1633 1687 munia
1653 1656 1796 1694 nomina,
1813 1655 1959 1687 dicimus.
1974 1656 1992 1675 *
2007 1656 2144 1696 Oportet
2167 1665 2275 1689 autem
2291 1668 2357 1689 non
2373 1659 2482 1690 solum
2497 1659 2531 1690 in

1522 1701 1570 1732 his
1587 1701 1794 1739 considerare,
1806 1701 1861 1731 sed
1878 1708 1908 1731 et
1924 1700 1950 1731 si
1965 1701 2052 1731 aliud
2071 1701 2192 1742 aliquid
2206 1702 2329 1734 videtur
2344 1713 2530 1743 commune,

1521 1745 1727 1786 accipientem
1751 1745 1777 1775 si
1801 1745 1960 1786 aliquibus
1984 1745 2046 1776 hoc
2070 1745 2248 1786 inhaereat,
2275 1754 2306 1778 et
2333 1747 2440 1788 qualia
2466 1748 2530 1780 hoc

1522 1798 1704 1832 sequantur.
1724 1790 1766 1821 Ut
1783 1800 1902 1820 cornua
1917 1790 2064 1821 habentia
2087 1790 2161 1829 hoc,
2175 1791 2288 1822 habere
2311 1799 2446 1832 ventres,
2462 1802 2530 1824 non

1521 1835 1692 1875 utrobique
1723 1835 1831 1865 dentes
1863 1844 1941 1865 esse.
1973 1834 2091 1866 lterum
2120 1845 2241 1867 cornua
2268 1836 2383 1867 habere
2411 1837 2530 1878 quibus

1520 1877 1680 1922 sequitur?
1696 1879 1902 1910 Manifestum
1926 1886 1972 1910 est
1995 1879 2082 1910 enim
2105 1887 2236 1920 propter
2260 1881 2339 1922 quid
2358 1888 2405 1913 est
2419 1881 2452 1912 in
2468 1881 2529 1914 illis

1520 1926 1610 1966 quod
1633 1924 1763 1955 dicitur:
1788 1930 1918 1964 propter
1941 1923 1973 1954 id
1990 1924 2075 1954 enim
2099 1925 2189 1966 quod
2212 1935 2332 1956 cornua
2355 1926 2482 1958 habent.

1451 1970 1602 2011 Amplius
1625 1976 1733 2000 autern
1756 1968 1836 1999 alius
1859 1968 1978 1999 modus
2002 1975 2048 1999 est
2071 1969 2250 2000 secundum
2278 1970 2451 2011 analogum
2475 1970 2528 2002 eli-

1518 2025 1601 2055 gere.
1626 2014 1737 2045 Unum
1754 2013 1839 2044 enim
1863 2013 1949 2044 idem
1972 2023 2039 2044 non
2063 2021 2110 2045 est
2133 2014 2274 2055 accipere
2293 2015 2384 2055 quod
2401 2021 2529 2056 oportet

1518 2068 1631 2090 vocare
1655 2057 1778 2098 sepion,
1796 2065 1827 2089 et
1850 2057 1985 2098 spinam,
2010 2065 2041 2088 et
2063 2068 2111 2089 os.
2138 2058 2220 2090 Sunt
2242 2066 2351 2090 autem
2373 2069 2457 2101 quae
2480 2069 2527 2091 se-

1519 2111 1663 2145 quuntur
1686 2109 1717 2134 et
1739 2103 1813 2142 hoc,
1834 2109 2001 2143 tamquam
2025 2109 2136 2134 natura
2166 2113 2231 2134 una
2254 2103 2442 2135 huiusmodi
2458 2103 2526 2136 'exi'-

1518 2155 1630 2180 stente.

1450 2193 1467 2213 *
1482 2194 1604 2224 Eadem
1628 2199 1736 2223 autem
1761 2191 1959 2232 problemata
1982 2198 2058 2223 sunt
2081 2202 2164 2233 quae
2195 2192 2326 2233 quidem
2349 2193 2436 2224 idem
2459 2203 2526 2225 me-

1519 2238 1608 2269 dium
1632 2237 1758 2275 habent,
1777 2243 1812 2267 ut
1827 2236 1982 2277 quoniam
2005 2236 2114 2267 omnia
2137 2236 2372 2278 antiparistasis.
2395 2238 2526 2270 Horum

1519 2289 1626 2313 autem
1642 2281 1799 2323 quaedam
1817 2291 1930 2321 genere
1946 2288 2020 2312 sunt
2035 2281 2163 2318 eadem,
2183 2291 2394 2324 quaecunque
2409 2282 2527 2316 habent

1519 2326 1718 2365 differentias,
1741 2336 1778 2356 ex
1797 2336 1864 2367 quo
1889 2325 2025 2357 aliorum
2042 2333 2098 2358 aut
2119 2326 2209 2357 aliter
2231 2333 2323 2365 sunt;
2344 2334 2380 2358 ut
2395 2334 2527 2369 propter

1517 2372 1596 2413 quid
1619 2371 1717 2408 echo,
1742 2377 1797 2402 aut
1820 2378 1951 2411 propter
1973 2370 2051 2412 quid
2071 2378 2216 2411 apparet,
2240 2378 2271 2402 et
2294 2378 2425 2412 propter
2446 2371 2526 2414 quid

1517 2416 1580 2448 iris.
1611 2415 1729 2447 Omnia
1757 2415 1843 2446 enim
1873 2416 1950 2446 haec
1979 2417 2083 2446 unum
2111 2416 2278 2456 problema
2307 2423 2382 2448 sunt
2411 2425 2526 2457 genere

1519 2460 1642 2504 (omnia
1665 2460 1751 2491 enim
1775 2460 1971 2500 repercussio
1995 2458 2099 2502 sunt),
2125 2460 2181 2491 sed
2204 2460 2308 2502 specie
2331 2461 2437 2493 altera.
2516 2470 2519 2473 ¹

1449 2506 1521 2538 Alia
1544 2513 1650 2537 autern
1670 2515 1707 2536 ex
1731 2515 1770 2535 eo
1794 2505 1884 2546 quod
1900 2504 2045 2535 medium
2068 2503 2200 2546 quidem
2224 2506 2283 2536 sub
2302 2505 2401 2537 altero
2417 2505 2525 2537 medio

1517 2557 1574 2589 est,
1586 2549 1733 2580 differunt
1749 2550 1956 2590 problemata.
1976 2550 2018 2581 Ut
2033 2556 2164 2590 propter
2179 2550 2257 2590 quid
2275 2549 2378 2588 Nilus,
2396 2549 2525 2582 finiente

1516 2605 1636 2631 mense,
1654 2594 1754 2634 magis
1771 2591 1859 2625 fluit?
1878 2594 2012 2634 Propter
2033 2593 2066 2624 id
2087 2590 2176 2635 quod
2199 2594 2360 2625 hibernior
2383 2602 2430 2626 est
2452 2594 2524 2626 finis

1517 2639 1644 2670 mensis.
1671 2640 1803 2678 Propter
1826 2638 1904 2679 quid
1927 2646 2035 2669 autern
2059 2645 2106 2669 est
2121 2638 2283 2669 hibernior
2299 2638 2370 2669 finis
2386 2637 2525 2670 mensis?

1517 2684 1649 2724 Propter
1672 2683 1703 2714 id
1721 2683 1809 2724 quod
1833 2683 1910 2714 luna
1928 2682 2043 2714 deficit.
2061 2683 2149 2714 Haec
2167 2682 2300 2724 quidem
2319 2682 2405 2714 enim
2428 2683 2472 2715 sic
2491 2693 2524 2715 se

1515 2728 1632 2759 habent
1654 2728 1694 2758 ad
1717 2727 1863 2758 invicem.

1451 2833 1609 2853 commune
1623 2823 1790 2860 analogum,
1805 2823 1886 2860 quod
1901 2823 1937 2851 sit
1951 2832 2047 2858 causa,
2063 2832 2114 2852 seu
2129 2829 2249 2860 propter
2263 2823 2333 2861 quid
2351 2823 2523 2861 passionum

1450 2865 1610 2893 secundum
1626 2863 1753 2901 aliquam
1770 2863 2000 2900 proportionem.
2012 2880 2030 2885 -
2044 2864 2070 2892 5.
2086 2864 2238 2898 Quaedam
2254 2864 2436 2900 problemata
2451 2873 2524 2894 con·

1449 2904 1569 2933 veniunt
1584 2904 1612 2932 in
1629 2913 1664 2932 eo
1679 2904 1759 2941 quod
1777 2910 1820 2931 est
1842 2910 1960 2940 propter
1981 2903 2061 2940 quid,
2084 2903 2152 2941 quia
2173 2904 2277 2932 habent
2299 2905 2401 2932 eadem
2417 2904 2522 2941 media,

1449 2951 1499 2973 aut
1513 2944 1688 2981 simpliciter,
1703 2950 1753 2972 aut
1767 2952 1880 2980 genere,
1895 2952 1970 2981 quae
1985 2952 2090 2980 nempe
2105 2943 2281 2981 quibusdam
2297 2943 2464 2973 differentiis
2478 2944 2522 2974 di-

1449 2984 1654 3013 versificantur.
1666 3001 1684 3006 -
1700 2985 1726 3012 6.
1743 2983 1808 3012 Alia
1823 2993 1891 3012 vero
1907 2983 2088 3020 problemata
2109 2990 2176 3012 sunt
2197 2993 2272 3022 quae
2294 2984 2472 3014 conveniunt
2492 2984 2524 3014 in

1449 3034 1485 3053 eo
1507 3025 1588 3062 quod
1603 3031 1646 3053 est
1660 3030 1778 3061 propter
1793 3023 1878 3061 quid.
1896 3033 1957 3052 non
1979 3023 2061 3061 quasi
2077 3024 2202 3052 habeant
2223 3023 2300 3052 idem
2317 3024 2456 3061 medium,
2471 3025 2523 3054 sed

1449 3064 1519 3102 quia
1539 3065 1648 3093 habent
1668 3064 1783 3093 diversa
1803 3063 1900 3093 media
1922 3073 1996 3101 quae
2018 3064 2055 3093 ad
2077 3063 2200 3093 invicem
2222 3064 2460 3094 subordinantur.

1448 3157 1680 3207 quaestionis
1696 3158 1716 3178 *²
1735 3157 1955 3206 propositae
1983 3157 2104 3207 possit
2130 3157 2346 3207 investigari
2364 3165 2523 3208 propter

1447 3211 1558 3261 quid;
1580 3211 1763 3258 secundo,
1793 3211 1959 3255 ostendit
1977 3211 2178 3261 quomodo
2208 3211 2383 3250 diversae
2403 3224 2520 3262 quae-

2563 1004 2574 1016 ·
2585 1003 2642 1032 Cap.
2657 1011 2706 1028 xm.

2564 1030 2619 1059 seq.
2634 1034 2692 1054 text.
2705 1037 2742 1054 n.

2558 1670 2566 1679 ·
2574 1668 2645 1692 Text.
2658 1675 2692 1698 ²³·

2554 2206 2643 2230 'Text
2657 2212 2694 2235 ²4·

2548 3174 2704 3230 222&ae
2713 3181 2764 3198 ⁰¹²²·

1448 3265 1590 3302 stiones
1610 3264 1898 3302 communicant
1917 3265 1955 3302 in
1973 3273 2131 3315 propter
2149 3265 2262 3315 quid;
2278 3265 2346 3303 ibi:
2371 3266 2520 3304 Eadem
2562 3267 2568 3274 '

1447 3324 1572 3356 autem
1595 3318 1835 3367 problemata
1850 3319 1871 3340 *
1891 3327 1960 3357 etc.
1991 3319 2103 3356 Circa
2121 3319 2290 3368 primum
2312 3319 2390 3356 duo
2411 3319 2519 3358 facit:

1448 3372 1590 3421 primo,
1622 3372 1735 3410 docet
1764 3371 1937 3422 accipere
1965 3378 2123 3422 propter·
2150 3373 2259 3422 quid,
2293 3372 2519 3422 accipiendo

1448 3438 1657 3463 commune
1686 3425 1915 3472 univocum;
1946 3426 2137 3474 secundo,
2164 3426 2387 3476 accipiendo
2413 3439 2519 3465 com-

1447 3492 1566 3516 mune
1595 3480 1819 3528 analogum;
1849 3479 1918 3517 ibi:
1952 3480 2127 3529 Amplius
2159 3485 2285 3518 autem
2313 3480 2414 3518 alius·
2438 3491 2518 3518 mo-

1447 3534 1517 3570 dus
1537 3534 1557 3555 *
1578 3540 1646 3571 etc.
1674 3533 1785 3570 Circa
1805 3533 1974 3582 primum
2001 3534 2078 3571 duo
2104 3533 2207 3571 facit:
2231 3533 2374 3583 primo,
2406 3533 2519 3571 docet

1447 3586 1672 3635 investigare
1686 3594 1844 3636 propter
1857 3587 1962 3637 quid,
1974 3587 2198 3637 accipiendo
2211 3598 2419 3625 commune
2434 3585 2517 3624 uni-

2547 3337 2556 3354 !
2570 3335 2643 3360 uun.
2651 3343 2672 3366 5.

2545 3550 2553 3560 ·
2569 3549 2641 3572 Num.
2651 3557 2675 3578 4.
