2548 4192
2257 325 2388 350 LXXXIX

870 610 1515 678 DISSERTATIO
1583 614 1706 677 111.

185 798 252 839 De
291 797 504 849 genuinis
539 809 594 838 ae
629 798 883 849 suppositis
919 798 1266 839 Commentariis
1307 799 1354 838 in
1388 799 1580 847 Isaiam,
1615 799 1872 847 Ieremiam‚
1911 800 2145 840 Danielem
2188 801 2390 851 duosque

266 869 649 909 Machabaeorum
685 868 842 910 libros:
881 870 1023 919 deque
1060 870 1272 910 methodo
1310 870 1356 909 in
1391 870 1677 920 exponendis
1711 869 1966 920 Prophetiis
2003 874 2137 921 atque
2171 872 2295 922 typis
2332 873 2389 912 ab

265 941 496 992 Aquinate
525 933 726 981 servata.

190 1369 287 1386 -pae“'

591 1408 791 1446 CAPUT
827 1410 853 1445 I.

183 1495 394 1523 commeani-ius
412 1495 439 1520 in
458 1480 550 1519 isaiam
565 1493 731 1526 Prophetam‚
745 1493 826 1518 veluti
842 1500 983 1525 germanus
1002 1493 1097 1524 foetus,
1117 1493 1263 1518 vindicatur

237 1541 260 1561 a.
274 1531 395 1559 Thomae
416 1529 549 1564 Aquinati.
574 1529 660 1554 Sixtus
685 1529 826 1560 Senensis,
852 1529 990 1555 Cornelius
1010 1537 1024 1554 a
1044 1529 1142 1562 Lapide
1167 1529 1262 1562 aliique

237 1567 400 1594 refelluntur.

466 1650 468 1652 v
521 1635 657 1666 enuinos
690 1635 922 1675 germanosque
955 1634 1104 1664 Thomae
1131 1634 1260 1665 sanctis-

438 1693 465 1721 ,α
488 1683 507 1704 3³
521 1680 594 1711 simi
613 1679 718 1710 foetus
733 1679 843 1710 adsero
863 1678 1122 1710 Commentarios
1140 1679 1171 1709 in
1188 1679 1260 1710 Isa-

429 1756 436 1767 ι
456 1741 465 1744 -
480 1731 485 1743 *=
521 1726 602 1762 iam,
637 1734 673 1755 ac
698 1723 870 1754 Ieremiam
895 1730 926 1754 et
954 1724 1116 1754 Tlirenos:
1139 1733 1259 1764 suppo-

378 1772 384 1779 “
404 1778 428 1803 ,Ι
464 1772 467 1775 '
521 1769 663 1810 sitosque
678 1768 858 1809 pronuncio
877 1767 910 1798 in
926 1768 1096 1799 Danielem
1113 1768 1259 1809 duosque

502 1814 619 1844 libros
633 1813 918 1844 Machabaeorum.
935 1812 1057 1843 illustre
1072 1819 1258 1854 certumque

448 1850 453 1863 ¹
490 1848 504 1865 ἶ
521 1857 742 1889 testimonium
765 1857 806 1888 de
827 1857 961 1888 Postilla
985 1858 1018 1887 in
1042 1857 1164 1888 Isaiam
1188 1867 1259 1898 per-

491 1896 505 1911 *
520 1902 630 1933 hibent
657 1908 775 1933 veteres
808 1912 931 1932 omnes.
966 1901 1172 1933 Ptolomaeus
1203 1912 1259 1932 seu

184 1945 407 1977 Tholomaeus
421 1945 460 1976 de
471 1946 558 1978 Luca
572 1947 654 1978 libro
668 1947 770 1978 XXIII
786 1946 869 1978 Hist.
887 1946 1008 1985 eccles„
1024 1946 1125 1987 capite
1139 1957 1190 1984 xv,
1201 1946 1258 1977 ait:

183 1990 320 2032 Ser-ipsit
338 1991 433 2021 etiam
448 2000 548 2032 super
565 1992 712 2029 Esaiam,
731 1991 789 2022 sed
811 2001 890 2022 raro
910 1992 1083 2022 invenitur.
1107 1992 1182 2022 Non
1215 1991 1258 2022 ita

183 2034 363 2077 frequentes
377 2041 477 2066 aetate
490 2036 576 2067 illius
590 2047 627 2067 ac
641 2036 737 2067 etiam
753 2036 899 2077 sequiore
914 2037 1121 2067 occurrebant
1135 2036 1260 2067 codices

183 2079 218 2111 in
228 2079 438 2118 bibliothecis,
449 2081 504 2122 qui
515 2081 750 2112 sanctissimum
760 2081 954 2121 Prophetam
964 2082 1003 2112 ab
1013 2081 1173 2122 Aquinate
1187 2081 1259 2112 illu-

183 2131 318 2157 stratum
336 2131 538 2165 praestarent.
559 2125 751 2158 Guillelmus
771 2125 810 2156 de
823 2126 935 2156 Tocco
954 2125 987 2156 in
1002 2125 1075 2156 Vita
1094 2125 1195 2166 capite
1210 2133 1256 2156 xv:

184 2169 321 2211 Scripsit
353 2179 453 2210 super
480 2170 626 2202 Isaiam.·
654 2172 687 2201 in
716 2172 810 2202 cuius
832 2170 970 2211 quodam
995 2175 1084 2201 textu
1113 2170 1258 2212 difficili,

178 2219 255 2256 post
274 2215 438 2245 orationes
449 2214 646 2257 frequentes
673 2221 704 2246 et
722 2215 909 2256 lacrymas,
935 2215 1100 2246 beatorum
1124 2216 1258 2256 Aposto-

184 2259 290 2290 lorum
308 2259 399 2290 Petri
417 2264 448 2290 et
469 2260 580 2298 Pauli,
605 2261 662 2301 qui
685 2261 788 2301 ipsum
809 2261 1021 2297 instruerent,
1045 2260 1195 2291 habuisse
1212 2260 1259 2291 di-

183 2305 270 2335 citur
292 2304 455 2335 visionem.
480 2305 659 2345 Logotheta
683 2305 771 2347 apud
790 2304 975 2335 Baluzium:
1000 2305 1107 2345 Super
1124 2305 1257 2336 Isaiam.

181 2348 330 2381 Trivetus
357 2348 391 2378 in
419 2348 604 2388 Chronico,
628 2350 718 2390 quod
740 2349 881 2390 vulgavit
909 2349 1103 2387 Bucherius,
1128 2350 1167 2380 ad
1205 2360 1259 2380 an-

181 2402 263 2424 num
286 2400 384 2435 1274:
403 2393 485 2424 Item
506 2404 606 2436 super
626 2394 767 2425 Isaiam.
839 2418 846 2425 .
878 2394 1030 2425 Postillas
1060 2395 1257 2435 conscripsit.

181 2437 360 2469 Bet-nardus
384 2437 544 2470 Guidonis
567 2439 654 2479 apud
673 2439 862 2470 Oudinum:
883 2439 1019 2479 Scripsit
1042 2439 1137 2469 etiam
1161 2449 1260 2479 super

180 2482 303 2514 Isaiam
331 2482 518 2520 Postillam,
549 2493 633 2524 quae
660 2493 739 2514 raro
767 2484 948 2514 invenitur:
979 2484 1011 2513 in
1036 2484 1129 2514 cuius
1154 2493 1258 2524 passu

180 2526 320 2568 quodam
345 2532 452 2558 textus
474 2527 630 2568 difficilis,
649 2533 726 2568 post
749 2529 912 2560 orationes
935 2533 966 2558 et
988 2528 1156 2567 lacrymas
1178 2529 1256 2565 eius,

181 2576 367 2602 sanctorum
391 2572 618 2612 Apostolorum
644 2573 733 2603 Petri
756 2577 787 2603 et
809 2573 915 2610 Pauli,
940 2573 995 2613 qui
1014 2573 1116 2612 ipsum
1137 2573 1258 2603 instru-

180 2621 322 2654 xerunt,
343 2615 454 2646 habuit
472 2618 635 2648 visionem.
662 2617 818 2657 Rogerius
841 2627 897 2647 seu
920 2616 1070 2648 Clemens
1090 2617 1151 2648 vl:
1176 2617 1257 2648 Item

180 2670 280 2702 super
301 2660 434 2691 Isaiam.
460 2661 594 2692 Ioannes
613 2662 652 2692 de
672 2662 835 2693 Columna
853 2661 886 2692 in
905 2661 1021 2702 Elogio
1046 2671 1070 2692 s.
1090 2662 1258 2700 Doctoris‚

181 2706 272 2747 quod
298 2705 459 2745 integrum
486 2706 520 2736 in
548 2706 656 2737 lucem
680 2706 889 2747 protulimus:
919 2706 1054 2747 Scripsit
1079 2712 1186 2737 autem
1211 2707 1258 2737 in-

181 2750 408 2791 comparabilis
430 2750 483 2781 hic
501 2751 625 2782 Doctor
641 2761 741 2792 super
758 2751 900 2782 Isaiam.·
923 2761 1026 2792 eoque
1046 2751 1145 2792 pluris
1160 2751 1258 2782 hocce

180 2794 402 2826 testimonium
420 2794 603 2827 faciendum
621 2803 678 2834 est,
702 2796 792 2837 quod
808 2795 876 2836 ipse
892 2796 1037 2835 Ioannes
1052 2796 1107 2826 ubi
1123 2795 1259 2826 dubium

181 2838 314 2881 aliquod
335 2839 545 2880 ingerebatur,
570 2851 602 2871 se
615 2841 688 2882 fide
710 2841 829 2882 dignos
860 2840 1057 2871 consuluisse
1083 2840 1196 2871 diserte
1214 2847 1258 2871 te-

181 2890 289 2915 stetur.
310 2883 526 2916 Consentiunt
547 2885 784 2917 Valleoletanus
807 2891 838 2915 et
858 2885 1023 2925 Pignonus
1038 2885 1123 2926 apud
1143 2885 1258 2916 Echar-

182 2928 280 2960 dum:
314 2939 351 2960 ac
375 2936 555 2970 postremus
584 2930 721 2971 denique
751 2929 900 2960 omnium
928 2941 951 2960 s.
972 2930 1157 2961 Antoninus
1181 2930 1259 2961 haec

182 2972 292 3004 habet:
311 2973 447 3015 Scripsit
456 2975 621 3005 Postillam
636 2984 736 3015 super
745 2975 878 3013 Isaiam,
890 2984 973 3015 quae
990 2985 1068 3005 raro
1083 2976 1256 3005 invenitur.

182 3016 280 3048 Pauci
302 3027 419 3059 nempe
442 3018 574 3050 huiusce
593 3019 741 3050 Postillae
761 3018 885 3050 codices
907 3018 941 3049 in
960 3019 1070 3059 paucis
1094 3020 1258 3050 servaban-

184 3067 237 3091 tur
258 3060 466 3094 bibliothecis

251 3105 348 3136 Hunc
366 3107 451 3147 typis
470 3107 630 3138 edendum
649 3107 929 3139 Commentarium
945 3109 978 3138 in
994 3108 1115 3139 Isaiam
1135 3108 1258 3148 primus

185 3149 304 3180 curavit
318 3150 581 3182 Bartholomaeus
596 3152 635 3182 de
650 3152 747 3193 Spina
765 3153 910 3190 Pisanus,
925 3153 1146 3183 ornatissimus
1165 3152 1258 3183 Ordi-

184 3194 233 3224 nis
247 3194 504 3226 Praedicatorum
518 3195 677 3227 alumnus.
699 3197 735 3227 In
751 3197 834 3228 calce
848 3197 996 3228 editionis
1010 3198 1160 3234 Venetae,
1175 3207 1258 3238 quae

183 3238 289 3279 prima
297 3246 353 3277 est,
363 3239 440 3270 haec
454 3240 624 3270 habentur:
638 3241 716 3271 Divi
728 3241 866 3272 Thomae
873 3242 1044 3282 Aquinatis
1054 3241 1133 3272 Ord.
1140 3241 1256 3272 Praed.

184 3284 406 3325 theologorum
426 3285 568 3315 omnium
592 3285 793 3316 Monarchae
823 3285 1063 3317 Commentaria
1090 3287 1123 3316 in
1146 3286 1257 3316 Evan-

182 3328 306 3369 gelium
330 3329 508 3366 Matthaei,
539 3329 612 3359 item
636 3334 667 3359 et
685 3330 718 3360 in
741 3330 943 3362 Hieremiam
962 3330 1153 3375 Prophetam
1173 3331 1256 3360 eius-

183 3372 318 3413 demque
339 3373 529 3403 Hieremiae
556 3373 709 3411 Threnos,
735 3384 858 3405 necnon
882 3380 913 3405 et
935 3376 968 3404 in
986 3375 1132 3411 Esaiam,
1154 3384 1258 3414 nuper

184 3417 217 3447 in
242 3417 345 3448 lucem
369 3419 485 3448 emissa
509 3423 540 3448 et
561 3417 807 3459 diligentissime
829 3419 1006 3459 castigata,
1039 3418 1176 3449 Venetiis
1199 3419 1257 3448 im-

178 3470 295 3502 pressa
309 3461 455 3503 fuerunt
477 3462 654 3502 sumptibus
675 3462 844 3492 Heredum
868 3472 897 3503 q.
916 3463 959 3493 D.
982 3462 1153 3493 Octaviani
1171 3462 1259 3492 Scoti

184 3506 263 3536 civis
284 3506 515 3538 Modoetiensis
537 3516 578 3537 ac
599 3506 788 3544 Sociorum,
813 3516 900 3537 anno
922 3506 1116 3546 salutiferae
1142 3506 1257 3536 Incar-

184 3551 325 3582 nationis
337 3551 471 3582 Domini
490 3552 592 3582 nostri
606 3551 695 3591 1527,
707 3551 759 3581 die
773 3560 849 3581 vero
869 3549 915 3581 28
930 3551 1049 3581 mensis
1062 3550 1258 3590 septembris.

184 3593 220 3624 In
238 3594 384 3635 Epistola
402 3595 636 3636 nuncupatoria
647 3618 659 3634 ,
679 3605 762 3636 quae
779 3595 1056 3626 Reverendissimo
1076 3596 1108 3624 in
1129 3594 1258 3624 Christo

178 3640 271 3678 patri
291 3640 334 3671 D.
353 3640 523 3671 Dominico
549 3640 705 3670 Grimano
731 3640 888 3680 Episcopo
909 3640 1080 3670 Portuensi
1107 3639 1140 3669 S.
1159 3639 1198 3669 R.
1218 3638 1257 3669 Ε.

183 3684 287 3714 sancti
309 3685 419 3715 Marci
444 3685 615 3716 Cardinali
637 3684 786 3725 inscripta
804 3684 936 3725 legitur,
959 3684 1105 3715 laudatus
1124 3683 1258 3714 Bartho-

328 3749 398 3782 Opp.
418 3750 449 3775 D.
468 3750 583 3775 ΤΗοΜΑΕ
602 3751 633 3775 T.
649 3751 667 3775 1.

1318 1407 1464 1438 lomaeus
1487 1408 1620 1439 Pisanus
1644 1415 1790 1439 testatur:
1810 1408 1853 1439 Se
1871 1409 2005 1450 infinitis
2020 1419 2106 1450 pene
2127 1412 2257 1452 vigiliis,
2279 1420 2310 1445 et
2327 1426 2391 1448 non

1317 1453 1388 1484 sine
1395 1453 1549 1484 Numinis
1558 1463 1627 1493 ope,
1638 1453 1894 1485 Commentarios
1908 1454 1974 1485 divi
1984 1454 2123 1485 Thomae
2136 1457 2169 1486 in
2178 1457 2390 1499 Matthaeum,

1318 1498 1350 1528 in
1375 1497 1530 1535 Esaiam,
1560 1498 1763 1528 Hieremiam
1797 1504 1827 1528 et
1855 1498 1995 1529 eiusdem
2026 1499 2215 1531 Hieremiae
2250 1503 2393 1536 Threnos

1318 1542 1522 1580 emendasse;
1540 1543 1591 1573 vel
1605 1548 1640 1573 ut
1654 1544 1774 1574 rectius
1792 1542 1930 1574 dixerim
1955 1541 2064 1586 (verba
2078 1544 2146 1575 eius
2161 1545 2248 1590 sunt)
2269 1548 2394 1581 laceros

1317 1592 1348 1618 et
1372 1587 1502 1618 mutilos
1531 1588 1653 1618 iniuria
1669 1593 1846 1628 temporum
1873 1589 1905 1619 in
1930 1598 1991 1619 sua
2017 1589 2159 1620 membra
2177 1601 2242 1631 pro
2272 1594 2393 1626 viribus

1316 1631 1490 1673 redegisse.
1539 1632 1621 1663 Data
1658 1632 1802 1673 Epistola
1835 1639 1882 1663 est
1916 1633 2093 1664 Ferrariae
2127 1643 2162 1665 21
2203 1637 2276 1667 iulii
2309 1639 2393 1671 1521.

1315 1678 1382 1707 Aut
1400 1686 1475 1716 ergo
1495 1676 1662 1717 impressio
1692 1677 1732 1708 ad
1755 1687 1877 1708 annum
1901 1678 1983 1719 1527
2004 1677 2097 1709 dilata
2117 1679 2178 1710 dici
2198 1680 2310 1721 debet;
2339 1691 2394 1716 aut

1316 1727 1397 1752 certe
1412 1721 1517 1761 priore
1532 1731 1618 1752 anno
1632 1721 1792 1760 inchoata,
1807 1729 1879 1753 tum
1893 1722 2001 1763 aliquo
2019 1723 2122 1763 spatio
2137 1726 2290 1766 temporis
2304 1738 2392 1768 prae-

1314 1765 1473 1804 termissa,
1498 1776 1534 1796 ac
1558 1766 1691 1797 demum
1713 1777 1799 1797 anno
1823 1767 1998 1807 posteriore
2021 1768 2196 1808 completa,
2226 1778 2262 1802 ut
2285 1772 2391 1814 colligi

1313 1809 1439 1841 videtur
1461 1820 1498 1841 ex
1517 1810 1661 1841 eiusdem
1689 1811 1925 1842 Bartholomaei
1944 1811 2089 1852 Epistola
2116 1813 2156 1843 ad
2181 1814 2392 1849 Reverendis.

1312 1855 1428 1885 simum
1453 1856 1485 1886 in
1513 1855 1641 1887 Christo
1659 1861 1788 1896 patrem
1817 1866 1857 1887 ac
1878 1856 2041 1887 dominum
2061 1857 2103 1888 D.
2123 1858 2291 1891 Marinum
2318 1861 2390 1893 Gri-

1312 1909 1444 1930 manum
1462 1900 1698 1941 Aquileiensem
1717 1901 1942 1932 Patriarcham
1961 1901 2203 1942 dignissimum,
2229 1904 2392 1938 Dominici

1314 1944 1490 1975 Cardinalis
1514 1952 1686 1986 nepotem,
1718 1955 1816 1986 quam
1838 1945 1962 1977 exhibet
1984 1952 2146 1987 postrema
2168 1949 2283 1988 pagina
2301 1951 2392 1982 volu-

1313 1989 1408 2020 minis
1433 1990 1611 2030 praedictos
1630 1990 1778 2021 Thomae
1793 1990 2051 2022 Commentarios
2076 1991 2276 2025 continentis.
2304 1996 2392 2028 Haec

1314 2034 1400 2065 enim
1420 2034 1575 2065 habentur
1593 2036 1702 2066 verba:
1727 2035 1807 2066 Iure
1825 2036 1928 2076 igitur
1946 2035 2141 2067 hereditario
2160 2044 2287 2077 cuncta,
2308 2051 2392 2081 quae

1309 2085 1432 2120 patruo
1450 2078 1643 2121 (Dominico
1661 2078 1840 2122 Cardinali)
1865 2080 2062 2111 debebantur
2079 2082 2241 2120 spiritalia
2262 2087 2390 2124 praeci-

1309 2134 1378 2164 pue
1401 2134 1556 2162 munera,
1588 2125 1643 2155 tibi
1674 2125 1836 2156 vindicas:
1867 2126 1952 2156 inter
1981 2135 2065 2166 quae
2090 2127 2276 2166 minimum,
2305 2131 2392 2170 quod

1316 2179 1358 2199 ex
1380 2179 1431 2199 me
1452 2179 1516 2209 per
1544 2170 1731 2210 impressam
1761 2170 1926 2210 epistolam
1956 2170 2056 2200 eidem
2076 2169 2197 2210 suerat
2227 2172 2390 2213 oblatum;

1314 2213 1372 2244 sed
1394 2215 1635 2254 interpositione
1659 2215 1886 2254 impressionis,
1909 2219 1944 2244 ut
1955 2224 2040 2254 pars
2061 2224 2126 2255 qua
2150 2217 2297 2248 mutilum
2317 2225 2389 2250 erat

1315 2268 1395 2299 opus
1424 2259 1484 2289 hoc
1510 2260 1746 2289 sanctissimum
1782 2259 1972 2299 diligentius
2001 2260 2238 2300 inquireretur,
2269 2272 2388 2304 nequa-

1315 2313 1412 2344 quam
1431 2303 1538 2334 adhuc
1556 2303 1727 2340 redditum,
1749 2303 1804 2334 tibi
1823 2313 1909 2334 nunc
1927 2308 2071 2343 aptatum
2090 2308 2186 2344 atque
2203 2306 2386 2347 perfectum

1315 2348 1457 2379 debetur.

1383 2393 1420 2422 11.
1446 2392 1571 2423 Dubius
1590 2399 1728 2423 attamen
1748 2391 1853 2422 Sixtus
1872 2391 2019 2423 Senensis
2037 2393 2161 2424 videtur
2181 2393 2288 2433 fuisse,
2309 2406 2388 2428 num

1314 2437 1492 2476 genuinum
1507 2436 1571 2467 divi
1586 2436 1734 2469 Thomae
1748 2435 2027 2467 Commentarium
2042 2438 2074 2468 in
2094 2438 2215 2469 Isaiam
2231 2441 2390 2479 praedicta

1315 2481 1412 2511 editio
1432 2488 1617 2521 praestaret:
1643 2481 1821 2522 eodemque
1844 2481 2032 2512 tenebantur
2053 2483 2152 2514 dubio
2172 2483 2389 2518 Ferdinandus

1315 2525 1463 2556 Castillus
1478 2525 1511 2556 in
1526 2526 1609 2556 Hist.
1626 2525 1724 2556 sancti
1739 2525 1901 2556 Dominici
1916 2532 2003 2566 parte
2019 2527 2047 2563 1,
2071 2527 2125 2558 lib.
2142 2527 2199 2566 ΙΙΙ,
2217 2538 2285 2569 cap.
2302 2541 2388 2571 xxxr,

1314 2577 1344 2601 et
1363 2570 1408 2601 Io.
1420 2570 1555 2601 Michael
1569 2570 1645 2601 Pius
1664 2576 1751 2610 parte
1771 2570 1814 2609 11,
1834 2570 1916 2600 libro
1932 2571 1954 2601 Ι.
1971 2570 2047 2602 Sixti
2066 2573 2159 2604 verba
2182 2579 2258 2604 sunt
2275 2573 2328 2606 lib.
2346 2577 2389 2608 IV

1313 2615 1527 2648 Bibliothecae
1551 2615 1701 2646 Sanctae:
1731 2614 1852 2645 Fertur
1877 2615 1921 2645 ad
1938 2615 2018 2646 haec
2035 2617 2169 2648 Postilla
2189 2619 2222 2648 in
2241 2618 2386 2659 Esaiam,

1314 2661 1407 2691 cuius
1425 2661 1550 2690 initium
1571 2665 1617 2690 est
1624 2667 1638 2697 ;
1660 2659 1770 2690 ScrIbe
1794 2660 1896 2690 visum
1916 2665 1947 2690 et
1965 2661 2105 2700 explana
2125 2668 2182 2694 etc.
2202 2673 2300 2703 quam
2312 2666 2386 2704 ple-

1314 2705 1407 2745 rique
1429 2705 1468 2735 ob
1491 2705 1682 2735 eruditionis
1705 2705 1844 2744 inopiam
1870 2705 1970 2744 ipsius
1995 2715 2058 2735 non
2083 2716 2152 2737 esse
2174 2708 2386 2742 arbitrantur.

1313 2749 1471 2790 Lyranus
1494 2759 1536 2780 ex
1566 2750 1635 2780 eius
1657 2749 1751 2780 dictis
1779 2759 1799 2779 a
1827 2749 1969 2779 studioso
1998 2752 2146 2790 quopiam
2172 2753 2289 2782 asserit
2311 2763 2387 2785 con-

1314 2795 1489 2825 cinnatam.
1509 2793 1626 2835 Lyrani
1640 2794 1734 2824 verba
1749 2793 1855 2834 accipe
1876 2793 1910 2823 in
1933 2801 2028 2834 caput
2039 2805 2094 2825 vm
2109 2796 2221 2826 Isaiae:
2252 2809 2266 2823 <z
2279 2797 2387 2830 Primo

1317 2851 1330 2865 2>
1353 2838 1529 2869 videndum
1553 2846 1610 2877 est,
1634 2838 1713 2879 quid
1737 2837 1776 2869 sit
1798 2838 1973 2868 tenendum
1997 2839 2035 2869 de
2059 2850 2176 2879 puero,
2201 2841 2239 2871 de
2263 2851 2329 2881 quo
2353 2843 2389 2875 fit

1317 2896 1331 2910 ›>
1354 2893 1459 2914 sermo
1480 2883 1513 2914 in
1541 2883 1604 2914 hoc
1623 2883 1774 2923 capitulo,
1799 2893 1874 2913 cum
1897 2882 2025 2914 dicitur:
2049 2884 2094 2914 Et
2109 2886 2230 2916 accessi
2246 2886 2291 2917 ad
2307 2887 2388 2918 Pru-

1317 2941 1330 2955 »
1348 2929 1542 2968 phetissam,
1568 2933 1599 2958 et
1621 2928 1764 2968 concepit
1781 2927 1904 2968 filium.
1930 2927 1971 2957 Et
1992 2927 2136 2959 dixerunt
2159 2929 2275 2970 aliqui,
2300 2933 2390 2971 quod

1315 2985 1330 3000 »
1352 2973 1410 3003 iste
1431 2973 1490 3004 fuit
1509 2972 1592 3003 filius
1613 2972 1709 3002 Isaiae
1728 2972 1767 3002 de
1787 2982 1844 3002 sua
1862 2981 1971 3009 uxore,
1989 2982 2070 3012 quae
2088 2981 2221 3005 vocatur
2239 2974 2291 3006 hic
2309 2976 2389 3007 Pro-

1315 3030 1329 3044 »
1346 3018 1501 3058 phetissa.
1522 3018 1562 3048 Et
1578 3017 1641 3047 hoc
1660 3017 1781 3047 dictum
1799 3016 1923 3046 videtur
1937 3016 2026 3057 sequi
2041 3017 2185 3049 Thomas
2202 3019 2241 3049 de
2256 3020 2389 3060 Aquino

1316 3075 1330 3089 »
1352 3062 1386 3092 in
1405 3062 1545 3103 quadam
1559 3061 1699 3099 Postilla,
1714 3071 1796 3102 quae
1816 3060 1873 3091 sibi
1889 3061 2068 3091 attribuitur
2086 3068 2251 3104 tamquam
2269 3074 2305 3096 ex
2321 3065 2389 3097 eius

1315 3119 1329 3133 2>
1353 3106 1443 3137 dictis
1467 3113 1633 3147 reportata.
1649 3119 1662 3133 »
1691 3105 1825 3136 Iniectos
1844 3104 1964 3145 profert
1983 3106 2160 3146 scrupulos,
2184 3116 2315 3140 revocat
2333 3120 2388 3142 eos

1312 3151 1351 3180 ad
1371 3161 1502 3181 examen
1522 3150 1734 3191 convellitque
1754 3159 1866 3180 omnes
1885 3150 2018 3180 Iacobus
2037 3150 2210 3183 Echardus.
2234 3156 2286 3186 Ad
2318 3164 2387 3185 eru-

1311 3195 1441 3227 ditionis
1464 3195 1609 3236 inopiam
1632 3195 1721 3235 quod
1745 3194 1874 3231 attinet,
1904 3194 2050 3225 cordatus
2080 3205 2115 3226 ac
2139 3196 2264 3238 sapiens
2287 3197 2388 3230 lector

1311 3240 1556 3271 animadvertat:
1581 3239 1726 3270 Postillas
1749 3238 1936 3269 huiusmodi
1959 3238 2037 3269 nihil
2062 3250 2129 3270 esse
2152 3242 2258 3282 aliud,
2288 3253 2387 3283 quam

1310 3284 1531 3315 adnotationes
1549 3284 1582 3314 in
1601 3283 1768 3314 litteralem
1787 3283 1950 3313 dumtaxat
1968 3292 2112 3315 sensum:
2132 3285 2165 3316 in
2180 3287 2298 3328 quibus
2319 3298 2386 3319 non

1311 3328 1497 3359 eruditionis
1512 3328 1615 3368 copia,
1626 3328 1682 3359 sed
1697 3327 1831 3358 eruditio
1843 3337 1918 3358 cum
1927 3327 2076 3359 brevitate
2090 3329 2196 3361 iuncta
2211 3331 2385 3372 quaeritur.

1312 3374 1457 3413 Utroque
1481 3382 1613 3403 munere
1635 3373 1668 3402 in
1692 3372 1951 3410 Commentado,
1975 3383 2041 3413 quo
2065 3374 2104 3404 de
2128 3375 2268 3414 agimus,
2294 3376 2386 3407 abso-

1311 3417 1466 3448 lutissime
1499 3417 1647 3447 functum
1675 3426 1742 3446 esse
1766 3417 1961 3456 Aquinatem
1993 3418 2152 3457 negaverit
2182 3429 2299 3458 nemo,
2329 3421 2385 3461 qui

1313 3471 1396 3501 opus
1419 3461 1499 3491 illud
1523 3460 1689 3491 attentiore
1712 3467 1818 3491 mente
1841 3461 2017 3492 versaverit.

1380 3506 1428 3535 De
1452 3504 1569 3545 Lyrani
1593 3514 1740 3542 censura,
1760 3514 1823 3545 qua
1847 3505 1950 3535 octavi
1974 3505 2070 3536 Isaiae
2094 3507 2202 3548 capitis
2227 3508 2386 3548 expositio

1314 3550 1346 3579 in
1362 3549 1477 3579 eodem
1492 3548 1734 3580 Commentario
1749 3549 1871 3588 prolata
1885 3549 2093 3589 redarguitur,
2108 3551 2189 3582 infra
2204 3552 2386 3584 dicendum:

1314 3593 1441 3624 interim
1454 3603 1530 3623 vero
1545 3593 1595 3623 vel
1609 3593 1676 3633 ipse
1691 3593 1847 3633 Lyranus,
1863 3594 1919 3634 qui
1936 3593 2068 3625 fratrum
2090 3596 2254 3627 Minorum
2274 3597 2388 3628 Ordini

1315 3648 1401 3668 anno
1431 3647 1507 3678 1291
1536 3637 1623 3668 iuxta
1645 3637 1782 3668 rationes
1812 3647 1829 3667 a
1857 3638 2042 3679 Waddingo
2072 3641 2242 3672 subductas
2268 3652 2389 3673 nomen

1316 3682 1422 3721 dedit,
1452 3692 1607 3723 suamque
1638 3681 1848 3712 universalem
1874 3683 2038 3714 Postillam
2064 3684 2163 3716 fertur
2190 3696 2276 3717 anno
2306 3688 2386 3727 1293

2214 3759 2242 3776 12
