2788 4204
49 2639 60 2650 ”
76 2638 148 2661 Num.
161 2645 186 2667 4.

51 2801 62 2812 ·
76 2800 149 2824 Num.
162 2801 188 2824 6.

257 2118 259 2120 ¹
291 2104 383 2134 tiones
403 2104 476 2133 fiunt
496 2105 532 2133 de
554 2104 796 2141 contingentibus.
812 2120 831 2124 —
852 2104 877 2131 5.
900 2103 1034 2131 Solvitur.
1056 2104 1099 2130 Ex
1126 2101 1359 2139 contingentibus

278 3097 432 3138 ⁴procedere
455 3104 493 3122 ex
514 3097 644 3130 principiis
668 3098 834 3129 necessariis,
857 3098 904 3123 sed
926 3098 1003 3123 etiam
1026 3106 1083 3123 esse
1102 3098 1135 3123 de
1153 3099 1360 3124 conclusionibus

239 3290 243 3294 ·
295 3281 363 3306 quae
383 3276 445 3298 sunt
458 3280 511 3305 per
528 3280 564 3298 se.
584 3273 620 3297 Et
637 3273 709 3298 circa
724 3279 771 3298 etc.
790 3274 863 3298 Hanc
881 3274 965 3306 ipsam
984 3274 1120 3299 lectionem
1138 3274 1233 3298 habent
1246 3273 1360 3299 Venetae

1132 261 1242 298 CAP.
1272 261 1337 308 Vl,
1368 261 1517 298 LECT.
1548 261 1636 298 XIV
2404 266 2473 312 193

884 473 1187 532 LECTIO
1225 478 1888 550 DECIMAQUARTA

569 615 1054 657 DEMONSTRATIO
1088 616 1203 657 EST
1235 618 1320 657 DE
1353 617 1451 659 HIS
1484 619 1563 659 ET
1597 619 1677 659 EX
1710 619 1807 660 HIS
1843 619 2013 672 QUAE
2047 619 2207 661 SUNT

1284 697 1410 737 PER
1442 697 1523 738 SE

289 830 371 863 Τῶν
384 826 424 863 δὲ
447 831 710 887 συμβεβηκότων
729 843 775 876 μη
799 831 876 864 καθ’
907 831 1013 873 αὐτοί,
1037 832 1071 864 ὃν
1097 832 1222 876 τρόπον
1248 833 1354 876 διωρί-
1409 835 1427 855 *
1445 836 1665 867 Accidentium
1689 843 1796 867 autem
1819 847 1884 867 non
1901 847 1957 877 per
1980 847 2023 875 se,
2041 837 2207 878 quomodo
2232 838 2512 869 determinatum·

357 875 417 914 σθη
437 877 485 909 τοὶ
499 875 573 908 καθ
595 876 702 918 αὐτοί,
722 877 781 908 οὐκ
801 876 892 909 ἔστιν
917 876 1089 920 ἐπιστήμη
1114 873 1220 909 ἀποδε
1209 877 1351 913 ικτική.
1477 887 1523 910 est
1546 890 1601 920 per
1619 891 1651 911 se
1675 880 1806 921 quidem
1823 891 1899 918 esse,
1916 891 1982 911 non
2005 889 2050 911 est
2073 881 2201 912 scientia
2219 882 2475 914 demonstrativa.

355 921 402 952 Οὐ
426 921 490 967 γάρ
516 920 608 953 ἔστιν
627 921 661 962 ἔξ
685 920 842 977 ἀνάγκης
859 921 968 962 ὸεῖξαι
986 921 1027 954 τὸ
1045 921 1286 966 συμπέρασμα·
1313 921 1354 953 τὰ
1476 924 1550 954 Νοιι
1575 924 1659 954 enim
1675 931 1721 955 est
1737 934 1774 954 ex
1789 925 1970 955 necessitate
1990 926 2203 956 demonstrare
2218 927 2474 965 conclusionem3

356 965 566 1008 συμβεβηκὸς
591 966 655 1011 γάρ
681 961 860 1019 ἐνδέχεται
882 977 929 1009 μη
949 966 1125 1011 ὑπάρχειν·
1153 967 1227 1009 περὶ
1244 965 1354 997 τοιού·
1477 968 1619 998 accidens
1643 968 1728 998 enim
1761 969 1914 1008 contingit
1944 979 2009 999 non
2038 977 2118 999 esse:
2151 970 2188 1000 de
2212 970 2265 1000 tali
2290 971 2375 1002 enim
2403 972 2474 1002 dico

357 1021 418 1041 του
469 1011 507 1054 ἀρ
530 1010 620 1063 λέγω
645 1009 912 1054 συμβεβηκότος.
1477 1012 1645 1042 accidente.

288 1055 412 1086 Καίτοι
439 1066 590 1097 απορησε
577 1066 641 1086 ειεν
667 1055 707 1108 ρῖν
733 1062 799 1091 τις·
804 1056 886 1091 ἴσως
913 1056 1002 1090 τίνος
1039 1065 1136 1085 ενεκοι
1162 1054 1279 1086 ταῦτα
1303 1048 1357 1084 δεῖ
1410 1055 1451 1086 Et
1473 1062 1579 1086 tamen
1603 1062 1746 1095 opponet
1770 1055 1908 1086 fortassis
1925 1056 2050 1096 aliquis,
2067 1056 2156 1087 cuius
2174 1068 2266 1088 causa
2285 1058 2360 1089 haec
2380 1069 2474 1099 opor-

356 1099 486 1152 ἐρωτᾶν
511 1101 586 1142 περὶ
611 1110 759 1139 τουτων,
778 1098 806 1129 εἰ
826 1110 873 1140 μη
901 1097 1048 1152 ἀνάγκη
1059 1098 1100 1129 τό
1126 1109 1236 1141 συμπε
1230 1097 1354 1141 ’ρασμα
1415 1115 1417 1118 <
1476 1106 1520 1130 tet
1543 1100 1732 1139 interrogare
1757 1100 1795 1129 de
1818 1100 1866 1137 iis,
1884 1100 1909 1129 si
1934 1110 1999 1130 non
2019 1110 2144 1131 necesse
2168 1108 2213 1132 est
2237 1103 2474 1134 conclusionem

355 1154 455 1176 ειναι·
491 1139 588 1175 οὐδὲν
612 1143 677 1189 γοὶρ
709 1122 845 1186 διάφέρε
850 1153 860 1172 ι
891 1144 920 1173 εἴ
953 1153 1003 1179 τις
1038 1141 1189 1185 ἐρόμενος
1221 1142 1269 1173 τοὶ
1299 1153 1356 1173 τυ-
1477 1150 1560 1181 esse;
1577 1143 1654 1173 nihil
1671 1143 1756 1173 enim
1775 1143 1875 1174 differt
1899 1144 1924 1173 si
1940 1144 2052 1185 aliquis
2068 1144 2276 1185 interrogatus
2293 1147 2474 1188 contingen-

383 1200 481 1229 οντα,
507 1184 586 1219 εἶτα
611 1190 733 1220 εἴπειεν
758 1187 799 1219 τὸ
825 1198 935 1230 συμπε
929 1186 1065 1239 'panop-oc.
1477 1187 1530 1224 tia,
1548 1194 1658 1227 postea
1682 1187 1764 1218 dicat
1787 1188 2037 1219 conclusionem.

290 1188 432 1265 Δεΐχὸ’
422 1233 551 1275 ἐρωτᾶν
579 1231 642 1288 οὐχ
666 1233 708 1269 ὠς
740 1232 926 1286 ἀναγκαῖον
957 1227 1042 1261 εἶναι
1067 1223 1127 1260 διαὶ
1151 1228 1198 1261 τά
1222 1241 1355 1281 ηρωτη-
1411 1230 1547 1270 Oportet
1570 1238 1676 1261 autern
1692 1231 1893 1271 interrogare,
1917 1242 1983 1262 non
2007 1239 2159 1273 tanquam
2179 1235 2387 1265 necessarium
2409 1245 2474 1266 esse

355 1276 460 1332 μένα,
489 1277 562 1308 ἀλλ’
593 1275 647 1308 ὅτι
670 1275 709 1307 λε’
696 1286 786 1331 εγειν
817 1273 947 1329 ἀνάγκη
981 1273 1028 1314 τῷ
1055 1273 1168 1305 ἐκεῖνα,
1198 1273 1353 1319 λέγοντι,
1477 1282 1606 1315 propter
1628 1275 1834 1315 interrogata;
1854 1276 1908 1306 sed
1932 1277 2007 1317 quia
2023 1276 2123 1307 dicere
2152 1287 2277 1308 necesse
2301 1286 2346 1310 est
2362 1279 2414 1309 illa
2430 1279 2474 1309 di-

353 1322 412 1354 καὶ
439 1319 568 1358 ἀληθῶς
582 1319 724 1375 Ηλέγειν,
746 1320 804 1351 ὲαν
832 1317 960 1356 ἀληθῶς
988 1316 1010 1360 ᾗ
1035 1316 1251 1370 ὑπάρχοντα.
1478 1319 1569 1356 centi‚
1587 1326 1618 1349 et
1641 1329 1712 1349 vera
1732 1319 1843 1358 dicere,
1860 1320 1885 1350 si
1908 1331 1980 1350 vera
1996 1328 2080 1359 sunt,
2098 1331 2178 1361 quae
2203 1329 2285 1352 sunt.

281 1363 380 1398 Ἐπεὶ
389 1360 440 1402 δ’
462 1365 498 1407 ἑξ
525 1364 675 1420 ἀνάγκης
708 1365 854 1418 υπαρχει
887 1364 961 1406 περὶ
993 1362 1139 1394 ἕκαστον
1163 1361 1265 1417 γένος
1292 1361 1355 1394 ὅσοι
1410 1363 1427 1382 *
1443 1363 1606 1401 Quoniam
1630 1370 1736 1394 autem
1756 1374 1792 1394 cx
1815 1365 1996 1395 necessitate
2021 1371 2095 1395 sunt
2118 1365 2197 1395 circa
2222 1367 2475 1408 unumquodque
2504 1379 2513 1388 ·

254 1415 260 1417 ”
353 1404 427 1442 καθ’
459 1409 554 1442 αὐτοὶ
578 1409 734 1451 υποίρκει,
752 1410 809 1440 καὶ
830 1419 850 1450 ῃ
868 1406 1029 1448 ἕκαστον,
1048 1406 1189 1451 φανερὸν
1209 1406 1262 1438 ὅτι
1281 1409 1354 1450 περὶ
1477 1418 1576 1447 genus
1587 1417 1807 1448 quaecumque
1820 1418 1876 1448 per
1887 1419 1919 1438 se
1932 1416 2016 1448 sunt,
2028 1416 2059 1440 et
2072 1410 2248 1440 secundum
2258 1411 2346 1451 quod
2361 1421 2476 1442 unum—

356 1455 423 1487 τῶν
447 1453 536 1486 καθ’
555 1454 650 1486 αὐτοὶ
672 1464 742 1485 υποι
746 1451 897 1506 ρχόντων
923 1454 957 1483 αἱ
982 1452 1244 1505 ἑπιστημονικαὶ
1271 1452 1355 1483 ἀπο-
1477 1452 1630 1493 quodque
1662 1459 1717 1490 est,
1743 1452 1947 1483 manifestum
1979 1460 2024 1484 est
2048 1454 2203 1494 quoniam
2235 1455 2273 1485 de
2304 1454 2363 1493 his,
2395 1466 2476 1496 quae

355 1493 472 1540 δείξεις
497 1499 556 1530 καὶ
581 1498 618 1530 ἐκ
643 1497 708 1530 τῶν
734 1495 902 1529 τοιούτων
920 1497 1014 1527 εἰσίν·
1041 1496 1090 1529 τοὶ
1113 1495 1172 1538 μὲν
1190 1496 1255 1550 γάρ
1274 1507 1356 1539 συμ-
1478 1506 1533 1536 per
1557 1506 1589 1526 se
1605 1503 1689 1534 sunt,
1706 1496 1968 1528 demonstrativae
1984 1498 2129 1528 scientiae
2152 1506 2182 1529 et
2204 1509 2240 1529 ex
2259 1499 2373 1530 talibus
2388 1506 2476 1538 sunt;

356 1542 532 1584 βεβηκότα
557 1543 617 1574 οὐκ
644 1542 832 1596 ἀναγκαῖα·
858 1540 936 1573 ὥστ’
967 1541 1026 1573 ουκ
1054 1540 1184 1595 ἀνάγκη
1212 1539 1252 1571 τὰ
1274 1552 1356 1595 συμ-
1478 1540 1649 1571 accidentia
1678 1541 1764 1570 enim
1793 1551 1860 1571 non
1883 1542 2055 1572 necessaria
2083 1549 2166 1574 sunt.
2204 1544 2309 1580 Quare
2342 1554 2406 1574 non
2432 1551 2478 1574 est

356 1587 399 1620 πέ
423 1599 517 1632 ἀσμα,
535 1582 661 1619 εἰδέναι
678 1581 769 1618 διότι
796 1585 927 1630 ὑποίρχε
914 1597 954 1626 ι,
983 1580 1052 1617 οὐδ’
1081 1585 1109 1616 εἰ
1136 1585 1187 1616 ἀεὶ
1213 1586 1276 1624 εἴη,
1308 1596 1355 1639 μη
1479 1585 1689 1615 necessarium
1706 1585 1945 1616 conclusionem
1964 1586 2041 1617 scire
2064 1594 2193 1627 propter
2212 1588 2290 1628 quid
2313 1588 2352 1618 sit
2372 1598 2476 1629 neque

354 1600 434 1664 nug*
461 1631 550 1664 αὐτὰ
574 1627 611 1663 δὲ
598 1651 624 1670 ε,
654 1631 722 1663 οἷον
745 1633 774 1662 οἱ
799 1625 858 1662 διαὶ
870 1632 1025 1685 σημείων
1051 1630 1282 1684 συλλογισμοί.
1310 1628 1356 1660 T6
1478 1629 1502 1658 si
1527 1639 1651 1669 semper
1674 1629 1751 1667 sint,
1780 1640 1845 1659 non
1869 1640 1925 1670 per
1948 1641 1980 1660 se
2004 1637 2129 1669 autem,
2157 1638 2192 1662 ut
2215 1639 2289 1662 sunt
2311 1642 2367 1672 per
2389 1633 2477 1672 signa

355 1676 420 1731 γάρ
437 1675 512 1708 καθ’
533 1676 621 1708 αὐτὸ
641 1676 678 1707 οὗ
693 1674 768 1707 καθ’
790 1674 877 1708 αὐτὰ
896 1673 1060 1711 ἑπιστησε
1065 1685 1137 1714 ται,
1158 1668 1236 1705 ουδὲ
1251 1668 1353 1704 διότι.
1479 1673 1665 1714 syllogismi.
1691 1674 1763 1704 Hoc
1787 1674 1871 1704 enim
1895 1684 1951 1714 per
1973 1685 2016 1713 se,
2042 1685 2108 1705 non
2132 1686 2188 1716 per
2210 1686 2243 1706 se
2271 1676 2346 1715 scit,
2373 1687 2476 1717 neque

356 1720 398 1754 τὸ
421 1716 459 1752 δὲ
479 1715 570 1753 διότι
595 1718 803 1753 ἐπίστασθαι
828 1718 901 1751 ἔστι
927 1719 967 1752 τὸ
991 1718 1051 1751 διά
1071 1720 1134 1750 τοῦ
1153 1718 1264 1750 αἰτίου
1286 1717 1358 1749 ἑπί-
1478 1724 1608 1768 propter
1630 1717 1723 1758 quid;
1740 1724 1868 1767 propter
1884 1718 1962 1759 quid
1978 1726 2085 1749 autem
2108 1720 2196 1758 scire,
2214 1728 2259 1751 est
2275 1731 2331 1761 per
2349 1731 2476 1752 causam

356 1763 517 1798 στασθαι.
554 1765 600 1795 Δι
629 1764 717 1797 αὐτὸ
744 1764 809 1817 ἄρα
833 1759 886 1795 δεῖ
906 1764 964 1795 καὶ
990 1763 1031 1795 τὸ
1056 1761 1158 1805 μέσον
1184 1763 1230 1803 τῷ
1253 1763 1356 1806 τρίτῳ
1480 1761 1567 1792 scire.
1584 1762 1716 1802 Propter
1738 1762 1846 1802 ipsum
1869 1773 1943 1803 ergo
1968 1770 2094 1804 oportet
2112 1771 2142 1795 et
2161 1765 2303 1796 medium
2326 1765 2428 1804 tertio,
2446 1771 2477 1796 et

354 1811 413 1842 καὶ
438 1809 479 1843 τὸ
505 1810 645 1852 πρῶτον
664 1821 711 1850 τω
730 1820 818 1853 μεσῳ
845 1807 976 1852 ύποίρχε
963 1819 1023 1839 ιν.
1480 1806 1621 1846 primurn
1644 1806 1750 1836 medio
1773 1806 1884 1837 inesse.

349 1906 499 1934 Smorms.
516 1922 551 1927 —
574 1915 598 1934 1.
620 1906 832 1942 Argumentum
857 1910 958 1932 textus.
974 1921 993 1926 -
1017 1903 1232 1932 Demonstratio
1257 1909 1299 1931 est
1320 1903 1358 1931 de

289 1945 335 1974 his
355 1952 383 1974 et
403 1954 438 1974 ex
459 1945 502 1974 his
524 1954 598 1982 quae
620 1951 687 1973 sunt
703 1954 762 1982 per
782 1953 822 1972 se
838 1951 896 1972 -ε,
918 1945 1029 1972 Eorum
1050 1953 1125 1980 quae
1147 1950 1213 1971 sunt
1230 1952 1288 1980 per
1309 1951 1357 1971 ac-

289 1985 389 2014 cidens
409 1994 470 2014 non
498 1991 593 2022 potest
614 1994 676 2013 esse
697 1983 915 2018 demonstratio,
939 1983 1016 2020 quia,
1039 1992 1105 2011 cum
1127 1984 1162 2011 de
1190 1982 1358 2011 necessitate

289 2034 351 2053 non
372 2025 460 2053 insint
481 2025 618 2060 subiecto,
641 2033 702 2052 non
716 2030 811 2061 potest
832 2025 868 2051 de
889 2023 957 2060 ipsis
974 2023 1073 2051 haberi
1088 2023 1236 2051 conclusio
1258 2031 1358 2050 neces-

289 2064 400 2093 saria.-
412 2065 437 2093 3.
453 2065 580 2094 Solvitur
600 2063 763 2093 obiectioa-
744 2073 798 2099 -.4
813 2063 961 2091 Dubitatio
983 2072 1017 2091 ex
1038 2072 1073 2091 eo
1096 2063 1175 2100 quod
1191 2063 1358 2100 interroga-

1411 1902 1575 1947 praemissis
1596 1911 1657 1930 non
1679 1909 1721 1930 est
1741 1902 1894 1931 necessitas
1915 1903 2047 1932 absoluta
2067 1904 2278 1941 consequentis,
2301 1906 2351 1933 sed
2377 1914 2475 1934 neces-

1413 1942 1480 1970 sitas
1502 1942 1766 1978 consequentiae-—
1746 1943 1802 1970 -.6
1824 1944 1966 1971 Probatur
1986 1943 2092 1972 directe
2119 1944 2396 1973 demonstrationem
2415 1945 2476 1973 fieri

1413 1991 1446 2010 ex
1456 1981 1500 2009 his
1515 1991 1589 2019 quae
1604 1988 1670 2009 sunt
1680 1991 1738 2019 per
1751 1991 1799 2016 se;
1813 1982 1881 2019 quia
1895 1990 1937 2011 est
1952 1992 1984 2011 ex
1999 1983 2166 2012 necessariis
2180 1990 2208 2011 et
2221 1984 2257 2012 de
2271 1985 2446 2013 necessariis.
2458 2001 2477 2007 -

1414 2031 1440 2058 7.
1464 2021 1673 2056 Confirmatur3
1689 2021 1757 2058 quia
1777 2021 1888 2050 etiamsi
1909 2024 2082 2059 procedatur
2098 2023 2180 2051 exiis
2195 2033 2269 2060 quae
2283 2030 2349 2052 sunt
2363 2034 2477 2061 semper

1414 2067 1441 2089 et
1462 2061 1622 2090 necessaria
1636 2068 1664 2089 et
1677 2070 1759 2096 vera,
1781 2061 1804 2089 si
1826 2068 1924 2090 tamen
1938 2072 1998 2090 non
2019 2062 2184 2099 proceditur
2204 2072 2238 2091 ex
2259 2063 2293 2091 iis
2314 2073 2388 2101 quae
2409 2071 2476 2092 sunt

1410 2110 1468 2139 per
1489 2110 1528 2135 se,
1551 2101 1676 2129 nescitur
1693 2107 1818 2139 propter
1839 2102 1915 2139 quid,
1931 2112 1981 2130 seu
2002 2102 2127 2131 nescitur
2147 2112 2232 2131 causa
2254 2103 2455 2132 conclusionis.

1405 2267 1478 2303 per
1494 2267 1548 2298 se,
1581 2255 1675 2291 sicut
1698 2255 1988 2292 determinatum
2018 2264 2072 2292 est
2093 2268 2166 2304 per
2187 2269 2226 2293 se
2254 2257 2423 2316 superius
2443 2262 2473 2304 ⁷,

1412 2308 1552 2344 scilicet
1579 2308 1684 2356 quod
1712 2308 1886 2345 accidens
1908 2321 1981 2357 per
2002 2321 2042 2345 se
2070 2310 2161 2346 est*
2179 2309 2217 2346 in
2251 2310 2355 2347 cuius
2384 2311 2511 2348 defi--

1412 2361 1553 2398 nitione
1586 2361 1740 2410 ponitur
1773 2361 2006 2409 subiectum;
2036 2362 2131 2399 sicut
2156 2374 2234 2412 par
2261 2371 2325 2399 aut
2353 2363 2477 2411 impar

1413 2421 1469 2451 est
1495 2426 1564 2463 per
1592 2426 1631 2450 se
1658 2405 1831 2451 accidens
1859 2391 2008 2452 numeri
2024 2412 2048 2451 ὅ.
2081 2415 2220 2453 Album
2240 2423 2367 2453 autem
2395 2417 2475 2453 ani-

1413 2467 1522 2504 malis
1550 2480 1628 2504 non
1657 2475 1711 2504 est
1738 2480 1806 2516 per
1834 2480 1874 2504 se
1903 2444 2095 2505 accidens·
2125 2469 2214 2518 quia
2239 2469 2379 2506 animal
2398 2482 2476 2507 non

1412 2521 1565 2570 ponitur
1583 2520 1622 2557 in
1642 2520 1720 2557 eius
1745 2520 1975 2558 definitione.
1998 2522 2113 2568 Quod
2133 2530 2260 2559 autem
2281 2522 2327 2559 de
2347 2523 2474 2560 huius-

1414 2574 1519 2611 modi
1534 2574 1800 2620 accidentibus,
1817 2587 1915 2622 quae
1930 2587 2008 2611 non
2023 2583 2109 2612 sunt
2116 2588 2190 2624 per
2201 2588 2251 2621 se,
2268 2588 2347 2612 non
2359 2576 2477 2625 possit

1414 2639 1496 2664 esse
1517 2627 1800 2686 demonstratio,
1821 2627 1874 2664 sic
1887 2628 2034 2676 probat.
2055 2629 2253 2675 Accidens,
2275 2629 2379 2677 quod
2399 2642 2476 2666 non

1415 2681 1499 2717 est*
1507 2693 1578 2729 per
1595 2692 1647 2726 se,
1678 2680 1857 2728 contingit
1884 2693 1963 2721 non
1986 2681 2107 2718 inesse
2127 2684 2169 2702 ⁴⁶*
2191 2682 2253 2728 (de
2272 2683 2346 2718 hoc
2375 2682 2476 2719 enim

1415 2733 1607 2771 accidente
1627 2733 1850 2782 loquimur);
1872 2734 1902 2771 si
1932 2746 2020 2782 ergo
2036 2735 2056 2756 *
2071 2735 2341 2772 demonstratio
2369 2735 2478 2772 fieret

1414 2786 1462 2824 de
1481 2787 1685 2833 accidente,
1706 2787 1812 2835 quod
1831 2799 1909 2824 non
1925 2795 1979 2824 est
1991 2800 2060 2836 per
2074 2800 2125 2836 se,
2142 2796 2360 2837 sequeretur
2374 2788 2477 2848 quod

1415 2840 1606 2877 conclusio
1645 2840 1975 2878 demonstrationis
2008 2854 2086 2878 non
2119 2849 2215 2878 esset
2247 2842 2476 2878 necessaria:

528 2348 534 2356 7,
556 2310 775 2347 necessariis
778 2317 1072 2359 ‚consequenter
1082 2308 1244 2346 ostendit
1253 2308 1357 2357 quod

356 2388 360 2391 -
441 2391 448 2403 .,
499 2358 536 2389 5¹²¹
557 2371 613 2400 est
632 2363 679 2400 de
698 2363 767 2409 his,
789 2376 886 2423 quae
906 2371 992 2400 sunt
1010 2375 1083 2412 per
1099 2375 1139 2399 se
1164 2370 1200 2398 et
1219 2374 1264 2398 ex
1283 2361 1355 2409 his,

291 2428 390 2465 quae
418 2402 505 2453 sunt
525 2428 599 2465 per
624 2428 664 2454 se
682 2421 711 2453 ⁶⁶.
736 2417 785 2453 Et
805 2417 902 2453 circa
920 2417 995 2454 hoc
1014 2416 1082 2454 tria
1102 2416 1198 2452 facit:
1218 2414 1355 2464 primo,

291 2469 454 2507 ostendit
480 2470 585 2517 quod
614 2470 885 2507 demonstratio
906 2478 961 2507 est
981 2471 1028 2508 de
1047 2470 1116 2516 his,
1145 2481 1244 2518 quae
1272 2476 1360 2505 sunt

285 2534 370 2574 per
383 2534 439 2568 se,
473 2522 570 2560 idest
596 2523 702 2571 quod
737 2523 998 2560 conclusiones
1027 2521 1358 2560 demonstrationis

291 2582 377 2612 sunt
388 2587 462 2624 per
474 2588 527 2621 se,·
546 2576 727 2624 secundo,
744 2584 876 2614 movet
890 2577 1162 2614 dubitationem
1183 2584 1219 2613 et
1234 2575 1358 2621 solvit;

291 2628 358 2666 ibi:
376 2628 428 2665 Et
449 2634 573 2666 tamen
603 2635 764 2678 opponet
784 2630 804 2651 '¹‘
819 2637 900 2667 etc:
892 2630 1042 2677 ‚tet-tio,
1072 2630 1234 2667 ostendit
1253 2628 1357 2676 quod

292 2681 564 2719 demonstratio
594 2691 650 2720 est
669 2695 714 2719 ex
734 2682 803 2729 his,
833 2695 932 2731 quae
951 2691 1038 2720 sunt
1058 2695 1131 2732 per
1148 2695 1188 2719 se
1205 2682 1234 2729 β,
1262 2681 1361 2718 idest

291 2734 397 2783 quod
407 2735 594 2785 principia
609 2735 940 2773 demonstrationis
957 2744 1107 2785 oportet
1118 2747 1191 2784 per
1203 2748 1243 2773 se
1258 2747 1357 2781 esse;

291 2787 358 2824 ibi:
391 2788 579 2832 Quoniam
607 2796 732 2826 autem
761 2802 811 2827 ex
838 2790 1089 2829 necessitate*
1117 2796 1185 2826 etc.

347 2852 382 2878 2.
412 2841 511 2879 Dicit
528 2842 638 2891 igitur
650 2842 776 2892 primo
798 2843 904 2892 quod
923 2842 1220 2880 demonstrativa
1241 2841 1358 2879 scien-

347 2991 374 3024 α)
394 2991 596 3018 Demonstratio
614 2996 654 3018 est
673 2993 705 3018 de
724 2993 877 3018 necessariis
895 2998 943 3017 etc.
962 2993 1035 3017 Hanc
1054 2993 1216 3018 lectionem
1210 3002 1236 3018 in
1254 3001 1302 3018 sua
1321 2993 1360 3019 in-

293 3027 410 3060 tegritate
427 3027 547 3052 exhibent
565 3028 640 3053 codd.
658 3028 843 3058 ABDIKLQT,
861 3033 887 3052 et
904 3027 1005 3052 videtur
1024 3028 1098 3053 lectio
1116 3036 1239 3060 germana
1258 3034 1283 3053 et
1301 3029 1360 3053 reti-

294 3062 386 3088 nenda.
405 3062 479 3093 Quae
498 3062 567 3087 enim
581 3071 660 3103 supra
673 3068 777 3088 ostensa
790 3068 860 3103 sunt,
875 3063 1120 3088 demonstrationem
1139 3063 1249 3096 probant
1263 3064 1360 3088 nedum

1415 3000 1482 3025 quae
1501 2993 1591 3018 insunt
1603 3000 1656 3024 per
1674 2999 1737 3017 se.—
1718 2992 1774 3016 —In
1791 2991 1831 3016 his
1846 2996 1924 3024 atque
1942 2991 2069 3016 similibus
2087 2991 2257 3016 locutionibus
2270 2992 2420 3017 Aristoteles
2434 3000 2478 3025 ge-

1415 3028 1524 3052 neratim
1537 3028 1614 3052 habet
1632 3023 1765 3062 ὑπάρχειν,
1780 3027 1829 3052 hoc
1849 3033 1889 3052 est
1907 3027 1998 3056 inesse,
2014 3031 2038 3051 et
2057 3025 2114 3051 καθ’
2134 3023 2208 3057 αὐτά,
2223 3027 2365 3052 secundum
2380 3034 2414 3057 se,
2431 3035 2479 3052 seu

1413 3070 1463 3095 per
1481 3070 1516 3088 se.
1542 3062 1691 3087 Scholastici
1709 3068 1796 3087 autem
1814 3062 1987 3087 indifferenter
2005 3061 2111 3086 habent.
2131 3062 2214 3086 inesse
2232 3063 2272 3086 vel
2291 3069 2346 3087 esse
2365 3069 2417 3094 per
2435 3069 2476 3092 se,

1416 3099 1499 3123 inesse
1517 3099 1558 3123 vel
1577 3105 1631 3123 esse
1649 3098 1792 3122 secundum
1803 3104 1876 3122 se.—
1886 3097 1949 3122 Cod.
1963 3097 1997 3122 C:
2013 3097 2091 3122 tertio
2106 3097 2171 3122 dicit
2188 3097 2258 3129 quod
2274 3097 2477 3122 demonstratio-

1415 3141 1461 3158 nes
1479 3136 1542 3158 sunt
1559 3140 1596 3158 ex
1615 3133 1667 3162 his,
1694 3140 1762 3165 quae
1780 3137 1828 3160 etc.
1847 3133 1892 3162 Et,
1918 3132 2155 3157 demonstrationes
2173 3135 2235 3157 sunt
2253 3139 2290 3156 ex
2308 3132 2348 3157 his
2368 3132 2417 3163 (M,
2441 3140 2478 3157 ex

1416 3168 1519 3200 iisdem)
1534 3168 1628 3192 habent
1647 3168 1723 3192 etiam
1743 3168 1817 3192 codd.
1832 3168 1908 3192 MNS.

1467 3203 1494 3236 γ)
1515 3203 1729 3228 Determinatum
1748 3206 1787 3227 est
1803 3209 1856 3234 per
1874 3210 1901 3227 se
1919 3202 2048 3234 superius.
2072 3202 2118 3227 Est
2137 3202 2211 3227 lectio
2231 3203 2304 3226 codd.
2324 3202 2472 3227 CDEHIKL

1414 3238 1596 3268 MNOQRST:
1616 3237 1820 3262 determinatum
1843 3241 1883 3263 est
1900 3245 1952 3269 per
1977 3245 2004 3262 se
2027 3237 2155 3269 superius.
2175 3237 2247 3267 Quae
2266 3237 2342 3262 lectio
2360 3237 2476 3269 pressius

1415 3273 1497 3297 reddit
1514 3278 1612 3297 textum
1631 3280 1764 3305 graecum:
1785 3267 1814 3296 ὃν
1828 3270 1924 3305 τρόπον
1944 3270 2062 3305 διωρίσθη
2077 3270 2109 3296 τὰ
2129 3270 2189 3296 καθ’
2204 3269 2279 3297 αὗτά.
2288 3273 2350 3297 -Ρ
2369 3273 2476 3297 demon-

1415 3311 1529 3332 stratum
1543 3310 1583 3332 est
1592 3308 1625 3332 de
1633 3315 1684 3338 per
1698 3315 1726 3332 se
1735 3307 1870 3339 superius;
1883 3307 1965 3332 ABG:
1985 3308 2193 3332 demonstratum
2210 3310 2249 3332 est
2263 3314 2315 3339 per
2332 3315 2360 3332 se
2375 3307 2414 3340 (B,
2424 3314 2476 3339 per

1415 3350 1442 3367 se
1460 3343 1525 3374 esse)
1544 3342 1674 3374 superius.

1468 3377 1492 3410 δ)
1513 3377 1588 3403 Sicut
1602 3385 1657 3409 par
1671 3380 1719 3402 aut
1737 3377 1825 3408 impar
1838 3380 1878 3402 est
1894 3384 1946 3409 per
1970 3385 1998 3403 se
2018 3377 2139 3402 accidens
2159 3378 2270 3402 numeri.
2283 3378 2380 3402 —Cum
2402 3378 2477 3402 codd.

1415 3412 1540 3444 legimus.
1559 3415 1607 3437 aut
1625 3413 1726 3444 imputa·
1745 3412 1825 3436 CMS:
1845 3412 1885 3437 vel
1905 3413 2005 3444 impam
2025 3412 2112 3438 POR.
2131 3415 2157 3437 et
2176 3413 2299 3444 impar.-
2279 3413 2411 3438 -Deinde
2433 3421 2476 3437 co-

1416 3447 1484 3472 dices
1503 3447 1612 3472 habent:
1631 3450 1671 3473 est
1690 3454 1742 3478 per
1760 3454 1788 3472 se
1805 3447 1940 3477 accidens;
1958 3448 1992 3472 P:
2012 3450 2074 3472 sunt
2093 3454 2145 3478 per
2164 3454 2192 3472 se
2214 3448 2352 3477 accidens,·
2373 3448 2476 3472 CMRS:

1410 3490 1462 3514 per
1475 3490 1503 3509 se
1517 3485 1556 3508 est
1569 3482 1690 3509 accidens
1709 3482 1820 3506 numeri.
1831 3495 1850 3501 ·-
1859 3482 1880 3506 L
1894 3466 1954 3514 legit
1968 3490 2026 3507 cum
2040 3482 2095 3506 aliis
2115 3483 2252 3514 codicibus,
2265 3467 2377 3509 forma'm
2391 3488 2478 3508 tamen

294 3133 454 3158 necessariis.
459 3132 535 3158 -Hic
547 3138 642 3164 autem,
655 3138 685 3158 ut
698 3133 846 3158 immediate
860 3133 984 3158 additur·
978 3142 1004 3158 in
1018 3133 1143 3158 divisione
1162 3139 1253 3164 textus,
1272 3139 1360 3159 osten-

294 3168 408 3193 dendum
433 3167 571 3200 suscipitur
594 3175 641 3200 per
665 3168 911 3193 demonstrationem
931 3168 1076 3193 ratiocinari
1098 3176 1136 3193 ex
1159 3169 1191 3193 iis
1213 3177 1280 3202 quae
1299 3174 1360 3194 sunt

289 3210 342 3236 per
354 3210 390 3231 se,
410 3208 436 3227 et
447 3202 534 3227 inferri
553 3202 629 3228 etiam
644 3203 824 3228 conclusiones
839 3211 905 3235 quae
914 3210 967 3235 per
983 3211 1011 3229 se
1030 3209 1098 3228 sunt.
1112 3203 1196 3228 Editio
1211 3204 1300 3228 Piana:
1316 3204 1360 3228 de-

295 3238 454 3263 monstratio
472 3241 511 3263 est
528 3245 566 3262 ex
589 3238 756 3263 necessariis.-
773 3242 961 3271 consequenter
981 3239 1097 3264 ostendit
1115 3239 1186 3271 quod
1206 3242 1246 3264 est
1270 3239 1302 3263 de
1320 3239 1360 3266 his

295 3309 420 3334 editiones
435 3313 460 3333 et
474 3308 548 3333 codd.
563 3308 640 3333 ENR.
650 3309 786 3333 -Codices
800 3309 877 3332 etiam
890 3308 1007 3334 CHMOS
1019 3309 1137 3334 videntur
1151 3314 1219 3333 stare
1233 3316 1293 3334 cum
1308 3309 1335 3332 Ρ.
1342 3320 1361 3328 —-

296 3344 399 3369 CHMS:
414 3347 601 3376 consequenter
614 3343 730 3368 ostendit
743 3343 815 3376 quod
829 3341 1020 3369 demonstratio
1039 3344 1074 3375 (H
1088 3351 1142 3368 om.
1155 3343 1360 3376 demonstratio)

295 3383 336 3404 est
354 3386 391 3404 ex
409 3379 449 3404 his
468 3384 524 3410 etc„
543 3383 572 3403 ut
590 3378 623 3409 Ρ;
643 3379 887 3410 &consequenter
905 3379 1021 3404 ostendit
1039 3379 1072 3404 de
1090 3379 1130 3404 his
1149 3384 1215 3410 quae
1233 3382 1295 3404 sunt
1308 3385 1361 3410 per

295 3421 331 3440 se.
352 3415 388 3439 Et
400 3414 473 3439 circa
487 3418 535 3438 etc.
544 3413 637 3438 -Cod.
652 3413 689 3438 G:
709 3413 824 3438 ostendit
838 3413 909 3445 quod
922 3417 962 3439 est
981 3414 1013 3438 de
1031 3414 1078 3442 his,
1094 3420 1161 3445 quae
1179 3417 1241 3440 sunt
1253 3420 1306 3445 per
1323 3420 1358 3443 se,

296 3453 323 3475 et
341 3457 393 3475 non
412 3457 450 3474 ex
467 3449 507 3474 his
526 3456 593 3481 quae
616 3456 668 3473 non
686 3452 749 3474 sunt
768 3455 820 3481 per
837 3455 873 3473 se.
891 3449 926 3472 At
943 3449 1025 3481 prima
1043 3449 1099 3473 vice
1117 3448 1155 3480 (et
1173 3455 1226 3473 non
1240 3455 1281 3473 ex
1299 3448 1359 3480 his),

297 3485 420 3526 particula
439 3492 490 3510 non
506 3492 536 3509 ex
554 3484 667 3509 secunda
685 3492 764 3508 manu
782 3483 899 3516 apposita
914 3488 988 3508 est.—-
997 3484 1143 3508 Notandum
1160 3483 1271 3515 denique
1290 3483 1360 3515 quod

296 3520 322 3545 in
336 3520 419 3553 prima
433 3525 514 3552 parte
511 3520 575 3544 cod.
589 3519 615 3543 M
633 3519 726 3544 omittit
739 3519 818 3544 verba
836 3521 862 3543 et
879 3526 916 3543 ex
931 3518 1098 3547 necessariis;
1111 3518 1134 3542 N
1148 3523 1174 3543 et
1187 3518 1269 3550 prima
1282 3526 1360 3543 manu

297 3556 315 3580 S
332 3563 386 3582 om.
405 3555 438 3580 de
456 3555 610 3580 necessariis
628 3557 663 3579 et.

351 3589 376 3624 β)
397 3591 446 3616 Est
464 3597 501 3615 ex
525 3590 565 3615 his
583 3597 650 3622 quae
672 3593 735 3614 sunt
752 3596 805 3622 per
822 3596 859 3615 se.
878 3589 915 3614 lta
929 3589 1003 3614 codd.
1012 3588 1087 3613 -.Ed
1102 3588 1196 3614 Piana:
1213 3591 1302 3614 estex
1320 3588 1360 3613 his
1410 3595 1462 3620 per
1479 3594 1516 3613 se.

414 3642 509 3674 ΟΡΡ.
529 3642 560 3666 D
579 3641 692 3666 Τιιοιιιιιι
712 3641 743 3665 Τ.
758 3641 776 3665 Ῑ.
1762 3649 1765 3651 “
2276 3640 2334 3665 25*

1416 3522 1498 3542 mutat
1523 3522 1548 3542 et
1566 3517 1631 3542 forte
1650 3517 1741 3542 melius
1760 3516 1850 3542 habet:
1868 3520 1907 3542 est
1924 3517 2046 3542 accidens
2065 3524 2117 3549 per
2136 3525 2164 3542 se
2188 3518 2305 3543 numeri.-
2325 3526 2403 3550 quam
2425 3518 2477 3542 for-

433 2227 445 2239 ,
557 2212 733 2252 ostquam
769 2203 931 2241 ostendit
963 2203 1217 2251 Philosophus
1252 2202 1356 2250 quod
1411 2201 1461 2238 tia
1480 2214 1558 2238 non
1589 2210 1714 2261 potest
1748 2214 1828 2238 esse
1861 2203 2122 2249 accidentzum,
2157 2215 2255 2251 quae
2283 2216 2362 2240 non
2390 2212 2476 2241 sunt

1414 3560 1486 3577 mam
1505 3552 1636 3577 imitantur
1659 3552 1805 3577 immediate
1827 3551 1891 3577 infra
1910 3553 1983 3577 codd.
2002 3552 2190 3582 AGIOQRST:
2218 3560 2269 3578 non
2295 3556 2334 3578 est
2356 3553 2478 3579 accidens

2528 847 2581 876 Seq.
2595 854 2646 876 cap.
2656 854 2679 870 vt
2695 852 2716 870 et

2502 878 2558 896 text.
2568 875 2600 897 18.

2528 1378 2596 1400 Text.
2611 1385 2643 1408 ¹9·

2601 2276 2617 2301 Υ

2527 2322 2589 2344 Lect.
2600 2329 2623 2350 x,
2639 2329 2661 2344 n.
2673 2330 2696 2350 4.

2604 2429 2618 2454 ὃ

2505 2676 2589 2700 'corn
2605 2675 2673 2696 inest.

2517 2702 2594 2722 'ms:
2610 2701 2714 2728 conting.

2504 2733 2550 2748 non
2558 2733 2621 2752 esse;
2627 2734 2650 2748 1-1:
2659 2733 2714 2749 con-

2505 2754 2564 2781 ting.
2575 2760 2628 2775 esse
2637 2755 2659 2775 et
2668 2760 2715 2775 non

2507 2786 2568 2801 esse.

2508 2808 2516 2815 ·
2532 2812 2546 2826 o
2568 2812 2615 2827 non
2638 2809 2716 2828 recte:

2507 2838 2556 2853 cum
2584 2832 2644 2854 enim
2677 2832 2717 2854 de-

2507 2861 2606 2880 monstr.
