2788 4204
1150 261 1261 297 CAP.
1292 262 1360 307 111,
1391 260 1541 297 LECT.
1570 260 1656 296 vl11

68 351 77 360 ·
92 356 125 371 u:
152 348 232 371 circu1.
257 350 283 370 ut
309 337 393 375 fieri
411 338 495 375 talis
518 338 758 387 syllogismus
787 338 985 385 circularis,
1000 346 1075 387 'per
1093 351 1210 387 quem
1229 340 1249 360 ³⁸
1275 347 1374 375 utra-

68 378 177 404 utraque.

163 466 177 481 υ

311 403 386 440 que
405 392 699 440 praemissarum
722 392 979 437 concludatur,
997 392 1067 428 nisi
1086 399 1283 428 sumantur
1301 400 1375 428 tres

310 444 461 481 termini
474 445 660 493 aequales,
676 445 772 481 idest
789 445 1046 481 convertibiles
1063 450 1087 481 ¹³.
1110 445 1226 492 Quod
1242 457 1288 482 ex
1301 446 1376 481 hoc

309 504 424 546 patet.
468 498 630 546 Oportet
666 497 769 534 enirn
802 510 849 534 ex
886 497 1128 534 conclusione
1140 527 1149 544 ,
1189 505 1226 534 et
1261 499 1377 534 altera

370 663 391 680 1.
409 652 518 688 ΑΑ(Α);
538 667 558 674 ...
579 661 602 679 2.
621 653 728 688 AE(E);
745 652 767 674 -Ᾰ
787 654 810 680 3.
829 655 912 688 A1(1);
931 670 951 674 -
966 663 992 687 4.
1011 653 1124 690 ΑΟ(Ο);
1143 669 1164 674 —-
1185 654 1208 680 5.
1227 654 1334 690 ΕΕ(Ε);
1357 669 1377 674 -

312 689 338 714 6.
352 688 456 723 ΕΑ(Ε);
466 697 520 722 -7,
536 689 632 723 ΕΙ(Ο);
646 703 666 708 -
677 689 702 714 8.
718 689 827 724 E0(0);
837 698 889 724 -9.
904 690 974 725 ll(l);
988 706 1007 710 —
1022 699 1060 715 ιο.
1075 690 1238 724 1A(1);-11.
1254 690 1378 725 1E(O);—-

316 732 355 750 ια.
375 723 473 759 10(0);
487 738 507 744 --
524 724 563 749 13.
582 724 698 760 00(0);
711 739 732 744 —
750 733 788 757 14.
808 726 919 759 0A(0);
933 741 951 745 -
969 726 1008 751 15.
1027 725 1137 761 0E(0);
1150 741 1171 746 -
1189 725 1228 751 16.
1247 726 1341 760 01(0).

365 795 423 820 Non
443 799 484 820 est
507 795 632 827 possibile
654 796 730 820 aliam
755 797 957 829 praemissarum
976 797 1174 830 dispositionem
1193 803 1294 830 praeter
1316 797 1378 822 istas

311 830 441 855 sexdecim
460 831 611 863 excogitare.
637 831 687 856 Sed
706 831 769 856 haec
788 832 844 864 ipsa
862 832 997 865 dispositio
1016 833 1217 865 praemissarum
1236 833 1378 858 secundum

312 873 401 891 earum
420 864 617 892 affirmationem
636 871 662 891 et
680 867 851 899 negationem,
866 868 1084 893 universalitatem
1103 874 1129 893 et
1146 868 1378 901 particularitatem,

312 900 367 926 fieri
385 906 472 934 potest
490 906 545 926 tum
565 901 590 926 in
603 902 688 943 prima
701 901 791 934 figura,
807 911 865 927 cum
881 903 982 928 medius
996 904 1120 928 terminus
1136 903 1268 928 subiicitur
1282 903 1308 928 in
1323 910 1378 927 ma-

312 936 365 961 iori
383 941 409 961 et
426 937 588 969 praedicatur
605 945 631 961 in
656 937 767 966 minori,-
786 943 840 962 tum
859 938 885 962 in
905 939 1018 964 secunda
1037 937 1131 971 figura,
1157 939 1261 971 quando
1284 946 1379 971 nempe

311 972 413 997 medius
428 972 554 997 terminus
567 973 728 1005 praedicatur
745 973 771 998 in
785 978 895 1006 utraque
909 974 1060 1006 praemissa,
1071 979 1127 998 tum
1142 974 1253 1006 denique
1266 974 1292 999 in
1307 973 1379 998 tertia

311 1006 402 1039 figura,
421 1008 527 1040 quando
546 1008 572 1032 in
590 1013 700 1041 utraque
719 1008 862 1040 praemissa
881 1009 981 1034 medius
1004 1010 1130 1034 terminus
1148 1009 1289 1034 subiicitur.
1309 1009 1378 1040 Ergo

312 1042 482 1075 syllogismus
507 1043 591 1067 modis
610 1049 681 1069 octo,
693 1049 719 1068 et
741 1044 910 1076 quadraginta
928 1043 983 1069 fieri
1005 1049 1098 1077 potest.
1118 1045 1220 1074 Quibus
1244 1044 1266 1069 si
1284 1045 1377 1074 addas,

311 1077 381 1102 iuxta
395 1078 523 1110 quosdam
539 1078 719 1111 philosophos,
730 1079 860 1103 sexdecim
875 1080 968 1104 modos
983 1084 1089 1112 quartae
1101 1078 1207 1111 figurae,
1220 1087 1266 1103 seu
1281 1079 1379 1112 primae

311 1112 458 1143 indirectae,
477 1113 503 1137 in
522 1121 574 1145 qua
593 1113 695 1138 medius
718 1114 844 1138 terminus
867 1114 1028 1147 praedicatur
1049 1114 1076 1138 in
1095 1114 1183 1138 maion'
1203 1120 1229 1139 et
1246 1114 1379 1138 subiicitur

311 1148 339 1172 in
357 1147 459 1178 minori,
477 1148 549 1173 modi
568 1148 715 1180 syllogismi
734 1149 873 1181 possibiles
891 1154 967 1174 erunt
984 1149 1114 1181 sexaginta
1133 1154 1252 1181 quatuor.
1271 1150 1304 1173 Et
1322 1150 1379 1174 dico

305 1183 454 1215 possibiles,
474 1191 544 1213 nam,
562 1188 592 1208 ut
609 1183 636 1208 in
655 1184 737 1216 logica
756 1185 870 1214 docetur,
890 1184 968 1215 modi,
988 1184 1083 1217 quibus
1101 1185 1134 1209 ad
1152 1184 1267 1208 tramites
1290 1185 1377 1216 legum

311 1217 455 1251 syllogismi
473 1218 586 1250 legitima
604 1218 736 1243 conclusio
755 1219 869 1250 infertur,
884 1224 945 1244 sunt
963 1219 1143 1244 tantummodo
1158 1219 1335 1244 novemdecim
1349 1226 1379 1243 ex

310 1252 440 1285 sexaginta
458 1259 568 1286 quatuor
581 1253 727 1278 recensitis:
742 1262 839 1287 nempe
853 1257 970 1287 quatuor
983 1255 1008 1279 in
1023 1254 1106 1287 prima
1119 1253 1209 1286 figura,
1223 1258 1340 1287 quatuor
1353 1254 1378 1278 in

311 1289 434 1319 secunda,
448 1295 499 1313 sex
517 1288 543 1313 in
561 1289 643 1319 tertia,
656 1294 682 1313 et
700 1289 815 1322 quinque
831 1289 857 1314 in
876 1290 959 1322 prima
976 1288 1060 1322 figura
1077 1289 1213 1320 indirecta,
1236 1289 1307 1315 hisce
1321 1298 1379 1315 ver-

311 1323 399 1349 siculis
418 1331 433 1348 a
451 1323 612 1349 scholasticis
630 1324 827 1357 comprehensi:

300 1375 567 1428 (r'flgil--barbara,
586 1393 705 1427 celarent,
725 1394 809 1426 darii,
836 1394 908 1420 ferio.
926 1408 945 1416 -
962 1395 1001 1428 (¹⁸
1020 1395 1073 1428 fig.
1097 1394 1188 1431 indir.)
1217 1395 1375 1429 baralipton‚

437 1429 557 1459 celantes,
577 1429 683 1460 dabitis,
702 1429 829 1462 fapesmo,
848 1430 1082 1457 srisesomomm—

312 1462 421 1499 (a'flg.)
441 1471 543 1496 cesare,
563 1470 720 1495 camestres,
743 1465 849 1496 festino,
874 1466 978 1491 baroco.
993 1479 1012 1485 -
1029 1463 1068 1500 (3¹
1079 1463 1151 1499 fig.)
1171 1466 1288 1499 darapti,
1313 1466 1378 1491 fela-

435 1504 508 1532 pton,
528 1500 648 1532 disamis,
667 1500 755 1532 datisi,
775 1501 897 1533 bocardo,
917 1501 1022 1526 ferison.

365 1570 440 1596 Ratio
458 1570 536 1596 huius
555 1570 655 1595 numeri
675 1575 728 1602 est,
751 1571 812 1603 quia
830 1572 917 1596 nullus
937 1570 1105 1604 syllogismus
1125 1576 1165 1596 est
1182 1571 1314 1604 possibilis
1333 1572 1379 1604 qui

310 1613 365 1633 non
379 1606 413 1632 sit
425 1606 452 1631 in
466 1606 551 1639 aliqua
564 1605 659 1638 figura:
679 1614 739 1631 nam
757 1606 784 1631 in
803 1607 874 1631 omni
887 1606 1132 1639 syllogismoedebet
1150 1614 1209 1631 esse
1222 1608 1379 1640 comparatio

311 1646 486 1667 exn-emotum
500 1641 673 1671 cum-medio;
690 1642 847 1674 comparatio
861 1647 947 1667 autem
961 1647 987 1667 et
999 1642 1133 1674 dispositio
1145 1647 1207 1667 sunt
1220 1642 1276 1675 ipsa
1289 1641 1378 1674 figura.

312 1677 450 1708 Quaelibet
467 1681 554 1701 autem
573 1675 656 1708 figura
674 1684 735 1702 suas
754 1677 832 1702 habet
850 1678 929 1710 leges.
949 1685 1016 1710 quas
1034 1685 1113 1710 supra
1128 1677 1280 1702 adduximus
1295 1683 1321 1702 et
1335 1678 1378 1702 de-

312 1711 474 1738 claravimus.
498 1712 529 1737 Vi
548 1711 624 1743 igitur
642 1711 733 1739 harum
759 1713 846 1744 legum
869 1712 1032 1746 expungendi
1057 1717 1119 1737 sunt
1142 1713 1168 1737 in
1191 1713 1274 1746 prima
1298 1712 1380 1745 figura

312 1747 459 1781 syllogismi
477 1755 530 1772 non
548 1747 674 1772 habentes
698 1747 826 1773 maiorem
849 1747 1024 1773 universalem
1048 1753 1092 1772 aut
1114 1748 1243 1773 minorem
1268 1747 1379 1773 affirma-

311 1782 406 1813 tivam3
428 1782 455 1807 in
478 1783 591 1808 secunda
609 1781 693 1814 figura
715 1783 860 1815 syllogismi
878 1782 1037 1817 affirmativi
1055 1788 1099 1807 aut
1122 1791 1182 1808 cum
1206 1783 1304 1808 maiori
1321 1791 1379 1816 par-

311 1817 428 1854 ticulari;
447 1818 473 1842 in
492 1817 565 1842 tertia
582 1816 664 1850 figura
683 1818 830 1850 syllogismi
854 1825 912 1843 cum
932 1817 1030 1843 minori
1053 1818 1187 1850 negativa,
1212 1823 1256 1843 aut
1275 1819 1378 1843 conclu-

313 1853 402 1878 dentes
428 1852 621 1878 universaliter.
640 1853 775 1878 Praeterea
794 1853 819 1877 in
838 1853 952 1886 qualibet
970 1852 1051 1885 figura
1070 1853 1232 1886 expungendi
1252 1858 1313 1878 sunt
1326 1854 1380 1887 syl-

311 1887 416 1921 logismi
434 1895 465 1913 ex
483 1888 584 1913 duabus
606 1888 757 1921 praemissis
780 1890 835 1913 sive
853 1888 978 1920 negativis
1001 1889 1057 1913 sive
1074 1889 1270 1921 particularibus
1281 1907 1288 1919 ,
1313 1889 1380 1914 iuxta

311 1930 464 1950 communes
483 1923 630 1956 syllogismi
649 1924 758 1954 legem-
770 1924 838 1948 Hinc
856 1924 962 1956 legitimi
981 1924 1051 1948 modi
1070 1924 1238 1949 concludendi
1252 1924 1278 1948 in
1296 1924 1379 1957 prima

310 1957 407 1992 figura,
422 1966 453 1983 ex
466 1958 595 1983 sexdecim
608 1959 792 1991 possibilibus,
808 1964 870 1984 sunt
887 1959 1055 1984 solummodo
1073 1962 1202 1992 quatuor,
1222 1959 1248 1984 in
1267 1960 1380 1984 secunda

311 1994 374 2020 item
393 1997 516 2026 quatuor,
530 1994 556 2018 in
573 1995 648 2019 tertia
665 2002 723 2024 sex,
743 1995 770 2019 in
785 1999 876 2027 quarta
894 1993 975 2027 figura
989 1995 1115 2027 galenica,
1134 2002 1181 2020 seu
1200 1995 1226 2019 in
1238 1995 1322 2027 prima
1340 1995 1378 2019 in-

312 2029 415 2060 directa,
433 2029 556 2062 quinque.

366 2064 469 2096 Quibus
488 2064 631 2096 declaratis,
641 2065 674 2090 ad
688 2065 870 2098 syllogismum
885 2065 1034 2090 circularem
1048 2070 1089 2090 est
1101 2065 1270 2090 redeundum.
1290 2066 1317 2090 ln
1331 2065 1379 2091 hac

311 2099 390 2133 igitur
406 2100 481 2125 tertia
498 2099 596 2125 ratione
620 2100 712 2125 dicitur
729 2101 800 2133 quod
818 2101 841 2126 si
859 2101 948 2126 omnia
966 2106 1074 2133 possent
1092 2101 1247 2126 circulariter
1271 2101 1378 2126 demon-

311 2134 387 2160 strari
405 2135 446 2169 (ut
463 2135 552 2160 omnia
575 2135 692 2161 dicantur
709 2136 768 2161 sciri
787 2143 835 2169 per
858 2135 1116 2172 demonstrationem)
1136 2143 1244 2161 necesse
1266 2136 1333 2161 soret
1350 2142 1379 2161 ut

2419 268 2484 304 171

1429 338 1724 388 praemissarum
1763 349 1948 374 conversa
1964 366 1973 383 ,
2017 335 2242 372 concludere
2286 334 2490 382 reliquam:

1431 392 1525 428 sicut
1552 392 1695 429 dictum
1716 398 1781 427 est.
1802 391 1894 427 Non
1913 397 2041 426 autem
2065 397 2189 438 potest
2206 395 2365 435 utraque
2384 400 2491 436 prae-

1430 445 1633 482 missarum
1664 444 1850 490 converti,
1886 455 1974 480 curn
2011 450 2170 490 utraque
2200 441 2245 478 sit
2271 440 2493 477 universalis

1431 498 1676 544 affirmativa,
1706 497 1775 534 nisi
1803 497 1842 533 in
1869 496 2037 533 terminis
2066 494 2385 532 convertibilibus.

1432 655 1519 679 omnia
1538 660 1625 679 essent
1648 655 1832 680 convertibilia.
1859 654 1939 687 Atqui
1957 653 2051 679 falsum
2070 659 2110 679 est
2128 654 2215 679 omnia
2234 661 2292 678 esse
2311 652 2494 678 convertibilia.

1433 691 1501 722 Ergo
1520 690 1615 714 falsum
1635 690 1779 715 est‘omnia
1799 698 1879 723 posse
1898 690 2051 715 circulariter
2069 689 2348 714 demonstrari.-Nota
2366 689 2436 721 quod
2454 688 2494 712 vis

1432 726 1575 757 argumenti
1594 730 1633 750 est
1651 726 1677 750 in
1696 726 1824 750 vocabulo
1843 726 1949 751 omnia:
1971 726 2099 758 quaedam
2117 725 2185 750 enim
2205 732 2264 749 esse
2283 724 2457 749 convertibilia
2470 728 2496 748 et

1433 761 1491 785 ideo
1511 761 1681 785 demonstrari
1700 761 1856 785 circulariter
1873 768 1953 794 posse
1972 761 2120 785 conceditur
2134 766 2158 785 et
2172 760 2323 784 ostenditur.

1486 796 1573 820 Posita
1591 796 1761 820 terminorum
1779 796 1991 820 convertibilitate
2010 803 2040 820 ex
2058 803 2149 820 eorum
2169 796 2235 820 inter
2253 803 2282 820 se
2300 794 2494 827 adaequatione,

1433 831 1582 856 conceditur
1596 831 1622 856 in
1641 831 1722 864 prima
1737 830 1819 863 figura
1838 839 1918 864 posse
1936 830 1990 856 fieri
2004 831 2185 863 syllogismum
2200 831 2351 855 circularem
2369 837 2494 863 apparen-

1433 871 1479 890 ter.
1498 867 1538 890 Ad
1558 867 1628 898 quod
1647 866 1750 891 affertur
1768 867 1915 899 exemplum
1935 874 1950 890 a
1967 874 1989 890 s.
2005 866 2121 891 Thoma:
2145 866 2227 891 Omne
2245 866 2346 890 animal
2364 865 2495 890 rationale

1433 904 1473 926 est
1491 901 1590 926 risibile
1608 906 1656 926 etc.
1675 901 1791 926 Diximus
1808 909 1887 935 posse
1901 900 1955 925 fieri
1974 902 2155 934 syllogismum
2171 906 2323 934 apparenter
2337 901 2494 926 circularem.

1433 936 1508 966 Nam,
1522 941 1551 960 ut
1565 944 1644 969 supra
1660 936 1836 969 probavimus,
1856 934 1923 970 (not.
1939 935 1968 969 β)
1988 936 2013 960 in
2033 937 2147 961 secundo
2166 936 2320 969 syllogismo
2334 936 2431 969 (omnis
2449 936 2494 961 ho-

1434 979 1477 996 mo
1500 971 1568 1005 em),
1583 977 1608 996 et
1626 972 1652 996 in
1671 972 1745 996 tertio
1762 971 1850 1004 (omne
1870 971 1968 996 risibile
1986 970 2054 1005 etc.),
2068 972 2179 996 variatur
2196 980 2279 1003 genus
2299 971 2495 996 demonstratio-

1434 1007 1483 1037 nis,
1502 1007 1562 1038 quia
1580 1006 1606 1030 in
1622 1007 1707 1039 primo
1726 1006 1879 1038 syllogismo
1900 1012 1939 1031 est
1958 1007 2141 1031 demonstratio
2162 1011 2275 1039 propter
2293 1007 2370 1039 quid,
2389 1007 2415 1031 in
2440 1006 2495 1031 aliis

1434 1049 1495 1066 vero
1514 1047 1554 1066 est
1572 1042 1757 1066 demonstratio
1782 1042 1881 1074 quia.-
1895 1042 2042 1066 Notandum
2066 1042 2158 1078 deinde
2182 1043 2253 1074 quod
2276 1043 2444 1075 syllogismus
2469 1042 2496 1066 in

1434 1077 1583 1109 exemplum
1602 1077 1727 1101 adductus
1746 1082 1786 1101 est
1805 1077 1830 1101 in
1844 1077 1936 1108 primo
1955 1077 2041 1106 modo,
2062 1085 2155 1109 nempe
2174 1078 2199 1102 in
2217 1077 2339 1102 barbara.
2364 1077 2438 1102 Ratio
2457 1082 2497 1102 est

1434 1111 1507 1144 quia,
1526 1116 1555 1135 ut
1573 1111 1638 1136 infra
1657 1111 1748 1136 dicitur
1766 1119 1780 1136 a
1799 1120 1821 1136 s.
1831 1111 1949 1142 Thema,
1970 1112 2046 1136 etiam
2066 1113 2200 1145 supposita
2218 1113 2428 1137 convertibilitate
2446 1117 2496 1137 ter-

1434 1147 1581 1176 minorum,
1600 1154 1649 1171 nec
1667 1147 1692 1171 in
1712 1146 1795 1179 prima
1814 1146 1895 1178 figura
1919 1148 2088 1179 syllogismus
2107 1148 2236 1172 circularis
2255 1147 2308 1172 fieri
2323 1153 2425 1180 potest,
2450 1155 2497 1180 per

1434 1189 1513 1214 quem
1532 1186 1641 1214 utraque
1659 1182 1861 1214 praemissarum
1881 1183 2055 1213 concludatur,
2075 1183 2123 1207 nisi
2142 1183 2167 1207 in
2186 1183 2270 1215 primo
2289 1184 2380 1213 ruodo,
2399 1183 2425 1207 in
2444 1191 2497 1215 quo

1433 1217 1491 1241 solo
1506 1217 1667 1241 concluditur
1684 1217 1836 1241 universalis
1852 1216 2010 1242 affirmativa.
2025 1218 2057 1242 Et
2075 1225 2164 1242 revera
2182 1218 2207 1242 in
2230 1219 2344 1242 secundo
2360 1223 2385 1242 et
2405 1224 2497 1251 quarto

1434 1252 1513 1276 modo
1537 1260 1595 1276 cum
1608 1259 1659 1277 una
1673 1253 1875 1285 praemissarum
1895 1253 1928 1277 sit
1947 1253 2070 1285 negativa,
2085 1258 2111 1277 et
2125 1253 2241 1284 negativa
2259 1253 2367 1285 proinde
2385 1253 2418 1277 sit
2435 1261 2496 1278 con-

1434 1286 1530 1318 clusio,
1552 1288 1621 1312 valet
1639 1288 1726 1319 quoad
1745 1287 1808 1312 istos
1827 1289 1920 1312 modos
1939 1288 2011 1318 ratio,
2031 1296 2110 1321 quam
2129 1288 2202 1313 affert
2222 1296 2243 1312 s-
2253 1288 2369 1313 Thomas
2388 1297 2435 1321 pro
2450 1289 2497 1313 cir-

1434 1322 1512 1347 culari
1532 1322 1687 1355 syllogismo
1706 1323 1732 1347 in
1747 1324 1861 1348 secunda
1878 1322 1968 1356 figura.
1988 1324 2084 1348 Contra
2106 1331 2168 1348 vero
2186 1324 2289 1348 tertium
2304 1325 2424 1353 modum,
2444 1324 2497 1348 imo

1434 1363 1523 1383 contra
1541 1358 1616 1382 etiam
1637 1363 1759 1390 quartum
1783 1364 1890 1391 urgetur
1907 1359 1971 1383 ratio
1990 1359 2140 1384 s.Thomae
2159 1359 2244 1391 quoad
2265 1359 2431 1391 syllogismos
2450 1359 2497 1383 cir-

1434 1394 1534 1418 culares
1554 1393 1579 1418 in
1597 1394 1670 1418 tertia
1688 1393 1778 1427 figura,
1797 1394 1895 1427 quippe
1914 1394 1959 1427 qui
1979 1395 2135 1419 concludunt
2151 1394 2335 1428 particulariter
2349 1395 2414 1419 sicut
2428 1395 2497 1419 modi

1433 1429 1521 1453 tertiae
1540 1427 1644 1460 figurae.

1487 1464 1514 1488 ln
1528 1464 1641 1488 secunda
1655 1463 1736 1497 figura
1754 1472 1805 1489 una
1818 1465 2019 1498 praemissarum
2034 1470 2074 1490 est
2092 1464 2249 1496 affirmativa,
2263 1466 2309 1490 sed
2324 1466 2402 1490 altera
2420 1473 2498 1497 nega-

1433 1499 1492 1530 tiva,
1507 1505 1532 1524 et
1556 1499 1673 1531 negativa
1692 1506 1829 1533 propterea
1852 1500 1992 1525 conclusio.
2012 1501 2058 1525 Ex.
2073 1509 2113 1532 g.:
2128 1501 2224 1525 Nullus
2241 1501 2332 1526 asinus
2350 1504 2389 1526 est
2407 1501 2498 1530 homo5

1434 1542 1511 1560 omne
1529 1535 1631 1559 animal
1646 1535 1779 1560 rationale
1793 1539 1832 1560 est
1851 1536 1930 1561 homo
1935 1543 1944 1564 ,¹
1963 1536 2050 1561 nullus
2072 1536 2164 1561 asinus
2183 1539 2223 1561 est
2244 1537 2346 1561 animal
2360 1536 2497 1561 rationale.

1434 1571 1504 1602 Ergo
1517 1578 1564 1603 per
1577 1571 1759 1603 syllogismum
1774 1571 1932 1602 circularem,
1946 1571 1970 1595 in
1991 1571 2062 1596 cuius
2082 1572 2209 1596 maiorem
2229 1577 2375 1596 assumatur
2394 1573 2496 1596 conclu-

1434 1606 1483 1635 sio,
1496 1613 1591 1638 nempe
1605 1606 1748 1639 propositio
1763 1607 1887 1638 negativa,
1903 1615 1954 1631 non
1968 1611 2054 1639 potest
2069 1607 2193 1637 concludi,
2207 1607 2274 1632 iuxta
2289 1613 2405 1632 octavam
2424 1615 2499 1638 regu-

1434 1642 1486 1665 lam
1505 1641 1659 1673 syllogismi,
1678 1642 1821 1674 praemissa
1839 1641 1997 1672 affirmativa,
2013 1649 2079 1675 quae
2098 1648 2138 1667 est
2152 1650 2204 1667 una
2218 1643 2418 1675 praemissarum
2428 1642 2496 1675 prio-

1434 1677 1470 1700 ris
1481 1676 1634 1709 syllogismi.
1649 1677 1720 1701 Patet
1734 1685 1796 1709 ergo
1811 1678 1882 1709 quod
1897 1677 1918 1701 si
1931 1676 2081 1702 affirmativa
2094 1678 2295 1711 praemissarum
2311 1678 2344 1702 sit
2356 1677 2499 1710 probanda,

1434 1712 1483 1736 alia
1502 1713 1628 1736 sumenda
1647 1717 1709 1736 sunt
1723 1712 1846 1745 principia
1865 1711 1921 1746 (Cf.
1934 1714 2051 1746 praeced.
2067 1718 2119 1738 not.
2135 1712 2174 1747 σ).

1487 1746 1605 1779 Denique
1624 1747 1648 1771 in
1668 1747 1740 1772 tertia
1759 1746 1840 1779 figura
1858 1755 1910 1772 una
1924 1748 2124 1781 praemissarum
2148 1748 2239 1773 saltem
2260 1748 2336 1772 debet
2361 1755 2419 1773 esse
2438 1748 2495 1772 uni-

1433 1782 1541 1806 versalis
1562 1781 1631 1816 (quia
1649 1790 1680 1807 ex
1699 1783 1799 1807 duabus
1819 1783 2015 1816 particularibus
2034 1791 2086 1808 non
2105 1783 2284 1818 concluditur),
2304 1788 2330 1808 et
2348 1783 2497 1815 conclusio,

1433 1822 1463 1841 ut
1481 1817 1578 1842 dictum
1597 1822 1648 1847 est,
1668 1818 1745 1843 debet
1763 1826 1822 1843 esse
1840 1818 2006 1851 particularis.
2025 1819 2051 1843 Si
2070 1827 2132 1851 ergo
2151 1824 2267 1843 sumatur
2285 1818 2347 1843 haec
2366 1819 2498 1844 conclusio

1432 1857 1462 1876 ut
1474 1853 1617 1884 praemissa
1631 1853 1662 1877 ad
1676 1853 1832 1878 circulariter
1845 1854 2060 1886 syllogizandum,
2075 1862 2128 1879 non
2141 1859 2227 1887 potest
2240 1854 2357 1879 concludi
2372 1855 2414 1879 illa
2424 1862 2499 1887 prae-

1433 1888 1588 1919 missarum,
1609 1896 1677 1921 quae
1695 1889 1898 1914 ernecessitate
1916 1895 1956 1914 est
1973 1890 2134 1915 universalis.
2150 1890 2314 1922 Proindeque
2325 1898 2373 1915 nec
2387 1890 2412 1915 in
2426 1890 2499 1915 tertia

1433 1922 1514 1955 figura
1533 1929 1644 1956 possunt
1662 1924 1750 1949 omnia
1768 1924 1924 1950 circulariter
1942 1925 2121 1951 demonstrari.
2416 1924 2421 1927 “

1487 1957 1513 1992 υ)
1531 1959 1593 1984 Nisi
1609 1963 1751 1984 sumantur
1769 1963 1823 1985 tres
1844 1960 1952 1985 termini
1974 1961 2110 1993 aequales,
2130 1961 2198 1986 idest
2215 1960 2409 1989 convertibiles,
2434 1960 2500 1985 sicut

1433 1993 1460 2018 in
1479 1994 1588 2019 indicato
1607 1995 1774 2028 syllogismo:
1798 1995 1881 2020 Omne
1899 1996 2000 2020 animal
2019 1996 2150 2021 rationale
2167 1997 2278 2021 mortale
2290 2000 2330 2021 est
2347 1996 2445 2021 risibile
2451 2003 2460 2025 ,⁴
2472 1996 2498 2020 in

1434 2037 1487 2062 quo
1506 2034 1557 2055 tres
1580 2030 1681 2055 termini
1700 2031 1793 2060 homo,
1818 2031 1919 2056 animal
1926 2031 2237 2057 —rationale-mortale
2260 2037 2285 2056 et
2309 2032 2420 2059 risibile,
2440 2035 2500 2056 sunt

1434 2066 1569 2097 aequales,
1594 2066 1654 2098 quia
1678 2066 1747 2091 idem
1770 2067 1839 2092 valet
1862 2067 1952 2097 homo,
1978 2075 2007 2092 ac
2031 2067 2132 2093 animal
2156 2067 2450 2096 rationale—mortale,
2469 2074 2498 2091 ac

1432 2101 1535 2126 animal
1553 2102 1816 2130 mortale—risibile,·
1834 2107 1860 2127 et
1878 2102 1936 2127 ideo
1948 2111 2016 2128 unus
2034 2104 2092 2128 loco
2106 2103 2210 2128 alterius
2223 2103 2291 2128 sumi
2310 2108 2409 2137 potest:
2429 2102 2498 2135 quod

1433 2141 1474 2161 est
1491 2144 1550 2162 esse
1568 2137 1600 2162 ad
1620 2137 1730 2162 invicem
1749 2138 1936 2163 convertibiles.
