2788 4204
1168 294 1280 331 CAP.
1311 295 1381 341 lx,
1412 294 1563 331 LECT.
1593 295 1681 331 X111

936 518 1154 574 LECT
1157 520 1238 574 10
1276 520 1915 577 DECIMATERTIA

457 659 542 699 DE
574 659 886 699 VERITATE
919 660 998 699 ET
1032 659 1376 701 FALSITATE
1397 638 1470 701 'IN
1514 662 1822 704 OPPOSITIS
1855 663 2397 705 PROPOSITIONIBUS

581 738 1028 780 SINGULARIBUS
1063 740 1147 780 DE
1176 740 1426 781 FUTURO
1461 741 1522 781 IN
1555 742 1832 782 MATERIA
1861 743 2274 784 CONTINGENTI

322 875 404 906 Ἐπὶ
429 872 489 916 μὲν
516 870 572 904 οὖν
598 873 663 904 τῶν
691 871 795 904 ὄντων
820 874 877 903 καὶ
895 871 1081 917 γενομένων
1102 872 1233 917 ἀνάγκη
1258 872 1322 908 τήν
1339 884 1402 904 κα-

398 917 547 961 τάφασιν
573 915 594 952 ἦ
613 916 677 952 τὴν
705 915 876 959 ἀπόφασιν
904 917 1015 953 ἀληθῆ
1041 916 1062 953 ἦ
1088 913 1192 960 ψευδῆ
1219 914 1318 948 εἶναι·
1343 920 1401 948 καὶ

396 964 451 994 ἐπὶ
477 963 536 1004 μὲν
562 961 628 993 τῶν
653 960 801 992 καθόλου
819 962 859 998 ὠς
877 960 1024 992 καθόλου
1045 962 1095 994 ἀεὶ
1114 962 1177 998 τήν
1196 962 1255 1004 μὲν
1276 961 1401 1002 ἀληθῆ,

398 1006 462 1043 τήν
485 1003 523 1038 δὲ
540 1002 644 1050 ψευδῆ
663 1002 766 1046 εἶναι,
785 1008 842 1036 καὶ
862 1005 918 1037 ἐπὶ
936 1007 1002 1038 τῶν
1026 1005 1102 1037 καθ’
1126 1005 1273 1047 ἕκαστα,
1292 1005 1402 1048 ὥσπερ

397 1054 549 1095 εἴρηται,
577 1050 633 1082 ἐπὶ
650 1045 688 1081 δὲ
706 1051 773 1081 τῶν
795 1049 943 1081 καθόλου
969 1050 1015 1093 μή
1040 1050 1187 1082 καθόλου
1210 1048 1401 1095 λεχθέντων

399 1097 458 1128 οὐκ
478 1094 622 1141 ἀνάγκη.
642 1095 784 1136 Εἴρηται
802 1089 839 1125 δὲ
856 1095 914 1125 καὶ
930 1096 1003 1138 περὶ
1022 1093 1166 1127 τούτων.
1182 1095 1261 1126 Ἐπὶ
1279 1090 1317 1125 δὲ
1334 1095 1402 1125 τῶν

396 1139 473 1172 καθ’
496 1139 628 1172 ἕκαστα
652 1140 710 1170 καὶ
736 1137 928 1182 μελλόντων
956 1140 1020 1183 οὐχ
1045 1140 1176 1181 ὁμοίως.

329 1230 368 1261 Εἰ
393 1229 458 1274 γάρ
485 1229 582 1259 πᾶσα
599 1225 794 1269 κατάφασις
811 1228 870 1258 καὶ
890 1226 1060 1269 ἀπόφασις
1081 1225 1207 1263 ἀληθής
1226 1223 1247 1262 ἦ
1266 1221 1402 1269 ψευδής,

397 1274 457 1304 καὶ
484 1271 577 1304 ἅπαν
605 1271 738 1316 ἀνάγκη
766 1270 929 1316 ὑπάρχειν
955 1270 976 1308 ἦ
1002 1270 1049 1314 μή
1077 1270 1253 1315 ὑπάρχειν·

330 1316 418 1350 ὥστε
437 1317 465 1348 εἱ
484 1317 499 1348 ὁ
518 1317 577 1361 μὲν
603 1314 700 1360 φήσει
727 1314 858 1347 ἔσεσθαί
885 1328 932 1356 τι,
953 1317 969 1347 ὀ
987 1310 1025 1347 δὲ
1049 1314 1096 1359 μή
1123 1317 1221 1358 φησει
1247 1314 1288 1345 τό
1315 1314 1403 1346 αὐτὸ

346 1398 354 1400 >
380 1362 520 1402 mentm«,
539 1356 644 1397 δῆλον
663 1359 718 1391 ὅτι
734 1359 866 1406 ἀνάγκη
883 1358 1056 1396 ἀληθεύειν
1072 1359 1130 1392 τὸν
1147 1359 1260 1401 ἕτερον
1276 1359 1403 1400 αὐτῶν,

399 1407 427 1438 εἰ
453 1407 551 1438 πᾶσα
574 1404 769 1447 κατάφασις
794 1406 853 1436 καὶ
881 1403 1049 1448 ἀπόφασις
1077 1404 1203 1441 ἀληθής
1230 1403 1251 1440 ἦ
1269 1400 1403 1447 ψευδής.

391 1451 509 1495 Ἀμφω
533 1450 598 1496 γάρ
626 1450 689 1495 οὐχ
715 1448 856 1494 ὑπάρξει
884 1449 956 1492 ἅμα
982 1450 1037 1481 ἐπὶ
1063 1453 1134 1486 τοῖς
1161 1448 1344 1486 τοιούτοις·

331 1497 360 1528 εἰ
377 1495 442 1542 γάρ
462 1495 584 1534 ἀληθὲς
609 1495 728 1535 εἰπεῖν,
756 1493 810 1527 ὅτι
833 1493 966 1535 λευκόν,
986 1492 1006 1530 ’ἢ
1026 1492 1079 1526 ὅτι
1099 1495 1136 1525 οὐ
1153 1493 1271 1525 λευκόν
1299 1494 1402 1534 ἐστιν,

400 1539 532 1586 ἀνάγκη
553 1537 639 1572 εἶναι
662 1540 782 1571 λευκόν
801 1538 821 1574 ἦ
842 1540 879 1570 οὐ
895 1537 1026 1570 λευκόν.
1051 1539 1118 1570 Καὶ
1142 1539 1170 1569 εἰ
1196 1538 1270 1575 ἔστι
1286 1538 1403 1569 λευκὸν

398 1583 420 1622 ἦ
447 1588 484 1618 οὐ
508 1584 641 1624 λευκόν,
663 1583 783 1622 ἀληθὲς
801 1581 841 1620 ἦν
859 1582 963 1627 φάναι
981 1581 1002 1619 ἦ
1024 1582 1214 1627 ἀποφάναι·
1233 1584 1292 1614 καὶ
1310 1583 1338 1613 εἰ
1356 1583 1404 1627 μη“

400 1630 567 1676 ὑπάρχει,
593 1624 769 1673 ψεύδεται·
796 1629 854 1659 καὶ
880 1629 909 1659 εἱ
933 1623 1114 1671 ψεύδεται,
1151 1628 1214 1673 οὐχ
1244 1627 1402 1672 ύπάρχει.

391 1673 496 1709 “Qu-vs
528 1674 679 1720 ἀνάγκη,
706 1671 727 1710 ἦ
754 1673 818 1709 τήν
842 1671 1060 1715 κατάφασιν,
1088 1671 1109 1708 ἦ
1135 1673 1199 1709 τήν
1234 1671 1405 1716 ἀπόφασιν

403 1719 512 1758 ἀληθῆ
539 1716 645 1760 εἶναι,
673 1717 693 1754 ἦ
719 1714 837 1761 ψευδῆ.
864 1713 968 1749 Οὐδὲν
996 1717 1061 1761 ἄρα
1087 1716 1167 1749 οὔτε
1191 1718 1296 1757 ἐστὶν,
1325 1716 1404 1748 οὔτε

399 1765 546 1808 γίνεται,
573 1763 653 1796 οὔτε
674 1763 743 1795 ἀπὸ
761 1762 887 1807 τύχης,
909 1760 1000 1802 οὔθ’,
1023 1760 1152 1805 ὁπότερ’
1174 1761 1307 1806 ἔτυχεν,
1327 1757 1407 1793 οὐδὲ

401 1810 515 1850 ἔσται,
529 1807 550 1846 ἦ
564 1810 623 1840 οὐκ
642 1808 755 1848 ἔσται,
773 1808 841 1839 ἀλλ’
864 1807 899 1848 ἐξ
920 1805 1070 1852 ἀνάγκης
1087 1805 1247 1847 ἅπαντα,
1266 1808 1324 1838 καὶ
1344 1806 1407 1850 οὐχ

402 1853 532 1899 ὁπότερ’
558 1853 691 1899 ἔτυχεν·
710 1851 732 1888 ἦ
749 1852 814 1898 γάρ
837 1852 853 1883 ὀ
870 1851 932 1894 φάς
961 1849 1151 1891 ἀληθεύσει,
1175 1850 1196 1886 ἦ
1219 1853 1235 1882 ὀ
1256 1851 1404 1894 ἀποφάς·

402 1901 522 1944 ὁμοίως
546 1897 610 1944 γάρ
641 1896 680 1929 ἀν
706 1897 852 1942 ἐγίνετο,
881 1894 901 1932 ἦ
921 1895 980 1927 οὐκ
1007 1895 1152 1941 ἐγίνετο·
1177 1895 1218 1927 τὸ
1235 1895 1300 1942 γάρ
1327 1895 1407 1927 ὀπό-

401 1944 462 1985 τερ’
492 1943 613 1987 ἔτυχεν
639 1936 737 1974 οὐδὲν
762 1942 892 1985 μᾶλλον
920 1939 1039 1980 οὕτως,
1067 1938 1088 1976 ἦ
1114 1940 1162 1983 μη
1189 1939 1309 1981 οὕτως,
1337 1941 1407 1985 ἔχει

401 1987 422 2024 ἦ
449 1987 527 2028 ἕξει.

326 2034 417 2073 Ἔτι,
445 2034 473 2064 εἰ
495 2032 568 2064 ἔστι
598 2030 718 2062 λευκὸν
752 2030 827 2070 νῦν,
864 2028 984 2067 ἀληθὲς
1016 2026 1056 2066 ἦν
1087 2029 1192 2060 εἰπεῖν
1225 2028 1406 2073 πρότερον,

403 2077 458 2110 ὅτι
483 2077 582 2110 ἔσται
605 2074 737 2107 λευκόν·
759 2073 847 2106 ὣστε
873 2075 924 2106 ἀεὶ
947 2073 1069 2111 ἀληθές
1093 2071 1131 2111 ἦν
1150 2074 1269 2114 εἰπεῖν,
1292 2075 1406 2107 ὁτιοῦν

402 2124 469 2155 τῶν
494 2119 681 2168 γενομένων
709 2119 762 2152 ὅτι
789 2119 879 2152 ἐστὶν
906 2118 926 2156 ἦ
949 2119 1061 2151 ἔσται·
1085 2119 1123 2150 Εἰ
1146 2113 1184 2150 δὲ
1211 2119 1262 2150 ἀεὶ
1287 2118 1406 2156 ἀληθές

402 2165 443 2205 ἦν
468 2167 588 2206 εἰπεῖν,
616 2164 670 2197 ὅτι
696 2165 787 2197 ἐστὶν
810 2162 830 2200 ἦ
861 2164 980 2204 ἔσται,
1006 2163 1069 2208 οὐχ
1095 2162 1204 2195 οἷόντε
1231 2164 1337 2195 τοῦτο
1361 2163 1407 2207 μή

403 2209 503 2251 εἶναι,
527 2206 606 2243 οὐδὲ
631 2209 678 2254 μη
705 2207 852 2241 ἔσεσθαι·
876 2209 891 2240 ὃ
913 2204 951 2240 δὲ
970 2207 1016 2252 μη
1041 2208 1150 2240 οἷόντε
1170 2207 1217 2251 μη
1237 2207 1406 2254 γενέσθαι,

405 2252 577 2290 ἀδύνατον
603 2254 650 2298 μη
675 2252 845 2300 γενέσθαι·
874 2254 890 2285 ὃ
907 2249 944 2285 δὲ
972 2248 1143 2286 ἀδύνατον
1170 2252 1216 2295 μή
1234 2253 1405 2298 γενέσθαι,

405 2300 537 2347 ἀνάγκη
558 2298 728 2346 γενέσθαι·
754 2297 896 2331 ἅπαντα
920 2296 975 2330 οὖν
990 2297 1038 2330 τά
1052 2298 1196 2342 ἐσόμενα
1219 2299 1406 2344 ἀναγκαῖον

402 2346 575 2392 γενέσται.
594 2339 700 2377 Οὐδὲν
723 2343 789 2387 ἄρα
811 2341 940 2388 ὁπότερ’
965 2343 1097 2386 ἔτυχεν,
1120 2336 1198 2374 οὐδὲ
1216 2343 1285 2375 ἀπὸ
1300 2342 1407 2389 τύχης

405 2394 517 2425 ἔσται·
544 2390 573 2422 εἰ
597 2389 662 2433 γάρ
690 2389 758 2421 ἀπὸ
785 2386 905 2433 τύχης,
933 2388 996 2433 οὐχ
1022 2388 1057 2429 ἐξ
1085 2387 1246 2431 ἀνάγκης.

329 2435 440 2469 Ἀλλά
463 2436 528 2479 μὴν
555 2431 623 2468 οὐδ’
653 2435 695 2471 ὠς
720 2428 898 2477 οὐδέτερόν
929 2445 967 2479 γε
995 2431 1115 2470 ἀληθὲς
1149 2427 1327 2476 ἐνδέχεται
1354 2431 1411 2464 λε’-

403 2492 488 2528 γειν,
515 2480 598 2522 οἷον,
625 2478 679 2511 ὅτι
705 2477 783 2510 οὔτε
810 2477 923 2518 ἔσται,
951 2476 1030 2509 οὔτε
1058 2477 1118 2509 οὐκ
1144 2477 1256 2509 ἔσται·

337 2527 471 2570 πρῶτον
504 2524 563 2568 μὲν
595 2523 681 2570 γάρ,
715 2521 816 2559 οὔσης
846 2523 908 2559 τῆς
938 2521 1167 2564 καταφάσεως
1197 2515 1358 2564 ψευδοῦς,
1386 2521 1406 2556 ἡ

406 2568 577 2613 ἀπόφασις
608 2569 668 2600 οὐκ
702 2565 841 2604 ἀληθής·
872 2568 931 2598 καὶ
964 2565 1095 2603 ταύτης
1121 2560 1260 2609 ψευδοῦς
1286 2566 1406 2606 οὔσης,

405 2615 470 2651 τήν
493 2612 691 2658 κατάφασιν
717 2611 893 2653 συμβαίνει
917 2611 965 2655 μή
993 2610 1103 2648 ἀληθῆ
1128 2607 1226 2642 εἶναι.

335 2661 404 2692 Καὶ
422 2658 504 2701 πρὸς
521 2657 673 2698 τούτοις,
695 2658 722 2688 εἰ
742 2655 865 2694 άληθὲς
883 2656 1001 2697 εἰπεῖν,
1023 2654 1076 2688 ὅτι
1091 2655 1210 2687 λευκὸν
1227 2656 1285 2686 καὶ
1302 2652 1406 2722 μέγα,

403 2699 457 2736 δεῖ
466 2703 562 2748 ἄμφω
574 2701 751 2747 ὑπάρχειν·
766 2696 842 2733 εἰδὲ
855 2699 997 2743 ὑπάρξει
1009 2701 1053 2738 εἰς
1067 2700 1194 2744 αὔριον,
1209 2698 1350 2743 ὁπάρςει
1363 2699 1407 2735 εἱς

406 2748 532 2792 αὔριον·
552 2748 581 2779 εἱ
604 2742 642 2779 δέ
667 2745 757 2790 μήτε
782 2745 881 2778 ἔσται
911 2744 1000 2789 μήτε
1017 2744 1063 2789 μή
1091 2745 1189 2776 ἔσται
1215 2744 1259 2781 εὶς
1278 2743 1407 2788 αὔριον,

406 2793 466 2825 οὐκ
479 2791 518 2824 ἄν
536 2794 586 2829 εἴη
599 2792 640 2823 τό
653 2790 788 2834 ὁπότερ’
811 2790 943 2835 ἔτυχεν·
963 2790 1031 2821 οἷον
1049 2791 1238 2834 ναυμαχία·
1257 2783 1329 2819 δέοι
1344 2787 1409 2832 γάρ

407 2836 448 2869 ἂν
459 2836 548 2881 μήτε
559 2835 716 2883 γενέσθαι
727 2837 922 2880 ναυμαχίαν
935 2834 1062 2878 αὔριον,
1075 2832 1164 2878 μήτε
1177 2833 1223 2877 μή
1237 2831 1406 2879 γενέσθαι.

402 2933 551 2960 Smopsts.
568 2948 603 2952 —-
623 2941 647 2959 1.
668 2932 882 2968 Argumentum
909 2936 1034 2958 textus.-
1047 2937 1074 2958 2.
1089 2931 1229 2958 Iterantur
1255 2936 1312 2958 tres
1341 2929 1412 2957 divi-

343 2971 439 3000 siones
458 2971 694 3008 propositionum
715 2971 875 2999 secundum
898 2971 1044 3004 unitatem,
1066 2970 1231 3007 qualitatem
1252 2976 1279 2998 et
1300 2969 1412 3007 quanti-

344 3017 462 3039 tatem-
477 3011 502 3039 3.
517 3011 569 3039 His
589 3011 736 3039 adduntur
756 3016 860 3047 quarta
881 3010 984 3038 divisio
1005 3011 1165 3038 seeundum
1187 3015 1308 3047 tempus,
1326 3016 1413 3046 prout

343 3060 450 3087 nempe
469 3050 632 3087 propositio
654 3057 697 3078 est
717 3051 753 3078 de
764 3050 924 3087 praesenti,
938 3050 983 3078 vel
1005 3050 1040 3078 de
1051 3050 1223 3087 praeterito,
1238 3050 1284 3077 vel
1305 3050 1341 3077 de
1355 3051 1411 3088 su-

344 3096 411 3119 turo
417 3101 428 3125 ,·
442 3096 471 3118 et
484 3090 582 3127 quinta
606 3090 766 3118 secundum
786 3090 949 3123 materiam,
965 3099 1016 3118 seu
1030 3090 1190 3118 secundum
1212 3089 1411 3117 habitudinem

344 3130 500 3167 praedicati
521 3130 558 3158 ad
579 3129 753 3165 subiectum,
773 3139 807 3158 ex
833 3139 891 3166 qua
918 3129 1030 3157 diversa
1055 3129 1223 3158 habitudine
1242 3129 1411 3166 'propositio

345 3176 388 3199 est
407 3170 452 3198 vel
466 3169 496 3197 in
511 3169 631 3198 materia
652 3169 817 3197 necessaria
831 3169 890 3197 sive
905 3169 1041 3203 naturali,
1055 3169 1100 3197 vel
1121 3169 1151 3197 in
1165 3169 1286 3197 materia
1305 3169 1411 3206 impos-

345 3210 424 3238 sibili
438 3209 496 3238 sive
511 3215 638 3244 remota,
653 3209 698 3238 vel
712 3209 742 3236 in
757 3209 876 3237 materia
886 3209 1021 3246 possibili
1034 3208 1093 3237 sive
1114 3209 1325 3247 contingenti.—
1335 3218 1365 3243 4.
1380 3209 1412 3235 In

346 3249 596 3278 enunciationibus
617 3250 653 3277 de
669 3248 812 3285 praesenti
832 3249 877 3277 vel
891 3249 927 3277 de
947 3248 1111 3285 praeterito,
1126 3257 1242 3276 necesse
1258 3255 1300 3276 est
1319 3254 1351 3275 ut
1371 3248 1412 3275 af-

345 3289 472 3319 firmatio
485 3289 530 3317 vel
550 3288 666 3325 negatio
680 3288 868 3316 determinate
882 3288 917 3316 sit
931 3297 998 3316 vera
1011 3289 1056 3316 vel
1074 3288 1153 3323 falsa,
1169 3288 1287 3324 quando
1302 3297 1412 3323 propo-

346 3329 464 3358 sitiones
479 3328 700 3356 contradictorie
721 3334 910 3364 opponuntur
923 3329 1052 3364 (Nempe
1075 3327 1194 3364 quando
1215 3327 1413 3363 praedicatum

346 3368 544 3397 universaliter
565 3367 734 3396 enunciamr
761 3368 798 3395 de
819 3367 948 3395 subiecto
975 3366 1144 3401 universali,
1167 3366 1212 3394 vel
1232 3366 1414 3402 praedicatur

348 3408 458 3446 aliquid
480 3409 516 3436 de
536 3407 666 3436 subiecto
693 3406 846 3444 singulari;
868 3416 930 3435 non
949 3413 1048 3435 autem
1078 3406 1197 3443 quando
1217 3405 1413 3442 praedicatum

348 3458 410 3477 non
430 3447 628 3476 universaliter
655 3447 825 3475 enunciamr
845 3447 882 3474 de
909 3446 1038 3474 subiecto
1059 3445 1272 3480 universali).-
1287 3445 1313 3472 5.
1334 3445 1413 3472 Idem

350 3488 506 3517 dicendum
530 3494 581 3522 est,
597 3493 724 3524 spectata
743 3485 871 3520 materia,
891 3486 989 3522 quoad
1014 3484 1238 3519 enunciationes,
1259 3493 1333 3520 quae
1348 3491 1415 3512 sunt

349 3529 386 3557 de
407 3528 513 3562 futuro,
529 3527 692 3555 dummodo
714 3525 771 3554 sint
791 3526 827 3554 de
848 3524 1056 3553 universalibus
1085 3525 1129 3552 vel
1148 3524 1346 3552 universaliter
1368 3524 1414 3551 vel

348 3577 411 3597 non
431 3567 629 3596 universaliter
656 3566 787 3602 sumptis.
800 3581 823 3587 -
836 3566 863 3593 6.
880 3564 1031 3599 Quaestio:
1056 3570 1153 3592 utrum
1177 3563 1207 3591 in
1237 3562 1415 3591 enuncIatio-

348 3608 435 3637 nibus
455 3607 647 3644 singularibus
668 3607 704 3634 de
724 3605 821 3634 futuro
842 3605 872 3633 in
893 3604 1013 3633 materia
1033 3603 1210 3641 contingenti
1236 3612 1353 3631 necesse
1380 3602 1416 3630 sit

349 3648 431 3685 quod
458 3647 646 3676 determinate
673 3655 732 3674 una
757 3645 957 3682 oppositarum
985 3644 1020 3672 sit
1047 3653 1114 3672 vera
1141 3650 1169 3672 et
1196 3643 1284 3672 altera
1311 3643 1418 3671 falsa.-

1457 875 1475 894 *
1491 875 1526 905 In
1550 876 1598 906 his
1615 886 1689 915 ergo
1706 882 1737 906 et
1752 885 1834 916 quae
1849 883 1922 906 sunt
1941 883 1971 906 et
1988 854 2069 916 quae
2089 876 2170 907 facta
2185 884 2259 907 sunt
2279 887 2404 907 necesse
2421 883 2467 908 est
2481 877 2524 908 af-

1524 919 1737 950 firmationem
1756 920 1806 949 vel
1826 921 2028 959 negationem
2046 931 2152 951 veram
2180 922 2229 951 vel
2249 922 2359 951 falsam
2383 932 2459 952 esse.
2490 923 2525 952 In

1526 965 1755 995 universalibus
1778 964 1908 1004 quidem
1923 965 2147 1007 universaliter,
2163 976 2287 1006 semper
2300 967 2380 997 hanc
2395 967 2526 1006 quidem

1525 1019 1642 1046 veram,
1666 1009 1755 1038 illam
1778 1018 1853 1038 vero
1878 1008 1988 1038 falsam
2009 1016 2038 1039 et
2060 1008 2092 1039 in
2115 1010 2163 1040 his
2187 1021 2268 1050 quae
2292 1018 2365 1041 sunt
2389 1012 2525 1051 singula-

1526 1053 1581 1090 ria,
1606 1053 1882 1092 quemadmodum
1911 1053 2030 1083 dictum
2054 1061 2108 1084 est.
2143 1055 2177 1084 In
2201 1055 2248 1085 his
2271 1065 2364 1094 vero,
2389 1066 2469 1096 quae
2493 1056 2525 1086 in

1527 1097 1754 1127 universalibus
1782 1107 1848 1127 non
1878 1097 2091 1128 universaliter
2119 1099 2280 1138 dicuntur,
2305 1111 2371 1130 non
2400 1107 2445 1131 est
2472 1111 2525 1130 ne-

1528 1151 1621 1170 cesse.
1638 1141 1768 1170 Dictum
1792 1148 1838 1171 est
1862 1149 1969 1172 autem
1984 1149 2014 1172 et
2029 1142 2066 1172 de
2090 1143 2147 1173 his.
2174 1144 2209 1173 In
2224 1144 2434 1184 singularibus
2449 1155 2524 1175 vero

1529 1191 1559 1215 et
1582 1185 1695 1215 futuris
1719 1194 1786 1214 non
1810 1186 1961 1216 similiter.

1460 1229 1544 1259 Nam
1568 1229 1593 1259 si
1617 1229 1722 1259 omnis
1747 1230 1912 1261 affirmatio
1937 1229 1986 1260 vel
2010 1231 2134 1270 negatio
2158 1241 2230 1261 vera
2253 1233 2302 1262 vel
2326 1233 2402 1263 falsa
2423 1240 2479 1272 est,
2497 1240 2527 1264 et

1528 1283 1625 1303 omne
1649 1283 1774 1305 necesse
1799 1282 1844 1305 est
1867 1275 1917 1305 vel
1941 1284 2006 1304 esse
2030 1275 2080 1305 vel
2103 1286 2169 1305 non
2193 1284 2273 1306 esse:

1461 1327 1558 1358 quare
1582 1318 1607 1347 si
1631 1317 1681 1348 hic
1705 1319 1835 1359 quidem
1860 1319 1941 1349 dicat
1964 1318 2108 1349 futurum
2132 1320 2249 1360 aliquid
2263 1344 2271 1359 ,
2295 1320 2347 1351 ille
2370 1332 2444 1351 vero
2461 1332 2527 1351 non

1529 1362 1610 1393 dicat
1633 1363 1695 1393 hoc
1723 1364 1808 1394 idem
1838 1364 1961 1404 ipsum,
1986 1364 2190 1394 manifestum
2218 1371 2264 1395 est
2297 1365 2450 1405 quoniam
2473 1376 2527 1395 ne—

1528 1417 1612 1437 cesse
1637 1414 1683 1437 est
1706 1418 1817 1438 verum
1832 1409 1932 1439 dicere
1950 1408 2083 1438 alterum
2107 1409 2261 1448 ipsorum,
2279 1409 2304 1439 si
2319 1410 2423 1439 omnis
2445 1409 2525 1439 affir-

1527 1452 1626 1482 matio
1657 1453 1707 1482 vel
1738 1453 1863 1493 negatio
1894 1463 1967 1482 vera
1994 1453 2044 1483 vel
2072 1453 2150 1483 falsa
2185 1460 2240 1484 est.
2271 1454 2410 1494 Utraque
2444 1454 2529 1484 enim

1527 1506 1594 1526 non
1618 1504 1710 1527 erunt
1733 1497 1828 1528 simul
1851 1498 1884 1528 in
1907 1497 2039 1535 talibus;

1460 1551 1536 1571 nam
1560 1541 1584 1571 si
1612 1551 1724 1572 verum
1748 1549 1794 1572 est
1817 1542 1918 1572 dicere
1941 1541 2096 1582 quoniam
2120 1548 2166 1572 est
2196 1542 2305 1572 album
2327 1542 2378 1572 vel
2401 1552 2467 1572 non
2487 1543 2529 1572 al-

1528 1586 1617 1623 bum,
1642 1596 1766 1616 necesse
1791 1594 1837 1617 est
1860 1597 1926 1616 esse
1951 1587 2060 1616 album
2082 1587 2132 1616 vel
2156 1597 2222 1616 non
2246 1587 2370 1625 album;
2387 1593 2418 1616 et
2436 1587 2461 1617 si
2485 1594 2531 1617 est

1529 1630 1638 1660 album
1661 1631 1711 1660 vel
1734 1641 1800 1661 non
1825 1631 1943 1669 album,
1960 1640 2071 1660 verum
2091 1638 2136 1676 est
2158 1630 2311 1661 affirmare
2333 1632 2383 1661 vel
2399 1639 2529 1672 negare,

1530 1682 1560 1705 et
1583 1675 1608 1704 si
1629 1685 1695 1705 non
1719 1682 1775 1713 est,
1800 1675 1968 1713 mentitur;
1994 1682 2023 1705 et
2040 1675 2064 1705 si
2081 1675 2242 1713 mentitur,
2267 1686 2333 1706 non
2351 1683 2405 1707 est.
2424 1677 2530 1713 Quare

1529 1729 1655 1749 necesse
1679 1727 1744 1757 est,
1769 1727 1823 1750 aut
1846 1719 2089 1750 affirmationem
2118 1727 2172 1750 aut
2199 1721 2401 1760 negationem
2424 1731 2531 1751 veram

1531 1774 1597 1794 esse
1620 1764 1671 1794 vel
1695 1764 1815 1795 falsam.
1841 1764 1928 1795 Nihil
1944 1764 2037 1804 igitur
2053 1775 2156 1805 neque
2173 1772 2229 1803 est,
2246 1775 2349 1805 neque
2364 1765 2410 1803 fit,
2427 1775 2530 1806 neque

1530 1819 1548 1838 a
1565 1819 1650 1846 casu,
1668 1819 1771 1849 neque
1795 1809 1835 1839 ad
1851 1809 2046 1846 utrumlibet,
2063 1820 2120 1840 nec
2137 1810 2203 1847 erit,
2220 1819 2278 1839 nec
2294 1820 2360 1840 non
2385 1810 2456 1849 erit;
2474 1810 2529 1840 sed

1531 1863 1567 1883 ex
1590 1853 1772 1884 necessitate
1796 1854 1904 1884 omnia
1928 1861 1957 1884 et
1981 1863 2047 1883 non
2071 1854 2271 1884 utrumlibet:
2289 1861 2343 1884 aut
2367 1854 2451 1884 enim
2475 1854 2530 1895 qui

1531 1897 1605 1928 dicit
1627 1908 1719 1928 verus
1744 1905 1800 1936 est,
1820 1905 1874 1928 aut
1898 1898 1952 1939 qui
1977 1904 2084 1937 negat;
2104 1898 2245 1928 similiter
2269 1899 2353 1928 enim
2376 1899 2426 1928 vel
2444 1898 2531 1929 fieret

1530 1941 1580 1971 vel
1604 1952 1669 1972 non
1689 1941 1792 1981 fieret;
1815 1942 1999 1973 utrumlibet
2017 1943 2102 1973 enim
2117 1943 2195 1973 nihil
2210 1943 2310 1982 magis
2334 1943 2376 1973 sic
2399 1943 2449 1973 vel
2465 1953 2529 1973 non

1531 1986 1574 2016 sic
1603 1997 1636 2017 se
1664 1987 1757 2017 habet
1781 1993 1835 2017 aut
1857 1987 1992 2018 habebit.

1463 2030 1624 2071 Amplius,
1649 2031 1674 2060 si
1699 2037 1746 2061 est
1769 2032 1877 2062 album
1898 2042 1994 2070 nunc,
2011 2041 2122 2062 verum
2139 2038 2202 2061 erat
2218 2031 2318 2061 dicere
2335 2031 2433 2071 prius,
2450 2041 2530 2071 quo-

1532 2076 1618 2106 niam
1634 2076 1691 2106 erit
1707 2076 1826 2114 album,
1844 2086 1940 2117 quare
1962 2086 2086 2116 semper
2101 2086 2212 2106 verum
2229 2075 2289 2106 fuit
2310 2075 2412 2106 dicere
2429 2075 2530 2116 quod-

1530 2120 1607 2150 libet
1622 2130 1744 2159 eorum,
1762 2131 1843 2161 quae
1861 2120 1940 2151 facta
1958 2126 2041 2158 sunt,
2058 2120 2212 2161 quoniam
2229 2127 2275 2150 est
2289 2120 2338 2150 vel
2355 2120 2420 2150 erit.
2434 2120 2531 2157 Quod

1533 2165 1557 2194 si
1582 2175 1707 2205 semper
1729 2175 1840 2195 verum
1865 2164 1923 2195 fuit
1947 2165 2048 2195 dicere
2072 2165 2225 2205 quoniam
2250 2172 2295 2195 est
2311 2165 2360 2194 vel
2381 2164 2448 2202 erit,
2464 2174 2531 2194 non

1532 2217 1638 2250 potest
1660 2210 1721 2240 hoc
1745 2219 1811 2240 non
1828 2219 1894 2239 esse
1910 2209 1959 2239 vel
1976 2219 2041 2239 non
2058 2209 2202 2239 futurum
2218 2216 2301 2247 esse;
2319 2209 2407 2248 quod
2424 2215 2530 2239 autem

1531 2264 1598 2284 non
1622 2261 1726 2294 potest
1749 2264 1815 2284 non
1839 2253 1916 2292 fieri,
1940 2254 2135 2294 impossibile
2155 2260 2201 2283 est
2216 2264 2282 2284 non
2303 2252 2380 2291 fieri,
2397 2260 2427 2283 et
2443 2253 2531 2293 quod

1531 2299 1727 2338 impossibile
1752 2306 1798 2329 est
1821 2309 1886 2329 non
1910 2298 1986 2336 fieri,
2011 2308 2136 2328 necesse
2153 2305 2199 2328 est
2214 2297 2298 2335 fieri;
2321 2297 2429 2327 omnia
2445 2307 2530 2337 ergo,

1532 2353 1614 2384 quae
1638 2343 1743 2374 futura
1767 2350 1851 2381 sunt,
1875 2353 2000 2373 necesse
2025 2350 2070 2373 est
2092 2341 2168 2373 fieri.
2192 2342 2279 2372 Nihil
2299 2342 2393 2382 igitur
2410 2349 2531 2372 utrum-

1531 2388 1622 2426 libet,
1647 2398 1750 2428 neque
1774 2398 1847 2418 casu
1873 2387 1947 2420 erit:
1965 2397 2039 2417 nam
2057 2387 2081 2417 si
2098 2397 2183 2424 casu,
2200 2397 2266 2417 non
2283 2397 2320 2417 ex
2336 2386 2527 2416 necessitate.

1464 2435 1508 2463 At
1530 2442 1605 2462 vero
1629 2442 1732 2472 neque
1756 2432 1910 2472 quoniam
1933 2438 2083 2462 neutrum
2105 2441 2217 2461 verum
2241 2438 2286 2461 est
2310 2430 2463 2470 contingit
2487 2430 2531 2459 di-

1531 2487 1610 2515 cere,
1635 2484 1670 2507 ut
1693 2477 1847 2517 quoniam
1871 2486 1974 2517 neque
1999 2476 2055 2506 erit
2077 2486 2181 2516 neque
2204 2486 2270 2505 non
2295 2475 2368 2505 erit:

1464 2522 1606 2562 primurn
1629 2521 1715 2551 enim
1750 2531 1824 2551 cum
1853 2521 1892 2551 sit
1919 2520 2085 2551 affirmatio
2110 2520 2203 2558 falsa,
2228 2520 2285 2550 erit
2312 2519 2437 2559 negatio
2466 2529 2532 2549 non

1531 2573 1620 2596 vera:
1640 2573 1670 2596 et
1685 2576 1760 2596 cum
1775 2565 1851 2596 haec
1869 2565 1908 2596 sit
1926 2565 2013 2603 falsa,
2030 2565 2183 2605 contingit
2203 2564 2445 2594 affirmationem
2466 2573 2532 2593 esse

1532 2621 1599 2640 non
1622 2620 1738 2640 veram.

1465 2656 1516 2686 Ad
1539 2655 1615 2685 haec
1639 2654 1664 2684 si
1687 2664 1799 2684 verum
1823 2661 1868 2684 est
1891 2653 2009 2691 dicere,
2034 2653 2189 2694 quoniam
2212 2653 2320 2683 album
2345 2659 2390 2683 est
2414 2659 2443 2682 et
2466 2662 2531 2682 ma-

1531 2709 1642 2740 gnum,
1659 2706 1786 2739 oportet
1809 2708 1875 2728 esse
1898 2705 2088 2739 utrumque;
2105 2698 2130 2728 si
2146 2707 2220 2728 vero
2238 2697 2294 2727 erit
2310 2707 2386 2734 cras,
2408 2703 2534 2736 oportet

1532 2754 1599 2775 esse
1623 2751 1709 2782 cras;
1733 2743 1758 2773 si
1789 2750 1897 2773 autem
1928 2752 2032 2783 neque
2063 2742 2119 2772 erit
2150 2752 2254 2782 neque
2277 2752 2343 2771 non
2367 2741 2423 2771 erit
2446 2751 2532 2779 cras,

1532 2799 1599 2819 non
1623 2788 1680 2818 erit
1703 2788 1897 2824 utrumlibet,
1922 2794 1956 2817 ut
1980 2787 2089 2816 navale
2113 2787 2249 2816 bellum:
2267 2785 2425 2825 oportebit
2448 2785 2532 2815 enim

1533 2842 1637 2874 neque
1659 2832 1726 2862 fieri
1752 2832 1862 2862 navale
1885 2832 2022 2869 bellum,
2046 2841 2150 2871 neque
2173 2841 2240 2860 non
2262 2829 2338 2860 fieri.

1469 2939 1495 2966 7.
1514 2928 1640 2957 Solvitur
1661 2927 1792 2965 quaestio
1819 2927 1969 2965 negative,
1992 2926 2059 2963 quia
2086 2935 2167 2954 secus
2188 2925 2288 2953 omnia
2308 2931 2402 2952 essent
2427 2934 2461 2952 ex
2482 2933 2532 2952 ne-

1467 2969 1605 2997 cessitate.
1619 2984 1641 2990 —
1655 2968 1682 2995 8.
1698 2969 1851 2995 Processus
1868 2966 1986 2994 rationis
2007 2965 2202 3000 aristotelicae,
2223 2974 2256 2993 ex
2276 2974 2334 3001 qua
2354 2963 2534 2992 concluditur

1466 3009 1568 3045 triplex
1588 3017 1679 3045 genus
1700 3006 1928 3044 contingentium
1943 3006 2054 3034 excludi
2075 3015 2108 3033 ex
2124 3005 2257 3041 opposita
2279 3004 2422 3032 solutione
2443 3013 2532 3040 quae-

1467 3048 1577 3077 stionis.
1591 3063 1614 3070 -
1627 3058 1654 3084 9.
1670 3047 1838 3075 Declaratur
1852 3047 1932 3083 quod
1947 3046 2056 3073 dictum
2077 3051 2120 3073 est
2134 3046 2169 3072 de
2184 3044 2287 3081 triplici
2301 3053 2404 3081 genere
2419 3043 2531 3071 contin-

1466 3088 1604 3125 gentium,
1620 3096 1694 3124 quae
1715 3086 1888 3123 proveniunt
1909 3095 1942 3113 ex
1963 3095 2041 3119 casu,
2064 3094 2097 3112 ex
2123 3085 2259 3112 electione
2287 3090 2315 3111 et
2336 3093 2369 3111 ex
2391 3089 2533 3111 natura.-

1467 3130 1510 3156 De
1532 3137 1568 3156 eo
1590 3128 1670 3164 quod
1701 3133 1743 3154 est
1764 3136 1798 3154 ex
1819 3126 1971 3159 electione,
1998 3123 2102 3153 scilicet
2129 3124 2286 3160 aequaliter
2307 3133 2336 3151 se
2364 3124 2473 3151 habens
2495 3124 2531 3151 ad

1468 3177 1530 3196 esse
1552 3174 1580 3195 et
1600 3167 1638 3195 ad
1667 3175 1723 3194 non
1745 3175 1816 3199 esse,
1835 3175 1897 3199 non
1920 3171 2014 3201 potest
2035 3164 2224 3192 determinate
2246 3163 2303 3191 dici
2331 3172 2426 3199 neque
2453 3163 2533 3199 quod

1468 3207 1539 3241 erit,
1561 3215 1656 3243 neque
1685 3206 1764 3242 quod
1793 3215 1848 3233 non
1876 3205 1948 3233 erit:
1969 3214 2050 3232 secus
2078 3213 2138 3232 non
2165 3204 2316 3231 haberetur
2343 3202 2534 3230 indifferentia

1468 3248 1505 3274 ad
1525 3246 1707 3280 utrumlibet;
1729 3251 1758 3273 et
1778 3251 1988 3281 consequenter
2008 3253 2068 3272 non
2090 3244 2241 3271 haberetur
2255 3242 2393 3271 electio.—
2411 3251 2453 3269 10.
2468 3241 2534 3269 Alia

1467 3286 1580 3314 ratione
1594 3285 1782 3313 confirmatur
1796 3294 1857 3312 esse
1871 3284 2047 3320 impossibile
2061 3293 2122 3311 non
2137 3283 2206 3318 fieri,
2218 3292 2292 3319 quae
2306 3283 2400 3310 futura
2414 3288 2489 3316 sunt,
2505 3287 2533 3309 et

1468 3325 1535 3353 ideo
1550 3324 1650 3353 omnia
1664 3333 1697 3352 ex
1718 3324 1884 3352 necessitate
1906 3323 2034 3358 evenire,
2049 3323 2073 3351 si
2094 3332 2127 3351 ex
2141 3322 2388 3359 propositionibus
2409 3321 2533 3358 singula-

1468 3365 1547 3393 ribus
1569 3365 1604 3392 de
1626 3364 1722 3392 futuro
1743 3373 1802 3392 una
1822 3370 1896 3391 esset
1917 3363 2104 3391 determinate
2118 3372 2186 3390 vera
2206 3369 2234 3390 et
2254 3362 2342 3390 altera
2355 3361 2433 3389 falsa.
2449 3360 2532 3388 Ratio

1469 3411 1520 3439 est,
1535 3403 1604 3440 quia
1617 3403 1672 3431 ista
1692 3404 1751 3431 duo
1772 3410 1839 3431 sunt
1859 3402 2115 3439 incompossibilia,
2137 3402 2217 3438 quod
2238 3401 2346 3438 aliquid
2367 3410 2433 3428 vere
2455 3400 2532 3428 dica·

1468 3451 1515 3472 tur
1536 3453 1598 3471 esse
1620 3449 1648 3471 et
1669 3443 1748 3479 quod
1770 3452 1826 3470 non
1847 3443 1892 3470 sit.
1908 3442 1938 3469 Si
1959 3451 2028 3478 ergo
2049 3441 2167 3478 ponitur
2188 3450 2289 3469 verum
2318 3449 2380 3468 esse
2401 3440 2432 3467 id
2452 3440 2533 3476 quod

1470 3483 1573 3511 dicitur
1594 3483 1630 3510 de
1650 3481 1793 3518 praesenti
1814 3482 1858 3509 vel
1879 3482 1915 3509 de
1930 3482 2035 3516 futuro,
2051 3490 2106 3509 non
2124 3486 2220 3518 potest
2239 3489 2300 3508 esse
2321 3480 2392 3516 quin
2413 3480 2483 3507 illud
2497 3480 2535 3507 sit

1466 3531 1609 3561 praesens
1629 3522 1673 3550 vel
1680 3523 1828 3559 futurum.
1844 3522 1901 3549 Sed
1920 3521 2000 3558 quod
2015 3530 2070 3548 non
2082 3526 2178 3558 potest
2198 3529 2254 3547 non
2261 3520 2344 3558 fieri,
2360 3528 2476 3547 necesse
2491 3525 2534 3547 est

1462 3562 1545 3601 fieri.
1560 3563 1637 3599 Ergo
1652 3561 1751 3589 omnia
1772 3570 1846 3597 quae
1867 3560 1960 3588 futura
1975 3566 2041 3588 sunt
2056 3569 2170 3588 necesse
2192 3565 2266 3587 esset
2279 3559 2349 3594 fieri,
2365 3569 2415 3587 seu
2434 3558 2534 3587 omnia

1472 3611 1505 3630 ex
1520 3601 1688 3630 necessitate
1703 3600 1857 3629 evenirent.
1866 3615 1888 3622 —
1901 3610 1910 3628 1
1921 3610 1944 3628 ι.
1960 3600 2139 3628 Dilucidatur
2153 3600 2254 3627 eadem
2272 3599 2345 3627 ratio
2360 3599 2534 3627 declarando

1471 3642 1623 3679 quomodo
1645 3641 1738 3669 futura
1759 3647 1825 3669 sunt
1845 3640 1875 3668 in
1897 3639 2003 3668 causis:
2018 3649 2122 3676 nempe
2144 3639 2174 3667 in
2202 3648 2287 3668 causa
2314 3646 2415 3676 agente
2436 3648 2470 3667 ex
2483 3647 2534 3666 ne-

2554 883 2562 890 ·
2577 881 2633 908 Cap.
2645 887 2675 902 tx.
