2788 4204
1139 298 1250 334 CAP.
1282 299 1351 346 XI,
1382 299 1532 336 LECT.
1562 300 1612 336 Vl
2402 312 2466 337 101

288 373 328 407 de
352 384 417 417 qua
431 372 467 405 fit
483 384 604 412 sermo,
621 384 697 405 cum
714 372 842 413 dicitur,
860 373 944 406 homo
961 380 1003 406 est
1025 374 1137 414 bonus,
1163 373 1354 407 denominat

288 431 390 455 artem
415 421 661 461 citharisticam,
685 433 792 466 neque
820 434 837 454 e
866 433 1037 455 converso.
1069 422 1157 455 Cum
1181 423 1269 454 enim
1294 423 1352 456 bo-

288 482 369 503 num
393 471 434 503 sit
457 471 687 514 aequivocum,
711 469 786 503 licet
802 482 819 502 a
835 470 986 510 consilio,
1003 470 1065 504 alia
1088 472 1213 504 ratione
1237 471 1355 505 dicitur

289 519 329 553 de
345 518 544 563 perfectione
562 518 752 558 citharoedi,
777 527 809 551 et
832 518 893 551 alia
918 518 957 552 de
975 519 1174 562 perfectione
1198 519 1352 553 hominis.

290 567 437 608 Quando
460 579 603 611 namque
628 567 779 606 dicimus,
804 567 936 601 Socrates
960 574 1000 601 est
1020 568 1124 608 bonus,
1143 569 1354 612 intelligimus

289 616 469 650 bonitatem
492 616 663 655 moralem,
680 628 763 660 quae
780 625 829 649 est
846 616 991 649 hominis
1012 616 1140 650 bonitas
1165 617 1355 661 simpliciter

288 665 484 710 (analogum
506 664 670 709 siquidem
686 664 876 709 simpliciter
892 665 1038 709 positum
1056 667 1197 699 sumitur
1212 678 1272 710 pro
1296 678 1354 711 po-

289 713 400 758 tiori);
425 724 501 746 cum
518 722 629 746 autem
646 712 793 754 infertur,
811 712 1017 746 citharoedus
1042 713 1160 754 bonus,
1177 726 1245 747 non
1265 714 1356 747 boni-

290 770 390 795 tatem
413 763 514 795 moris
532 761 589 795 sed
609 763 684 794 artis
709 761 890 806 praedicas:
915 763 1002 796 unde
1027 764 1242 796 terminorum
1267 763 1355 796 iden—

289 811 363 844 titas
379 822 448 843 non
472 811 623 844 salvatur.
649 810 856 844 sufficienter
880 812 980 855 igitur
1003 821 1034 845 et
1057 811 1217 845 subtiliter
1232 813 1356 846 Aristo-

289 859 369 893 teles
392 859 542 893 eamdem
555 859 595 893 de
611 860 758 904 utrisque
773 859 911 904 protulit
926 862 1131 901 sententiam,
1149 863 1225 905 quia
1240 860 1355 894 eadem

290 917 339 942 est
361 908 460 949 haec,
485 917 517 942 et
540 908 584 941 ibi
608 909 690 941 ratio
714 917 774 942 etc.

350 957 379 990 8.
393 958 464 992 Nec
477 957 752 1001 praetereundum
763 965 812 990 est
824 957 926 1002 quod,
940 969 1015 991 cum
1028 967 1092 991 tres
1106 959 1355 1002 consequentias

291 1005 424 1039 adduxit
448 1007 675 1051 quaestionem
699 1006 930 1050 proponendo,
947 1007 1085 1047 scilicet;
1109 1016 1158 1040 est
1181 1006 1301 1040 animal
1325 1016 1356 1039 et

290 1055 397 1100 bipes;
422 1068 500 1100 ergo
517 1065 566 1089 est
582 1055 703 1088 animal
722 1055 831 1099 bipes:
857 1065 903 1096 et,
921 1065 969 1089 est
985 1056 1087 1089 homo
1104 1065 1136 1090 et
1152 1056 1259 1096 albus;
1276 1068 1355 1100 ergo

290 1114 340 1138 est
367 1105 470 1138 homo
494 1105 601 1138 albus:
626 1113 675 1144 et,
699 1114 748 1138 est
772 1104 977 1139 citharoedus
1001 1114 1034 1138 et
1054 1105 1180 1145 bonus;
1205 1117 1284 1149 ergo
1308 1115 1356 1139 est

290 1153 398 1187 bonus
423 1153 646 1193 citharoedus;
670 1162 702 1186 et
725 1153 805 1187 duas
825 1154 946 1197 primas
970 1163 1124 1198 posuerat
1148 1166 1218 1187 esse
1242 1154 1355 1194 bonas,

290 1203 419 1236 tertiam
442 1213 521 1235 vero
538 1211 625 1241 non;
641 1201 740 1235 huius
757 1202 952 1236 diversitatis
969 1214 1100 1235 causam
1117 1203 1279 1247 inquirere
1295 1214 1355 1236 vo-

290 1250 380 1292 lens,
404 1262 462 1284 cur
485 1250 644 1284 solvendo
675 1251 901 1295 quaestionem
925 1250 1017 1284 nullo
1042 1251 1144 1284 modo
1171 1252 1357 1285 meminerit

290 1299 453 1333 secundae
481 1301 754 1344 consequentiae,
783 1299 840 1333 sed
868 1308 995 1333 tantum
1030 1300 1154 1343 primae
1178 1309 1210 1333 et
1233 1301 1355 1334 tertiae.

290 1348 517 1383 Indiscussum
533 1360 676 1393 namque
691 1348 824 1393 reliquit
839 1360 880 1381 an
897 1348 950 1381 illa
963 1350 1197 1393 consequentia
1214 1350 1255 1382 sit
1270 1348 1357 1382 bona

242 1416 251 1418 ἡ
286 1396 443 1433 unhailai.
461 1418 475 1423 -
493 1398 534 1431 Et
549 1397 590 1431 ad
610 1397 674 1430 hoc
689 1397 819 1431 videtur
838 1396 920 1430 mihi
936 1396 1112 1431 dicendum
1129 1398 1219 1442 quod
1243 1410 1283 1431 ex
1306 1398 1356 1431 his

290 1449 403 1493 paucis
426 1446 533 1480 verbis
564 1447 664 1479 etiam
695 1446 782 1479 illius
814 1447 1068 1491 consequentiae
1102 1456 1252 1480 naturam
1283 1449 1358 1481 insi-

287 1497 414 1531 nuavit.
442 1494 670 1529 Profundioris
695 1496 783 1528 enim
811 1507 926 1528 sensus
958 1504 1065 1528 textus
1097 1507 1197 1540 capax
1224 1506 1358 1540 apparet

291 1557 368 1581 cum
391 1545 471 1580 dixit
495 1543 597 1590 quod,
614 1556 675 1578 non
697 1551 769 1578 sunt
791 1557 890 1578 unum
909 1544 1014 1578 album
1030 1551 1056 1578 et
1070 1546 1216 1578 musicum
1232 1554 1305 1585 etc„
1322 1554 1358 1578 ut

289 1595 414 1629 scilicet
429 1606 499 1627 non
513 1602 643 1627 tantum
659 1593 780 1627 indicet
796 1593 886 1638 quod
902 1594 1089 1638 expositum
1105 1603 1165 1633 est,
1182 1593 1239 1627 sed
1260 1595 1357 1627 etiam

290 1645 360 1678 eius
385 1654 528 1683 causam,
552 1655 592 1676 ex
615 1654 679 1688 qua
695 1651 810 1676 natura
833 1642 995 1676 secundae
1016 1644 1271 1687 consequentiae
1288 1643 1358 1676 elu-

291 1693 399 1727 cescit.
425 1692 535 1726 Causa
558 1703 700 1736 namque
725 1703 824 1736 quare
848 1691 959 1725 album
983 1700 1014 1725 et
1038 1692 1202 1724 musicum
1222 1703 1291 1725 non
1308 1693 1357 1725 in-

290 1742 399 1776 ferunt
422 1742 642 1779 coniunctam,
656 1741 934 1785 praedicationem
950 1749 1010 1781 est,
1028 1741 1104 1785 quia
1135 1742 1168 1774 in
1192 1741 1358 1785 praedica-

290 1793 381 1825 tione
405 1791 580 1824 coniuncta
609 1799 741 1834 oportet
764 1789 898 1823 alteram
927 1798 1053 1834 partem
1081 1789 1170 1823 alteri
1199 1791 1358 1834 supponi,

290 1849 328 1874 ut
351 1841 533 1885 potentiam
561 1840 663 1880 actui,
691 1839 732 1873 ad
755 1839 819 1872 hoc
843 1848 880 1872 ut
903 1851 942 1872 ex
966 1840 1012 1872 eis
1035 1839 1091 1872 fiat
1114 1838 1225 1883 aliquo
1256 1839 1358 1872 modo

290 1900 414 1930 unum,
443 1897 475 1922 et
503 1887 601 1921 altera
628 1899 646 1921 a
674 1888 798 1932 reliqua
826 1887 1056 1922 denominetur
1079 1888 1167 1933 (hoc
1191 1889 1279 1922 enim
1310 1889 1359 1922 vis

290 1938 485 1971 coniunctae
513 1936 764 1981 praedicationis
789 1937 939 1981 requirit,
967 1945 1004 1970 ut
1027 1948 1125 1981 supra
1154 1937 1295 1970 diximus
1319 1937 1359 1971 de

289 1985 435 2031 partibus
452 1984 683 2030 definitionis);
700 1985 811 2019 album
827 1994 937 2018 autern
950 1993 982 2018 et
994 1986 1158 2018 musicum
1175 1985 1359 2019 secundum

290 2046 325 2068 se
347 2046 417 2068 non
440 2034 564 2068 faciunt
587 2045 692 2067 unum
716 2045 775 2078 per
798 2045 844 2074 se,
868 2043 905 2067 ut
928 2042 1028 2078 patet,
1049 2045 1156 2078 neque
1181 2045 1285 2081 unum
1302 2046 1360 2078 per

289 2084 450 2119 accidens.
476 2083 569 2116 Licet
592 2084 681 2116 enim
705 2084 775 2127 ipsa
798 2091 836 2116 ut
860 2082 1045 2116 adunantur
1069 2084 1102 2116 in
1126 2082 1273 2116 subiecto
1290 2095 1358 2116 uno

289 2135 355 2168 sint
381 2144 487 2166 unum
516 2131 664 2165 subiecto
692 2143 750 2176 per
778 2131 943 2171 accidens,
972 2140 1082 2164 tamen
1114 2133 1253 2176 ipsamet
1276 2142 1358 2175 quae

290 2182 475 2216 adunantur
498 2180 532 2213 in
555 2191 642 2220 uno,
669 2181 767 2214 tertio
791 2180 957 2221 subiecto,
981 2191 1050 2214 non
1072 2179 1195 2213 faciunt
1218 2181 1302 2213 inter
1324 2192 1358 2213 se

290 2242 396 2265 unum
413 2241 470 2275 per
490 2229 658 2263 accidens:
683 2238 755 2263 tum
772 2230 848 2274 quia
864 2238 1019 2262 neutrum
1043 2229 1197 2262 informat
1220 2230 1358 2263 alterum

289 2279 398 2326 (quod
414 2279 590 2323 requiritur
606 2278 646 2312 ad
662 2279 822 2312 unitatem
839 2289 897 2322 per
909 2277 1059 2311 accidens
1076 2277 1262 2323 aliquorum
1275 2279 1359 2311 inter

290 2340 337 2368 se,
354 2327 430 2361 licet
444 2339 514 2360 non
538 2328 571 2360 in
587 2326 719 2372 tertio);
736 2335 807 2360 tum
824 2327 901 2371 quia
917 2338 985 2359 non
1003 2326 1205 2360 considerata
1221 2326 1358 2360 subiecti

290 2377 425 2418 unitate,
440 2387 524 2421 quae
540 2384 589 2409 est
605 2385 693 2409 extra
709 2387 825 2409 eorum
842 2376 995 2416 rationes,
1009 2375 1098 2409 nulla
1113 2384 1259 2408 remanet
1276 2377 1358 2408 inter

290 2438 328 2460 ea
352 2426 484 2459 unitatis
509 2436 616 2458 causa.
640 2425 762 2458 Dicens
787 2436 866 2469 ergo
890 2425 980 2469 quod
1004 2424 1114 2458 album
1139 2434 1170 2458 et
1193 2425 1358 2457 musicum

290 2485 360 2507 non
377 2482 454 2506 sunt
480 2484 604 2513 unurn,
629 2473 752 2506 scilicet
775 2473 859 2506 inter
882 2485 928 2513 se,
953 2473 1064 2518 aliquo
1088 2473 1202 2514 modo,
1227 2485 1357 2506 causam

291 2523 449 2567 expressit
473 2534 572 2567 quare
601 2523 803 2555 coniunctim
820 2533 889 2555 non
906 2521 1042 2555 infertur
1065 2533 1104 2555 ex
1127 2522 1173 2554 eis
1197 2522 1359 2566 praedica-

289 2580 373 2604 tum.
391 2571 433 2604 Et
449 2571 525 2615 quia
542 2571 774 2614 oppositorum
791 2569 905 2604 eadem
922 2580 971 2603 est
986 2570 1168 2614 disciplina,
1182 2571 1359 2603 insinuavit

291 2631 350 2664 per
373 2618 496 2652 illamet
520 2619 618 2652 verba
642 2618 821 2652 bonitatem
846 2619 932 2652 illius
957 2619 1220 2663 consequentiae.
1249 2619 1297 2651 Ex
1317 2630 1357 2651 eo

291 2668 380 2701 enim
393 2668 484 2713 quod
496 2667 599 2700 homo
613 2676 645 2700 et
660 2666 752 2700 albus
765 2679 799 2701 se
813 2667 933 2701 habent
946 2668 1030 2700 sicut
1045 2668 1191 2711 potentia
1207 2676 1239 2700 et
1255 2676 1357 2706 actus,

289 2715 340 2761 (et
355 2717 399 2749 ita
415 2715 530 2749 albedo
547 2715 712 2756 informet,
730 2715 920 2749 denominet
936 2724 1033 2760 atque
1050 2727 1154 2748 unum
1170 2715 1265 2749 faciat
1282 2727 1357 2748 cum

291 2763 426 2798 homine
442 2766 568 2798 ratione
581 2765 659 2810 sui),
673 2765 821 2809 sequitur
837 2763 927 2808 quod
944 2775 983 2797 ex
999 2763 1110 2797 divisis
1123 2773 1233 2808 potest
1249 2763 1356 2797 inferri

290 2814 466 2846 coniuncta
482 2813 698 2858 praedicatio;
722 2822 759 2847 ut
779 2813 920 2846 dicatur:
946 2819 986 2846 est
1009 2812 1092 2846 homo
1117 2819 1143 2846 et
1158 2812 1246 2846 albus
1254 2825 1268 2853 ;
1292 2824 1358 2856 ergo

290 2867 332 2894 est
354 2862 438 2895 homo
462 2862 560 2896 albus.
587 2863 678 2896 Sicut
695 2874 753 2907 per
769 2863 962 2906 oppositum
985 2861 1153 2895 dicebatur
1177 2861 1266 2906 quod
1283 2861 1357 2895 ideo

291 2911 456 2943 musicum
474 2920 507 2944 et
522 2911 632 2944 album
649 2923 718 2944 non
742 2910 884 2944 inferunt
903 2911 1118 2943 coniunctum
1135 2910 1358 2955 praedicatum

292 2958 369 3002 quia
391 2967 546 2992 neutrum
570 2958 708 2992 alterurn
733 2958 936 2992 informabat.

1476 387 1506 419 9.
1530 377 1601 410 Nec
1625 376 1731 410 obstat
1747 376 1837 421 quod
1861 376 1971 409 album
1995 376 2090 409 faciat
2113 387 2217 409 unum
2242 388 2299 420 per
2322 376 2470 410 accideris

1410 436 1485 457 cum
1502 425 1651 458 homine:
1676 437 1744 458 non
1768 426 1856 458 enim
1873 425 1996 459 dictum
2020 434 2069 458 est
2093 425 2183 469 quod
2207 426 2314 458 unitas
2339 437 2396 469 per
2423 437 2472 458 ac-

1410 473 1519 506 cidens
1536 474 1721 519 aliquorum
1739 474 1875 518 impedit
1890 486 1930 507 ex
1946 474 2080 507 diversis
2104 473 2222 507 inferre
2247 475 2471 514 coniunctum,

1409 521 1466 554 sed
1490 522 1580 566 quod
1603 523 1710 555 unitas
1738 534 1795 567 per
1826 523 1994 556 acccidens
2026 522 2212 567 aliquorum
2235 523 2360 555 ratione
2384 524 2469 555 tertii

1409 578 1536 603 tantum
1552 580 1600 604 est
1624 570 1678 604 illa
1694 583 1776 616 quae
1800 571 1947 615 impedit.
1973 571 2069 604 Talia
2092 572 2180 604 enim
2205 583 2288 615 quae
2311 582 2379 603 non
2396 579 2473 604 sunt

1410 630 1513 651 unum
1530 630 1587 663 per
1603 619 1751 652 accidens
1767 621 1830 652 nisi
1847 620 1971 653 ratione
1988 620 2084 659 tertii,
2101 620 2184 652 inter
2207 631 2242 652 se
2265 618 2389 652 nullam
2414 618 2471 651 ha-

1410 667 1487 700 bent
1509 669 1686 708 unitatem;
1714 677 1746 701 et
1769 677 1941 712 propterea
1971 680 2040 701 non
2063 677 2172 712 potest
2199 667 2307 701 inferri
2336 669 2472 701 coniun-

1410 725 1517 755 ctum,
1543 725 1579 751 ut
1602 716 1727 750 dictum
1750 726 1809 757 est,
1834 717 1923 762 quod
1946 718 2104 750 unitatem
2129 718 2293 761 importat.
2319 716 2377 750 Illa
2392 728 2471 749 vero

1411 776 1493 808 quae
1510 773 1587 797 sunt
1602 776 1707 798 unum
1723 777 1781 809 per
1797 765 1944 798 accidens
1965 766 2090 798 ratione
2112 766 2174 804 sui,
2191 777 2248 798 seu
2266 766 2349 797 inter
2364 776 2410 804 se,
2423 773 2472 805 ut,

1410 814 1494 846 homo
1511 813 1610 854 albus,
1627 825 1704 846 cum
1721 815 1894 846 coniuncta
1918 815 2132 858 accipiuntur,
2148 815 2271 847 unitate
2291 814 2472 847 necessaria

1410 873 1479 895 non
1496 871 1615 900 carent,
1628 863 1704 906 quia
1720 863 1804 895 inter
1815 874 1850 895 se
1866 863 2024 895 unitatem
2041 862 2170 896 habent.
2183 863 2346 896 Notanter
2361 871 2471 895 autern

1411 911 1550 954 apposui
1566 909 1600 954 ly
1618 916 1755 943 tantum:
1772 911 1929 954 quoniam
1946 911 1972 942 si
1993 910 2099 954 aliqua
2119 910 2185 944 duo
2202 920 2277 944 sunt
2293 922 2398 944 unum
2414 921 2472 954 per

1412 958 1572 998 accidens,
1588 959 1713 991 ratione
1730 959 1814 991 tertii
1830 958 1967 991 subiecti
1984 958 2115 999 scilicet,
2131 958 2187 992 sed
2204 971 2272 992 non
2289 967 2416 992 tantum
2431 970 2472 992 ex

1411 1006 1475 1039 hoc
1499 1005 1619 1039 habent
1634 1006 1803 1046 unitatem,
1827 1006 1884 1039 sed
1900 1006 1998 1039 etiam
2014 1007 2139 1040 ratione
2163 1008 2224 1047 sui,
2238 1020 2276 1041 ex
2300 1007 2364 1041 hoc
2380 1006 2471 1052 quod

1412 1054 1549 1087 alterum
1565 1054 1729 1098 reliquum
1746 1053 1914 1094 informat,
1931 1066 1969 1087 ex
1986 1055 2054 1087 istis
2071 1055 2181 1088 divisis
2197 1068 2265 1089 non
2281 1055 2472 1100 prohibetur

1412 1102 1521 1135 inferri
1539 1103 1762 1135 coniunctum.
1780 1102 1879 1136 Verbi
1896 1104 2007 1146 gratia,
2024 1104 2148 1147 optime
2165 1104 2294 1137 dicitur:
2309 1113 2357 1137 est
2373 1116 2473 1149 quan-

1411 1160 1483 1184 tum
1500 1160 1532 1184 et
1548 1159 1596 1183 est
1613 1151 1814 1190 coloratum;
1838 1162 1916 1194 ergo
1941 1159 1989 1183 est
2005 1160 2164 1195 quantum
2181 1151 2377 1185 coloratum:
2396 1153 2472 1197 quia

1412 1200 1504 1233 color
1527 1199 1681 1233 informat
1704 1200 1926 1243 quantitatem.

1483 1259 1531 1282 10.
1557 1249 1656 1282 Potes
1688 1257 1797 1281 autem
1822 1248 1950 1281 credere
1984 1248 2073 1293 quod
2104 1249 2245 1282 secunda
2272 1250 2326 1283 illa
2356 1261 2471 1284 conse-

1413 1299 1555 1342 quentia,
1580 1308 1678 1342 quam
1707 1308 1775 1330 non
1799 1296 1949 1340 explicite
1973 1297 2177 1330 confirmavit
2204 1298 2394 1332 Aristoteles
2421 1311 2472 1332 re-

1411 1346 1626 1391 spondend0‚
1657 1347 1698 1378 sit
1729 1345 1815 1378 bona
1842 1354 1873 1379 et
1904 1357 1943 1378 ex
1974 1357 2014 1379 eo
2043 1345 2132 1390 quod
2159 1347 2227 1390 ipse
2255 1347 2472 1391 proponendo

1412 1396 1638 1441 quaestionem
1655 1395 1791 1428 asseruit
1806 1394 1939 1434 bonam,
1956 1404 1988 1427 et
2011 1406 2050 1427 ex
2066 1406 2105 1427 eo
2130 1394 2219 1439 quod
2242 1395 2330 1428 nulla
2347 1397 2474 1429 istantia

1411 1445 1580 1489 reperitur.
1605 1445 1787 1477 Insinuavit
1802 1452 1911 1476 autem
1935 1451 1967 1476 et
1990 1443 2181 1477 Aristoteles
2206 1444 2294 1488 quod
2311 1444 2379 1477 sola
2403 1445 2473 1478 talis

1413 1494 1520 1526 unitas
1537 1493 1674 1537 impedit
1690 1492 1869 1526 illationem
1894 1492 2115 1531 coniunctam,
2133 1491 2264 1537 quando
2281 1492 2361 1525 dixit
2382 1504 2473 1537 quae-

1412 1554 1526 1586 cunque
1548 1542 1710 1576 secundum
1733 1542 1863 1575 accidens
1883 1541 2023 1575 dicuntur
2044 1541 2092 1574 vel
2114 1541 2148 1574 de
2171 1541 2267 1574 eodem
2289 1541 2336 1574 vel
2359 1542 2472 1575 alteru-

1413 1598 1495 1625 trum
1517 1591 1552 1624 de
1575 1591 1678 1625 altero.
1704 1591 1792 1625 Cum
1816 1591 1904 1624 enim
1928 1589 2018 1628 dixit,
2034 1589 2194 1623 secundum
2218 1590 2348 1623 accidens
2371 1591 2405 1624 de
2427 1603 2474 1625 eo-

1413 1640 1496 1680 dem,
1522 1640 1680 1672 unitatem
1705 1651 1820 1672 eorum
1844 1651 1883 1672 ex
1904 1639 1973 1672 sola
1989 1638 2186 1672 adunatione
2203 1639 2236 1671 in
2253 1640 2347 1672 tertio
2364 1642 2475 1683 posuit

1413 1688 1510 1733 (sola
1534 1689 1622 1721 enim
1647 1687 1726 1721 haec
1750 1699 1808 1732 per
1831 1687 1980 1721 accidens
2011 1687 2237 1731 praedicantur
2268 1687 2307 1721 de
2339 1688 2474 1730 eodem,

1414 1746 1451 1770 ut
1476 1737 1599 1770 dictum
1617 1736 1697 1781 est);
1714 1748 1790 1769 cum
1807 1745 1916 1770 autem
1940 1736 2073 1775 addidit,
2097 1736 2144 1770 vel
2167 1737 2347 1770 alterutrum
2370 1737 2404 1770 de
2431 1738 2475 1771 al-

1415 1794 1495 1827 tero,
1521 1795 1670 1819 mutuam
1695 1785 1985 1819 accidentalitatem
2010 1797 2147 1829 ponenS,
2163 1797 2201 1818 ex
2218 1785 2306 1818 nulla
2323 1794 2413 1829 parte
2430 1787 2476 1819 in-

1414 1845 1463 1869 ter
1486 1847 1520 1868 se
1544 1835 1703 1868 unitatem
1726 1835 1866 1879 reliquit.
1891 1835 2038 1878 Utraque
2062 1846 2141 1878 ergo
2165 1846 2222 1878 per
2246 1834 2394 1867 accidens
2418 1835 2474 1868 ad-

1415 1884 1511 1918 ducta
1524 1884 1718 1928 praedicata,
1735 1885 1768 1916 in
1784 1884 1879 1916 tertio
1897 1883 2018 1916 scilicet
2029 1883 2081 1916 vel
2097 1883 2299 1924 alterutrum,
2316 1895 2399 1928 quae
2412 1885 2472 1917 im-

1414 1933 1547 1977 pediant
1570 1933 1750 1967 illationem
1770 1934 1990 1973 coniunctam,
2007 1933 2139 1965 nonnisi
2156 1933 2188 1965 in
2204 1933 2300 1965 tertio
2317 1933 2475 1966 unitatem

1414 1982 1543 2016 habent.

1485 2042 1497 2063 1
1507 2042 1533 2064 1.
1547 2030 1676 2064 Deinde
1693 2042 1769 2063 cum
1786 2030 1876 2064 dicit:
1889 2030 2032 2074 Amplius
2044 2041 2094 2063 nec
2107 2038 2179 2070 etc.‚
2193 2029 2346 2063 satisfacit
2358 2030 2476 2063 instan-

1414 2081 1468 2113 tiis
1492 2081 1526 2113 in
1542 2079 1735 2124 probatione
1751 2079 1917 2119 adductis,
1942 2087 1973 2112 et
1997 2079 2030 2111 in
2055 2078 2117 2111 illis
2134 2079 2167 2111 in
2192 2078 2309 2123 quibus
2327 2078 2475 2122 explicita

1415 2128 1679 2162 committebatur
1701 2129 1849 2172 nugati0‚
1870 2137 1902 2162 et
1925 2129 1958 2160 in
1982 2127 2043 2160 illis
2065 2128 2098 2160 in
2115 2127 2232 2172 quibus
2256 2126 2427 2171 implicita;
2444 2135 2476 2160 et

1414 2179 1459 2211 ait
1482 2177 1572 2222 quod
1595 2189 1664 2211 non
1688 2177 1797 2210 solum
1826 2176 1941 2210 inferre
1969 2189 2009 2210 ex
2032 2175 2143 2209 divisis
2171 2177 2383 2209 coniunctum
2407 2187 2475 2209 non

1414 2226 1489 2260 licet
1513 2226 1645 2271 quando
1676 2225 1858 2270 praedicata
1883 2225 1936 2258 illa
1959 2229 2036 2258 'sunt
2067 2237 2124 2269 per
2147 2224 2315 2264 accidens,
2346 2224 2403 2258 sed
2426 2235 2477 2258 nec

1415 2277 1512 2309 etiam
1536 2286 1726 2320 quaecunque
1749 2276 1852 2308 insunt
1874 2275 1906 2307 in
1929 2274 2003 2307 alio:
2027 2273 2125 2313 idest,
2150 2273 2206 2306 sed
2230 2284 2290 2306 nec
2313 2272 2377 2306 hoc
2400 2272 2476 2305 licet

1415 2324 1548 2370 quando
1572 2324 1755 2368 praedicata
1778 2322 1949 2356 includunt
1973 2334 2018 2362 se,
2036 2323 2078 2355 ita
2096 2321 2185 2366 quod
2201 2333 2305 2354 unum
2329 2321 2474 2354 includa-

1415 2383 1468 2406 tur
1484 2374 1516 2406 in
1534 2372 1715 2416 significato
1732 2371 1860 2405 formali
1881 2371 2012 2405 alterius
2029 2372 2212 2410 intrinsece,
2230 2371 2297 2403 sive
2313 2370 2474 2414 eprIcitc,

1414 2431 1451 2455 ut
1474 2421 1584 2455 album
1609 2422 1642 2454 in
1666 2421 1758 2460 albo,
1783 2421 1850 2453 sive
1873 2421 2044 2464 implicite,
2069 2429 2105 2453 ut
2129 2418 2248 2452 animal
2271 2428 2303 2452 et
2326 2418 2417 2462 bipes
2441 2419 2474 2451 in

1414 2470 1559 2504 homine.
1587 2470 1699 2510 Quare
1723 2481 1830 2514 neque
1854 2469 1958 2503 album
1989 2468 2175 2513 frequenter
2198 2467 2320 2500 dictum
2345 2466 2474 2500 divisim

1414 2521 1510 2553 infert
1542 2520 1774 2559 coniunctum,
1798 2530 1904 2562 neque
1936 2518 2020 2551 homo
2052 2516 2181 2550 divisim
2205 2515 2244 2548 ab
2268 2515 2399 2548 animali
2422 2515 2474 2548 vel

1413 2568 1530 2612 bipede
1554 2568 1776 2607 enunciatum,
1801 2566 1920 2600 animal
1937 2566 2027 2608 bipes
2039 2565 2065 2605 *,
2083 2566 2296 2598 coniunctum
2321 2575 2396 2596 cum
2412 2562 2472 2595 ho-

1414 2618 1502 2650 mine
1519 2616 1630 2656 infert;
1647 2624 1683 2648 ut
1699 2616 1834 2655 dicatur,
1851 2627 1916 2659 ergo
1934 2615 2065 2648 Socrates
2081 2620 2122 2647 est
2136 2614 2220 2646 homo
2237 2613 2325 2657 bipes,
2342 2612 2394 2644 vel
2410 2612 2475 2645 ani—

1413 2665 1478 2698 mal
1493 2665 1587 2698 homo.
1614 2666 1730 2698 Insunt
1753 2665 1841 2697 enim
1865 2664 1898 2696 in
1922 2663 2065 2696 hominis
2089 2663 2224 2700 ratione,
2242 2660 2360 2693 animal
2377 2669 2408 2692 et
2424 2659 2472 2692 bi-

1414 2726 1471 2758 pes
1495 2723 1568 2747 actu
1593 2723 1625 2747 et
1648 2712 1829 2752 intellectu,
1853 2712 1928 2745 licet
1958 2711 2123 2755 implicite.
2154 2710 2224 2743 Stat
2247 2721 2326 2752 ergo
2350 2709 2472 2742 solutio

1414 2763 1614 2806 quaestionis
1636 2762 1669 2794 in
1693 2761 1767 2801 hoc,
1792 2760 1882 2806 quod
1905 2761 2012 2793 unitas
2037 2759 2179 2803 plurium
2204 2769 2261 2802 per
2276 2757 2424 2790 accidens
2441 2758 2473 2790 in

1413 2812 1510 2844 tertio
1526 2819 1654 2844 tantum
1671 2819 1703 2843 et
1725 2811 1873 2854 nugati0‚
1890 2808 2074 2852 impediunt
2089 2819 2128 2840 ex
2144 2807 2254 2840 divisis
2271 2805 2378 2838 inferri
2395 2816 2472 2838 con-

1414 2861 1582 2899 iunctum3
1599 2869 1630 2893 et
1648 2867 1903 2903 consequenter,
1920 2857 1975 2890 ubi
1991 2866 2145 2890 neutrum
2162 2855 2280 2888 horum
2297 2855 2470 2893 invenitur,

1413 2921 1454 2942 ex
1484 2909 1595 2942 divisis
1626 2907 1735 2941 licebit
1762 2906 1877 2940 inferre
1906 2907 2128 2939 coniunctum.
2165 2905 2205 2937 Et
2236 2903 2299 2936 hoc
2330 2902 2472 2946 intellige

1414 2957 1546 3002 quando
1572 2956 1693 2990 divisae
1714 2964 1791 2988 sunt
1813 2955 1911 2988 simul
1935 2965 2028 2987 verae
2052 2953 2092 2986 de
2115 2952 2233 2986 eodem
2256 2960 2317 2984 etc.

2501 2574 2511 2585 ⁶
2521 2574 2562 2596 Ed.
2578 2581 2602 2596 c:
2621 2575 2713 2597 animal

2500 2601 2538 2622 νεΙ
2549 2601 2620 2629 bipes.
