2548 4192
902 297 1640 344 DJSTHOMMMAQmNffHsst

241 387 293 418 ΠΙ.
313 387 426 427 Neque
448 390 582 425 reponat
605 382 807 413 doctissimus
827 380 1013 422 'Lequienus
1036 379 1092 409 lias
1121 376 1242 408 nostras

173 430 444 472 interpretationes
461 438 539 467 esse,
556 434 638 469 quae
654 426 822 458 haereticas
838 424 1044 466 loquutiones
1061 421 1242 453 obscuriore

173 476 316 517 quodam
347 474 447 505 modo
479 471 658 514 propositas
681 471 721 501 ad
754 470 946 501 catholicum
978 477 1108 498 sensum
1140 467 1242 497 detor-

174 526 283 561 quent.
310 519 391 550 Sunt
422 518 490 548 imo
514 515 672 556 simplices
702 514 930 545 sententiarum
961 511 1127 552 grandiore
1160 510 1242 551 stylo

174 564 362 604 scriptarum
377 561 610 602 explicationes,
627 569 709 600 quae
725 558 917 589 catholicum
935 566 1075 593 sensum,
1092 564 1158 585 non
1174 554 1243 585 lon-

175 618 214 649 ge
237 607 383 648 petitum,
400 606 455 636 sed
478 604 624 646 pervium
648 613 683 634 ac
707 603 841 643 planum
864 600 1065 642 patefaciunt.
1084 599 1179 630 Hisce
1199 598 1244 628 di-

176 651 232 683 ctis
255 651 465 682 abutebantur
480 649 612 690 quidem
626 646 884 688 Monophysitae,
901 644 1132 676 haereticorum
1155 653 1243 673 more

176 695 323 737 proprios
347 704 466 725 errores
489 699 525 724 ut
547 698 694 733 poterant
716 697 872 731 tegentes:
892 696 924 721 at
946 688 1057 720 eadem
1071 687 1244 727 Areopagi-

176 740 237 771 tica
260 739 342 770 dicta
364 748 422 769 nec
450 737 605 769 haeresim
635 735 786 774 efferunt,
813 744 871 765 nec
894 733 1049 764 haeresim
1078 732 1244 762 involucro

176 784 348 815 verborum
364 789 479 814 tectam
495 781 761 821 complectuntur,
779 786 814 810 ut
829 779 912 809 illius
936 777 1003 808 aevi
1018 777 1124 807 Patres
1141 782 1244 806 osten-

178 828 303 859 debant.
320 827 413 868 Opus
429 827 521 865 foret,
535 824 833 865 Areopagiticorum
849 829 959 854 auctor
973 821 1157 862 probaretur
1172 820 1245 850 hae-

177 872 292 903 reticus
315 871 508 912 argumentis
532 869 659 900 aliunde
682 869 806 909 petitis,
832 874 868 898 ut
891 876 972 908 quae
1001 866 1132 896 demum
1155 874 1245 904 gran-

177 916 266 947 diore
289 916 432 957 quodam
456 915 538 956 stylo
562 924 598 944 ac
621 913 746 944 insueto
770 911 921 953 protulit,
946 920 1041 951 prava
1073 915 1178 939 mente
1211 918 1246 938 ac

177 970 276 1001 pravo
300 970 394 991 sensu
419 960 500 990 dicta
533 958 718 989 dicerentur.
742 959 785 987 At
807 956 884 986 haec
907 959 1092 995 argumenta
1121 958 1246 993 praesto

178 1015 246 1035 non
270 1004 398 1035 fuerunt
421 1003 596 1044 Lequieno.

246 1048 437 1089 Caeteroqui
460 1057 535 1078 vero
554 1057 591 1077 ex
614 1046 672 1076 hac
695 1044 807 1075 intima
830 1050 860 1074 et
882 1041 1017 1073 mirabili
1036 1047 1165 1071 naturae
1189 1039 1246 1069 hu-

180 1103 292 1123 manae
315 1093 348 1123 in
372 1092 499 1123 Christo
523 1090 747 1121 coniunctione
771 1098 845 1119 curn
868 1093 979 1117 natura
1003 1084 1108 1115 divina
1133 1084 1165 1114 in
1184 1093 1248 1113 una

180 1136 393 1168 sanctissimae
416 1134 580 1166 Trinitatis
609 1143 745 1174 persona
779 1131 968 1171 colligebant
989 1135 1108 1159 veteres
1130 1128 1247 1165 Patres,

180 1181 299 1221 absque
323 1180 387 1210 ulla
410 1178 522 1209 erroris
546 1177 744 1218 suspicione,
770 1176 886 1206 factam
908 1174 996 1205 illam
1019 1182 1086 1203 esse
1110 1171 1248 1201 divinam

181 1231 212 1255 et
234 1223 421 1262 deificatam,
437 1229 469 1253 et
490 1222 524 1252 in
547 1222 682 1252 alterurn
713 1218 957 1262 quodammodo
980 1223 1098 1247 statum
1121 1215 1249 1246 transla-

179 1275 267 1308 tam,
292 1278 328 1299 ac
350 1274 435 1299 recto
459 1267 592 1297 demum
615 1272 646 1296 et
669 1264 824 1296 catholico
848 1272 942 1293 sensu
966 1271 984 1291 a
1012 1260 1173 1291 divinitate
1197 1259 1249 1289 ab-

180 1319 332 1353 sorptam.
359 1312 395 1343 Id
426 1321 522 1349 vero,
549 1320 584 1340 ac
609 1316 768 1350 praeterea
792 1307 890 1345 nihil,
915 1305 1087 1337 verborum
1116 1313 1250 1334 suorum

181 1356 433 1398 magnificentia,
459 1362 489 1386 et
512 1354 621 1395 grandi
645 1353 838 1394 sublimique
861 1350 985 1382 dicendi
1007 1358 1132 1389 genere,
1159 1348 1251 1378 docet

180 1407 291 1432 auctor
304 1399 611 1440 Areopagiticorum.
629 1398 759 1429 Patrum
773 1395 953 1428 testimonia
967 1393 1141 1434 Dionysius
1162 1393 1250 1422 Peta-

178 1445 250 1476 vius
272 1445 353 1476 libro
370 1444 412 1475 1v
433 1444 472 1474 de
495 1442 722 1480 incarnatione,
739 1441 840 1482 capite
858 1450 900 1479 rx,
917 1446 948 1470 et
963 1439 1045 1470 libro
1063 1438 1104 1475 X,
1122 1436 1222 1477 capite
1241 1447 1251 1466 1

181 1499 248 1520 non
263 1498 365 1530 pauca
381 1488 511 1529 profert,
529 1497 611 1528 quae
626 1493 773 1517 naturam
789 1486 964 1516 humanam
980 1484 1013 1514 in
1032 1481 1160 1513 Christo
1176 1481 1252 1511 Dei-

171 1533 309 1576 ficatam
333 1533 520 1564 enunciant:
547 1541 629 1572 quae
653 1540 818 1572 perperam
841 1536 872 1560 et
900 1528 1014 1559 iniuria
1038 1526 1078 1556 ad
1101 1525 1253 1556 invidiam

182 1577 384 1609 conflandam
406 1576 652 1608 traducerentur.
676 1575 922 1611 Orthodoxum,
948 1573 1063 1613 cuique
1087 1570 1252 1611 pervium,

182 1622 330 1663 exprimit
353 1631 483 1652 sensum
505 1620 579 1651 loco
603 1619 760 1660 posterius
784 1618 878 1649 citato
905 1627 995 1648 num.
1020 1616 1052 1654 8,
1075 1614 1131 1645 ubi
1153 1613 1253 1644 varias

182 1673 314 1698 naturae
332 1666 492 1697 humanae
515 1664 721 1705 proprietates
744 1663 925 1703 distinguit;
952 1662 1107 1701 docetque
1136 1658 1254 1699 quibus

182 1711 248 1750 illa,
265 1710 351 1741 salva
372 1709 564 1750 integritate,
590 1708 719 1749 spoliari
737 1707 857 1748 possit,
883 1706 1038 1747 quibusve
1061 1714 1138 1734 non.
1164 1702 1254 1733 Aliae

185 1761 261 1786 sunt
275 1755 452 1796 specificae,
469 1760 505 1784 ut
520 1752 697 1784 ratiocinari
720 1761 826 1792 posse,
842 1750 1025 1790 intelligere,
1041 1748 1142 1789 loqui,
1159 1747 1254 1777 libere

185 1809 287 1840 agere,
302 1798 473 1832 individuis
488 1797 639 1828 omnibus
662 1795 811 1827 humanis
827 1804 1026 1832 communes,
1042 1799 1073 1823 et
1095 1792 1135 1823 ad
1151 1801 1254 1822 essen-

184 1844 263 1875 tiam
285 1843 476 1884 pertinentes
495 1842 546 1872 vel
568 1841 762 1882 profluentes
781 1850 819 1871 ex
837 1838 980 1870 essentia.
1004 1837 1095 1868 Aliae
1109 1836 1254 1867 adventi-

185 1889 251 1920 tiae
276 1892 307 1918 et
321 1887 512 1924 accidentes,
533 1885 600 1916 sine
616 1885 733 1926 quibus
756 1891 900 1915 constare
923 1880 1034 1914 natura
1056 1887 1181 1922 potest;
1204 1880 1255 1911 vel

184 1930 356 1963 individuis
379 1930 530 1962 omnibus
546 1929 780 1967 convenientes,
797 1927 978 1959 cuiusmodi
999 1933 1074 1957 sunt
1095 1931 1255 1965 aegrotare

185 1986 280 2017 posse
299 1975 350 2006 vel
365 1985 480 2006 sanum
503 1984 570 2006 esse
586 1983 691 2015 posse,
707 1973 803 2004 morti
820 1979 851 2004 et
866 1971 1063 2012 corruptioni
1079 1969 1256 2001 obnoxium

186 2030 265 2059 esse,
281 2019 548 2060 concupiscentia,
565 2026 595 2050 et
617 2018 651 2049 in
674 2024 840 2059 peccatum
863 2016 1046 2058 propensio,
1062 2014 1179 2056 quibus
1198 2014 1256 2044 ho-

186 2065 314 2096 minum
336 2074 432 2095 nemo
449 2070 532 2095 caret
555 2063 630 2094 citra
645 2062 802 2103 singulare
825 2062 885 2093 Dei
901 2060 1108 2092 beneficium:
1127 2058 1178 2089 vel
1193 2069 1256 2089 cer·

186 2109 227 2140 tis
250 2109 413 2140 dumtaxat
434 2107 616 2147 individuis,
634 2117 700 2138 non
724 2107 875 2137 omnibus
898 2111 1125 2146 competentes,
1148 2110 1184 2134 ut
1207 2113 1256 2134 ae-

186 2153 326 2195 grimdo,
348 2153 433 2183 bona
450 2152 621 2190 valetudo,
646 2151 761 2182 vitium
784 2150 926 2191 corporis
949 2156 1004 2180 aut
1034 2147 1152 2186 animi,
1175 2157 1257 2189 quae

187 2207 255 2229 non
277 2197 386 2228 insunt
408 2197 569 2228 omnibus.
592 2197 659 2227 lam
681 2205 757 2226 vero
781 2205 857 2226 cum
879 2193 1023 2235 proprias
1046 2199 1176 2224 naturae
1199 2192 1257 2223 hu-

188 2251 301 2274 manae
317 2241 496 2272 affectiones
512 2241 671 2281 protulere
694 2240 799 2271 Patres
822 2240 856 2270 in
872 2238 1032 2269 divinitate
1052 2238 1122 2268 Iesu
1141 2236 1258 2268 Christi

188 2288 351 2326 absorptus
375 2296 411 2317 ac
426 2285 513 2316 velut
535 2285 696 2322 extinctas,
717 2284 756 2315 de
772 2284 878 2325 priore
900 2293 1013 2324 genere
1028 2282 1259 2323 proprietatum

187 2330 287 2362 locuti
304 2330 436 2361 minime
452 2336 535 2360 sunt.
547 2331 595 2360 Ac
611 2339 685 2360 sane
701 2329 791 2370 quod
806 2328 917 2359 attinet
927 2328 967 2358 ad
985 2333 1149 2358 auctorem
1159 2328 1258 2356 Areo-

187 2374 410 2417 pagiticorum,
427 2374 498 2415 quis
522 2373 631 2416 dixerit
654 2373 735 2404 hanc
758 2374 797 2404 ab
821 2383 860 2403 eo
884 2371 1055 2403 admissam
1083 2370 1258 2410 absorptio-

187 2429 264 2450 nem
287 2418 585 2459 extinctionemque,
602 2427 676 2448 cum
699 2418 818 2458 passim
842 2417 963 2454 doceat,
980 2422 1127 2446 naturam
1147 2414 1259 2444 huma-

189 2474 265 2494 nam
288 2473 307 2493 a
328 2463 434 2494 Verbo
454 2463 657 2502 adsumptam
676 2471 761 2499 vere,
779 2463 916 2502 integre,
928 2460 1084 2501 perfecte,
1107 2459 1258 2496 totaliter,

190 2507 380 2545 omnimode,
398 2506 490 2537 salvis
505 2507 667 2537 humanae
683 2512 822 2537 naturae
837 2504 1034 2542 veritatibus,
1051 2513 1087 2534 ac
1108 2503 1260 2533 inviolato

190 2558 338 2583 manente
356 2551 593 2591 proprietatum
616 2555 722 2581 statu.-
749 2559 831 2591 quae
854 2555 921 2580 tam
951 2548 1130 2589 frequenter
1161 2547 1260 2577 incul-

191 2603 261 2628 cata
282 2596 377 2626 verba
392 2604 522 2625 sensum
545 2604 678 2625 omnem
700 2594 845 2625 reiiciunt
867 2600 898 2624 et
924 2591 1206 2633 apollinaristicum
1230 2597 1261 2622 et

193 2639 430 2682 eutychianum.

259 2684 396 2715 Alterius
419 2683 541 2724 generis
565 2683 795 2723 proprietatum
818 2681 973 2723 quasdam
996 2680 1102 2711 statim
1121 2679 1261 2710 exclusas

191 2729 337 2760 funditus
359 2728 550 2769 penitusque
573 2728 606 2758 in
630 2727 758 2758 Christo
780 2727 916 2757 docuere
939 2726 1063 2763 Patres;
1087 2724 1260 2765 quasdam,

193 2774 274 2804 dum
295 2773 329 2803 in
352 2773 439 2803 terris
462 2772 529 2813 ipse
552 2771 688 2810 viveret,
714 2771 931 2811 procurandae
963 2769 1071 2800 salutis
1103 2769 1262 2799 humanae

193 2817 292 2859 gratia
313 2817 488 2848 retinuisse.
504 2816 627 2847 Priores
651 2826 705 2846 eae
728 2821 812 2853 sunt,
832 2825 914 2856 quae
937 2813 1127 2854 contagione
1151 2813 1263 2853 culpae

195 2862 302 2903 aliqua
324 2868 398 2892 sunt
420 2861 559 2899 afflatae;
579 2860 761 2891 cuiusmodi
784 2866 830 2890 est
852 2859 1003 2900 peccandi
1031 2865 1191 2899 potestas,
1217 2857 1263 2887 in-

195 2906 329 2937 testinus
345 2905 617 2946 concupiscentiae
631 2905 773 2942 morbus,
789 2904 822 2934 id
838 2914 938 2944 genus
954 2904 1023 2933 alia.
1035 2905 1078 2933 At
1093 2912 1175 2944 quae
1191 2907 1266 2932 sunt

198 2950 324 2980 alterius
347 2949 472 2989 speciei,
489 2956 520 2980 et
535 2949 647 2990 procul
670 2950 708 2980 ab
724 2948 802 2979 vitio
826 2954 1019 2988 peccatoque
1041 2953 1125 2984 sunt,
1142 2946 1266 2977 tametsi

197 2993 349 3024 vilissima
371 3003 407 3024 ac
429 2993 648 3033 indignissima
670 2999 756 3024 tanta
775 2993 936 3023 maiestate
960 2991 1086 3029 fuerint,
1103 2991 1266 3031 aliquanto

200 3038 234 3068 in
257 3047 290 3068 se
312 3043 455 3077 tempore
479 3038 632 3078 suscepit3
652 3044 688 3068 ut
711 3044 757 3068 est
780 3035 936 3067 moriendi
960 3035 1112 3073 conditio,
1134 3035 1267 3073 tristitia,

202 3081 313 3118 fames,
329 3081 497 3119 lassitudo,
523 3082 588 3112 sitis
619 3091 654 3112 ac
677 3081 797 3122 reliqua
819 3081 852 3111 id
875 3090 974 3120 genus
1002 3080 1161 3110 humanae
1183 3078 1268 3109 infir-

203 3125 320 3156 mitatis
343 3132 537 3165 argumenta.
554 3126 646 3163 Quae
661 3132 778 3164 tamen,
794 3125 920 3156 mortali
938 3125 1019 3155 vitae
1035 3131 1117 3154 statu
1141 3123 1269 3164 perfun-

202 3177 284 3208 ctus,
301 3168 449 3209 deposuit
471 3169 590 3207 omnia,
607 3176 638 3200 et
659 3169 692 3199 in
715 3169 975 3209 praestantiorem
998 3178 1033 3199 ac
1049 3168 1194 3198 divinum
1217 3168 1270 3197 ab·

203 3213 323 3245 sorberi
342 3212 524 3254 abolerique
542 3213 654 3251 voluit,
665 3223 779 3254 nempe
800 3220 874 3254 post
893 3212 1163 3244 resurrectionem.
1175 3212 1270 3251 Egre-

204 3259 294 3299 gium
318 3264 442 3298 praesto
466 3263 512 3287 est
542 3257 802 3297 Areopagiticum
830 3257 1069 3294 testimonium,
1095 3266 1162 3297 quo
1194 3256 1271 3286 haec

205 3302 348 3333 doctrina
371 3301 548 3332 orthodoxa
570 3301 700 3332 mirifice
729 3301 942 3333 confirmatur.
969 3301 1081 3340 Capite
1104 3311 1137 3330 111
1161 3300 1199 3330 de
1223 3309 1272 3330 ec-

205 3346 376 3378 clesiastica
398 3345 581 3376 Hierarchia
603 3355 693 3376 num.
713 3346 776 3386 3,§
798 3357 851 3383 ιι,
877 3346 922 3376 sic
944 3345 1039 3376 habet
1061 3350 1184 3374 auctor:
1210 3344 1274 3373 Dei

199 3391 394 3432 principalis
425 3390 575 3420 bonitatis
613 3390 738 3430 infinita
776 3390 957 3431 benignitas
967 3411 1056 3420 .....
1089 3393 1271 3418 nostrorum

206 3437 348 3466 omnium
373 3444 457 3471 vere,
477 3433 510 3467 ὲν
537 3430 668 3473 ἀληθεῖ,
688 3433 786 3474 facta
804 3435 968 3473 particeps
992 3432 1110 3472 absque
1127 3436 1271 3471 peccato,

209 3476 474 3522 ἀναμαρτήτως,
491 3479 725 3518 humilitatique
748 3483 878 3508 nostrae
894 3478 996 3513 unita,
1017 3476 1108 3506 salvo
1125 3476 1274 3514 proprie-

207 3529 309 3554 tatum
333 3534 468 3554 suarum
492 3528 578 3553 statu
596 3531 736 3563 prorsus
760 3521 929 3562 inconfuso
953 3526 983 3551 et
999 3520 1162 3555 inviolato,
1184 3519 1276 3549 cuius

208 3569 304 3598 etiam
329 3568 427 3605 nobis,
447 3573 553 3608 utpote
576 3567 762 3608 congeneiS,
783 3566 977 3596 consortium
1001 3564 1096 3594 dedit.
1122 3563 1275 3600 Peccato,

208 3618 240 3642 et
262 3611 300 3642 iis
322 3621 405 3652 quae
428 3612 547 3652 peccati
571 3611 759 3650 contagione
783 3610 888 3650 aliqua
911 3609 1014 3639 afflata
1033 3614 1106 3638 sunt
1130 3606 1276 3646 exceptis,

203 3657 368 3696 particeps
382 3656 482 3687 factus
497 3663 543 3686 est
557 3655 616 3686 Dei
631 3655 729 3686 Filius
753 3655 894 3685 omnium
914 3658 1107 3684 nostrorum.
1125 3651 1276 3682 Animad-

2270 306 2365 333 CLVII

1297 382 1392 414 verte,
1410 377 1517 406 omnia
1542 381 1652 407 nostra
1676 385 1694 405 a
1717 374 1775 405 Dei
1799 374 1880 405 Filio
1905 374 2091 414 adsumpta,
2115 374 2270 413 animam,
2295 385 2363 406 cor-

1298 430 1369 459 pus,
1386 420 1616 451 humanitatem
1640 429 1677 450 ex
1699 419 1736 449 iis
1760 418 2008 456 coalescentem,
2034 418 2271 458 praeditamque
2300 419 2365 449 suis

1298 463 1497 495 facultatibus
1522 471 1552 495 et
1571 463 1818 504 operationibus.
1835 462 2059 493 Animadverte
2082 471 2200 499 rursuS,
2217 462 2293 492 haec
2316 473 2366 493 ea-

1299 508 1372 538 dem
1395 509 1500 546 verba,
1517 509 1710 539 Nostrorum
1735 508 1876 538 omnium
1901 516 1975 537 vere
1987 506 2086 547 facta
2104 507 2280 546 particeps,
2298 516 2366 536 sen-

1299 562 1372 582 sum
1396 553 1486 582 edere
1510 552 1638 582 nonnisi
1658 552 1904 589 orthodoxum,
1930 550 2132 591 Eutychiano
2166 550 2308 589 dogmati
2331 560 2369 580 ex

1300 596 1453 627 diametro
1477 597 1656 635 adversum,
1678 596 1833 636 illumque
1857 595 1971 636 cuique
2005 594 2161 635 pervium.
2188 593 2269 631 Quis
2292 603 2367 624 vero

1300 639 1410 671 dixerit
1432 641 1543 671 eadem
1566 641 1604 671 ab
1629 647 1758 671 auctore
1781 640 1824 670 ita
1847 639 1993 679 usurpari
2017 638 2169 679 potuisse,
2194 644 2230 668 ut
2252 637 2369 678 signifi-

1299 691 1404 715 carent
1427 685 1657 715 humanitatem
1680 684 1739 715 sibi
1762 684 1868 714 Deum
1890 683 2048 721 iunxisse,
2075 682 2274 713 facultatibus
2303 682 2368 712 suis

1300 738 1334 758 ac
1358 729 1596 768 operationibus
1620 728 1824 766 mulctatam,
1849 738 1885 758 ac
1908 727 2006 758 veluti
2029 727 2278 758 instrumentum
2300 726 2367 757 ina-

1300 772 1395 811 nime,
1413 782 1468 813 per
1491 773 1579 813 quod
1595 783 1667 803 suas
1684 779 1819 803 exereret
1841 772 1961 802 divinas
1977 771 2188 811 operationes,
2207 780 2289 812 quae
2310 780 2367 801 no-

1300 823 1377 847 stras
1409 817 1565 847 humanas
1597 817 1795 847 imitarentur
1828 823 1858 846 et
1890 813 2099 856 supplerent?
2130 814 2368 856 Eutychianum

1300 861 1398 891 hocce
1422 867 1642 891 commentum
1660 860 1794 900 impingi
1817 860 1948 897 auctori,
1972 859 2028 900 qui
2051 859 2213 900 superiora
2236 859 2370 899 protulit

1301 904 1487 945 scripsitque
1509 905 1614 942 verba,
1634 914 1690 944 per
1704 904 1853 934 iniuriam
1875 904 2007 944 quidem
2022 910 2138 944 potest,
2158 904 2226 934 iure
2250 913 2286 934 ac
2301 913 2368 934 me-

1301 948 1362 979 rito
1386 947 1453 991 (me
1477 958 1551 978 sane
1574 946 1691 990 iudice)
1715 947 1846 977 minime
1870 954 1983 988 potest.

1638 1046 1848 1082 CAPUT
1891 1046 2035 1082 XVH.

1304 1133 1438 1158 Postrema
1456 1133 1573 1158 eiusdem
1593 1133 1725 1165 Epistolae
1743 1133 1775 1157 ad
1795 1133 1899 1163 Caium,
1918 1133 1996 1158 veluti
2016 1133 2119 1166 speciali
2138 1138 2198 1158 nota
2217 1133 2300 1166 digna,
2319 1135 2370 1159 Le-

1375 1167 1486 1200 quienus
1504 1168 1613 1201 opponit
1626 1168 1718 1193 verba:
1738 1176 1805 1201 quae
1823 1174 1910 1193 tamen
1924 1176 1977 1193 non
1990 1176 2078 1198 unam,
2093 1169 2139 1193 sed
2155 1176 2249 1193 novam
2263 1169 2370 1194 Deiviri-

1376 1203 1428 1227 lem
1447 1203 1473 1227 in
1492 1203 1595 1228 Christo
1608 1203 1786 1236 operationem
1799 1203 1944 1228 enunciant.
1963 1204 2034 1228 Haec
2047 1212 2110 1228 vero
2124 1211 2175 1228 non
2191 1203 2281 1228 mixtas
2296 1204 2372 1229 dum·
2384 1214 2387 1216 ·

1376 1243 1444 1263 taxat
1458 1246 1488 1263 ex
1502 1238 1636 1271 utriusque
1651 1244 1755 1263 naturae
1774 1238 1892 1263 confluxu
1901 1239 2065 1272 operationes
2075 1239 2265 1272 complectitur;
2279 1247 2372 1264 verum

1377 1274 1409 1298 ad
1428 1274 1476 1298 alia
1495 1282 1600 1307 quoque
1619 1274 1778 1307 protenditur
1795 1274 1975 1307 operationum
1993 1282 2096 1307 genera.

1307 1357 1329 1387 1.
1355 1350 1560 1431 Postrema
1583 1354 1726 1385 eiusdem
1747 1361 1876 1395 quartae
1894 1355 1934 1385 ad
1953 1355 2069 1386 Caium
2083 1355 2245 1396 Epistolae
2266 1357 2372 1396 verba,

1423 1410 1505 1441 quae
1520 1399 1796 1430 animadvertenda
1819 1399 1972 1440 proponit
1985 1400 2178 1441 Lequienus,
2193 1401 2270 1432 haec
2284 1408 2373 1432 sunt:

1311 1445 1482 1476 Caeterum
1506 1444 1627 1480 divina,
1645 1453 1707 1474 non
1727 1453 1790 1484 qua
1805 1444 1902 1483 Deus·
1912 1444 2087 1484 patrabat:
2106 1454 2206 1485 neque
2219 1445 2373 1484 humana,

1308 1495 1467 1530 quatenus
1476 1489 1568 1518 homo
1578 1488 1731 1529 gerebat:
1744 1487 1801 1519 sed
1814 1493 1972 1528 quatenus
1987 1493 2057 1519 erat
2066 1489 2156 1519 Deus
2166 1494 2197 1519 et
2205 1489 2309 1526 homo,
2320 1499 2374 1519 ηο-

1310 1544 1381 1566 vam
1401 1532 1585 1574 quamdam,
1598 1532 1758 1562 nobiscum
1774 1532 2005 1569 conversando,
2014 1533 2213 1570 Deivirilem,
2230 1526 2377 1577 θεανδρι-

1309 1577 1387 1618 κήν,
1398 1578 1614 1618 operationem
1632 1577 1808 1607 exhibebat.
1823 1576 1874 1606 Ad
1884 1586 1966 1617 quae
1981 1576 2024 1607 sic
2039 1577 2092 1607 ille
2103 1575 2232 1619 (n.15).·
2250 1591 2264 1605 ‹
2275 1578 2380 1618 Pergit

1313 1636 1327 1650 »
1351 1622 1520 1653 ementitus
1530 1626 1651 1658 auctor,
1662 1620 1830 1662 statimque
1846 1620 1952 1651 subdit
1966 1631 2047 1661 quae
2058 1621 2157 1661 magis
2168 1621 2271 1652 adhuc
2281 1633 2380 1653 unam

1313 1680 1327 1694 »
1350 1666 1482 1698 Deitatis
1505 1665 1774 1706 humanitatisque
1798 1671 1943 1695 naturam
1967 1665 2179 1705 compositam
2202 1667 2379 1706 adstruunt,

1314 1723 1328 1738 »
1351 1717 1481 1752 propter
1503 1709 1618 1740 mixtae
1649 1710 1746 1740 unius
1775 1719 1811 1740 ac
1833 1709 2000 1740 Deivirilis
2032 1710 2225 1750 operationis
2247 1721 2378 1750 vocem,

1313 1768 1328 1782 ›
1351 1765 1450 1797 quam
1472 1754 1540 1794 ipse
1564 1753 1713 1784 omnium
1740 1753 1862 1793 primus
1888 1753 2014 1784 invexit.
2032 1766 2047 1780 ›
2074 1753 2199 1785 Miratio
2223 1755 2308 1786 subit
2325 1755 2378 1786 ad-

1311 1800 1370 1830 seri
1393 1810 1411 1829 a
1435 1798 1611 1839 Lequieno,
1635 1798 1766 1828 mixtam
1785 1808 1883 1828 unam
1904 1807 1939 1828 ac
1952 1798 2140 1829 Deivirilem
2160 1799 2379 1840 operationem

1311 1845 1350 1874 ab
1373 1844 1429 1874 illo
1452 1849 1580 1874 auctore
1599 1842 1767 1880 invectam,
1783 1842 1838 1882 qui
1853 1846 1918 1872 non
1939 1852 2048 1879 unam,
2065 1842 2119 1872 sed
2138 1853 2252 1879 novam
2267 1854 2377 1884 quam-

1310 1889 1384 1919 dam
1409 1887 1547 1928 appellat
1565 1886 1749 1917 Deivirilem
1767 1886 1996 1927 operationem.
2016 1886 2247 1918 Animadvertit
2260 1887 2380 1919 ibidem

1311 1933 1378 1973 ipse
1401 1931 1604 1963 doctissimus
1635 1937 1758 1961 auctor:
1784 1930 1908 1972 Cyrum
1930 1930 2179 1961 Alexandrinum
2199 1932 2379 1963 anathema-

1311 1977 1406 2008 tismo
1426 1977 1494 2013 vn,
1515 1982 1545 2006 et
1563 1975 1708 2015 Sergium
1727 1974 2121 2015 Constantinopolitanum
2137 1975 2171 2006 in
2189 1976 2323 2017 epistola
2340 1977 2381 2006 ad

1312 2021 1463 2052 eumdem
1482 2020 1616 2062 Cyrum,
1632 2020 1728 2050 ambo
1743 2019 2027 2050 Monothelitarum
2041 2019 2205 2051 haereseos
2229 2027 2381 2061 patronos

1312 2066 1511 2107 praecipuos,
1529 2071 1564 2095 ut
1578 2064 1664 2094 virus
1683 2074 1779 2094 suum
1803 2064 1841 2094 de
1864 2073 1928 2094 una
1944 2062 2061 2094 Christi
2079 2064 2242 2095 voluntate
2260 2072 2290 2096 et
2304 2075 2380 2105 ope-

1313 2111 1433 2141 ratione
1457 2108 1571 2140 melius
1588 2107 1800 2145 infunderent,
1815 2107 1961 2149 Dionysii
1975 2107 2074 2148 ipsius
2088 2109 2182 2139 verba
2196 2109 2380 2140 labefactare

1313 2165 1379 2186 non
1403 2153 1576 2185 dubitasse:
1601 2153 1755 2194 quasique
1778 2162 1852 2182 vero
1877 2162 1943 2182 non
1967 2152 2010 2182 eis
2034 2151 2199 2192 sufficeret,
2218 2160 2382 2184 auctorem

1313 2200 1410 2230 istum
1434 2207 1549 2229 novam
1573 2197 1745 2238 quamdam
1761 2197 1948 2227 Deivirilem
1964 2196 2182 2236 operationem
2201 2197 2380 2237 protulisse,

1313 2253 1426 2274 vocem
1458 2243 1546 2273 illam
1574 2242 1606 2271 in
1637 2252 1734 2272 unam
1762 2241 1950 2271 Deivirilem
1979 2240 2198 2280 operationem
2230 2247 2380 2272 mutasse.

1314 2288 1381 2319 Cur
1405 2297 1479 2327 ergo
1510 2293 1541 2316 et
1571 2286 1638 2325 ipse
1670 2292 1792 2316 textum
1822 2284 1971 2316 eumdem
2001 2284 2184 2324 labefactat,
2217 2295 2253 2316 ac
2281 2295 2379 2316 unam

1314 2332 1472 2369 enunciat,
1496 2341 1562 2361 non
1587 2339 1701 2360 novam
1726 2329 1944 2369 operationem
1967 2327 2168 2359 Deivirilem?

1381 2375 1479 2407 Addit
1501 2375 1569 2405 ille:
1598 2388 1612 2402 ιι
1630 2373 1727 2411 Quod
1742 2373 1873 2414 quidem
1887 2379 2087 2413 postremum
2105 2373 2267 2414 Epistolae
2281 2383 2381 2404 mem-

1317 2434 1331 2448 »
1355 2421 1459 2457 brum,
1475 2419 1546 2449 licet
1569 2418 1723 2460 sequioris
1737 2418 1805 2448 aevi
1818 2417 1949 2448 Patrum
1964 2417 2143 2458 complures
2162 2425 2236 2458 post
2250 2417 2382 2459 Scytho-

1318 2478 1331 2492 >
1355 2464 1536 2505 politanum
1552 2462 1715 2500 loannem,
1734 2462 1850 2503 aliique
1870 2461 2003 2493 subinde
2021 2461 2196 2502 theologi...
2215 2461 2254 2492 ad
2269 2472 2383 2493 sanum

1318 2522 1332 2536 »
1356 2517 1485 2539 sensum
1499 2506 1592 2537 variis
1607 2505 1890 2547 interpretamentis
1904 2505 2068 2536 transferre
2085 2506 2190 2536 conati
2200 2513 2284 2545 sunt,
2295 2506 2338 2536 ita
2348 2512 2384 2537 ut

1319 2566 1332 2580 »
1355 2553 1420 2583 iam
1442 2551 1586 2583 Domino
1615 2551 1685 2581 Iesu
1708 2551 1876 2581 Deivirilis
1905 2549 2048 2590 operatio
2081 2550 2239 2591 quaedam
2266 2551 2385 2591 absque

1319 2610 1333 2624 ›
1355 2597 1429 2627 fidei
1453 2596 1642 2626 detrimento
1661 2595 1862 2626 attribuatur:
1882 2594 2091 2625 nihilominus
2111 2594 2204 2624 obvia
2217 2594 2315 2625 totius
2332 2604 2385 2634 pe-

1319 2654 1334 2669 »
1357 2641 1449 2679 riodi,
1474 2640 1610 2670 maxime
1634 2639 1688 2670 ubi
1712 2649 1787 2670 cum
1809 2639 1846 2669 iis
1866 2649 1947 2680 quae
1966 2645 2201 2679 praecesserunt
2222 2649 2385 2679 compara-

1320 2698 1334 2713 »
1357 2693 1419 2725 tur,
1443 2683 1660 2725 significantia,
1684 2683 1762 2714 nihil
1781 2690 1901 2724 praeter
1915 2689 2044 2713 naturae
2063 2683 2158 2713 unius
2178 2683 2385 2723 compositae,

1321 2743 1335 2758 »
1358 2730 1391 2760 in
1414 2739 1478 2771 qua
1496 2735 1603 2760 tamen
1622 2728 1729 2768 potior
1743 2728 1792 2766 sit,
1811 2728 2050 2768 humanamque
2071 2726 2212 2757 involvat
2229 2727 2385 2765 divinitas,

1320 2787 1334 2802 ιν
1357 2773 1563 2804 assertionem
1586 2779 1804 2812 repraesentat.
1823 2785 1836 2799 »
1864 2774 1907 2802 At
1925 2782 2006 2812 quae
2025 2777 2259 2811 praecesserunt
2277 2770 2387 2801 omnia

1318 2819 1351 2849 in
1374 2818 1536 2859 Epistolae
1560 2824 1718 2854 contextu,
1743 2827 1808 2847 non
1833 2816 1927 2847 unius
1951 2815 2067 2846 Christi
2091 2822 2219 2846 naturae
2243 2815 2385 2845 assertio-

1319 2873 1394 2894 nem
1417 2868 1665 2902 repraesentant:
1691 2871 1794 2902 neque
1817 2860 1985 2891 verbulum
2013 2860 2099 2890 adest
2129 2859 2217 2900 quod
2240 2866 2386 2889 naturam

1320 2906 1437 2938 Christi
1460 2906 1503 2936 ita
1526 2905 1739 2945 compositam
1762 2903 1925 2944 significet,
1950 2910 1985 2934 ut
2008 2903 2114 2944 potior
2137 2910 2242 2933 tamen
2266 2903 2306 2933 sit
2339 2903 2386 2933 di-

1319 2952 1404 2988 vina,
1428 2958 1459 2981 et
1472 2951 1549 2980 haec
1565 2950 1706 2980 involvat
1721 2949 1906 2986 humanam,
1931 2955 1962 2978 et
1979 2947 2056 2978 haec
2070 2947 2210 2977 humana
2229 2957 2261 2977 se
2275 2947 2390 2977 habeat

1321 2996 1417 3026 instar
1439 2994 1640 3025 instrumenti
1669 2993 1833 3030 inanimis,
1858 3003 1914 3033 per
1937 2992 2025 3033 quod
2049 2991 2194 3022 divinitas
2224 2997 2389 3031 operetur;

1322 3050 1380 3070 nec
1403 3039 1482 3069 aliae
1506 3039 1544 3068 ab
1568 3044 1679 3068 natura
1703 3038 1843 3068 humana
1866 3036 2065 3077 operationes
2089 3035 2248 3075 profluant
2267 3035 2327 3065 nisi
2344 3035 2389 3065 di-

1321 3084 1432 3121 vinae,
1457 3093 1539 3123 quae
1569 3082 1731 3112 imitentur
1754 3091 1789 3111 ac
1813 3081 1980 3121 suppleant
2009 3080 2174 3110 humanas.
2208 3078 2292 3110 Hinc
2315 3089 2390 3109 vero

1323 3134 1523 3168 postremum
1538 3126 1700 3166 Epistolae
1714 3126 1905 3162 membrum,
1915 3124 1979 3154 sive
1998 3130 2199 3164 comparetur
2212 3133 2287 3154 cum
2304 3133 2391 3163 prae-

1325 3171 1506 3202 cedentibus
1539 3170 1603 3200 sive
1627 3170 1721 3200 obvia
1749 3170 1815 3199 eius
1847 3167 2061 3208 significantia¹
2080 3167 2289 3208 expendatur,
2313 3167 2393 3197 nihil

1325 3223 1406 3246 certe
1430 3215 1536 3245 minus
1560 3220 1779 3254 repraesentat,
1803 3223 1901 3253 quam
1920 3211 2176 3252 Monophysitica
2200 3218 2391 3242 commenta.

1393 3259 1430 3289 11.
1455 3259 1506 3289 Ad
1529 3258 1632 3298 ipsam
1647 3268 1761 3288 novam
1782 3256 2013 3287 Theandricam
2036 3266 2091 3286 seu
2113 3256 2300 3286 Deivirilem
2317 3265 2392 3294 ope-

1326 3303 1481 3333 rationem
1504 3302 1629 3332 accedo.
1662 3302 1766 3332 Voces
1789 3301 1861 3331 istas
1885 3307 1951 3331 tam
1974 3310 2088 3340 parum
2120 3306 2207 3339 aptas
2231 3299 2271 3328 ad
2294 3308 2392 3328 arces-

1327 3347 1462 3377 sendum
1485 3346 1596 3376 unitati
1620 3352 1759 3382 naturae,
1784 3351 1814 3375 et
1837 3344 2028 3385 operationis
2056 3342 2268 3383 patrocinium
2292 3342 2393 3372 existi-

1327 3400 1451 3420 mavere
1466 3389 1570 3430 Cyrus
1584 3389 1813 3419 Alexandrinus
1829 3395 1859 3418 et
1873 3388 1998 3428 Sergius
2009 3386 2392 3426 Constantinopolitanus,

1328 3435 1423 3464 ambo
1458 3433 1685 3463 monothelitae
1715 3439 1746 3463 et
1769 3432 2032 3472 monophysitae;
2057 3437 2093 3460 ut
2118 3430 2171 3460 ille
2195 3440 2309 3460 novam
2335 3431 2393 3460 im-

1328 3477 1493 3514 mutando,
1507 3487 1603 3506 unam
1618 3487 1682 3517 pro
1706 3486 1788 3506 nova
1808 3476 1983 3506 asseruerit
2008 3481 2038 3505 et
2055 3474 2113 3504 iste
2140 3475 2392 3505 immutationem

1330 3531 1432 3552 novae
1451 3521 1656 3561 confirmans,
1674 3520 1861 3550 Deivirilem
1889 3519 2104 3559 amputaverit
2120 3519 2252 3558 penitus
2271 3527 2393 3556 vocem,

1331 3575 1428 3596 unam
1444 3565 1587 3595 absolute
1610 3565 1642 3594 in
1670 3564 1797 3594 Christo
1819 3564 1889 3594 Deo
1921 3563 2143 3604 dogmatizans
2166 3563 2394 3602 operationem.

1330 3610 1417 3639 Haec
1441 3615 1515 3639 sunt
1536 3609 1630 3639 verba
1654 3608 1780 3638 Martini
1803 3607 1940 3638 Romani
1958 3606 2119 3638 Pontificis
2139 3606 2172 3636 in
2188 3606 2319 3647 Synodo
2337 3607 2397 3637 La-

1330 3653 1485 3684 teranensi
1509 3652 1752 3683 Consultatione
1776 3652 1827 3682 111.
