2788 4204
71 511 82 523 ⁴*
97 511 168 534 Num.
183 517 232 539 seq.

72 1961 81 1972 ·
97 1960 172 1983 Codd.
183 1966 225 1982 —re
241 1961 271 1981 et.

167 2019 181 2035 κ

73 2282 82 2291 ·
142 2280 217 2308 emplo
237 2285 286 2301 om.

72 2314 111 2330 n«.

76 2440 85 2450 ⁸
96 2446 174 2465 aonr
182 2442 204 2461 et
219 2438 254 2460 ed.
263 2445 288 2460 a:

71 2468 96 2488 et
109 2466 133 2488 in
148 2472 176 2488 ea
191 2471 260 2494 quae.

319 213 394 248 362

316 291 414 328 circa
442 291 517 328 hoc
545 292 623 328 duo
652 291 753 328 facit:
782 291 925 340 primo,
959 289 1140 339 proponit
1168 289 1388 336 exemplum

314 344 352 382 in
382 357 496 382 causa
524 345 644 390 finali3
666 345 847 391 secundo,
878 342 1041 380 ostendit
1061 340 1313 378 differentiam
1333 340 1388 377 in—

314 405 370 434 ter
399 410 554 435 causam
583 398 739 435 finalem
778 405 814 433 et
848 408 1003 433 causam
1043 406 1140 442 quae
1171 401 1226 430 est
1253 393 1388 442 princi-

314 451 421 499 pium
458 459 602 496 motus;
641 451 708 487 ibi:
742 450 1009 487 Generationes
1036 453 1162 484 autem
1190 459 1211 483 e
1238 453 1386 483 contra-

314 505 372 541 rio
395 506 414 525 ³*
435 512 504 541 etc.
526 504 625 541 Dicit
645 515 733 551 ergo
753 502 878 551 primo
898 501 1003 550 quod
1023 501 1192 538 similiter
1211 513 1252 536 se
1272 500 1388 544 habet

315 570 403 594 cum
432 557 632 606 praedictis
666 556 704 592 in
738 555 1027 604 quibuscunque
1061 553 1242 602 accipitur
1278 553 1386 602 quasi

315 623 429 647 causa
458 610 555 656 finis,
581 610 686 646 cuius
716 620 830 644 causa
855 609 898 645 fit
926 607 1077 656 aliquid.
1100 608 1196 643 Puta
1225 606 1255 643 si
1285 606 1384 643 dica-

314 676 400 700 mus
428 671 582 712 propter
609 662 700 710 quid
729 661 863 710 aliquis
891 661 1062 697 ambulat
1093 668 1180 709 post
1205 672 1383 707 coenam,

314 724 355 753 ut
383 716 520 753 scilicet
546 716 612 752 fiat
640 727 774 751 sanus:
806 722 842 751 et
869 714 1006 750 iterum
1025 722 1182 762 propter
1210 713 1302 761 quid
1330 721 1386 750 est

315 769 468 815 domus,
490 769 538 805 ad
557 769 633 805 1100
656 768 795 804 50111001
813 774 820 788 ‘
839 775 881 804 ut
904 779 1008 813 vasa,
1026 767 1122 803 idest
1141 766 1385 815 supellectilia

313 822 490 867 hominis,
521 822 730 867 salventur,
760 820 856 858 idest
885 828 1169 858 conserventur.
1202 820 1265 857 Sic
1294 832 1383 868 ergo

313 876 398 922 hoc,
429 875 568 912 scilicet
587 874 795 911 ambulatio
825 882 912 923 post
932 886 1106 919 coenam,
1127 874 1170 910 fit
1189 873 1307 921 gratia
1326 886 1384 910 sa-

313 928 445 974 nandi;
474 929 549 964 hoc
578 935 719 974 autem,
741 927 879 964 scilicet
908 927 1120 964 aedificatio
1150 927 1302 973 domus,
1329 935 1386 964 est

312 981 428 1029 gratia
456 981 634 1018 servandi
662 981 916 1030 supellectilia.
939 981 1002 1017 Sic
1022 993 1111 1028 ergo
1140 980 1231 1017 nihil
1261 980 1386 1017 differt

313 1035 437 1071 dicere
442 1040 601 1083 propter
615 1035 706 1083 quid
718 1042 868 1083 oportet
886 1041 974 1084 post
990 1046 1152 1071 coenam
1175 1034 1383 1081 ambulare,

313 1096 349 1124 et
376 1089 481 1125 cuius
508 1088 636 1138 gratia
665 1089 740 1125 hoc
768 1095 953 1137 oporteat.
985 1088 1040 1125 Sit
1068 1100 1158 1135 ergo
1187 1088 1385 1124 ambulare

310 1149 398 1190 post
417 1154 579 1178 coenam
600 1141 637 1178 in
657 1153 735 1190 quo
757 1141 801 1188 C,
822 1142 948 1178 minor
964 1141 1198 1186 extremitas;
1220 1140 1287 1178 sed
1307 1154 1386 1178 non

313 1194 480 1232 eminere
501 1195 605 1232 cibos
625 1194 664 1231 in
684 1206 750 1245 ore
771 1195 958 1232 stomachi
978 1195 1023 1232 sit
1041 1195 1224 1240 medium,
1245 1194 1283 1231 in
1308 1207 1385 1243 quo

313 1255 367 1285 est
395 1249 443 1294 B;
473 1248 596 1285 sanari
624 1260 719 1285 vero
753 1249 799 1285 sit
826 1249 951 1285 maior
979 1248 1210 1294 extremitas,
1241 1248 1279 1284 in
1307 1261 1385 1296 quo

312 1309 369 1338 est
395 1303 441 1339 A.
473 1302 528 1338 Sit
556 1313 646 1349 ergo
667 1302 697 1338 B
718 1301 757 1338 in
777 1302 821 1348 C,
851 1302 941 1352 quia
966 1301 1173 1338 ambulatio
1192 1309 1280 1350 post
1300 1314 1385 1338 coe-

311 1367 403 1392 nam
432 1355 519 1392 facit
545 1362 587 1392 ut
615 1368 694 1391 non
723 1355 915 1392 emineant
935 1355 1007 1391 cibi
1027 1355 1065 1391 in
1089 1367 1155 1391 ore
1180 1355 1383 1402 stomachi;

313 1417 349 1446 et
375 1417 531 1458 propter
558 1409 634 1445 11οο
661 1408 838 1458 provenit
857 1408 1007 1455 sanitas,
1033 1407 1139 1456 quod
1168 1415 1223 1444 est
1242 1410 1276 1444 A
1303 1420 1385 1458 esse

312 1461 351 1500 in
379 1464 422 1499 B.
442 1463 601 1499 Videtur
621 1462 723 1498 enim
743 1462 848 1510 quod
874 1461 944 1510 ipsi
973 1461 1182 1506 ambulare,
1204 1461 1310 1509 quod
1331 1469 1387 1498 est

314 1517 357 1562 C,
387 1515 473 1552 insit
500 1516 548 1562 B,
582 1516 687 1562 quod
718 1524 773 1552 est
800 1527 878 1551 non
915 1514 1082 1551 eminere
1112 1514 1218 1551 cibos
1252 1514 1289 1550 in
1319 1527 1384 1551 ore

312 1569 510 1606 stomachi.
531 1568 592 1605 Ad
611 1570 686 1606 hoc
707 1577 835 1606 autem
856 1568 1024 1616 sequitur
1038 1570 1085 1614 A,
1101 1567 1207 1617 quod
1228 1575 1283 1604 est
1303 1580 1384 1605 esse

312 1622 538 1659 sanativum.
571 1622 633 1659 Sic
662 1635 751 1671 ergo
779 1629 882 1672 patet
915 1622 1021 1670 quod
1050 1623 1102 1669 B,
1133 1621 1272 1658 scilicet
1307 1634 1385 1659 non

313 1676 479 1712 eminere
501 1675 605 1712 cibos
626 1675 664 1712 in
687 1689 753 1713 ore
774 1675 973 1723 stomachi,
996 1683 1051 1712 est
1080 1688 1194 1713 causa
1213 1688 1332 1724 quare
1353 1676 1383 1712 C

312 1737 367 1766 est
394 1731 445 1775 A,
475 1729 571 1766 idest
598 1742 716 1778 quare
745 1730 942 1767 ambulare
968 1737 1056 1778 post
1081 1742 1243 1767 coenam
1264 1729 1310 1766 sit
1328 1742 1385 1766 sa-

312 1783 502 1828 nativum;
536 1791 573 1820 et
600 1784 696 1831 hoc,
722 1783 862 1820 scilicet
900 1795 979 1820 non
1009 1783 1177 1821 eminere
1203 1783 1308 1820 cibos
1346 1782 1386 1820 in

312 1849 378 1874 ore
407 1837 606 1883 stomachi,
629 1845 684 1874 est
713 1837 806 1874 ratio
836 1837 916 1874 eius
940 1837 1045 1885 quod
1067 1845 1122 1874 est
1141 1850 1224 1874 esse
1250 1837 1386 1874 sanati-

311 1903 417 1927 vum.
448 1892 482 1927 A
512 1890 630 1937 enim,
660 1891 756 1928 idest
785 1903 866 1928 esse
896 1891 1123 1938 sanativum,
1145 1891 1198 1928 510
1222 1890 1386 1939 assigna-

312 1944 426 1991 bitur,
447 1944 544 1981 idest
559 1946 578 1963 ⁴⁹*
599 1945 864 1982 notificabitur.
896 1945 1013 1992 Quod
1037 1954 1165 1984 autem
1181 1948 1211 1984 B
1233 1947 1278 1985 sit
1300 1948 1338 1985 in
1355 1949 1386 1984 C

314 2003 397 2035 est*
416 2005 571 2046 propter
599 1998 707 2047 quid,
738 1999 827 2047 quia
859 1999 998 2036 scilicet
1025 2000 1079 2037 sic
1107 2013 1147 2038 se
1176 2001 1318 2038 habere
1346 2009 1388 2038 ut

313 2064 393 2088 non
408 2051 600 2089 emineant
629 2052 702 2089 cibi
728 2052 765 2089 in
785 2064 852 2089 ore
881 2054 1068 2090 stomachi
1089 2062 1144 2091 est
1172 2055 1307 2091 sanari.
1338 2056 1388 2092 Et

314 2105 362 2142 ad
381 2105 456 2141 hoc
476 2105 580 2153 quod
597 2105 743 2153 singula
757 2106 851 2143 fiant
866 2106 986 2154 magis
1007 2107 1219 2155 manifesta,
1237 2116 1388 2157 oportet

313 2165 549 2196 transumere
574 2159 751 2206 rationes,
771 2167 814 2196 ut
832 2159 971 2197 scilicet
990 2161 1195 2210 accipiatur
1214 2162 1399 2200 medium.

314 2211 422 2260 quasi
442 2208 540 2250 ratio'
555 2213 710 2250 maioris
731 2213 985 2261 extremitatis,
1003 2215 1098 2252 sicut
1117 2214 1155 2252 in
1174 2217 1386 2265 praemisso

315 2267 491 2315 exemplo
521 2269 540 2287 ⁴*
570 2275 738 2316 apparet.

374 2331 430 2356 10.
461 2320 609 2357 Deinde
644 2333 733 2358 cum
768 2319 876 2357 dicit:
911 2321 1180 2360 Generationes
1213 2329 1339 2361 autem
1367 2337 1389 2361 e

315 2373 506 2410 contrario
532 2381 615 2420 etc„
647 2373 810 2411 ostendit
838 2376 1038 2422 quomodo
1068 2376 1326 2414 diversimode
1347 2390 1387 2414 se

315 2426 430 2463 habet
459 2434 495 2463 et
522 2427 561 2464 in
589 2440 703 2465 causa
731 2440 829 2476 quae
857 2429 876 2449 ’⁸
907 2436 962 2465 est
990 2429 1217 2478 principium
1247 2439 1386 2469 motus.

316 2479 517 2517 Contrario
551 2480 653 2518 enim
688 2481 808 2518 modo
837 2494 877 2518 se
906 2482 1049 2520 habent
1077 2483 1115 2521 in
1142 2484 1206 2521 via
1234 2497 1389 2533 genera-

314 2532 426 2570 tionis
455 2547 569 2571 causa
596 2534 736 2581 finalis,
759 2542 795 2572 et
815 2548 929 2572 eausa
957 2549 1056 2584 quae
1077 2546 1133 2574 est
1159 2538 1388 2588 principium

898 190 1285 248 POsTERIORUM
1313 207 1746 245 ANALYTICORUM
1774 209 1868 246 LIB.
1901 210 1932 246 Il

1445 296 1584 325 motus.
1607 289 1712 326 Nam
1731 289 1783 326 ibi
1801 290 1832 336 *,
1849 289 1989 326 50111001
2007 289 2045 326 111
2065 289 2390 327 demonstratione
2418 302 2517 338 quae

1445 342 1607 379 sumitur
1638 355 1708 391 per
1736 355 1891 379 causam
1921 355 2019 391 quae
2049 349 2104 379 est
2123 342 2352 391 principium
2372 351 2515 390 motus,

1444 403 1595 443 oportet
1631 396 1804 433 medium
1838 396 2007 445 primurn
2037 395 2120 432 fieri
2148 394 2177 443 ³,
2207 396 2305 433 idest
2333 408 2415 433 esse
2443 396 2517 445 pri-

1443 460 1553 485 mum
1581 449 1620 486 in
1647 449 1711 486 via
1744 449 2013 498 generationis;
2053 449 2148 485 sicut
2175 449 2279 497 prius
2317 449 2385 486 fuit
2411 449 2517 497 quod

1442 502 1693 539 Athenienses
1708 503 1888 540 insultum
1905 503 2074 539 fecerunt
2086 503 2105 524 ²⁸
2117 502 2155 539 in
2167 502 2387 549 Sardenses,
2399 514 2517 550 quam

1442 557 1546 603 quod
1565 556 1880 605 impugnarentur
1899 569 1921 593 a
1941 556 2076 593 Medis.
2099 556 2176 593 Sed
2201 555 2274 602 hic,
2295 555 2334 592 in
2358 554 2518 592 demon—

1441 610 1620 647 stratione
1654 622 1752 658 quae
1781 610 1825 647 fit
1851 622 1921 658 per
1949 622 2105 646 causam
2133 610 2307 656 finalem,
2338 607 2519 657 accipitur

1441 663 1536 700 sicut
1555 663 1724 712 primurn
1744 664 1782 700 in
1801 663 1865 700 via
1884 662 2136 711 generationis
2156 662 2283 711 ipsum
2304 662 2348 709 C,
2370 661 2475 710 quod
2497 662 2517 683 *

1442 724 1497 753 est
1525 716 1652 753 minor
1680 716 1908 763 extremitas,
1930 724 1967 753 et
1995 723 2051 752 est
2071 717 2091 737 ³²
2110 716 2288 752 ultimum
2318 723 2516 752 causatum

1441 782 1578 807 causae
1593 770 1728 807 finalis.
1745 770 1932 807 Ultimum
1948 777 2077 806 autem
2094 770 2114 790 ‘¹‘
2129 769 2168 805 in
2186 769 2250 806 via
2264 769 2516 817 generationis

1441 832 1496 860 est
1523 823 1622 870 finis,
1653 823 1759 860 cuius
1788 822 1904 870 gratia
1925 829 1980 858 est
1999 821 2152 870 aliquid.
2183 821 2431 859 Manifestum
2461 830 2517 860 est

1441 877 1543 914 enim
1565 878 1585 898 ’¹‘
1605 877 1710 924 quod
1738 876 1865 925 primo
1886 875 2019 923 aliquis
2039 876 2211 912 ambulat
2233 882 2320 923 post
2339 886 2514 926 coenam,

1441 938 1477 967 et
1492 931 1512 952 *
1529 943 1574 967 ex
1593 930 1668 966 hoc
1687 930 1857 978 sequitur
1871 929 1976 978 quod
1997 929 2069 966 cibi
2085 941 2164 966 non
2180 928 2373 965 emineant
2391 927 2429 964 in
2449 940 2516 965 ore

1440 983 1645 1030 stomachi,
1677 990 1713 1020 et
1741 995 1787 1020 ex
1814 983 1890 1020 1100
1919 982 2073 1019 01101105
2102 982 2271 1030 sequitur
2290 981 2428 1018 sanitas
2446 981 2516 1019 110-

1441 1038 1563 1086 minis,
1585 1049 1685 1086 quae
1706 1044 1762 1073 est
1780 1035 1997 1085 principalis
2025 1035 2123 1073 finis.

1501 1104 1513 1128 1
1528 1104 1540 1128 1
1550 1120 1558 1128 .
1571 1090 1721 1128 Deinde
1738 1102 1827 1127 curn
1842 1089 1948 1127 dicit:
1970 1088 2163 1138 Contingit
2175 1093 2301 1124 autem
2317 1088 2414 1125 idem
2431 1094 2514 1133 etc.,

1442 1145 1605 1182 ostendit
1623 1144 1824 1193 quomodo
1845 1143 1893 1181 ad
1911 1143 2094 1180 eumdem
2115 1141 2294 1179 effectum
2313 1148 2474 1190 possunt
2495 1142 2514 1162 *

1442 1198 1584 1236 assumi
1610 1199 1629 1219 ²¹⁴
1649 1198 1776 1247 plures
1799 1197 2080 1246 praedictarum
2106 1207 2319 1232 causarum.
2342 1195 2391 1231 Et
2416 1194 2514 1231 circa

1441 1253 1516 1289 hoc
1541 1252 1618 1289 duo
1634 1251 1737 1289 facit:
1753 1251 1892 1300 prim0,
1909 1250 2125 1287 manifestat
2138 1249 2266 1297 plures
2282 1259 2415 1284 causas
2431 1259 2515 1284 esse

2544 304 2555 315 ⁴*
2563 303 2598 325 Ibi
2606 311 2634 326 ex
2642 304 2711 327 codd.
2723 304 2760 328 Cf.

2544 333 2600 352 text.

2642 382 2660 429 λ’

2544 515 2761 544 ’coniuncti-:sa-

2543 543 2631 563 cerent.

2543 674 2552 682 ·
2567 679 2594 695 a:
2610 674 2675 701 quia.

2542 726 2554 737 ⁴⁸
2568 726 2615 747 Est
2630 733 2659 748 ex
2673 727 2745 749 codd.

2545 783 2666 806 'Coddem
2675 784 2757 807 etiam.

2544 886 2553 895 ·
2563 885 2658 907 Codd.-
2669 892 2696 908 r:
2711 891 2757 908 au-

2543 914 2595 933 tem.

2541 943 2552 955 ’
2565 943 2598 965 Et
2610 950 2639 965 ex
2653 943 2723 966 codd.

2541 1151 2553 1162 ·
2567 1157 2625 1173 rou:
2636 1151 2743 1179 ponim-

2541 1203 2640 1230 *Codd.,
2647 1210 2759 1231 ezaon.-

2542 1231 2705 1279 :3.².1.““2¹1

1442 1305 1631 1351 eiusdem;
1647 1304 1830 1352 secundo,
1846 1303 2009 1341 ostendit
2023 1303 2060 1340 in
2076 1302 2214 1351 quibus
2229 1301 2370 1338 habeat
2384 1301 2514 1338 locum
2550 1304 2554 1307 ⁴

1441 1359 1547 1407 quod
1576 1358 1719 1396 dictum
1744 1365 1815 1404 est;
1844 1357 1911 1394 ibi:
1938 1357 2109 1393 Plurima
2146 1360 2273 1392 autem
2300 1354 2518 1391 huiusmodi

1440 1418 1529 1449 sunt
1542 1413 1562 1433 '¹‘
1589 1420 1658 1449 etc.
1680 1411 1780 1449 Dicit
1808 1423 1899 1459 ergo
1918 1410 2044 1460 primo
2065 1409 2170 1458 quod
2191 1407 2372 1455 contingit
2389 1419 2512 1444 unum

1442 1473 1478 1502 et
1498 1465 1679 1502 eumdem
1701 1464 1881 1501 effectum
1893 1465 1913 1485 *
1930 1476 2011 1500 esse
2031 1470 2187 1512 propter
2206 1461 2372 1510 aliquem
2391 1461 2513 1498 finem

1441 1519 1521 1555 sive
1542 1518 1659 1567 gratia
1680 1518 1760 1554 eius
1777 1518 1808 1564 *,
1830 1524 1866 1553 et
1885 1529 1931 1554 ex
1957 1516 2178 1553 necessitate
2198 1514 2354 1551 alicuius
2377 1513 2513 1563 prioris

1441 1585 1597 1619 causae;
1627 1571 1722 1609 sicut
1749 1571 1825 1607 hoc
1857 1569 1962 1618 quod
1998 1576 2054 1605 est
2081 1570 2213 1605 lumen
2242 1579 2425 1616 apparere
2444 1579 2515 1616 per

1440 1627 1581 1675 pellem
1610 1626 1798 1671 lucernae,
1821 1635 1867 1660 ex
1886 1622 2109 1660 necessitate
2133 1620 2328 1671 provenit;
2358 1631 2514 1657 necesse

1441 1687 1497 1717 est
1516 1680 1618 1717 enim
1639 1678 1744 1727 quod
1765 1690 1904 1726 corpus
1934 1676 2129 1713 minorum
2157 1674 2322 1724 partium
2350 1680 2517 1711 transeat

1440 1746 1510 1783 per
1537 1746 1654 1783 poros
1674 1732 1864 1780 largiores.
1891 1729 2038 1767 Dicitur
2056 1736 2186 1766 autem
2206 1729 2281 1766 hoc
2301 1727 2516 1766 secundum

1441 1787 1665 1837 opinionem
1676 1785 1902 1835 ponentium
1913 1783 2018 1832 quod
2033 1784 2164 1820 lumen
2179 1782 2225 1820 sit
2239 1793 2378 1830 corpus
2393 1780 2517 1830 quod-

1442 1841 1532 1878 darn
1561 1840 1708 1887 subtile,
1730 1847 1767 1876 et
1786 1838 1891 1887 quod
1916 1836 2139 1886 apparentia
2167 1835 2321 1873 luminis
2348 1847 2418 1884 per
2437 1834 2517 1873 dia-

1440 1895 1612 1944 phanum
1628 1894 1695 1931 fiat
1713 1899 1870 1942 propter
1884 1890 2186 1939 magnitudinem
2205 1901 2393 1938 pororum
2408 1887 2518 1937 quasi

1441 1947 1702 1997 quorumdam
1721 1945 1967 1983 foraminum.
1990 1945 2141 1993 Corpus
2156 1951 2286 1980 autern
2306 1942 2441 1982 subtile
2460 1942 2518 1980 vi-

1442 2003 1551 2040 detur
1581 2013 1663 2038 esse
1692 2010 1900 2049 parvarum
1928 1997 2107 2047 partium.
2138 1997 2188 2034 Et
2216 1996 2306 2045 quia
2333 1996 2409 2033 hoc
2436 2008 2517 2037 non

1443 2064 1498 2093 est
1516 2054 1730 2093 secundum
1751 2065 1861 2090 suam
1881 2051 2117 2101 opinionem,
2133 2049 2326 2098 subiungit
2345 2049 2450 2098 quod
2470 2061 2517 2087 ex

1441 2109 1503 2147 tali
1543 2108 1766 2146 necessitate
1802 2107 1879 2156 ‚hoc
1918 2104 2115 2154 provenit,
2154 2103 2184 2141 si
2217 2111 2348 2140 tamen
2385 2103 2517 2141 lumen

1442 2170 1624 2214 appareat
1644 2163 1664 2184 ’¹‘
1693 2159 1960 2209 digrediendo,
1990 2158 2086 2195 idest
2113 2170 2182 2207 per
2211 2168 2406 2206 egressum
2429 2168 2516 2205 par-

1441 2218 1536 2255 tium
1566 2216 1645 2253 eius
1673 2228 1742 2265 per
1769 2226 1887 2263 poros
1911 2211 2222 2262 diaphani.-Hoc
2249 2218 2379 2248 autem
2408 2210 2516 2259 quod

1442 2279 1498 2309 est
1525 2281 1710 2321 apparere
1735 2269 1866 2305 lumen
1893 2278 1962 2316 per
1980 2266 2120 2315 pellem
2140 2265 2330 2311 lucernae,
2352 2271 2408 2300 est
2426 2276 2514 2313 pro-

1440 2333 1525 2374 pter
1553 2324 1719 2373 aliquem
1747 2322 1880 2367 finem,
1900 2328 1942 2357 ut
1970 2319 2110 2357 scilicet
2129 2318 2369 2356 ambulantes
2388 2317 2427 2354 in
2446 2329 2516 2354 no-

1443 2387 1501 2416 cte
1529 2376 1718 2415 beneficio
1747 2374 1900 2412 luminis
1929 2385 2008 2411 non
2037 2372 2281 2412 offendamus
2302 2372 2333 2408 ²¹⁸.
2365 2372 2408 2408 In
2435 2371 2515 2408 tali-

1443 2433 1514 2469 bus
1536 2444 1625 2480 ergo
1645 2429 1826 2480 possibile
1846 2435 1902 2465 est
1922 2427 2119 2476 dupliciter
2137 2425 2405 2474 argumentari.
2426 2425 2515 2472 Uno

1444 2486 1564 2523 modo
1585 2498 1607 2522 a
1627 2496 1742 2521 causa
1769 2481 2059 2532 praeexistente,
2089 2488 2131 2517 ut
2158 2479 2350 2517 dicamus:
2378 2479 2413 2516 si
2437 2490 2517 2516 esse

1444 2539 1627 2588 contingit
1653 2539 1740 2583 hoc,
1769 2542 1806 2573 et
1835 2537 1907 2572 hoc
1934 2535 2026 2580 erit‚·
2052 2541 2145 2584 puta
2179 2533 2210 2571 si
2233 2533 2365 2571 lumen
2393 2533 2517 2582 impo—

369 2671 388 2705 t)
403 2673 447 2698 Ad
458 2672 507 2698 hoc
519 2673 618 2698 scilicet
633 2676 669 2698 ut.
679 2672 780 2698 -Hanc
794 2673 931 2698 lectionem
946 2674 1042 2699 habent
1057 2676 1140 2706 codd„
1155 2684 1210 2702 exc.
1225 2677 1340 2709 LMOQ;
1354 2678 1388 2703 P:

315 2708 352 2733 ad
371 2708 420 2733 hoc
439 2711 469 2733 ut
486 2709 599 2738 scilicet‚·
616 2709 636 2733 L
655 2716 710 2733 om.
724 2709 761 2733 ad
779 2709 842 2738 hoc,·
861 2709 927 2734 MO:
947 2710 984 2734 ad
1002 2710 1052 2736 hoc
1070 2711 1170 2737 scilicet
1189 2713 1275 2745 quod;
1295 2714 1332 2744 Q:
1352 2714 1389 2739 ad

316 2744 365 2770 hoc
383 2744 453 2769 enim
474 2747 511 2769 ut.

370 2780 395 2812 κ)
409 2779 487 2810 Quod
496 2782 584 2804 autem
596 2779 620 2804 B
629 2779 700 2804 sitin
715 2780 866 2805 cete—Sic
877 2781 988 2814 legimus
1000 2789 1060 2806 cum
1069 2783 1154 2813 codd„
1163 2784 1269 2814 exc.1Q,
1280 2783 1325 2816 qui
1335 2792 1389 2809 om.

316 2818 357 2841 est
370 2819 430 2847 post
445 2815 473 2845 C,
489 2820 513 2839 et
528 2815 556 2846 F,
567 2815 611 2848 qui
625 2823 685 2840 cum
700 2815 720 2840 P
734 2815 825 2840 habet:
840 2816 913 2849 quod
926 2819 1015 2842 autem
1025 2818 1048 2841 A
1058 2818 1094 2842 sit
1108 2818 1134 2842 in
1153 2819 1176 2843 C
1186 2822 1227 2843 est
1242 2819 1265 2844 Β
1274 2823 1389 2852 propter

317 2850 390 2883 quid.
405 2851 470 2875 Edd.
485 2851 516 2876 bc
534 2851 623 2882 legunt
648 2859 708 2876 cum
727 2851 746 2875 P
753 2859 760 2882 ;
780 2851 820 2876 ed.
839 2859 856 2876 a
875 2860 934 2877 cum
955 2853 1032 2877 codd.
1052 2853 1150 2878 Textus
1170 2862 1278 2887 graecus
1298 2861 1389 2887 postu-

317 2886 370 2910 lare
389 2886 490 2910 videtur
514 2892 630 2911 nostram
656 2887 808 2911 lectionem:
828 2885 878 2911 Δὶα
898 2885 922 2912 τί
942 2884 972 2913 τὸ
993 2886 1015 2912 Β
1039 2890 1075 2922 τῷ
1094 2887 1115 2914 Γ
1136 2886 1218 2919 ἐστίν’,
1247 2887 1286 2914 ὅτι
1313 2890 1386 2915 τοῦτ’

316 2918 370 2946 ἔστι
389 2917 419 2946 τὸ
440 2919 569 2956 ὑγιαίνειν,
582 2918 612 2946 τὸ
634 2920 715 2952 οὕτως
734 2919 929 2957 ἔμω-(301101.
953 2923 1018 2955 (exc.
1041 2924 1170 2957 FGLNQ)
1192 2930 1217 2949 et
1236 2926 1277 2950 ed.
1296 2933 1328 2950 a:
1346 2933 1388 2951 sa-

317 2964 396 2981 nare:
410 2964 492 2990 marg.
506 2963 593 2982 autem
604 2957 625 2982 C
641 2958 708 2983 add.:
724 2959 765 2983 vel
781 2959 883 2983 sanari.
893 2957 968 2992 -(Et
981 2959 1019 2984 ad
1033 2959 1082 2985 hoc
1092 2959 1151 2994 etc.)
1167 2961 1188 2985 B
1203 2968 1256 2986 om.
1271 2962 1333 2991 hoc,·
1342 2955 1388 2986 AN

317 3000 371 3017 om.
382 2992 460 3024 quod,
469 3001 516 3026 pro
527 3001 580 3026 quo
590 2993 654 3018 MO:
669 2996 706 3018 ut.
715 3007 734 3012 -
743 2993 779 3019 T:
789 2994 949 3028 singularia.

371 3028 481 3052 Additur
495 3028 526 3053 ab
536 3029 675 3053 Aristotele
690 3030 770 3062 quod,
785 3035 813 3054 ut
825 3030 983 3062 praecedens
999 3030 1169 3063 syllogismus
1182 3031 1314 3057 evidenter
1328 3040 1389 3057 con-

319 3063 404 3088 cludat
422 3064 447 3088 id
466 3064 538 3096 quod
557 3070 708 3096 susceptum
728 3070 768 3089 est
787 3065 964 3098 probandum,
984 3069 1089 3098 oportet
1108 3070 1276 3092 transumere
1302 3068 1387 3093 ratio-

319 3106 372 3128 nes,
387 3097 426 3123 δεῖ
443 3096 648 3133 μεταλαμβάνειν
668 3097 728 3129 τοὺς
746 3098 982 3134 λόγους-5011110
1001 3107 1041 3126 051
1054 3102 1148 3127 directe
1168 3103 1200 3127 de
1214 3111 1293 3128 causa
1311 3102 1390 3135 finali,

319 3134 453 3167 quomodo
472 3135 610 3167 accipiatur
627 3140 656 3160 ut
675 3135 799 3162 medium.
814 3141 839 3160 et
858 3137 916 3161 ideo
934 3142 963 3161 ut
976 3140 1092 3169 propter
1117 3138 1182 3169 quid
1201 3138 1309 3164 effectus
1329 3147 1389 3163 cau-

319 3178 364 3194 sae
383 3168 524 3195 efficientis.
538 3171 687 3196 Declaratur
706 3177 792 3196 autem
812 3171 837 3196 in
857 3173 976 3205 exemplo
995 3173 1027 3198 de
1042 3176 1157 3205 propter
1175 3173 1247 3207 quid,
1264 3182 1310 3199 seu
1330 3182 1390 3207 pro-

319 3211 377 3238 pter
395 3213 475 3238 quem
495 3205 573 3231 finem
597 3206 689 3239 aliquis
710 3207 859 3232 deambulat
884 3213 943 3240 post
962 3216 1083 3239 coenam,
1104 3208 1153 3234 hoc
1172 3210 1260 3234 modo.
1282 3210 1302 3234 B
1322 3210 1390 3242 (non

320 3241 434 3265 eminere
459 3241 531 3266 cibos
556 3242 582 3267 in
601 3250 646 3267 ore
669 3242 812 3275 stomachi)
834 3248 873 3268 est
892 3244 914 3268 A
934 3242 1020 3276 (finis,
1041 3245 1084 3277 qui
1105 3249 1144 3269 est
1167 3245 1282 3278 sanari);
1303 3246 1350 3270 sed
1370 3246 1390 3270 C

321 3276 464 3308 (ambulare
483 3282 543 3309 post
561 3277 680 3310 coenam)
700 3283 741 3303 est
760 3279 794 3308 B;
809 3286 871 3311 ergo
891 3279 911 3303 C
930 3285 970 3304 est
989 3280 1020 3304 A.
1040 3280 1139 3312 Nempe
1158 3281 1179 3305 B
1198 3286 1238 3305 est
1257 3289 1335 3306 causa
1354 3281 1390 3306 ef-

321 3310 408 3336 ficiens
428 3320 520 3337 causae
539 3312 622 3338 finalis
641 3314 676 3343 A;
692 3314 738 3338 sed
758 3313 778 3338 C
798 3319 837 3339 est
856 3322 935 3339 causa
954 3314 1067 3340 efficiens
1087 3323 1179 3340 causae
1203 3315 1335 3341 efficientis
1355 3317 1390 3347 Β;

322 3354 384 3379 ergo
403 3347 423 3372 C
443 3353 482 3373 est
501 3356 578 3374 causa
597 3347 711 3374 efficiens
731 3357 824 3374 causae
843 3348 926 3375 finalis
946 3351 977 3375 A.
999 3351 1071 3376 Patet
1096 3359 1159 3384 ergo
1185 3352 1255 3384 quod
1275 3352 1391 3377 medium

323 3388 486 3415 assumptum
506 3384 531 3409 in
550 3384 599 3409 hoc
618 3385 771 3417 syllogismo
790 3393 841 3410 non
862 3391 901 3410 est
920 3391 1026 3419 propter
1045 3386 1117 3419 quid,
1139 3388 1210 3420 quod
1226 3393 1264 3412 est
1283 3386 1341 3412 finis
1357 3386 1391 3421 (A

324 3417 392 3442 enim
412 3423 452 3443 est
470 3419 551 3444 maior
570 3419 750 3455 extremitus);
766 3421 812 3445 sed
826 3426 866 3446 est
879 3421 909 3452 B,
923 3421 971 3446 hoc
991 3427 1031 3447 est
1046 3429 1123 3447 causa
1138 3421 1250 3448 efficiens
1266 3424 1314 3447 τοῦ
1329 3423 1351 3448 A
1365 3428 1391 3447 et

325 3452 430 3478 effectus
450 3455 527 3479 simul
552 3463 644 3480 causae
663 3454 795 3480 efficientis
816 3456 844 3481 C.
859 3457 946 3488 Igitur,
966 3462 1061 3482 attenta
1080 3458 1203 3483 materiali
1222 3459 1391 3491 dispositione

325 3489 543 3520 propositionum,
564 3498 615 3515 non
635 3491 758 3523 probatur
778 3499 823 3524 per
843 3492 985 3524 praefatum
1009 3493 1191 3526 syllogismum
1213 3494 1283 3527 quod
1302 3501 1390 3518 susce-

325 3528 399 3556 ptum
418 3530 458 3549 est
477 3526 653 3558 probandum,
674 3534 768 3559 nempe
787 3527 880 3552 modus
905 3536 959 3560 quo
985 3528 1105 3560 accipitur
1128 3534 1156 3553 ut
1175 3529 1290 3554 medium
1316 3537 1392 3554 causa

325 3558 552 3586 finalis.—-Verum
577 3562 719 3587 notandum
744 3567 783 3587 est
802 3563 873 3595 quod
892 3570 980 3587 sermo
1004 3569 1044 3588 est
1063 3564 1095 3589 de
1114 3565 1198 3589 causis
1223 3563 1392 3590 efficientibus

1443 2686 1511 2712 quae
1530 2682 1610 2710 agunt
1628 2682 1732 2710 propter
1750 2675 1838 2701 finem.
1854 2675 1923 2700 Finis
1938 2680 2024 2700 autem
2043 2674 2070 2699 in
2086 2674 2177 2699 ordine
2195 2673 2352 2698 executionis
2371 2678 2411 2698 est
2429 2672 2516 2698 termi-

1444 2721 1493 2738 nus
1513 2713 1686 2742 efficientium,
1700 2712 1747 2737 sed
1766 2712 1792 2736 in
1811 2711 1901 2736 ordine
1919 2710 2067 2735 intentionis
2086 2715 2126 2734 est
2144 2709 2296 2734 earumdem
2322 2716 2460 2734 causarum
2479 2708 2518 2734 ef-

1443 2748 1582 2774 ficientium
1601 2747 1765 2781 principium.
1785 2746 1843 2777 Qua
1862 2747 1895 2771 de
1913 2754 1999 2777 causa,
2020 2746 2087 2770 sicut
2106 2745 2131 2770 in
2150 2745 2241 2770 ordine
2260 2744 2416 2770 executionis
2436 2745 2457 2769 Β
2476 2748 2518 2770 est

1443 2785 1559 2809 medium
1580 2789 1605 2808 et
1623 2783 1687 2808 ratio
1707 2782 1811 2807 maioris
1830 2781 1996 2807 extremitatis
2015 2782 2046 2812 A,
2061 2786 2087 2806 et
2106 2782 2190 2806 minor
2209 2780 2355 2805 extremitas
2375 2780 2396 2805 C
2419 2785 2460 2805 est
2477 2787 2518 2805 ra-

1443 2820 1480 2844 tio
1494 2819 1571 2844 medii
1586 2819 1606 2843 B
1614 2827 1621 2850 ;
1636 2819 1670 2843 ita
1684 2818 1710 2843 in
1724 2818 1815 2842 ordine
1828 2817 1974 2842 intentionis
1994 2817 2146 2850 oppositum
2166 2816 2242 2841 debet
2255 2815 2388 2846 verificari,
2402 2820 2432 2840 ut
2450 2815 2519 2841 scili-

1444 2860 1484 2880 cet
1498 2854 1676 2887 transumptis,
1692 2861 1739 2878 seu
1754 2854 1920 2878 commutatis
1934 2852 2051 2877 terminis
2067 2857 2092 2877 et
2102 2851 2331 2884 propositionibus,
2346 2851 2517 2884 syllogismus

1443 2891 1493 2916 hoc
1513 2890 1593 2915 modo
1612 2889 1749 2923 procedat:
1768 2890 1791 2913 A
1810 2889 1900 2921 (omne
1919 2888 2074 2920 sanativum)
2094 2893 2134 2912 est
2152 2888 2173 2912 B
2189 2887 2259 2919 (facit
2278 2895 2330 2912 non
2350 2888 2464 2912 eminere
2482 2887 2517 2912 ci-

1443 2926 1519 2959 bos);
1539 2926 1586 2950 sed
1606 2925 1627 2950 C
1646 2923 1830 2958 (deambulare
1854 2929 1914 2956 post
1938 2923 2065 2957 coenam)
2085 2928 2125 2948 est
2143 2923 2166 2947 A
2187 2921 2387 2957 (sanativum);
2411 2930 2474 2956 ergo
2495 2922 2517 2947 C

1443 2961 1624 2995 (deambulare
1642 2965 1703 2994 post
1716 2959 1836 2992 coenam)
1857 2965 1895 2984 est
1910 2960 1930 2984 Β
1946 2959 2016 2991 (facit
2034 2967 2085 2983 non
2105 2959 2220 2984 eminere
2238 2958 2331 2991 cibos).
2345 2958 2471 2984 Videlicet
2484 2959 2517 2989 A,

1444 2998 1515 3030 quod
1535 2998 1560 3021 in
1575 2996 1653 3029 priori
1668 2995 1823 3029 syllogismo
1838 3000 1892 3020 erat
1911 2995 1994 3019 maior
2013 2994 2159 3020 extremitas
2174 2999 2200 3019 et
2219 2994 2293 3027 quasi
2313 2993 2419 3019 effectus
2439 2993 2518 3019 medii

1443 3032 1545 3058 termini
1565 3033 1585 3056 B
1605 3032 1677 3065 (quia
1695 3031 1883 3064 procedebatur
1902 3031 2046 3055 secundum
2065 3030 2183 3055 ordinem
2202 3029 2376 3062 efficientiae),
2396 3029 2421 3054 in
2436 3030 2518 3055 altero

1443 3069 1612 3101 syllogismo,
1632 3067 1692 3100 quia
1711 3067 1857 3099 proceditur
1876 3074 1906 3091 ex
1924 3066 2015 3091 ordine
2034 3064 2178 3096 finalitatis,
2199 3070 2239 3090 est
2257 3066 2388 3096 medium,
2408 3070 2434 3090 et
2452 3065 2517 3090 ratio

1444 3104 1549 3129 maioris
1564 3103 1730 3128 extremitatis
1745 3103 1774 3126 B.
1787 3103 1895 3134 Insuper
1909 3102 1934 3126 in
1949 3101 2026 3134 priori
2042 3102 2194 3134 syllogismo
2205 3101 2226 3126 C
2236 3106 2290 3126 erat
2304 3108 2382 3126 causa
2395 3100 2472 3126 medii
2486 3101 2518 3132 Β,

1444 3145 1469 3164 et
1488 3139 1546 3164 ideo
1565 3146 1643 3163 causa
1661 3137 1774 3163 efficiens
1794 3139 1842 3162 τοῦ
1860 3138 1897 3168 A;
1918 3137 1943 3162 in
1962 3137 2078 3162 secundo
2097 3142 2183 3162 autem
2203 3136 2358 3170 syllogismo
2381 3137 2452 3169 prius
2477 3141 2518 3162 est

1444 3182 1522 3200 causa
1539 3174 1620 3206 ipsius
1640 3174 1675 3205 A,
1691 3179 1716 3198 et
1735 3178 1924 3206 consequenter
1943 3181 2022 3198 causa
2041 3171 2155 3198 efficiens
2174 3173 2222 3197 τοῦ
2240 3172 2270 3197 Β.
2283 3172 2423 3197 —Probata
2442 3172 2517 3205 igitur

1445 3216 1485 3236 est
1499 3210 1593 3240 thesis;
1609 3210 1655 3234 sed
1670 3208 1778 3242 insuper
1792 3216 1930 3234 monemur
1943 3208 2015 3241 quod
2031 3218 2043 3231 α
2060 3207 2224 3233 commutatis
2239 3207 2380 3232 rationibus
2394 3208 2427 3232 de
2440 3215 2518 3232 causa

1446 3241 1594 3271 »'efficienti
1614 3245 1639 3270 in
1658 3243 1779 3275 finalem,
1799 3245 1881 3277 magis
1905 3243 2037 3276 apparebit
2061 3248 2087 3268 et
2111 3243 2246 3268 manifesta
2272 3243 2319 3268 erit
2343 3250 2518 3276 unaquaeque

1447 3291 1460 3305 >›
1477 3280 1663 3306 demonstratio
1682 3285 1769 3305 utrum
1782 3280 1815 3304 sit
1830 3279 2015 3313 (formaliter)
2034 3287 2080 3311 per
2099 3286 2203 3304 causam
2223 3277 2376 3304 efficientem
2392 3279 2434 3303 vel
2453 3277 2518 3304 fina-

1448 3328 1459 3339 »
1476 3318 1535 3342 lem.
1549 3327 1560 3339 »
1578 3316 1622 3349 (Β.
1637 3316 1696 3341 Alb.
1711 3316 1796 3345 Magn.
1812 3315 1837 3340 in
1853 3315 1871 3340 ll
1884 3315 1993 3345 Poster„
2009 3320 2082 3340 tract.
2097 3322 2133 3345 111,
2149 3322 2205 3347 cap.
2220 3322 2263 3344 111,
2278 3322 2336 3347 pag.
2352 3313 2413 3347 637,
2427 3314 2476 3339 col.
2492 3320 2516 3344 2,

1446 3360 1530 3385 seq.-
1545 3351 1585 3377 Cf.
1598 3351 1683 3376 Waitz
1704 3351 1723 3376 11
1742 3351 1844 3376 Foster.
1861 3351 1960 3376 Comm.
1974 3351 2000 3375 in
2019 3358 2075 3383 cap.
2089 3358 2129 3381 xi,
2144 3358 2201 3383 pag.
2215 3349 2289 3383 409).

1499 3386 1526 3420 λ)
1544 3387 1656 3419 Oportet
1668 3387 1783 3412 medium
1795 3386 1915 3419 primum
1923 3386 1997 3420 fieri.
2007 3399 2026 3405 -—
2036 3385 2201 3418 Prt'ncipium
2214 3385 2292 3410 habet
2305 3385 2324 3410 Ρ
2340 3393 2388 3418 pro
2396 3385 2517 3417 primum

1445 3423 1487 3448 hic
1506 3428 1531 3447 et
1551 3423 1638 3447 statim
1657 3427 1729 3455 post:
1745 3423 1791 3447 sed
1808 3422 1883 3447 codd.
1898 3427 1967 3447 recte
1986 3422 2075 3454 legunt
2084 3421 2219 3453 primum,
2235 3428 2302 3454 quae
2316 3426 2357 3446 est
2377 3420 2452 3445 lectio
2471 3427 2517 3444 no-

1446 3464 1514 3483 strae
1528 3458 1664 3488 versionis,
1678 3463 1704 3482 et
1717 3462 1801 3482 textus
1815 3457 1907 3489 graeci,
1921 3453 1951 3482 τὸ
1972 3456 2050 3492 μέσον
2063 3456 2103 3482 δεῖ·
2114 3454 2229 3491 γενέσθαι
2240 3457 2359 3490 πρῶτον·,
2375 3461 2400 3480 01
2414 3454 2518 3480 aliunde

1446 3494 1583 3519 declaratio
1598 3493 1717 3526 apposita
1727 3501 1741 3518 5
1754 3501 1776 3518 5.
1790 3493 1902 3524 Thoma,
1914 3493 1983 3518 idest
1996 3498 2071 3519 etc....
2085 3493 2154 3518 sicut
2163 3492 2250 3524 prius,
2262 3491 2383 3517 subaudit
2389 3491 2518 3522 primum.

1446 3529 1520 3554 Adde
1539 3529 1611 3562 quod
1628 3529 1692 3554 infra
1706 3528 1822 3559 habetur,
1838 3529 1864 3554 in
1883 3528 2112 3554 demonstratione
2130 3535 2198 3560 quae
2209 3528 2290 3560 fit...
2303 3526 2435 3559 accipitur
2448 3525 2520 3551 sicut

1442 3564 1571 3597 primum.
1585 3564 1644 3589 *Fi
1663 3572 1717 3589 orn.
1737 3571 1805 3595 esse‚·
1826 3570 1851 3589 et
1870 3564 1919 3594 EQ
1935 3572 1988 3588 om.
2004 3564 2073 3589 idest
2090 3570 2146 3589 esse
2159 3563 2290 3595 primum.

2540 1421 2552 1432 ’
2566 1420 2640 1445 Num.
2651 1427 2702 1450 seq.

2539 1474 2550 1486 ⁶
2555 1473 2668 1503 Effectum
2676 1481 2726 1498 om.
2734 1482 2757 1498 1..

2541 1523 2549 1530 ·
2561 1521 2637 1544 Codd.
2646 1534 2656 1539 -
2665 1529 2706 1545 ro:
2716 1530 2758 1546 cu-

2539 1548 2584 1570 ius.
2594 1555 2608 1570 r
2619 1549 2642 1572 h.
2652 1550 2696 1572 lae.

2540 2170 2551 2181 ·
2566 2175 2602 2192 no
2610 2150 2743 2198 :lamo-et.

2543 2379 2551 2386 '
2558 2382 2735 2400 Αωαιυηιοιτ.
2744 2389 2755 2395 -

2541 2410 2561 2426 rt
2572 2403 2734 2432 offendantur,-
2743 2411 2758 2427 a

2542 2437 2573 2456 Q:
2592 2430 2760 2459 offendantur,-

2541 2463 2567 2479 ιε
2582 2457 2744 2480 ostendamus.
