2788 4204
108 519 119 530 ⁸
141 519 175 540 cr.
196 518 207 539 1
227 518 318 544 Periti„

107 550 158 571 lect.
169 555 191 576 x,
202 552 251 570 not.
269 545 294 570 λ.

349 273 422 322 376

347 352 547 402 generibus
567 364 683 401 quam
699 351 737 388 in
757 349 967 399 speciebus.
989 348 1079 384 Ideo
1100 354 1227 383 autem
1257 353 1406 394 oportet

347 407 452 455 quod
483 405 674 454 praedicta
707 404 799 440 ratio
833 403 878 439 sit
910 413 1029 449 genus
1062 399 1232 445 ternarii,
1268 399 1298 435 si
1327 411 1406 436 non

347 458 531 507 significet
559 457 758 495 essentiam
788 456 877 501 eius,
907 454 995 502 quia
1021 465 1137 489 omne
1165 452 1269 500 quod
1298 464 1406 500 prae-

349 512 492 549 dicatur
510 511 549 548 in
568 511 657 559 quid
670 511 701 555 *,
732 516 795 545 aut
828 515 884 544 est
910 518 1029 554 genus
1062 513 1127 542 aut
1155 505 1325 541 definitio
1359 506 1406 542 si-

348 565 529 613 gnificans
549 562 759 600 essentiam.
777 562 868 597 Non
888 567 944 596 est
962 566 1090 603 autern
1105 558 1285 610 possibile
1301 559 1407 606 quod

348 618 393 655 sit
412 630 540 665 genus,
557 616 645 664 quia
664 620 884 663 sequeretur
899 613 1003 661 quod
1019 619 1118 649 esset
1131 612 1169 648 in
1188 612 1274 660 plus
1290 623 1405 659 quam

347 671 546 708 ternarius:
566 670 640 705 hoc
660 667 760 704 enim
781 666 1033 715 supponimus
1053 677 1136 702 esse
1152 677 1283 713 genus,
1301 665 1407 702 cuius

346 723 512 773 potentia
540 722 610 759 sub
630 733 669 757 se
688 721 816 769 plures
844 718 989 768 species
1018 718 1196 755 continet.
1223 718 1406 755 Habitum

347 783 403 814 est
425 783 550 812 autem
579 774 684 822 quod
710 772 902 822 praedicta
926 771 1020 809 ratio
1041 784 1120 808 non
1140 772 1320 809 convenit
1338 771 1408 809 nisi

397 931 421 964 θ)
443 932 517 962 Quae
535 931 670 956 invenitur
681 930 708 955 in
723 930 870 955 individuis
889 930 960 955 illius
973 931 1069 963 speciei
1079 931 1205 964 finaliter
1218 931 1344 956 ete-Ab
1363 930 1410 956 hac

346 968 453 992 lectione
471 966 588 991 omniurn
608 966 683 990 codd.
698 974 751 990 non
770 966 859 990 leviter
879 966 1007 998 discrepat
1024 967 1057 991 P:
1072 967 1143 992 illius
1156 966 1259 998 speciei.
1279 966 1411 991 Similiter

345 1003 486 1028 secundum
501 1001 670 1034 praedictum
690 1001 797 1026 modum
811 1001 1032 1033 praedicationis,
1047 1002 1116 1027 sicut
1135 1002 1234 1027 dictum
1247 1005 1287 1027 est
1306 1002 1338 1027 de
1356 1005 1410 1027 ter-

925 267 1308 307 POSTERIORUM
1336 266 1766 304 ANALYTICORUM
1795 268 1890 304 LIB.
1922 268 1953 303 ΙΙ

1461 346 1614 393 atomis,
1645 346 1742 383 idest
1765 319 1998 394 individuis,
2034 347 2105 383 sub
2139 348 2304 385 ternario
2341 351 2539 388 contentis.

1462 399 1703 448 Relinquitur
1732 411 1822 447 ergo
1853 399 1959 448 quod
1987 399 2183 448 praedicta
2213 401 2309 438 ratio
2334 402 2381 439 sit
2406 404 2541 441 defini-

1460 452 1512 488 tio
1542 452 1759 500 significans
1780 453 1986 490 essentiam
2007 453 2171 491 ternarii.
2199 455 2308 492 Haec
2327 455 2431 493 enim
2452 470 2541 507 sup-

1460 505 1617 553 ponitur
1641 518 1725 542 esse
1746 506 1911 543 essentia
1937 506 2252 556 uniuscuiusque,
2274 521 2375 557 quae
2395 509 2541 547 inveni-

1461 567 1522 595 tur
1541 558 1580 596 in
1599 559 1807 596 individuis
1829 559 1927 596 illius
1947 560 2087 608 speciei
2106 561 2271 599 finaliter
2284 560 2309 610 θ,
2326 565 2541 601 secundum

1460 612 1699 661 praedictum
1715 612 1880 651 modurn
1897 612 2203 662 praedicationis.
2222 616 2271 653 Et
2286 616 2382 653 sicut
2397 616 2542 655 dictum

1461 672 1518 702 est
1546 665 1594 702 de
1622 666 1811 713 ternario,
1842 666 1894 703 ita
1929 666 2045 704 etiam
2080 675 2136 705 est
2172 669 2460 718 intelligendum
2494 672 2541 709 de

1460 718 1756 767 quibuscunque
1786 719 1880 766 aliis,
1904 720 2044 768 quibus
2063 721 2348 765 demonstretur
2365 725 2385 745 *
2398 724 2542 774 aliquid
2569 736 2581 747 ⁸

1463 784 1545 809 esse
1573 772 1678 809 idern
1707 784 1778 821 per
1806 773 1974 810 modum
2002 775 2255 823 praedictum.

1465 931 1543 957 nario
1562 937 1610 957 etc.
1625 932 1677 957 Sed
1695 932 1784 961 Pinna,
1799 937 1985 965 praeterquam
2004 933 2077 966 quod
2096 933 2228 959 codicibus
2248 934 2406 967 contradicit,
2427 944 2481 961 non
2499 944 2542 962 ex-

1464 967 1551 999 primit
1578 972 1691 993 textum:
1715 966 1730 999 ἡ
1751 964 1792 992 ἐπὶ
1814 967 1870 997 ταῖς
1890 962 1999 1002 ἀτόμοις
2026 965 2138 1004 ἔσχατος
2157 968 2265 1002 τοιαύτη
2291 969 2444 1005 κατηγορία.
2458 970 2542 998 Ὧστε

1464 999 1559 1037 ὁμοίως
1574 999 1617 1028 καὶ
1633 1008 1681 1028 etc.
1694 1016 1713 1023 —-
1722 1003 1866 1032 Finaliter,
1881 1004 1952 1036 quod
1967 1004 2043 1030 codd.
2057 1004 2161 1037 habent,
2174 1006 2254 1030 textui
2269 1007 2403 1038 convenit,
2422 1004 2542 1043 ἔσχατος.

2602 741 2659 758 Arx:
2690 735 2788 757 demon·

2569 764 2707 788 εῖναι-εἰκῇ·
2722 767 2769 784 »σι
2779 769 2788 789 3

2571 789 2758 811 demonstratur.
