2788 4204
346 230 417 265 114

336 294 462 328 cedenti
486 304 574 328 textu
598 304 630 328 et
654 296 687 328 in
711 295 783 328 isto.
810 294 858 327 Ibi
886 295 973 327 enim
998 294 1115 336 accipit
1132 294 1242 335 ipsum
1259 293 1292 324 in
1311 303 1400 324 com-

335 345 442 384 muni,
459 353 495 377 ut
519 345 665 388 sequitur
688 343 728 376 ad
755 343 992 381 necessarium
1016 342 1068 374 hic
1097 341 1226 374 videtur
1254 341 1399 384 accipere

335 393 444 436 ipsum
465 392 646 436 specialiter
670 403 729 436 pro
754 390 903 435 possibili
928 389 967 422 ad
992 389 1196 429 utrumlibet,
1221 390 1296 433 quia
1324 389 1401 422 dicit

336 441 425 485 quod
442 441 596 485 possibile
620 450 668 474 est
692 440 789 473 simul
806 448 924 483 potens
949 449 1018 470 esse
1036 447 1068 470 et
1084 449 1152 470 non
1170 449 1250 470 esse.

402 490 442 522 Et
458 489 498 522 ad
515 490 578 522 hoc
606 489 781 522 dicendum
810 497 860 521 est
891 487 980 531 quod
1008 486 1215 519 uniformiter
1244 498 1323 519 usus
1351 494 1400 518 est

335 538 491 582 possibili.
507 539 578 572 Nec
600 539 670 571 eius
687 537 783 570 verba
801 537 947 569 obstant:
967 537 1124 580 quoniam
1142 543 1173 567 et
1191 534 1229 567 de
1251 534 1398 578 possibili

335 589 369 620 in
392 587 559 620 communi
583 597 697 618 verum
721 594 769 618 est
797 585 904 618 dicere
939 584 1029 628 quod
1057 592 1166 627 potest
1193 583 1254 616 sibi
1283 593 1398 616 utrun-

335 648 398 681 que
426 635 579 674 accidere,
604 634 735 673 scilicet,
760 645 829 666 esse
851 643 883 666 et
905 645 973 666 non
998 641 1083 665 esse:
1109 641 1180 664 tum
1205 632 1281 676 quia
1306 632 1399 676 quid-

334 685 413 729 quid
435 684 618 717 verificatur
642 682 681 716 de
702 694 763 715 suo
788 682 943 724 inferiori,
959 682 1143 715 verificatur
1159 682 1257 714 etiam
1279 681 1319 714 de
1336 694 1397 715 suo

333 734 503 776 superiori,
523 733 597 765 licet
617 743 686 764 non
703 731 821 765 eodem
845 732 965 772 modo;
983 740 1054 764 tum
1079 731 1155 775 quia
1179 730 1335 774 possibile
1364 731 1397 763 in

333 782 501 814 communi
518 789 667 813 neutram
685 779 953 813 contradictionis
971 789 1097 824 partem
1114 778 1174 811 sibi
1193 778 1397 820 determinat,

333 839 364 863 et
385 838 622 873 consequenter
642 838 802 872 utranque
826 829 887 862 sibi
915 829 1066 862 advenire
1093 829 1301 873 compatitur,
1323 827 1398 860 licet

331 892 399 913 non
424 888 543 912 asserat
568 879 750 923 potentiam
774 878 814 912 ad
838 888 999 924 utranque
1023 888 1159 923 partem,
1184 877 1396 922 quemadmo-

332 929 410 962 dum
428 928 583 972 possibile
600 928 639 961 ad
660 937 834 972 utrunque.

401 988 449 1019 17.
463 976 652 1010 Secundum
665 977 829 1009 motivum
846 976 885 1010 ad
899 976 996 1017 idem,
1007 975 1267 1020 correspondens
1281 975 1395 1008 tacitae

331 1026 507 1060 obiectioni
520 1026 731 1069 antiquorum
744 1037 843 1070 quam
857 1037 954 1069 supra
967 1026 1113 1065 exclusit,
1127 1025 1215 1058 addit
1228 1036 1303 1057 cum
1322 1025 1396 1057 sub-

331 1075 391 1108 dit:
405 1076 473 1108 Hoc
484 1076 562 1108 enim
573 1086 679 1108 verum
691 1081 732 1107 est
748 1083 808 1107 etc.
823 1074 887 1108 Ubi
905 1074 1087 1108 notandum
1102 1074 1191 1118 quod
1204 1073 1395 1107 Aristoteles

330 1125 390 1157 sub
415 1124 469 1157 illa
492 1125 616 1157 maiore
634 1123 772 1156 adducta
789 1135 850 1167 pro
867 1124 1008 1168 antiquis
1029 1123 1178 1168 (scilicet,
1199 1122 1395 1155 convertibi-

330 1174 403 1207 liter
426 1186 460 1207 se
491 1173 765 1217 consequentium
795 1172 1049 1206 contradictoria
1073 1184 1107 1205 se
1131 1181 1249 1204 mutuo
1279 1183 1394 1204 conse-

331 1221 504 1267 quuntur),
517 1221 680 1254 subsumit
692 1222 871 1253 minorem:
890 1220 947 1254 sed
962 1220 1081 1253 horum
1095 1220 1349 1253 convertibiliter
1361 1232 1394 1252 se

331 1272 539 1315 sequentium
556 1271 589 1303 in
605 1271 700 1303 tertio
718 1269 831 1303 ordine
849 1269 998 1314 (scilicet,
1015 1281 1083 1302 non
1100 1269 1254 1313 possibile
1276 1281 1346 1302 esse
1364 1278 1396 1302 et

330 1332 462 1353 necesse
475 1332 543 1352 non
557 1319 655 1364 esse),
667 1319 916 1352 contradictoria
930 1327 1016 1358 sunt,
1030 1317 1186 1362 possibile
1199 1330 1269 1351 esse
1283 1327 1315 1351 et
1327 1330 1395 1351 non

330 1381 462 1402 necesse
486 1381 555 1402 non
572 1380 642 1401 esse
659 1368 832 1412 (quoniam
851 1367 941 1400 modi
963 1367 1137 1410 negatione
1155 1367 1200 1399 eis
1218 1378 1395 1410 opponun-

330 1418 411 1463 tur)·,
424 1429 502 1461 ergo
519 1419 597 1450 istae
615 1417 696 1450 duae
710 1416 858 1461 (scilicet,
872 1415 1026 1459 possibile
1043 1427 1113 1448 esse
1130 1424 1162 1447 et
1178 1426 1246 1447 non
1263 1427 1394 1448 necesse

330 1480 399 1502 non
416 1468 503 1512 esse)
520 1479 553 1500 se
579 1475 824 1510 consequuntur
846 1474 877 1498 et
894 1466 926 1498 in
944 1466 1052 1508 primo
1068 1464 1225 1498 locandae
1247 1473 1323 1497 sunt
1345 1475 1395 1497 or-

332 1517 416 1551 dine.
441 1516 538 1550 Unde
559 1516 721 1548 motivum
737 1523 874 1558 tangens
892 1515 950 1547 ait:
968 1514 1037 1547 Hoc
1053 1515 1142 1554 enim,
1161 1513 1250 1557 quod
1271 1513 1394 1546 dictum

331 1574 390 1606 est,
406 1576 511 1598 verum
527 1570 578 1604 est,
597 1563 679 1597 idest
691 1575 806 1596 verum
821 1574 891 1595 esse
911 1562 1104 1602 ostenditur,
1119 1569 1145 1595 et
1163 1563 1197 1595 de
1212 1573 1320 1595 necesse
1335 1574 1395 1595 non

330 1626 396 1654 esse,
406 1614 498 1653 idest,
512 1622 543 1646 et
560 1625 597 1646 ex
615 1612 712 1652 illius,
730 1611 862 1652 scilicet,
873 1622 942 1644 non
961 1622 1095 1644 necesse
1113 1622 1181 1644 non
1198 1622 1279 1651 esse,
1293 1622 1396 1655 oppo-

331 1664 400 1703 sita,
414 1674 496 1706 quae
521 1671 579 1702 est,
592 1673 724 1694 necesse
741 1672 809 1693 non
828 1672 909 1693 esse.
924 1660 998 1699 Vel,
1010 1660 1061 1693 hoc
1075 1661 1165 1700 enim,
1180 1659 1312 1700 scilicet,
1325 1671 1394 1693 non

330 1723 461 1744 necesse
478 1722 546 1743 non
563 1721 768 1750 esse,verum
781 1718 839 1749 est,
853 1709 986 1748 scilicet,
1004 1708 1293 1742 contradictorium
1307 1708 1393 1741 illius

330 1761 370 1794 de
387 1772 518 1793 necesse
535 1771 603 1793 non
620 1771 700 1792 esse.
715 1760 755 1792 Et
772 1760 934 1791 minorem
952 1758 1094 1791 subdens
1111 1759 1168 1791 ait:
1188 1759 1277 1791 Haec
1294 1759 1393 1798 enim,

329 1809 462 1849 scilicet,
480 1820 548 1842 non
569 1820 700 1842 necesse
728 1820 796 1841 non
815 1819 896 1848 esse,
914 1807 950 1840 fit
968 1807 1183 1840 contradictio
1209 1808 1294 1847 eius,
1311 1818 1393 1851 quae

331 1857 583 1891 convertibiliter
607 1858 763 1902 sequitur,
788 1869 854 1890 non
873 1856 1034 1900 possibile
1054 1867 1134 1889 esse.
1153 1856 1194 1888 Et
1218 1856 1393 1899 explanans

330 1907 394 1939 hoc
418 1908 451 1939 in
475 1907 621 1939 terminis
650 1905 768 1938 subdit.
799 1904 885 1938 Illud
913 1906 1012 1945 enim,
1030 1916 1099 1937 non
1126 1904 1281 1948 possibile
1306 1916 1394 1945 esse,

331 1955 421 2000 quod
445 1964 493 1988 est
510 1964 607 1999 caput
623 1956 707 1988 tertii
725 1954 859 1995 ordinis,
877 1955 1025 1998 sequitur
1043 1953 1107 1986 hoc
1128 1954 1167 1986 de
1189 1953 1394 1997 impossibili,

331 2004 463 2044 scilicet,
473 2003 674 2048 impossibile
691 2015 772 2044 esse,
781 2012 813 2036 et
830 2003 910 2036 haec
929 2003 968 2036 de
982 2003 1178 2042 necessario,
1192 2002 1325 2042 scilicet,
1342 2013 1395 2035 ne-

331 2065 420 2086 cesse
436 2065 504 2086 non
522 2065 602 2093 esse,
619 2054 711 2085 cuius
734 2053 866 2096 negatio
890 2063 947 2084 seu
973 2051 1222 2084 contradictoria
1247 2060 1305 2091 est,
1326 2062 1394 2083 non

331 2114 462 2135 necesse
476 2114 543 2135 non
561 2114 640 2135 esse.
655 2102 695 2134 Et
708 2102 795 2146 quia,
810 2102 943 2133 caeteris
957 2100 1100 2144 paribus,
1114 2099 1232 2132 modus
1246 2108 1394 2143 negatur,

331 2160 363 2184 et
379 2150 442 2191 illa,
459 2150 613 2194 possibile
630 2162 711 2189 esse,
725 2159 774 2183 est
791 2148 1016 2194 (subauditur)
1030 2148 1279 2181 contradictoria
1297 2147 1394 2187 illius,

331 2199 462 2240 scilicet,
486 2211 554 2233 non
578 2199 748 2244 possibile;
765 2199 863 2242 igitur
891 2199 950 2231 ista
978 2197 1045 2231 duo
1074 2206 1191 2231 mutuo
1215 2210 1249 2231 se
1279 2209 1393 2231 conse-

1084 217 1201 253 PERI
1237 216 1583 252 HERMENEIAS
1614 216 1707 252 LIB.
1739 217 1770 252 11

1455 300 1610 336 quuntur,
1628 292 1760 333 scilicet,
1778 293 1932 337 possibile
1949 305 2031 334 esse,
2044 302 2086 334 et,
2103 305 2171 326 non
2187 305 2320 327 necesse
2341 305 2410 328 non
2434 306 2516 335 esse,

1454 350 1622 386 tamquam
1636 342 1886 376 contradictoria
1899 343 2041 377 duorum
2054 355 2088 376 se
2101 353 2220 377 mutuo
2234 346 2518 389 consequentium.

1525 391 1573 424 18.
1598 391 1727 424 Deinde
1756 403 1831 424 cum
1856 392 1954 426 dicit:
1981 393 2152 437 Sequuntur
2180 394 2258 426 enim
2286 402 2366 433 etc.,
2391 393 2522 427 ordinat

1455 450 1570 472 omnes
1606 441 1856 484 consequentias
1891 441 2074 474 modalium
2109 442 2293 475 secundum
2325 443 2519 486 opinionem

1454 489 1639 532 propriam;
1657 498 1688 522 et
1705 490 1748 522 ait
1765 489 1865 533 quod,
1879 489 1939 523 hae
1953 490 2238 530 contradictiones,
2253 490 2388 531 scilicet,
2405 491 2444 524 de
2461 503 2518 524 ne-

1455 538 1606 577 cessario,
1624 546 1806 581 sequuntur
1829 537 1899 570 illas
1924 538 1963 571 de
1987 539 2153 582 possibili,
2175 539 2357 573 secundum
2382 539 2521 573 modum

1453 586 1655 629 praedictum
1680 596 1711 620 et
1736 586 1952 630 approbatum
1976 587 2105 620 illarum
2130 588 2169 621 de
2200 587 2405 632 impossibili.
2429 588 2522 621 Sicut

1453 636 1541 667 enim
1556 635 1823 668 contradictorias
1837 635 1876 668 de
1893 635 2040 679 possibili
2055 636 2326 670 contradictoriae
2343 636 2382 670 de
2399 637 2521 681 impos-

1453 682 1536 715 sibili
1555 693 1747 727 sequuntur,
1761 683 1836 716 licet
1852 685 2047 723 conversim;
2059 686 2102 717 ita
2114 685 2380 718 contradictorias
2394 684 2433 718 de
2447 697 2521 729 pos-

1452 731 1536 764 sibili
1561 731 1830 764 contradictoriae
1847 732 1887 765 de
1903 734 2087 765 necessario
2111 742 2293 777 sequuntur
2318 735 2518 766 conversim:

1451 780 1526 812 licet
1547 781 1580 812 in
1604 780 1683 820 hoc,
1707 789 1744 813 ut
1768 780 1892 813 dictum
1916 789 1978 820 est,
2003 780 2235 814 dissimilitudo
2259 783 2300 814 sit
2321 781 2421 826 quod,
2439 793 2518 815 con-

1452 828 1713 862 tradictoriarum
1738 829 1777 862 de
1802 827 1949 872 possibili
1966 837 1998 861 et
2021 828 2217 872 impossibili
2234 829 2383 862 similiter
2401 838 2450 862 est
2473 830 2520 863 di-

1452 886 1552 917 ctum,
1573 877 1900 910 contradictorIarum
1917 886 2027 910 autem
2051 876 2090 909 de
2115 877 2263 921 possibili
2284 887 2316 911 et
2335 880 2518 912 necessario

1452 927 1652 959 contrarium
1669 934 1717 958 est
1734 925 1868 966 dictum,
1884 934 1922 958 ut
1937 926 1971 958 in
1988 927 2138 969 sequenti
2154 926 2284 959 videtur
2299 926 2420 970 figura:

1492 1031 1770 1058 CONSEQUENTIAE
1794 1030 2074 1053 ENUNCIATIONUM
2098 1030 2275 1053 MODALIUM
2299 1031 2480 1054 SECUNDUM

1451 1080 1611 1107 QUATUOR
1634 1079 1773 1103 ORDINES
1797 1079 1838 1101 AB
1860 1079 2062 1103 ARISTOTELE
2090 1079 2224 1102 POSITAE
2248 1080 2290 1102 ET
2314 1080 2517 1103 ORDINATAE.

1560 1164 1704 1197 Primus
1728 1165 1821 1196 Ordo
2104 1164 2290 1197 Secundus
2314 1165 2407 1197 Ordo

2020 1253 2149 1278 Possibile
2167 1258 2207 1278 est
2225 1261 2279 1278 non
2298 1260 2358 1278 esse

2019 1289 2180 1321 Contingens
2199 1293 2239 1313 est
2258 1296 2310 1313 non
2329 1296 2389 1314 esse

2018 1325 2077 1349 Non
2096 1324 2258 1357 impossibile
2277 1328 2318 1349 est
2332 1332 2386 1349 non
2403 1331 2471 1349 esse.

2017 1360 2076 1384 Non
2095 1367 2203 1384 necesse
2222 1364 2263 1384 est
2280 1367 2340 1384 esse

1487 1290 1646 1322 Contingens
1666 1294 1706 1314 est
1724 1296 1784 1313 esse

1486 1326 1544 1350 Non
1563 1325 1727 1357 impossibile
1745 1328 1786 1348 est
1804 1331 1864 1348 esse

1486 1253 1612 1280 Possibile
1631 1258 1671 1279 est
1689 1261 1749 1278 esse
1971 1254 1984 1386 u

1485 1361 1545 1386 Non
1563 1368 1671 1385 necesse
1689 1364 1730 1384 est
1748 1367 1801 1384 non
1820 1366 1880 1384 esse

1560 1438 1701 1470 Tertius
1726 1438 1818 1469 Ordo
2106 1439 2265 1470 Quartus
2289 1438 2383 1470 Ordo

1485 1527 1543 1552 Non
1562 1526 1688 1559 possibile
1707 1531 1748 1551 est
1766 1533 1827 1551 esse

1484 1563 1543 1587 Non
1563 1562 1715 1594 contingens
1734 1566 1775 1586 est
1793 1568 1852 1586 esse

1486 1597 1650 1630 Impossibile
1669 1602 1709 1622 est
1728 1604 1787 1622 esse

1485 1634 1599 1658 Necesse
1618 1637 1658 1657 est
1676 1640 1729 1657 non
1748 1640 1808 1658 esse

2016 1527 2076 1552 Non
2094 1526 2219 1560 possibile
2238 1531 2279 1551 est
2297 1534 2350 1551 non
2369 1534 2429 1552 esse

2017 1562 2076 1587 Non
2095 1562 2249 1594 contingens
2269 1566 2309 1587 est
2327 1570 2380 1587 non
2398 1570 2458 1587 esse

2018 1597 2183 1630 Impossibile
2202 1601 2242 1621 est
2260 1604 2314 1622 non
2332 1604 2392 1622 esse

2018 1633 2132 1657 Necesse
2150 1637 2190 1657 est
2208 1639 2268 1657 esse

1517 1710 1583 1744 Ubi
1606 1710 1698 1743 vides
1723 1710 1814 1755 quod
1838 1709 1927 1743 nulla
1951 1719 2000 1743 est
2024 1711 2108 1743 inter
2131 1709 2343 1743 Aristotelem
2374 1718 2406 1743 et
2433 1709 2516 1743 anti-

1450 1771 1534 1804 quos
1559 1758 1759 1799 differentia,
1783 1759 1845 1791 nisi
1870 1760 1903 1791 in
1927 1758 2057 1792 duobus
2081 1759 2195 1803 primis
2220 1758 2390 1792 ordinibus
2408 1758 2517 1802 quoad

1449 1807 1519 1841 illas
1547 1807 1587 1841 de
1618 1808 1812 1840 necessario.
1845 1808 2062 1851 Praepostero
2087 1818 2230 1850 namque
2262 1808 2326 1840 situ
2359 1808 2409 1840 usi
2440 1815 2518 1840 sunt

1449 1857 1585 1900 antiqui,
1602 1868 1674 1889 eam
1692 1855 1731 1889 de
1755 1857 1956 1896 necessario,
1989 1867 2072 1900 quae
2096 1855 2234 1888 locanda
2256 1864 2323 1888 erat
2349 1856 2384 1888 in
2408 1856 2516 1899 primo

1449 1905 1574 1945 ordine,
1588 1906 1621 1937 in
1638 1904 1784 1938 secundo
1801 1913 1973 1948 ponentes,
1990 1913 2022 1937 et
2038 1915 2111 1937 eam
2133 1915 2216 1948 quae
2234 1905 2267 1937 in
2289 1903 2435 1937 secundo
2460 1915 2517 1948 po-

1448 1952 1554 1986 nenda
1575 1962 1653 1993 erat,
1671 1954 1704 1986 in
1732 1954 1840 1996 primo
1868 1952 2023 1986 locantes.
2049 1953 2090 1986 Et
2128 1954 2237 1996 aspice
2259 1964 2393 1997 quoque
2425 1952 2516 1997 quod

1449 2001 1703 2035 convertibiliter
1719 2013 1753 2034 se
1771 2002 2046 2045 consequentium
2062 2012 2192 2045 semper
2213 2000 2464 2034 contradictoria
2480 2013 2515 2034 se

1450 2051 1607 2094 consequi
1632 2050 1803 2083 ordinavit.
1823 2049 1968 2093 Singulis
1992 2050 2081 2082 enim
2105 2050 2191 2083 tertii
2215 2049 2339 2083 ordinis
2367 2049 2514 2094 singulae

1450 2101 1545 2143 primi
1570 2099 1694 2133 ordInis
1723 2098 1993 2131 contradictoriae
2018 2107 2113 2139 sunt;
2137 2107 2169 2132 et
2190 2098 2339 2131 similiter
2367 2098 2514 2142 singulae

1449 2149 1554 2193 quarti
1583 2147 1706 2181 ordinis
1730 2146 1878 2191 singulis,
1903 2159 1986 2191 quae
2012 2147 2045 2179 in
2071 2146 2217 2180 secundo
2241 2155 2328 2188 sunt,
2357 2146 2517 2181 contradi-

1450 2198 1570 2231 ctoriae
1597 2206 1683 2229 sunt.
1710 2195 1814 2237 Quod
1838 2196 1963 2240 antiqui
1987 2207 2055 2229 non
2079 2196 2302 2230 observarunt.
