2548 4192
942 262 996 299 IN
1040 250 1078 299 s.
1098 261 1340 298 THOMAM
1368 260 1692 308 AQUINATEM

218 343 354 385 propriis
369 342 470 374 oculis
484 342 587 382 legere
600 341 716 382 cuique
730 351 871 382 pronum
882 348 927 372 est
941 341 974 372 in
985 342 1011 372 11
1022 341 1121 378 Sent.,
1132 340 1202 371 dist.
1211 351 1293 380 κων,

215 394 336 429 quaest.
353 398 392 426 11,
418 393 474 418 art.
491 397 514 416 11
538 386 571 416 in
595 392 783 426 argumento
808 386 1002 426 prolusorio,
1026 386 1060 416 in
1084 395 1217 425 corpore
1247 395 1293 415 ar-

217 432 305 464 ticuli
329 439 360 463 et
381 431 416 462 in
447 430 656 471 responsione
689 430 728 461 ad
751 432 779 461 5.
806 431 897 461 Hanc
925 431 1116 461 indicaverat
1146 430 1294 460 Thomae

218 476 406 507 sententiam
430 475 674 513 Summontius,
699 485 763 515 qua
797 476 946 506 adversus
975 474 1124 505 Doctoris
1153 481 1295 505 mentem

218 521 366 552 abutitur.
391 520 481 551 Num
512 519 612 550 alium
635 519 703 559 ipse
732 519 875 550 eiusdem
906 518 1121 559 Praeceptoris
1152 519 1295 558 Angelici

217 571 340 597 textum
363 571 470 595 mente
492 573 618 602 versas,
642 573 742 604 quem
774 564 918 594 traducas
946 564 980 594 in
1003 561 1175 594 invidiam?
1198 564 1296 594 Putat

218 609 432 641 Filamondus
459 609 599 639 Thomae
621 608 789 639 doctrinae
818 614 848 639 et
871 609 1014 648 opinioni
1038 618 1101 638 non
1125 607 1295 638 adversari

217 655 439 695 Augustinum
476 653 708 693 Thriumphum
739 653 914 693 Apostolici
941 653 1089 683 Sacrarii
1112 652 1296 683 custodem:

218 709 283 740 qua
300 698 335 728 in
357 708 391 728 re
414 703 486 728 arte
517 698 630 728 critica
651 697 839 728 destitutum
863 706 896 727 se
919 697 1035 738 prodit.
1056 697 1198 737 Impacto
1217 697 1295 727 vitio

217 750 248 774 te
271 743 471 773 laborantem
492 741 608 780 video,
632 741 688 782 qui
713 751 795 772 erras
829 751 904 772 cum
934 741 1147 780 Filamondo,
1171 752 1296 772 novum

217 787 398 827 Apostolici
422 786 552 818 Sacrarii
585 786 752 817 custodem
782 796 889 817 creans
919 786 1139 826 Augustinum
1167 786 1296 816 Trium-

217 831 331 873 phum.
359 831 503 862 Huiusce
536 831 725 871 amplissimi
755 831 814 861 viri
842 831 1020 862 doctrinam
1043 831 1076 861 in
1099 831 1234 861 Summa
1257 831 1297 861 de

217 877 379 907 Potestate
407 876 574 907 Ecclesiae
604 875 800 906 adamussim
833 875 1001 906 convenire
1024 875 1194 916 Aquinatis
1226 875 1296 915 opi-

218 920 320 962 nioni,
344 920 501 951 iudicium
525 926 571 951 est
594 919 775 950 Filamondi
798 920 1011 955 verissimum.
1029 920 1065 950 Id
1081 919 1106 950 si
1123 926 1158 950 tu
1177 919 1297 950 inficias

218 965 311 996 iveris
335 972 390 996 aut
412 965 446 995 in
469 964 606 995 dubium
627 964 800 1003 vocaveris,
823 964 956 995 minime
977 964 1177 1004 theologum,
1193 974 1297 1004 neque

220 1010 376 1048 criticum,
400 1015 437 1040 ut
459 1009 626 1040 mitissime
650 1009 764 1047 dicam,
789 1015 820 1039 te
844 1009 984 1049 praebes.
1006 1008 1149 1039 Consule
1168 1008 1297 1038 Trium-

219 1054 276 1095 phi
299 1055 410 1085 locum
433 1053 578 1094 superius
602 1052 806 1093 descriptum.
825 1053 913 1090 Quid
937 1060 983 1083 est
1005 1062 1100 1090 vero,
1124 1052 1214 1092 quod
1236 1052 1296 1082 im-

219 1098 373 1129 becillum
394 1098 652 1138 imperatumque
671 1097 886 1127 adversarium
905 1097 1050 1137 pluribus
1069 1094 1297 1136 insequamur?

220 1142 412 1176 Thomistici
436 1151 576 1182 namque
599 1147 713 1179 textus,
737 1151 836 1182 quem
859 1141 990 1172 Curtius
1019 1146 1050 1171 et
1073 1140 1297 1171 Summontius

219 1186 454 1224 indicaverant,
479 1185 614 1216 omnino
648 1185 796 1225 ignarum
819 1195 852 1215 se
876 1185 1010 1225 prodere
1041 1184 1166 1215 videtur
1189 1184 1296 1224 Scipio

221 1230 464 1271 Christophori:
481 1229 734 1270 fingendumque
758 1229 818 1260 fuit
841 1229 874 1260 in
897 1229 1046 1267 vetustis,
1069 1239 1148 1270 quas
1164 1228 1296 1259 minime

219 1275 299 1307 vidit
321 1275 409 1316 ipse,
433 1284 492 1305 nec
515 1273 678 1312 lustravit,
702 1273 837 1304 inveniri
870 1273 1083 1312 editionibus,
1108 1283 1206 1314 quem
1229 1283 1297 1303 non

220 1327 322 1351 extare
345 1320 379 1350 in
406 1318 583 1351 recentibus
608 1318 676 1359 pari
697 1317 825 1349 fictione
844 1317 1041 1358 excogitavit.
1059 1320 1170 1358 Apage
1185 1327 1295 1358 nugas.

239 1377 242 1379 ·
287 1364 340 1395 111.
359 1362 438 1395 Post
454 1363 571 1395 editam
586 1362 670 1404 typis
694 1362 877 1403 apologiam
901 1369 1059 1400 nostram,
1081 1372 1145 1403 qua
1168 1362 1297 1393 innoxia

218 1408 315 1440 thesis
338 1419 357 1439 a
381 1415 491 1439 sancto
515 1407 645 1438 Thoma
667 1407 828 1448 Aquinate
852 1407 974 1438 adserta
998 1413 1108 1438 contra
1131 1408 1177 1438 Io.
1194 1410 1295 1438 Anto-

219 1453 313 1484 nium
327 1452 582 1490 Summonfium,
593 1459 624 1483 et
638 1451 852 1482 recentiorum
867 1451 1099 1483 Commentarii
1114 1452 1147 1482 in
1162 1452 1298 1483 alterum

219 1498 455 1530 Sententiarum
478 1497 597 1528 librum
621 1496 801 1527 editionum
831 1496 909 1527 fides
933 1507 969 1527 ac
997 1496 1178 1536 integritas,
1202 1503 1297 1537 atque

219 1543 354 1574 demum
376 1542 479 1573 brevis
502 1541 672 1582 Raphaelis
687 1541 805 1572 Mariae
828 1541 1032 1571 Philamondi
1055 1541 1197 1572 defensio
1222 1551 1297 1572 con-

219 1593 267 1619 tra
290 1587 475 1628 Scipionem
498 1585 723 1626 christophori
746 1585 1001 1616 ineluctabilibus
1025 1583 1092 1628 (me
1115 1584 1233 1628 iudice)
1250 1595 1297 1615 ar-

220 1632 380 1673 gumentis
403 1631 579 1662 vindicatae
596 1637 688 1668 sunt;
707 1629 819 1660 foliola
835 1640 906 1661 ecce
930 1630 996 1660 duo
1013 1630 1046 1660 in
1067 1630 1170 1671 quarti
1194 1630 1298 1660 forma

219 1676 357 1717 Neapoli
380 1675 563 1707 transmissa
585 1675 734 1706 Venetias
757 1674 790 1705 in
812 1685 927 1705 manus
950 1682 1136 1715 pervenere:
1157 1685 1299 1716 quorum

221 1721 365 1762 primum
387 1720 518 1761 paginas
538 1719 663 1751 exhibet
685 1729 750 1760 429
775 1726 807 1750 et
824 1720 890 1759 430
911 1719 982 1749 libri
1001 1719 1082 1750 tertii
1101 1719 1174 1750 dell¹
1184 1719 1297 1750 Histo-

221 1767 274 1796 ria
296 1765 331 1796 di
353 1765 473 1806 Napoli
495 1775 514 1795 a
536 1763 743 1795 Summontio
763 1763 980 1794 elucubratae:
998 1770 1028 1794 et
1051 1763 1186 1794 alterum
1210 1763 1298 1804 pagi-

220 1813 297 1841 nam
320 1811 363 1851 67
386 1809 478 1840 Vitae
501 1808 575 1840 dell’
586 1813 721 1846 autore,
738 1807 838 1848 ipsius
867 1807 1082 1846 Summondi,
1107 1818 1125 1838 a
1148 1808 1298 1848 Scipione

220 1853 446 1894 christophori
463 1853 610 1894 digestae.
626 1852 764 1892 Paginae
779 1862 845 1892 429
867 1852 1007 1883 subiecta
1030 1852 1063 1882 in
1084 1852 1226 1892 margine
1243 1853 1298 1883 ad-

221 1898 344 1930 notatio
360 1897 486 1938 legitur,
503 1907 602 1939 quarn
619 1897 684 1927 sive
701 1896 879 1927 confectam
903 1896 968 1927 sive
985 1897 1184 1937 propositam
1201 1897 1297 1928 audio

221 1953 240 1974 a
263 1942 401 1983 Iosepho
425 1942 647 1980 Terralavoro,
663 1941 791 1972 Neriani
816 1941 954 1972 Instituti
977 1942 1157 1980 sacerdote,
1183 1941 1298 1982 pietate

220 1998 257 2019 ac
281 1987 424 2018 doctrina
445 1986 514 2017 viro
538 1985 818 2027 praestantissimo.
847 1986 1005 2026 Integram
1028 1986 1165 2027 propriis
1188 1986 1299 2017 italicis

220 2031 322 2063 verbis
339 2031 523 2070 describere,
540 2041 598 2062 sua
614 2030 729 2072 cuique
746 2037 782 2061 ut
796 2030 866 2061 laus
883 2037 1015 2069 constet,
1036 2031 1099 2061 hoc
1119 2031 1193 2061 loco
1210 2041 1298 2071 prae-

221 2083 301 2108 stat:
321 2077 370 2107 La
394 2076 556 2113 dottrina,
587 2075 644 2106 che
666 2076 722 2116 qui
746 2085 894 2115 propone
918 2076 942 2105 il
964 2075 1152 2106 Summonte
1180 2085 1198 2106 e
1219 2085 1297 2116 pre-

220 2121 316 2153 tende
332 2121 392 2162 poi
409 2121 611 2151 autenticare
630 2120 680 2151 col
692 2129 792 2160 passo
811 2119 845 2150 di
862 2129 922 2150 san
952 2121 1120 2151 Tommaso
1139 2119 1298 2161 d'Aquino

222 2165 296 2197 dell'
305 2165 441 2197 articulo
458 2165 585 2206 penult.
616 2165 669 2195 nel
697 2164 834 2195 secondo
858 2164 939 2195 libro
963 2164 1046 2196 delle
1076 2164 1251 2206 Senten{e‚
1281 2167 1299 2196 e

222 2210 311 2241 dallo
333 2215 433 2241 stesso
456 2210 614 2251 Angelico
632 2209 769 2239 Dottore
800 2210 967 2249 riprovata
992 2210 1046 2240 nel
1061 2219 1161 2250 passo
1193 2209 1297 2240 mede-

221 2256 302 2287 simo
318 2254 375 2285 dal
389 2254 578 2285 Summonte
592 2253 733 2284 addotto.
753 2254 869 2284 Poiche
886 2253 911 2284 il
929 2263 1005 2284 vero
1021 2263 1127 2292 senso,
1148 2253 1298 2295 ch'espri-

221 2309 317 2330 mono
341 2299 371 2329 le
387 2298 506 2339 parole
528 2299 581 2329 del
604 2303 694 2336 testo,
716 2300 733 2328 e
757 2298 919 2329 tutt'altro
943 2298 984 2329 da
1008 2299 1131 2339 quello,
1152 2299 1209 2329 che
1232 2299 1300 2329 mal

222 2345 323 2375 intese
346 2343 377 2374 lo
405 2343 550 2374 Storico:
569 2343 594 2373 il
616 2343 673 2373 che
696 2343 807 2373 chiaro
837 2344 1007 2383 apparisce
1029 2353 1050 2373 a
1074 2343 1233 2383 chiunque
1255 2343 1298 2374 da

223 2398 299 2421 vero
323 2388 450 2429 teologo
476 2398 495 2418 ο
526 2388 667 2429 leggista
691 2387 722 2418 lo
749 2387 928 2418 considera.
962 2387 1084 2424 Quindi
1108 2397 1205 2418 nasce
1226 2389 1298 2428 pri-

222 2433 432 2464 mieramente
450 2433 507 2463 che
522 2433 557 2463 al
578 2437 672 2463 santo
695 2432 832 2462 Dottore
848 2442 911 2462 non
930 2434 1007 2472 pote
1030 2433 1112 2469 mai,
1134 2433 1187 2462 nel
1213 2442 1298 2462 com-

224 2482 371 2508 mentare
386 2477 410 2507 il
424 2478 571 2507 Maestro
586 2476 670 2507 delle
685 2476 850 2517 Sentenze,
872 2476 988 2507 cadere
1010 2477 1042 2506 in
1056 2477 1209 2516 pensiero
1225 2477 1300 2516 quel

225 2521 420 2562 riguardo,
435 2521 492 2552 che
515 2521 539 2551 il
563 2526 672 2552 nostro
695 2525 811 2551 autore
827 2530 895 2561 par
918 2521 975 2551 che
998 2521 1108 2561 voglia
1138 2522 1297 2561 supporsi.

224 2566 278 2597 Ed
300 2567 333 2596 in
357 2565 494 2596 secondo
525 2566 644 2606 luogo,
671 2565 728 2595 che
752 2574 814 2595 non
840 2567 858 2595 e
879 2570 965 2595 stata
997 2566 1063 2595 mai
1093 2566 1242 2605 opinione
1265 2565 1299 2596 di

223 2619 284 2642 san
313 2611 493 2647 Tommaso,
514 2620 567 2640 ma
583 2609 617 2640 di
634 2609 796 2640 Giovanni
818 2610 925 2640 Parvo
941 2610 1066 2650 quella,
1087 2610 1144 2640 che
1156 2609 1204 2651 fu
1225 2620 1299 2640 con—

224 2655 370 2687 dannaia
393 2654 452 2685 dal
469 2654 613 2685 Concilio
637 2655 671 2685 di
689 2654 849 2695 Costanza
874 2654 960 2684 nella
977 2654 1126 2684 Sessione
1141 2654 1190 2684 15.
1212 2655 1301 2691 Qual

223 2700 274 2732 sia
283 2700 343 2740 poi
365 2699 390 2730 il
405 2709 481 2730 vero
496 2708 590 2730 senso
609 2699 663 2730 del
676 2698 823 2729 suddetto
847 2699 946 2739 luogo
962 2698 1036 2729 dell'
1047 2699 1204 2740 Angelico
1220 2699 1299 2729 Dot-

225 2749 305 2782 tore,
323 2745 353 2774 ci
369 2745 460 2774 viene
475 2743 670 2774 dottamente
686 2746 875 2783 rapportato
890 2743 946 2774 dal
964 2743 1121 2781 Gaetano,
1139 2743 1196 2774 dal
1210 2744 1299 2774 Ban-

224 2798 294 2830 nez,
309 2788 367 2819 dal
381 2788 525 2826 Salonio,
541 2788 619 2819 dall'
626 2788 807 2828 Aragonio,
823 2787 880 2818 dal
894 2788 1015 2825 Lessio,
1028 2797 1045 2818 e
1060 2788 1103 2818 da
1119 2789 1198 2818 altri
1213 2789 1300 2818 chia-

223 2834 345 2864 rissimi
363 2833 483 2874 teologi
501 2834 534 2863 in
554 2832 595 2863 II
596 2836 609 2848 ⁶
624 2832 707 2868 11⁸⁶,
730 2837 852 2873 quaest.
869 2843 951 2870 ωιτν,
968 2838 1031 2863 art.
1056 2843 1101 2870 111,
1121 2842 1179 2863 ove
1188 2832 1300 2872 fanno

224 2878 390 2919 menzione
405 2877 439 2908 di
454 2883 564 2918 questo
588 2877 687 2918 luogo
702 2877 755 2908 del
770 2877 907 2908 secondo
931 2877 1012 2908 libro
1028 2877 1111 2908 delle
1134 2878 1298 2918 Sentenze.

225 2921 313 2952 Haec
336 2921 388 2952 ille
412 2931 530 2962 pauca,
555 2928 586 2952 at
608 2921 876 2952 luculentissima:
897 2922 1013 2962 quibus
1038 2922 1151 2952 addere
1175 2932 1232 2961 par
1255 2928 1302 2952 est

226 2974 392 2995 censuram
415 2976 434 2995 a
456 2966 662 2997 Summontio
686 2966 794 3004 latam,
811 2976 878 2996 non
901 2966 962 3006 ipsi
979 2966 1077 2996 veluti
1101 2966 1222 2997 auctori
1247 2966 1301 2996 ad-

227 3009 434 3047 scribendam,
452 3010 507 3040 sed
523 3020 560 3040 ex
577 3010 802 3041 Francischino
820 3010 933 3041 Curtio
951 3011 1182 3049 Iureconsulto,
1198 3010 1301 3041 italice

228 3053 402 3091 redditam,
422 3052 596 3093 ἀυτολεξεὶ
621 3055 825 3095 desumptam
849 3065 925 3085 esse.

295 3097 433 3128 Alterius
457 3098 525 3128 folii
541 3098 656 3138 pagina
673 3099 726 3140 67,
744 3109 826 3140 quae
842 3099 882 3130 ad
897 3099 996 3130 vitam
1020 3099 1216 3130 Summontii
1233 3109 1301 3139 per-

229 3141 317 3180 tinet,
335 3141 411 3171 novi
435 3142 601 3182 quidpiam
623 3142 785 3174 invectum
813 3143 938 3184 prodit,
966 3143 1004 3173 de
1028 3154 1095 3184 quo
1119 3144 1301 3174 monendus

229 3185 329 3216 lector
352 3192 407 3216 est.
424 3186 524 3216 Novis
549 3196 661 3217 excusa
679 3188 762 3228 typis
778 3188 873 3228 longe
898 3187 998 3218 differt
1017 3188 1055 3218 ab
1079 3188 1143 3226 illa,
1168 3199 1250 3229 quae
1269 3188 1301 3218 in

229 3230 341 3261 eadem
365 3230 560 3261 Summontii
591 3231 656 3261 vita
688 3238 759 3262 ante
782 3242 907 3263 menses
940 3232 1088 3263 Venetias
1121 3233 1302 3263 transmissa

229 3281 359 3315 prostat.
377 3275 470 3305 Nova
485 3274 581 3313 enim,
597 3285 695 3316 quam
710 3276 828 3314 dixero,
843 3277 958 3316 pagina
973 3276 1050 3306 haec
1071 3277 1113 3318 67
1136 3287 1188 3307 sex
1204 3277 1302 3307 lineas

228 3319 362 3359 paginae
386 3319 473 3359 prius
497 3319 597 3349 editae
621 3326 775 3359 praestat,
799 3320 912 3361 hisque
935 3320 1118 3350 immediate
1147 3321 1302 3351 subiectas

228 3364 327 3394 lineas
351 3363 545 3404 quindecim,
562 3363 679 3404 quibus
696 3364 871 3404 praedictae
894 3364 977 3395 vitae
1000 3364 1033 3394 in
1056 3364 1176 3404 integra
1199 3365 1303 3404 prima

230 3408 368 3438 editione
384 3407 456 3437 finis
479 3407 667 3448 imponitur,
683 3408 858 3448 suppressis
875 3415 969 3448 atque
994 3408 1161 3438 eliminatis
1182 3409 1302 3438 maiore

229 3452 363 3493 paginae
387 3453 429 3493 67
452 3452 540 3492 prius
569 3451 670 3482 editae
693 3458 800 3492 parte,
826 3452 954 3491 integris
984 3452 1079 3482 etiam
1107 3452 1230 3492 paginis
1260 3453 1308 3482 68-

231 3503 262 3527 et
285 3497 348 3537 69,
374 3507 410 3527 ac
439 3497 549 3527 decem
582 3496 719 3536 denique
751 3496 842 3526 lineis
872 3496 1005 3536 paginae
1038 3506 1080 3536 70
1113 3503 1302 3536 postremae.

229 3541 323 3571 Nova
345 3541 460 3581 pagina
484 3542 526 3582 67
550 3540 626 3571 haec
656 3540 788 3580 legenda
816 3540 958 3580 primum
982 3539 1087 3570 offert:
1116 3541 1190 3570 Alle
1213 3541 1304 3581 leggi

231 3585 339 3616 divine
362 3586 401 3616 ed
425 3595 552 3623 umane,
574 3585 696 3625 perche
718 3590 870 3625 sorgente
892 3585 926 3615 di
949 3586 1076 3621 rovine,
1101 3585 1135 3615 di
1156 3585 1305 3615 scandali

231 3639 250 3659 e
271 3629 305 3660 di
327 3630 592 3671 sconvolgimenti
618 3629 831 3671 grandissimi
854 3627 936 3671 (dira
967 3635 997 3660 et
1026 3628 1136 3670 iniqua
1160 3629 1303 3669 opinatio

2317 277 2422 302 CLXXI

1350 347 1489 379 notatur,
1506 351 1605 382 quam
1629 339 1854 371 Summontius
1877 339 2051 382 tenuerat):
2077 350 2094 371 e
2111 351 2174 381 per
2195 342 2226 372 la
2250 344 2327 383 qual
2350 354 2424 375 cosa

1351 385 1613 416 concordemente
1637 386 1803 425 riprovata
1834 384 2032 425 da'teologi,
2057 384 2290 424 da'moralisti,
2319 388 2423 429 da’fi-

1351 430 1457 471 Iosqfi,
1484 430 1535 461 da'
1551 430 1788 471 giureconsulti
1813 439 1830 459 e
1858 429 1900 459 da
1926 430 1999 459 tutti
2029 429 2136 460 coloro
2164 430 2220 460 che
2243 436 2424 463 trattarono

1350 475 1402 505 del
1425 475 1535 505 diritto
1559 475 1711 505 naturale
1733 484 1751 504 e
1768 473 1927 514 pubblico.
1951 473 2009 503 His
2033 473 2108 504 novi
2124 474 2207 514 typi,
2224 475 2331 505 medio
2355 477 2425 506 nul-

1350 518 1395 556 lo,
1411 519 1508 549 lineas
1533 518 1716 559 quindecim
1740 518 1922 556 subiiciunt,
1939 528 2021 558 quae
2044 518 2177 558 paginae
2201 529 2243 554 70
2267 519 2300 549 in
2322 520 2425 559 priore

1350 563 1470 603 integra
1494 563 1633 594 editione
1662 563 1773 593 locum
1796 569 1997 603 postremum
2028 562 2192 601 obtinent,
2217 572 2350 604 nempe:
2375 565 2424 595 Fu

1351 608 1375 638 il
1398 608 1585 638 Summonte
1609 617 1702 638 uomo
1726 607 1760 638 di
1782 607 1864 638 bello
1880 612 2013 647 aspetto,
2034 606 2068 637 di
2091 609 2292 648 carnagione
2308 610 2423 639 vermi-

1350 653 1420 693 glia
1444 662 1507 683 ecc.
1533 655 1576 683 At
1599 652 1711 683 eadem
1734 652 1849 692 pagina
1872 652 1913 693 67
1931 658 2028 692 prout
2051 651 2161 692 primis
2185 662 2202 682 e
2217 653 2301 693 typis
2325 663 2424 683 emer-

1351 697 1401 735 sit,
1418 703 1492 737 post
1515 707 1568 727 sex
1591 697 1688 727 lineas
1712 696 1832 736 priores
1856 696 1920 726 iam
1944 695 2124 736 descriptas,
2141 696 2218 727 haec
2241 697 2424 728 immediate

1350 742 1445 771 verba
1468 741 1645 781 legentibus
1669 741 1811 771 exhibet:
1831 741 1890 771 Ma
1906 750 1941 771 se
1964 751 2030 771 una
2048 741 2112 771 tale
2131 742 2290 781 opinione,
2303 742 2425 782 perche

1351 786 1490 816 assurda
1514 796 1531 816 e
1553 785 1813 826 preghcdiziale,
1841 786 1977 826 cagiono
2001 786 2297 826 ragionevolmente
2326 787 2350 817 il
2377 786 2424 817 di-

1352 831 1434 861 vieto
1458 830 1543 860 della
1567 831 1668 860 storia
1685 829 1738 860 del
1754 829 1960 867 Summonte,·
1979 829 2152 860 l'autorita
2162 831 2221 870 poi
2239 830 2281 861 da
2306 831 2354 861 lui
2372 841 2423 861 re-

1352 880 1424 905 cata
1442 874 1476 905 di
1490 884 1516 905 s.
1539 875 1717 911 Tommaso,
1736 873 1777 914 (il
1795 874 1891 913 quale
1905 873 2002 914 forse
2025 874 2217 905 attendendo
2233 875 2257 905 il
2278 885 2425 906 successo

1351 918 1573 959 dell’Aquino,
1591 917 1733 948 ch'esser
1761 917 1862 948 dovea
1885 923 2104 948 strettamente
2134 929 2154 949 a
2178 919 2226 949 lui
2249 921 2424 961 congiunto

1346 973 1410 1003 per
1427 972 1566 1003 sangue,
1584 962 1802 992 nell'articolo
1814 962 1994 1001 penultimo
2011 963 2064 992 del
2085 963 2222 994 secondo
2238 964 2319 994 libro
2342 964 2426 995 delle

1352 1007 1518 1048 Sentenze,
1537 1017 1600 1037 non
1625 1007 1693 1036 solo
1716 1011 1864 1036 sostenne
1888 1006 1908 1036 l'
1918 1007 2067 1046 opinione
2089 1007 2271 1046 medesima,
2293 1019 2345 1039 ma
2368 1008 2425 1045 fra
2445 1036 2451 1039 t

1353 1051 1383 1081 le
1398 1061 1495 1091 opere
1511 1051 1673 1081 meritorie
1689 1060 1733 1080 un
1750 1051 1956 1091 somigliante
1972 1056 2132 1081 trascorso
2148 1053 2340 1093 annovero),
2351 1063 2425 1094 sog-

1351 1095 1485 1136 gettollo
1508 1095 1574 1125 alle
1597 1095 1762 1131 derisioni,
1780 1104 1798 1124 e
1821 1094 2094 1135 beffeggiamenfi,
2112 1098 2186 1137 anzi
2209 1097 2274 1127 alle
2297 1107 2424 1138 rampo-

1351 1149 1417 1180 gne
1434 1139 1473 1170 ed
1488 1139 1553 1169 alle
1567 1140 1669 1169 satire
1683 1139 1735 1169 del
1750 1139 1785 1169 P.
1801 1139 2002 1169 Filamondo.
2020 1139 2092 1169 Alia
2106 1140 2297 1171 adiiciuntur
2311 1152 2422 1181 pauca,

1352 1190 1446 1224 atque
1470 1190 1541 1214 tum
1565 1183 1689 1223 singula
1713 1190 1743 1213 et
1766 1182 1876 1213 omnia
1899 1184 2008 1221 verba,
2026 1193 2107 1223 quae
2123 1184 2235 1222 italice,
2255 1193 2352 1225 prout
2374 1196 2424 1216 ea-

1352 1228 1426 1258 dem
1450 1227 1573 1268 scripsit
1597 1234 1717 1266 auctor,
1742 1234 1850 1258 nostra
1873 1234 2017 1267 prostant
2039 1228 2072 1257 in
2095 1228 2260 1268 apologia,
2289 1238 2422 1271 nempe:

1354 1272 1452 1303 Certa
1476 1282 1550 1303 cosa
1575 1275 1592 1303 e
1609 1274 1708 1312 pero,
1735 1272 1791 1303 che
1813 1281 1906 1302 surse
1933 1272 1999 1302 alto
2023 1274 2300 1314 rumoreggiando
2324 1275 2348 1304 il
2364 1285 2425 1315 pa-

1352 1317 1411 1348 dre
1433 1317 1626 1348 Filamondo
1650 1326 1713 1347 ecc.

1420 1362 1587 1399 Quorsum
1610 1361 1687 1392 haec
1703 1358 1801 1391 vero?
1820 1361 1872 1391 Ad
1889 1370 1941 1390 me
1965 1360 2099 1401 pertinet
2115 1361 2260 1400 alterum,
2278 1363 2425 1394 alterum-

1352 1417 1415 1447 que
1439 1407 1479 1437 ad
1496 1413 1659 1437 auctorem
1675 1405 1757 1436 vitae
1773 1405 1980 1436 Summontii.
1997 1405 2022 1435 F
2026 1415 2104 1436 ucus
2120 1416 2276 1446 umquam
2298 1418 2337 1438 ne
2360 1407 2426 1438 fieri

1353 1451 1446 1482 alicui
1470 1451 1590 1492 possit,
1622 1457 1728 1481 sancte
1752 1457 1850 1480 testor
1879 1460 1938 1490 ego
1964 1450 2003 1479 ad
2027 1460 2079 1480 me
2102 1450 2249 1481 Venetias
2273 1451 2427 1491 integram

1353 1496 1548 1526 Summontii
1563 1495 1672 1534 vitam,
1688 1494 1886 1535 septuaginta
1900 1494 2164 1534 comprehensam
2179 1495 2312 1535 paginis,
2327 1503 2427 1526 trans-

1354 1540 1484 1571 missam
1508 1540 1604 1571 fuisse
1627 1540 1837 1580 eamdemque
1858 1539 1892 1569 in
1913 1539 2040 1579 publica
2063 1539 2210 1569 coenobii
2233 1540 2428 1571 Bibliotheca

1354 1585 1525 1626 repositam
1550 1584 1713 1621 custodiri,
1730 1583 1763 1614 in
1779 1594 1843 1624 qua
1859 1583 1983 1623 singula
2007 1583 2162 1614 habentur
2177 1591 2208 1614 et
2224 1585 2343 1623 omnia,
2361 1595 2427 1615 non

1353 1629 1462 1660 addito
1486 1630 1594 1667 verbo,
1612 1639 1678 1659 non
1698 1629 1848 1665 detracto,
1866 1638 1948 1669 quae
1972 1628 2178 1659 concinnatae
2195 1629 2249 1659 abs
2273 1639 2324 1659 me
2349 1640 2426 1670 apo—

1353 1674 1456 1714 logiae
1470 1674 1632 1704 interserta
1651 1680 1733 1703 sunt.
1752 1670 1859 1710 Quid?
1875 1672 1965 1713 quod
1983 1672 2103 1712 integra
2118 1673 2206 1713 prius
2226 1673 2308 1704 edita
2325 1684 2427 1704 exem-

1353 1719 1462 1760 plaria,
1473 1728 1556 1759 quae
1566 1725 1621 1748 aut
1631 1717 1812 1748 clanculum
1828 1724 1883 1757 aut
1898 1717 2015 1757 palam,
2026 1717 2161 1757 Neapoli
2173 1718 2210 1748 ab
2227 1718 2295 1748 aliis
2306 1726 2426 1759 empta,

1354 1763 1421 1794 aliis
1446 1763 1533 1793 dono
1558 1763 1644 1800 data,
1669 1762 1749 1792 bene
1773 1762 1873 1792 multa
1897 1762 2109 1800 adservantur,
2137 1762 2428 1793 luculentissimum

1353 1808 1492 1848 integrae
1502 1806 1575 1837 fidei
1590 1816 1679 1837 meae
1696 1806 1855 1847 hodieque
1872 1806 2018 1844 reddunt,
2036 1806 2214 1847 futurisque
2230 1807 2427 1847 temporibus

1354 1852 1574 1883 testimonium
1585 1851 1714 1881 dabunt.
1727 1851 1859 1881 Auctori
1873 1850 1955 1887 vitae
1970 1850 2164 1881 Summontii
2180 1851 2311 1881 demum
2322 1850 2426 1893 (quod

1354 1897 1489 1927 alterum
1513 1894 1572 1939 est)
1589 1895 1730 1936 gratulor
1754 1905 1813 1935 ego
1837 1895 1915 1935 ipse,
1932 1895 2128 1935 gratulentur
2147 1905 2270 1934 omnes,
2287 1896 2342 1936 qui
2363 1907 2428 1927 me-

1353 1941 1434 1972 liora
1457 1941 1606 1978 sentiens,
1628 1949 1833 1981 quacumque
1856 1946 2020 1980 permotus
2045 1949 2081 1969 ex
2105 1950 2199 1970 causa
2222 1940 2326 1978 fuerit,
2346 1951 2428 1981 quae

1354 1986 1496 2027 primum
1515 1986 1547 2016 in
1571 1984 1763 2025 Angelicum
1785 1984 2026 2024 Praeceptorem
2050 1984 2224 2024 scripserat,
2241 1985 2428 2024 revocanda,

1354 2030 1599 2071 supprimenda,
1624 2029 1860 2060 averruncanda
1883 2026 1969 2070 (quis
2003 2028 2089 2059 enim
2111 2029 2145 2058 id
2168 2029 2206 2059 ab
2236 2029 2305 2059 aliis
2328 2029 2429 2060 inten-

1354 2082 1456 2106 tatum
1480 2072 1696 2116 suspicetur?)
1721 2073 1847 2114 optimo
1872 2073 2005 2103 consilio
2030 2073 2128 2103 duxit.
2164 2100 2173 2105 κ

1749 2189 1947 2226 CAPUT
1987 2189 2033 2226 V.

1354 2295 1503 2321 Secundum
1523 2293 1651 2319 inchoavit
1670 2293 1695 2317 in
1714 2293 1858 2318 Sententias
1877 2292 2099 2318 Commentarium
2114 2298 2218 2317 sanctus
2237 2292 2368 2323 Thomas,
2383 2292 2428 2325 qui

1425 2330 1507 2364 periit.
1520 2329 1570 2360 Qui
1585 2337 1648 2354 vero
1662 2328 1730 2361 typis
1746 2328 1828 2353 editus
1848 2333 1895 2359 est,
1910 2336 1963 2353 non
1982 2333 2022 2353 est
2040 2335 2179 2360 germanus
2189 2328 2324 2360 Aquinatis
2334 2328 2428 2360 foetus,

1429 2366 1476 2391 sed
1495 2365 1651 2390 Hannibaldi
1671 2363 1776 2389 Ordinis
1796 2364 2004 2388 Praedicatorum
2024 2369 2049 2388 et
2068 2364 2093 2388 S.
2105 2364 2136 2388 R.
2146 2363 2176 2388 E.
2188 2363 2337 2388 Cardinalis.

1355 2474 1379 2504 Ι.
1485 2474 1506 2504 d
1528 2474 1636 2514 ipsum
1659 2473 1824 2504 Thomam
1855 2483 1959 2504 sermo
1983 2473 2080 2511 redit,
2105 2473 2160 2514 qui
2183 2472 2308 2503 Parisiis
2332 2473 2429 2504 redux

1485 2518 1517 2548 in
1542 2518 1675 2556 Italiam,
1695 2518 1870 2549 secundum
1890 2519 2045 2558 scriptum
2070 2519 2103 2548 in
2127 2518 2367 2548 Sententiarum
2392 2519 2429 2548 li-

1355 2563 1429 2593 bros
1453 2573 1616 2603 aggressus
1641 2569 1696 2593 est.
1718 2563 1841 2602 Nempe
1866 2562 1899 2592 in
1923 2562 2066 2592 Parisino
2084 2562 2298 2592 Saniacobaeo
2315 2572 2430 2592 coeno-

1356 2607 1410 2638 bio
1426 2614 1499 2647 post
1519 2607 1647 2637 dissidia
1662 2607 1852 2647 composita,
1864 2617 1951 2637 anno
1970 2607 2051 2636 1256
2063 2606 2113 2637 vel
2132 2606 2317 2647 insequente
2338 2608 2430 2648 1257,

1356 2659 1523 2692 tamquam
1545 2652 1694 2692 magister
1717 2662 1752 2682 ac
1776 2651 1945 2692 primarius
1970 2661 2080 2691 regens
2100 2658 2259 2681 externam
2288 2651 2431 2681 scholam

1356 2697 1598 2727 moderabatur:
1615 2697 1674 2726 sub
1694 2706 1798 2737 eoque
1813 2695 1999 2734 Sententias,
2017 2702 2182 2736 tamquam
2198 2696 2429 2733 baccalaureus,

1357 2741 1535 2781 explanavit
1568 2741 1699 2771 fortasse
1732 2741 1953 2771 Hannibaldus
1987 2740 2026 2770 de
2058 2740 2286 2778 Hannibaldis,
2320 2746 2430 2779 postea

1357 2786 1388 2816 S.
1409 2786 1447 2816 R.
1472 2786 1510 2816 E.
1537 2785 1714 2816 Cardinalis
1738 2795 1775 2815 ex
1794 2785 1914 2816 Ordine
1938 2791 2047 2814 nostro
2073 2785 2270 2824 adsumptus.
2298 2784 2429 2814 Vetusta

1357 2837 1516 2871 praeterea
1546 2836 1757 2860 monumenta
1788 2830 1874 2869 apud
1904 2829 2086 2859 Echardum
2117 2829 2231 2859 docent
2260 2828 2429 2865 conciones

1356 2875 1552 2915 Aquinatem
1584 2875 1731 2905 habuisse
1755 2874 1879 2904 Parisiis
1913 2873 1945 2903 in
1970 2873 2218 2912 Quadragesima
2242 2872 2316 2902 anni
2346 2872 2427 2902 1258

1357 2919 1414 2960 qui
1438 2919 1520 2960 stylo
1544 2929 1631 2949 novo
1656 2919 1871 2949 numerandus
1902 2924 1947 2948 est
1976 2919 2068 2957 1259,
2094 2924 2124 2947 et
2147 2917 2186 2946 ad
2209 2917 2430 2947 pentecostem

1357 2970 1554 3004 sequentem,
1578 2963 1627 2993 die
1645 2963 1747 3003 prima
1761 2963 1851 3000 iunii,
1868 2961 2076 2993 Valencennis
2092 2961 2269 2991 interfuisse
2293 2960 2429 3000 generali

1356 3008 1604 3038 Provincialium
1629 3007 1779 3047 Capitulo
1798 3007 1848 3037 vel
1872 3013 1908 3037 ut
1931 3006 2061 3037 Socium
2085 3006 2249 3035 Romanae
2264 3016 2338 3036 suae
2353 3006 2429 3035 Pro-

1356 3052 1477 3083 vinciae
1505 3053 1557 3082 vel
1580 3052 1737 3092 graviores
1762 3052 1803 3082 ob
1828 3051 1902 3081 alias
1926 3060 2034 3081 causas
2058 3050 2252 3080 accersitum.
2273 3050 2362 3080 Tum
2384 3049 2429 3079 di—

1357 3097 1464 3127 scessit
1496 3097 1738 3137 remigravitque
1769 3096 1802 3126 in
1833 3095 1954 3126 Italiam
1978 3104 2062 3124 anno
2092 3095 2168 3124 1261
2198 3104 2263 3135 quo
2290 3094 2324 3124 in
2347 3094 2429 3124 Petri

1357 3141 1472 3172 Sedem
1496 3141 1643 3172 Urbanus
1665 3141 1707 3171 IV
1732 3140 1965 3177 conscenderat,
1981 3145 2058 3169 teste
2076 3139 2264 3169 Ptolomaeo
2285 3139 2323 3168 de
2342 3139 2429 3168 Luca

1355 3186 1436 3216 libro
1462 3186 1549 3215 XXII
1567 3185 1686 3215 Histor.
1705 3185 1793 3222 eccl.,
1818 3184 1918 3224 capite
1934 3194 2007 3213 xxm
2031 3190 2062 3213 et
2083 3193 2164 3213 xx1v.

1423 3229 1553 3260 Scholas
1577 3229 1770 3269 theologicas
1793 3229 1879 3268 apud
1903 3234 2056 3258 nostrates
2079 3228 2204 3266 regebat
2227 3227 2370 3257 Thomas
2394 3226 2426 3256 in

1357 3274 1394 3303 iis
1417 3273 1516 3312 locis,
1541 3273 1595 3303 ubi
1629 3273 1859 3310 diversabatur;
1884 3282 1919 3303 ac
1943 3272 2047 3312 primo
2076 3272 2206 3312 quidem
2235 3272 2357 3301 Romae
2389 3280 2426 3300 eo

1357 3328 1489 3348 munere
1513 3317 1641 3348 functus
1666 3324 1720 3348 est.
1747 3316 1924 3347 Ptolomaei
1958 3316 1996 3346 de
2020 3317 2107 3346 Luca
2134 3316 2228 3345 verba
2252 3315 2357 3354 accipe
2376 3314 2428 3344 Li-

1356 3363 1413 3392 bro
1429 3362 1516 3391 XXII
1542 3361 1636 3391 citato
1652 3362 1734 3392 Hist.
1752 3361 1838 3399 eccl.,
1855 3361 1955 3400 capite
1968 3367 2056 3390 xxw:
2074 3360 2141 3390 Isto
2157 3365 2263 3389 autem
2287 3364 2429 3398 tempore

1362 3407 1499 3435 Thomas
1518 3410 1629 3435 tenens
1645 3406 1785 3436 studium
1802 3406 1925 3435 Romae
1941 3411 1998 3434 etc.
2017 3410 2047 3434 et
2062 3403 2142 3433 libro
2158 3403 2271 3441 XXIII,
2288 3413 2355 3442 cap.
2370 3410 2426 3433 xv:

1357 3450 1492 3489 Scripsit
1506 3450 1601 3479 etiam
1626 3459 1662 3479 eo
1687 3455 1838 3489 tempore,
1863 3459 1925 3488 quo
1940 3448 2013 3488 fuit
2035 3448 2167 3484 Romae,
2184 3447 2223 3477 de
2241 3457 2304 3487 quo
2326 3457 2427 3487 supra

1357 3494 1476 3523 dictum
1501 3498 1557 3531 est,
1573 3494 1636 3523 iam
1661 3494 1818 3533 magister
1841 3494 1996 3529 existens,
2015 3492 2159 3531 primum
2179 3501 2277 3531 super
2291 3491 2425 3522 Senten-

1358 3539 1420 3567 tias
1427 3545 1440 3575 ;
1458 3547 1550 3577 quem
1575 3547 1636 3577 ego
1660 3537 1725 3567 vidi
1747 3537 1866 3574 Lucae,
1883 3536 1940 3567 sed
1956 3536 2029 3566 inde
2051 3536 2248 3566 subtractum
2270 3545 2427 3576 nusquam

1358 3582 1494 3612 ulterius
1518 3581 1592 3612 vidi.
1618 3582 1752 3611 Manum
1776 3581 1954 3611 admovisse
1978 3580 2142 3611 Thomam
2165 3580 2367 3619 addiscimus,
2393 3587 2429 3610 ut

1358 3636 1482 3656 novum
1513 3625 1546 3655 in
1580 3626 1747 3656 sententias
1779 3625 2056 3656 Commentarium
2086 3625 2300 3656 elucubraret:
2325 3624 2428 3665 expla-
