2548 4192
908 309 962 346 IN
994 309 1031 345 S.
1054 306 1297 344 THOMAM
1324 305 1648 353 AQUINATEM

173 394 289 435 ritque,
314 392 490 423 doctrinam
508 390 677 432 Aquinatis
697 390 910 421 communiter
928 390 967 419 ab
984 387 1168 418 doctoribus
1183 380 1248 421 tra-⁹

175 438 275 469 ditam
297 437 330 467 in
350 436 466 468 scholis
486 435 593 473 fuisse,
614 445 653 466 eo
669 435 801 476 quidem
819 441 974 474 tempore,
999 442 1065 473 quo
1079 432 1131 462 vix
1147 439 1245 461 emer-

174 489 255 513 serat
271 481 357 513 Scoti
374 478 500 511 schola?
524 479 604 511 Satis
619 480 696 510 haec
713 486 787 509 sunt
803 488 972 518 superque,
988 484 1024 508 ut
1043 476 1104 506 levi
1120 482 1247 505 motum

176 526 357 558 coniectura
378 524 514 564 Pagium
536 534 666 555 vocasse
690 524 723 554 in
743 523 878 554 dubium
895 522 978 554 vitae
1000 520 1168 562 Aquinatis
1191 528 1247 548 au-

179 577 300 602 ctorem
324 576 457 600 constet.

546 672 756 709 CAPUT
799 672 879 708 111.

177 762 272 787 Testes
291 761 417 786 accedunt
434 761 558 786 Nicolaus
578 761 610 785 de
628 760 756 785 Freaville
775 761 800 785 S.
812 759 843 784 R.
853 759 883 783 E.
898 758 1041 783 Cardinalis
1056 763 1081 783 et
1095 758 1204 782 loannes
1220 757 1252 781 de

250 797 385 829 Friburgo.
404 796 454 821 Alii
474 797 550 821 etiam
566 796 729 821 consodales.
750 796 867 828 Itemque
881 794 967 823 exteri,
982 794 1106 818 Galienus
1121 794 1154 818 de
1177 793 1251 822 Orto,

250 832 461 901 {iclxiillclfflgmtinssgie
474 833 499 857 la
513 832 591 862 Mare,
611 840 632 856 s.
643 832 791 857 Ludovicus
805 831 952 864 Episcopus
966 829 1123 854 Tolosanus.
1143 828 1251 853 Codices

180 960 204 990 1.
308 954 329 984 d
352 955 431 985 alios
456 947 668 985 cumulandos
692 959 785 983 testes
800 951 879 982 redit
894 951 1007 989 oratio,
1024 950 1080 991 qui
1095 949 1177 980 intra
1199 948 1253 978 de-

309 999 470 1037 cennium,
495 997 584 1039 quod
607 996 810 1038 apotheosim
833 995 980 1026 Thomae
1002 1000 1176 1035 sequutum
1196 999 1253 1030 est,

181 1054 212 1079 et
234 1055 306 1079 ante
329 1045 432 1085 ipsam
448 1041 661 1083 apotheosim,
677 1041 902 1080 Theologicam
916 1039 1094 1075 Summam,
1111 1047 1170 1078 pro
1185 1046 1254 1076 ger-

181 1103 278 1123 mano
306 1090 487 1122 habuerunt
515 1085 657 1116 eiusdem
680 1083 848 1125 Aquinatis
876 1083 975 1113 foetu.
1008 1082 1168 1119 Quintum
1194 1090 1254 1110 nu-

181 1146 271 1168 mero
286 1133 458 1166 Nicolaum
474 1130 513 1160 de
529 1128 693 1167 Freaville,
713 1134 888 1158 conventus
903 1125 1170 1166 Rothomagensis
1185 1124 1254 1154 alu-

181 1190 314 1218 mnum,
348 1186 433 1208 anno
464 1174 584 1205 circiter
612 1173 693 1213 1296
719 1182 738 1202 a
760 1172 853 1202 sacris
876 1170 1016 1210 Philippi
1038 1169 1143 1200 Pulcri
1172 1168 1252 1208 regis

181 1225 379 1256 Francorum
395 1217 648 1251 confessionibus
672 1216 839 1254 adscitum,
856 1216 897 1246 ad
912 1224 1089 1255 purpuram
1103 1213 1256 1254 petitione

182 1268 326 1300 eiusdem
348 1264 443 1305 Regis
467 1272 551 1293 anno
581 1262 661 1292 1305
688 1267 849 1299 evectum,
872 1259 1000 1300 vitaque
1024 1257 1151 1288 mortali
1182 1256 1256 1287 fun-

182 1319 271 1344 ctum
298 1321 384 1343 anno
414 1309 496 1347 1324
525 1306 575 1337 die
605 1315 644 1346 14
674 1304 831 1336 februarii.
866 1303 1116 1335 Omatissimum
1143 1308 1257 1332 testem

182 1360 401 1396 nomi-,espuat
414 1351 590 1384 Launoius.
615 1349 754 1381 Ultimae
772 1348 944 1379 voluntatis
964 1347 1031 1378 eius
1051 1345 1173 1378 tabulas
1187 1345 1256 1376 vul-

182 1391 268 1443 g'avit
290 1398 440 1432 Baluzius
463 1403 554 1427 tomo
571 1395 598 1425 11
615 1395 774 1435 Paparum
792 1391 1068 1423 Avenionensium
1090 1400 1161 1431 pag.
1178 1400 1256 1430 410,

183 1446 314 1487 scriptas
345 1442 569 1482 confectasque
597 1449 684 1470 anno
706 1438 896 1468 Natiuitatis
917 1437 1050 1467 Domini
1068 1436 1144 1466 1321
1167 1434 1259 1465 Indi-

183 1494 288 1524 ctione
310 1500 342 1520 1v
365 1488 417 1520 die
440 1484 480 1517 16
507 1485 626 1515 mensis
653 1483 800 1514 octobris.
833 1482 920 1512 Haec
949 1481 982 1512 in
1006 1480 1067 1511 illis
1090 1479 1185 1510 verba
1215 1478 1258 1510 le-

185 1541 323 1576 guntur:
355 1532 463 1563 «Item
491 1529 703 1566 declaramus,
737 1526 827 1568 quod
853 1526 942 1564 libri,
965 1525 1110 1556 videlicet
1137 1523 1259 1562 Biblia,

187 1594 203 1610 ι
227 1581 361 1613 Summa
370 1574 584 1608 Decretalium
599 1573 632 1603 in
649 1573 776 1603 duobus
789 1570 1020 1608 voluminibus,
1037 1569 1171 1600 Summa
1185 1578 1260 1599 con-

190 1638 206 1654 »
227 1632 276 1657 tra
298 1621 438 1655 Gentiles
453 1626 485 1650 et
500 1617 649 1649 Secunda
672 1615 856 1653 Secundae,
881 1625 964 1656 quos
987 1614 1182 1645 habebamus
1205 1622 1260 1642 an-

191 1683 207 1699 »
229 1676 361 1710 tequam
384 1673 525 1697 essemus
549 1661 621 1692 facti
641 1660 828 1699 Cardinalis,
845 1659 974 1690 fuerunt
992 1658 1066 1690 dicti
1086 1663 1261 1688 conventus

192 1727 208 1743 »
230 1711 360 1745 Ordinis
382 1708 640 1741 Praedicatorum
655 1703 974 1745 Rothomagensium.
990 1715 1005 1731 »
1032 1702 1262 1743 opinationem

189 1756 327 1790 Launoii
350 1754 460 1786 evertit
482 1759 548 1784 tam
566 1750 689 1790 insigne
702 1748 933 1781 testimonium.
957 1747 1092 1778 Putabat
1109 1745 1261 1777 morosis-

190 1803 291 1834 simus
314 1809 426 1832 censor
445 1798 615 1829 Summam
624 1793 857 1834 Theologicam
875 1793 1008 1833 eiusque
1026 1797 1129 1832 partes
1154 1789 1261 1831 confe-

189 1853 259 1879 ctas
288 1842 582 1882 consarcinatasque
612 1838 708 1869 fuisse
741 1849 760 1868 a
790 1836 1015 1868 consodalibus
1043 1834 1262 1866 Dominicanis

189 1891 272 1923 intra
298 1887 504 1924 decennium,
534 1883 624 1925 quod
651 1881 854 1924 apotheosim
877 1881 1025 1912 Thomae
1054 1879 1191 1920 excepit,
1222 1888 1264 1909 ex

136 1958 138 1961 -
190 1935 292 1968 variis
309 1933 394 1964 beati
413 1931 552 1962 nomae
569 1927 826 1959 Commentariis.
845 1928 888 1957 At
903 1925 1084 1956 Secundam
1096 1923 1264 1955 Secundae

189 1979 342 2012 Summae
370 1975 455 2007 illius
483 1972 642 2014 egregiam
670 1978 810 2012 partem,
839 1977 910 2002 ante
943 1979 1065 2000 annum
1093 1970 1173 1999 1305
1199 1967 1264 1998 iam

189 2022 373 2065 possidebat
395 2025 572 2051 conventus
587 2015 873 2056 Rothomagensis:
898 2015 937 2046 ab
955 2025 993 2046 eo
1008 2024 1093 2044 anno
1118 2023 1264 2044 commo-

191 2069 299 2100 datam
321 2065 432 2097 habuit
448 2062 602 2094 Nicolaus
623 2061 662 2092 de
678 2060 831 2091 Freavine
855 2070 930 2090 cum
949 2069 1070 2090 sacram
1088 2068 1265 2098 purpuram

191 2112 323 2144 indutus
347 2115 441 2141 esset:
467 2107 677 2147 eamdemque
701 2104 835 2135 restituit
854 2105 986 2135 demum
1009 2113 1095 2133 anno
1119 2103 1197 2133 1321
1218 2102 1264 2132 in-

191 2163 281 2198 tegro
305 2155 370 2186 fere
394 2152 523 2184 biennio
547 2158 620 2182 ante
643 2149 921 2181 canonizationem
943 2148 1102 2179 Thomae.

259 2198 449 2232 Audiendus
471 2203 559 2227 sexto
582 2195 656 2226 loco
674 2194 761 2224 venit
776 2194 910 2233 Ioannes
929 2193 968 2223 de
983 2192 1151 2232 Friburgo,
1168 2201 1267 2233 quem

195 2245 292 2277 etiam
319 2242 548 2274 neutonicum
571 2244 794 2279 nuncupatum
817 2238 954 2278 legimus
977 2244 1008 2268 et
1030 2237 1186 2267 Ioannem
1206 2237 1266 2268 Le-

193 2295 322 2321 ctorem.
348 2287 459 2328 Ipsum
474 2284 679 2316 commendat
697 2282 840 2313 Leander
853 2282 1013 2320 Albertus,
1033 2287 1144 2322 utpote
1161 2282 1266 2312 virum

191 2334 340 2366 deuotum
374 2337 405 2362 et
431 2331 616 2361 litteratura
642 2328 983 2369 praestantissimum:
1014 2326 1146 2367 eiusque
1174 2326 1268 2356 refert

193 2378 319 2410 obitum
349 2376 390 2407 ad
411 2375 492 2406 anni
524 2374 606 2411 1314
629 2378 756 2404 sextum
781 2371 854 2403 idus
876 2372 1028 2402 Martias.
1053 2370 1191 2401 Dotibus
1215 2380 1267 2401 or-

193 2429 287 2455 natus
309 2421 408 2458 adest,
432 2429 512 2460 quas
535 2417 701 2449 Launoius
724 2416 865 2457 exposcit
895 2425 1017 2446 omnes·
1043 2415 1162 2445 Foetus
1186 2415 1267 2445 eius-

194 2467 274 2499 dem.
292 2471 367 2497 sunt
393 2464 605 2501 Quaestiones
628 2461 776 2493 casuales
805 2460 870 2491 sive
894 2460 933 2490 de
953 2459 1086 2490 casibus.
1112 2461 1164 2489 An
1184 2469 1267 2499 opus

193 2510 278 2552 typis
297 2508 470 2550 aliquando
494 2506 647 2547 prodierit
669 2505 906 2545 incompertum
930 2503 1019 2534 mihi.
1044 2504 1166 2534 Lucem
1189 2503 1268 2534 vidit

195 2562 335 2587 attamen
363 2552 507 2583 eiusdem
534 2550 640 2591 operis
673 2549 826 2590 praefatio
858 2548 892 2578 in
915 2548 976 2578 alia
1007 2547 1108 2587 ipsius
1141 2547 1268 2578 Ioannis

197 2597 446 2635 elucubratione,
470 2605 551 2637 quae
570 2594 751 2625 inscribitur
777 2593 911 2623 Summa
935 2592 1166 2633 confessorum.
1192 2592 1267 2622 Edi-

195 2643 284 2675 tione
307 2649 381 2674 utor
403 2640 554 2678 Parisina‚
574 2640 722 2679 expensis
737 2638 872 2668 Ioannis
890 2638 973 2668 Petit
987 2637 1092 2667 denuo
1112 2637 1267 2677 impressa

195 2698 283 2720 anno
306 2687 436 2718 milleno
452 2685 512 2726 519
534 2684 637 2714 idibus
651 2683 805 2714 ianuarii.
830 2682 922 2719 Quae
937 2688 1124 2722 sequuntur,
1141 2681 1267 2721 accipe:

198 2745 214 2761 ‹
230 2731 387 2772 Prologus
397 2729 499 2760 fratris
509 2728 636 2759 Ioannis
646 2727 787 2758 Lectoris
803 2726 836 2757 in
846 2726 986 2767 priorem
998 2725 1144 2756 libellum
1161 2725 1267 2762 Quae-

198 2789 214 2805 ›
235 2778 375 2808 stionum
399 2774 624 2806 casualium...
649 2772 731 2803 Sunt
753 2778 861 2802 autem
884 2771 961 2801 haec
985 2770 1115 2802 collecta
1130 2770 1268 2801 maxime

199 2833 215 2849 ›
238 2821 278 2852 de
299 2820 386 2851 libris
413 2819 532 2850 horum
554 2817 735 2848 Doctorum
762 2815 930 2846 memorati
954 2814 1100 2846 Ordinis:
1123 2814 1269 2845 videlicet

199 2878 215 2894 2
237 2865 339 2896 fratris
361 2863 482 2895 Alberti
505 2862 672 2903 quondam
695 2859 935 2901 Ratisponensis
958 2859 1128 2900 Episcopi,
1142 2859 1269 2900 fratris

198 2922 215 2937 ι
241 2910 381 2940 Thomae
402 2908 444 2939 de
464 2907 592 2948 Aquino
622 2912 653 2936 et
676 2905 776 2936 fratris
799 2904 882 2935 Petri
906 2905 944 2935 de
971 2904 1165 2935 Tarantasia.
1180 2917 1194 2932 ι
1222 2904 1270 2934 Ex

198 2953 421 2994 appellatione,
429 2951 558 2993 fratris
581 2951 720 2981 Tkomae
734 2950 775 2980 de
791 2950 931 2990 Aquino,
949 2949 1061 2988 collige
1078 2948 1182 2988 operis
1202 2949 1270 2979 elu—

198 2997 319 3028 cubrati
341 3003 487 3036 tempus,
511 3002 583 3027 ante
605 2995 690 3025 illius
714 2993 926 3034 apotheosim.
950 2993 1055 3033 Pergit
1077 2993 1149 3023 ille:
1177 3006 1192 3021 ι
1208 2993 1270 3024 Sed

201 3054 216 3069 »
238 3040 291 3072 hic
305 3040 570 3071 considerandum
585 3046 641 3077 est,
656 3039 746 3079 quod
760 3048 835 3069 cum
851 3038 1000 3068 Secunda
1007 3047 1093 3078 pars
1103 3038 1271 3068 Secundae

201 3098 217 3113 ι
240 3085 279 3115 de
302 3084 437 3122 Summa
467 3083 568 3114 fratris
591 3083 739 3114 Thomae
762 3082 930 3123 praedicti,
955 3082 1045 3123 quasi
1069 3092 1128 3123 pro
1157 3082 1272 3113 maiori

202 3142 217 3158 ιι
241 3135 328 3170 parte
351 3128 391 3159 sit
413 3127 542 3158 moralis
566 3134 596 3158 et
620 3127 764 3165 casualis,
787 3126 926 3167 plurima
947 3127 988 3157 de
1010 3126 1064 3156 ina
1087 3134 1215 3166 sumpta
1237 3127 1271 3157 in

202 3187 219 3202 x·
240 3173 303 3204 hoc
327 3171 485 3213 opusculo
509 3171 622 3211 posui:
647 3177 678 3202 et
699 3171 773 3202 ideo
797 3171 993 3212 ubicumque
1015 3171 1123 3201 solum
1146 3171 1271 3210 dicitur,

203 3231 219 3246 »
242 3227 325 3258 resp.
350 3216 526 3248 secundum
555 3216 707 3246 nomam
732 3217 764 3246 in
788 3215 922 3246 Summa
951 3215 1002 3245 vel
1031 3215 1151 3254 simile,
1181 3216 1271 3246 nullo

203 3275 219 3290 »
241 3261 366 3299 addito,
390 3270 515 3301 semper
537 3259 779 3299 intelligendum
802 3266 849 3290 est
871 3260 910 3290 de
933 3260 1082 3290 Secunda
1092 3260 1271 3298 Secundae,

203 3319 219 3335 2
242 3306 301 3337 nisi
325 3306 392 3336 alia
409 3315 493 3345 pars
506 3303 680 3344 specialiter
694 3304 895 3344 exprimatur.
909 3317 924 3332 ι
946 3304 1115 3334 Summam
1135 3314 1173 3334 eo
1192 3311 1272 3335 tem-

202 3361 292 3392 pore,
316 3350 406 3391 quod
429 3359 447 3380 a
469 3348 618 3379 Launoio
643 3347 809 3378 definitum
832 3354 889 3386 est,
914 3348 1046 3388 eiusque
1069 3355 1183 3388 partes,
1203 3348 1272 3379 vul-

201 3402 288 3436 gatas
311 3394 376 3424 iam
398 3393 534 3435 quisque
557 3392 653 3430 videt,
676 3392 882 3432 laudatasque
905 3402 924 3422 a
947 3392 1161 3431 scriptoribus.

270 3439 420 3480 Sequitur
450 3437 483 3467 in
507 3436 645 3467 editione
678 3436 769 3467 citata
796 3437 958 3476 Prologus
987 3436 1128 3466 eiusdem
1147 3435 1274 3476 fratris

202 3483 338 3514 Ioannis
360 3483 504 3513 Lectoris
527 3482 559 3511 in
582 3481 748 3511 Summam
772 3479 1003 3520 confessorum.
1034 3480 1122 3510 Haec
1145 3480 1273 3519 profero

203 3528 316 3558 verba:
335 3541 350 3555 ι
362 3527 499 3558 Modum
515 3532 622 3556 autem
638 3524 789 3555 eumdem
807 3523 894 3554 tenui
911 3523 943 3554 in
960 3524 1018 3554 hac
1035 3523 1272 3563 compilatione,

205 3584 221 3599 ιν
242 3582 341 3613 quem
363 3571 397 3602 in
420 3570 517 3611 priori
539 3569 658 3600 libello.
684 3568 856 3605 Videlicet,
880 3568 969 3609 quod
993 3578 1068 3598 cum
1090 3568 1275 3598 nominatur

206 3628 221 3644 ›
243 3616 295 3646 hic
309 3616 442 3646 Summa
462 3615 611 3651 nomae,
629 3623 754 3653 semper
767 3612 950 3652 intelligitur
965 3612 1004 3642 de
1018 3612 1166 3643 Secunda
1176 3618 1275 3652 parte

207 3672 222 3687 ›
244 3660 427 3697 Secundae,
453 3659 512 3689 nisi
536 3659 602 3689 alia
624 3668 708 3698 pars
731 3657 904 3698 specialiter
927 3656 1128 3697 exprimatur.
1145 3669 1159 3684 s
1187 3656 1273 3687 Con-

347 3719 416 3753 Opp.
436 3720 467 3745 D.
482 3719 597 3744 Tnouass
615 3718 647 3743 T.
667 3719 685 3743 Ι.

2265 317 2370 342 CXCIII

1301 385 1494 416 stantissimo
1517 394 1634 424 nempe
1658 383 1785 414 loannis
1809 383 1848 414 de
1871 383 2026 425 Friburgo
2050 384 2232 414 testimonio
2257 386 2373 416 evinci-

1302 436 1353 460 tur
1367 429 1600 470 revinciturque
1617 429 1655 458 de
1671 428 1834 468 praecipiti
1853 435 1884 459 et
1902 428 2014 469 iniquo
2033 428 2151 458 iudicio
2171 429 2344 460 Launoius.

1369 475 1472 505 Verba
1489 479 1677 514 sequuntur,
1694 482 1776 513 quae
1793 472 1887 512 digna
1904 479 1978 503 sunt
1993 472 2281 503 animadversione:
2302 487 2316 502 «
2329 474 2374 504 Si-

1306 531 1321 545 »
1343 518 1460 549 militer
1483 528 1558 548 cum
1581 517 1766 548 nominatur
1784 517 1835 547 hic
1853 517 1976 558 glossa,
1995 526 2119 557 semper
2135 516 2376 557 intelligendum

1306 575 1322 590 »
1345 569 1391 593 est
1414 563 1453 592 de
1475 563 1585 603 glossa
1616 561 1766 591 Willelmi
1788 571 1886 601 super
1909 561 2074 591 Summam
2088 561 2295 602 Raymundi,
2316 562 2376 592 nisi

1307 619 1322 634 »
1345 606 1405 636 alia
1421 607 1525 646 glossa
1544 605 1749 646 specificetur,
1765 612 1801 636 ut
1814 605 1919 645 glossa
1936 605 2111 636 Innocentii
2125 605 2175 635 vel
2185 605 2375 644 Hostiensis‚

1308 664 1322 678 »
1345 657 1400 681 aut
1409 650 1627 688 Bernardi,vel
1636 649 1742 689 glossa
1756 660 1851 690 super
1861 650 1993 691 aliquod
2009 650 2200 680 decretum.»
2221 650 2319 687 Quod
2330 660 2375 680 ar-

1305 702 1495 735 gumentum
1512 701 1558 725 est
1574 694 1784 725 clarissimum
1800 692 1916 736 (verbis
1940 700 2014 724 utor
2029 694 2203 725 doctissimi
2226 692 2376 736 Echardi)

1305 740 1433 780 glossas
1455 748 1554 779 super
1575 738 1740 768 Summam
1763 748 1790 769 s.
1806 738 1996 779 Raymundi
2019 749 2101 779 opus
2125 748 2192 768 esse
2215 738 2267 779 fr.
2287 739 2377 770 Guil-

1307 784 1394 814 lelmi
1416 783 1630 814 Redonensis:
1649 792 1764 823 easque
1785 782 1865 813 falso
1886 783 1919 813 in
1944 782 2034 813 editis
2046 783 2100 824 fr.
2117 783 2235 813 Ioanni
2250 783 2379 814 Lectori

1308 838 1363 858 seu
1393 828 1433 858 de
1456 827 1619 867 Friburgo
1649 826 1790 856 adscribi.
1824 827 1892 857 Viri
1919 826 2084 867 utriusque
2114 827 2216 867 elogia
2247 827 2378 858 consule

1308 872 1394 912 apud
1416 872 1533 911 ipsum.

1375 916 1414 946 11.
1437 915 1668 946 Dominicanos
1691 920 1796 952 testes,
1816 914 1872 954 qui
1890 915 1940 944 vel
1965 915 2086 954 eadem,
2106 925 2170 956 qua
2188 916 2377 956 superiores,

1309 959 1484 990 floruerunt
1507 965 1606 989 aetate
1625 958 1675 988 vel
1697 957 1792 988 etiam
1817 958 1965 999 sequiori,
1985 959 2109 990 tametsi
2128 960 2379 1000 probatissimos,

1309 1004 1462 1034 advocare
1485 1002 1688 1043 supersedeo,
1707 1002 1903 1032 Bernardum
1927 1002 2102 1041 Guidonis,
2128 1014 2152 1034 s.
2164 1004 2378 1043 Antoninum,

1309 1047 1493 1087 Pignonum
1516 1053 1547 1077 et
1569 1046 1834 1077 Valleoletanum.
1865 1046 1977 1076 Fidem
1999 1058 2074 1078 vero
2099 1048 2225 1078 Ioannis
2254 1049 2292 1079 de
2316 1049 2380 1080 Co-

1309 1092 1422 1122 lumna
1437 1101 1477 1121 ne
1494 1090 1704 1121 confidentius
1723 1099 1868 1129 urgerem
1886 1100 1922 1120 ea
1936 1101 1988 1121 me
2006 1092 2164 1131 permovit
2185 1093 2275 1131 ratio,
2292 1093 2382 1134 quod

1311 1145 1394 1175 opus
1417 1135 1457 1165 de
1486 1135 1569 1164 Viris
1592 1134 1781 1172 illustribus,
1799 1135 1854 1164 abs
1877 1135 2056 1175 synchrono
2081 1136 2211 1176 quidem
2230 1137 2381 1178 scriptore

1312 1179 1504 1217 confectum,
1524 1178 1772 1218 interpolatrices
1795 1185 1902 1208 tamen
1926 1179 2079 1219 sequioris
2096 1180 2163 1210 aevi
2183 1190 2296 1211 manus
2312 1192 2382 1222 pas-

1312 1233 1385 1254 sum
1408 1230 1465 1261 est,
1490 1229 1526 1253 ut
1549 1222 1741 1262 argumentis
1765 1222 2022 1253 luculentissimis
2046 1223 2078 1253 in
2094 1224 2318 1256 Dissertatione
2336 1236 2382 1257 se-

1313 1267 1416 1298 cunda
1439 1266 1647 1297 ostendimus.
1673 1267 1776 1297 Verba
1799 1267 1917 1305 solum,
1932 1277 2014 1307 quae
2029 1268 2143 1298 eodem
2162 1268 2194 1298 in
2214 1279 2309 1309 opere
2327 1270 2381 1300 ha-

1313 1313 1437 1350 bentur,
1462 1311 1635 1342 describere
1658 1310 1760 1349 liceat,
1785 1317 1820 1341 ut
1843 1310 1880 1340 iis
1903 1321 1962 1351 pro
1987 1321 2033 1349 ea,
2050 1322 2113 1352 qua
2129 1313 2251 1352 pollent
2274 1321 2383 1345 aucto-

1313 1356 1414 1395 ritate,
1438 1355 1485 1386 uti
1508 1355 1644 1396 quisque
1667 1355 1785 1385 valeat:
1810 1355 1977 1395 Scripsit...
1993 1356 2158 1387 Summam
2179 1358 2381 1399 Theologiae‚

1313 1411 1410 1442 quam
1433 1400 1541 1431 divisit
1564 1401 1596 1430 in
1620 1405 1761 1440 quatuor
1784 1399 1958 1430 volumina.

1382 1445 1434 1475 111.
1459 1445 1591 1475 Exteros
1615 1444 1723 1474 audire
1746 1450 1840 1475 testes
1859 1444 1983 1484 aliquos
1999 1451 2135 1485 praestat
2149 1446 2384 1477 conditionibus

1315 1489 1482 1529 insignitos
1509 1489 1564 1519 abs
1588 1488 1736 1519 Launoio
1769 1488 1957 1528 postulatis,
1987 1489 2043 1529 qui
2067 1489 2251 1529 suffragium
2275 1490 2384 1521 ferant.

1317 1534 1468 1565 Galienus
1492 1533 1531 1563 de
1554 1533 1635 1564 Orto
1659 1533 1782 1573 primus
1806 1539 1861 1563 est.
1886 1532 2000 1563 Virum
2022 1533 2118 1563 fuisse
2133 1534 2215 1564 votis
2235 1534 2387 1574 religiosis

1316 1578 1500 1608 adstrictum
1522 1584 1638 1608 notum
1653 1584 1699 1607 est
1713 1583 1978 1618 compertumque
1998 1578 2084 1618 apud
2103 1578 2254 1608 Iacobum
2270 1579 2386 1609 Echar-

1318 1623 1407 1660 dum,
1425 1622 1465 1652 ad
1484 1632 1606 1652 annum
1635 1621 1715 1651 1288
1739 1621 1820 1652 inter
1843 1621 2016 1662 Scriptores
2041 1621 2169 1653 Ordinis
2192 1623 2387 1654 Praedicato-

1318 1674 1407 1697 rum:
1432 1666 1581 1706 ignotum
1603 1675 1690 1704 vero,
1711 1665 1761 1696 cui
1785 1675 1904 1696 nomen
1924 1676 2020 1696 suum
2040 1666 2159 1697 dederit
2174 1666 2297 1698 Ordini.
2323 1667 2388 1698 Co-

1319 1711 1377 1741 dex
1401 1721 1459 1741 ms.
1485 1710 1744 1740 membranaceus
1767 1710 1800 1740 in
1824 1710 1986 1740 Victorina
2008 1711 2174 1741 Parisiensi
2198 1711 2389 1742 bibliotheca

1319 1756 1519 1792 adservatur,
1544 1754 1634 1785 cuius
1658 1754 1801 1784 initium:
1826 1754 1943 1795 Incipit
1965 1755 2159 1786 abbreviatio
2172 1755 2299 1796 fratris
2324 1756 2388 1786 Ga-

1319 1800 1398 1830 Iieni
1419 1799 1460 1830 de
1485 1798 1566 1829 Orto
1588 1808 1686 1839 super
1709 1798 1888 1829 Secundam
1910 1799 2078 1830 Secundae
2098 1799 2223 1841 fratris
2250 1801 2390 1831 Thomae

1319 1844 1359 1874 de
1381 1844 1518 1884 Aquino.
1543 1843 1662 1873 Notam
1679 1843 1784 1883 accipe
1807 1843 1839 1873 in
1864 1843 1947 1873 calce
1967 1843 2084 1874 codicis
2103 1844 2296 1884 appositam:
2321 1845 2388 1875 Ex-

1314 1889 1408 1929 plicit
1430 1897 1518 1918 anno
1533 1888 1666 1918 Domini
1682 1896 1759 1918 1200
1776 1889 1994 1928 octuagesimo
2009 1887 2042 1926 8,
2060 1898 2168 1919 mense
2190 1889 2297 1930 aprili.
2323 1890 2390 1920 Iam

1320 1942 1395 1972 ergo
1418 1939 1467 1963 tot
1489 1938 1561 1962 ante
1580 1941 1701 1962 sacram
1716 1931 1918 1972 apotheosim
1933 1932 2081 1963 Thomae
2097 1933 2198 1971 annis,
2213 1933 2280 1964 imo
2296 1944 2389 1974 quar-

1320 1977 1481 2008 todecimo
1497 1977 1660 2007 dumtaxat
1673 1986 1758 2006 anno
1774 1982 1848 2016 post
1867 1976 1935 2006 eius
1954 1977 2091 2015 obitum,
2106 1977 2255 2008 Secunda
2271 1978 2390 2009 Secun-

1321 2022 1382 2052 dae
1398 2021 1456 2052 sub
1471 2020 1603 2051 nomine
1610 2020 1736 2062 fratris
1754 2021 1894 2051 Tkomae
1915 2021 1956 2051 de
1973 2022 2100 2062 Aquino
2114 2021 2146 2051 in
2163 2022 2391 2062 compendium

1321 2066 1445 2096 redacta
1480 2065 1600 2096 fuerat:
1630 2065 1719 2106 quod
1750 2071 1796 2095 est
1827 2072 2014 2105 argumento
2047 2072 2119 2096 ante
2151 2066 2244 2097 illurn
2271 2077 2393 2097 annum

1321 2109 1578 2150 vulgatissimum
1593 2109 1689 2140 fuisse
1713 2109 1875 2150 egregium
1889 2109 2041 2140 Summae
2064 2111 2275 2152 Theologicae
2289 2111 2392 2151 OpuS‚

1322 2155 1464 2195 illudque
1488 2155 1667 2185 Doctorum
1683 2154 1831 2184 omnium
1855 2154 2002 2185 manibus
2026 2155 2076 2185 die
2099 2162 2262 2196 noctuque
2282 2156 2392 2186 tritum

1322 2206 1556 2240 versatumque.

1389 2243 1533 2274 Similem
1548 2242 1793 2283 praetermittere
1808 2242 1911 2272 nolim
1926 2242 2128 2273 Dominicani
2145 2243 2216 2274 licet
2235 2243 2394 2284 scriptoris

1322 2288 1594 2326 lucubrationem,
1625 2297 1723 2328 quam
1747 2297 1844 2317 manu
1871 2293 2026 2317 exaratam
2049 2287 2082 2317 in
2106 2287 2294 2318 bibliotheca
2318 2288 2393 2319 Col-

1322 2332 1443 2362 bertina
1466 2331 1544 2362 vidit
1564 2331 1770 2372 lustravitque
1801 2330 2058 2371 diligentissimus
2088 2331 2270 2370 Echardus,
2298 2332 2393 2373 longe

1324 2377 1478 2406 diversam
1503 2377 1541 2406 ab
1565 2386 1611 2414 ea,
1636 2385 1718 2416 quae
1742 2375 1912 2406 Galienum
1936 2375 1975 2406 de
1998 2375 2079 2406 Orto
2103 2383 2266 2407 auctorem
2288 2377 2391 2408 habet.

1324 2421 1411 2451 Haec
1434 2420 1529 2450 affero
1553 2420 1666 2458 verba,
1696 2429 1777 2460 quae
1800 2420 1886 2450 idem
1909 2419 2071 2450 Echardus
2095 2420 2258 2461 descripsit
2280 2421 2312 2451 in
2337 2432 2394 2452 sua

1324 2465 1421 2495 sancti
1444 2465 1593 2495 Thomae
1622 2464 1756 2495 Summa
1783 2463 1955 2494 vindicata:
1988 2477 2003 2492 ι
2016 2464 2152 2504 Explicit
2180 2465 2314 2495 Summa
2343 2472 2394 2496 ut-

1326 2521 1341 2536 »
1364 2519 1502 2550 cumque
1526 2508 1704 2539 abbreviata
1727 2515 1758 2539 et
1780 2518 1836 2548 per
1859 2509 2014 2549 quasdam
2045 2509 2219 2540 decisiones
2243 2510 2394 2541 dearticu-

1326 2566 1341 2581 »
1363 2553 1440 2584 lata:
1461 2559 1604 2593 excerpta
1626 2553 1666 2583 de
1682 2553 1736 2583 II‘1
1756 2552 1824 2583 Hae
1846 2563 1872 2584 s.
1890 2553 2029 2583 Thomae
2053 2553 2093 2584 de
2110 2555 2237 2594 Aquino
2262 2554 2395 2585 Ordinis

1326 2611 1341 2625 2»
1355 2597 1506 2638 fratrum
1530 2597 1808 2634 Praedicatorum,
1833 2607 1889 2638 per
1911 2597 2039 2628 fratrem
2063 2597 2215 2628 loannem
2233 2598 2394 2629 Dominici

1327 2655 1342 2670 »
1365 2642 1508 2673 eiusdem
1531 2641 1672 2680 Ordinis,
1696 2642 1735 2672 de
1758 2651 1904 2682 expresso
1919 2642 2070 2672 mandato
2090 2642 2276 2673 sanctissimi
2295 2643 2394 2674 Patris

1327 2699 1342 2714 2
1365 2693 1396 2717 et
1419 2686 1551 2717 Domini
1574 2686 1674 2717 nostri
1697 2686 1737 2717 D.
1755 2686 1882 2716 loannis
1899 2686 2004 2716 divina
2019 2687 2216 2726 providentia
2235 2697 2393 2717 sacrosan-

1327 2744 1342 2759 »
1365 2738 1432 2762 ctae
1449 2731 1620 2761 -Romanae
1639 2741 1675 2761 ac
1691 2730 1875 2761 universalis
1890 2730 2046 2761 Ecclesiae
2062 2731 2166 2771 Papae
2180 2732 2277 2762 XXII.
2295 2731 2393 2762 Com-

1327 2788 1342 2803 »
1365 2775 1449 2816 pleta
1477 2775 1510 2806 in
1538 2775 1704 2806 Avenione
1733 2785 1817 2805 anno
1841 2775 1973 2805 Domini
2002 2775 2082 2805 1323
2107 2775 2311 2806 Pontificatus
2344 2776 2393 2806 sui

1327 2833 1342 2848 »
1365 2830 1495 2850 annom.
1520 2820 1657 2851 Sabbato
1676 2826 1750 2860 post
1773 2819 1890 2850 festum
1907 2819 2092 2849 venerabilis
2106 2819 2252 2850 Doctoris
2269 2830 2293 2850 s.
2303 2820 2393 2850 Tho-

1327 2877 1343 2892 ι»
1365 2874 1435 2895 mae
1460 2864 1608 2904 praedicti
1632 2864 1814 2894 immediate
1829 2864 2049 2904 subsequente.
2063 2876 2078 2891 ι»
2100 2866 2232 2894 Annum
2255 2864 2393 2904 intellige

1325 2909 1407 2950 stylo
1430 2919 1518 2939 novo
1547 2909 1645 2948 1324,
1669 2918 1736 2949 quo
1759 2908 1840 2939 hanc
1864 2908 2038 2948 epitomem
2065 2908 2236 2948 complevit
2259 2908 2392 2938 Ioannes

1325 2953 1503 2984 Dominici:
1527 2953 1664 2993 indeque
1689 2959 1810 2983 certum
1833 2959 2056 2992 argumentum
2072 2962 2184 2992 prome
2204 2952 2242 2982 de
2267 2952 2393 2983 fusioris

1325 2997 1540 3037 Theologicae
1550 2997 1698 3027 Thomae
1708 2997 1859 3028 Summae
1874 2996 2023 3027 exstantia
2040 3003 2110 3027 ante
2121 2996 2394 3027 canonizationem

1326 3042 1478 3072 eiusdem.
1503 3042 1680 3079 Quomodo
1700 3041 1785 3072 enim
1809 3041 1847 3071 de
1863 3051 1969 3081 opere,
1986 3040 2075 3081 quod
2091 3041 2237 3071 nondum
2251 3047 2393 3079 exstaret,

1326 3097 1361 3117 ac
1389 3093 1464 3126 post
1493 3095 1613 3116 sacram
1642 3086 1843 3126 apotheosim
1872 3085 2041 3115 collectum
2065 3084 2173 3123 fuerit,
2204 3091 2240 3115 ut
2254 3095 2335 3115 vana
2359 3095 2394 3116 ac

1326 3130 1424 3161 futilis
1448 3130 1584 3161 Launoii
1608 3130 1787 3160 coniectura
1810 3129 1938 3166 ferebat,
1963 3129 2174 3159 abbreviando
2193 3136 2223 3160 et
2242 3129 2276 3159 in
2292 3130 2393 3170 epito-

1326 3185 1413 3205 mem
1437 3174 1607 3214 redigendo
1632 3174 1760 3214 cogitari
1784 3183 1868 3204 anno
1897 3174 1980 3213 1324
2003 3171 2175 3214 potuisset?

1393 3220 1518 3249 Notum
1550 3218 1670 3248 nemini
1699 3228 1766 3249 non
1798 3224 1845 3248 est
1872 3227 1954 3258 opus
1978 3217 2141 3248 Guillelmi
2175 3218 2213 3248 de
2236 3218 2266 3248 la
2289 3219 2392 3256 Mare,

1328 3263 1411 3303 angli
1435 3263 1574 3300 natione,
1598 3262 1796 3303 professione
1819 3262 1947 3293 Ordinis
1966 3262 2149 3299 Minorum,
2173 3263 2261 3302 quod
2285 3262 2392 3292 inscri—

1327 3307 1424 3337 bitur:
1453 3307 1691 3337 Correctorium
1711 3306 1837 3347 fratris
1864 3307 2003 3336 Thomae
2025 3307 2065 3336 de
2086 3307 2222 3346 Aquino.
2247 3306 2394 3336 Florebat

1327 3358 1438 3382 auctor
1467 3361 1552 3381 anno
1581 3361 1663 3390 1290
1696 3357 1773 3381 teste
1796 3350 1974 3390 Wadingo:
1999 3351 2176 3390 eodemque
2200 3350 2326 3380 saeculo
2342 3360 2392 3380 ca-

1328 3396 1420 3425 dente
1437 3394 1562 3425 decimo
1576 3395 1668 3425 tertio
1687 3395 1937 3432 Correctorium,
1953 3395 2041 3435 quod
2056 3404 2127 3424 vere
2146 3394 2392 3434 Corruptorium

1328 3439 1431 3468 dixere
1453 3438 1593 3468 vindices
1616 3438 1774 3476 Thomae,
1798 3438 1924 3478 prodiit.
1956 3438 2081 3468 Latiore
2105 3447 2250 3468 sermone
2274 3438 2313 3468 de
2335 3438 2393 3468 ho-

1328 3483 1414 3512 mine
1437 3482 1597 3512 doctrinae
1621 3482 1683 3512 divi
1707 3482 1854 3512 Thomae
1870 3481 1993 3512 infenso
2008 3482 2167 3521 agendum
2182 3482 2248 3512 erit.
2272 3482 2393 3513 Theses

1327 3526 1532 3567 quamplures
1565 3536 1602 3556 ex
1634 3525 1786 3556 universis
1815 3525 1964 3565 operibus
1995 3526 2062 3556 eius
2091 3526 2245 3566 decerpsit
2266 3526 2394 3557 inimica

1327 3580 1452 3608 manus,
1473 3580 1552 3611 quas
1567 3569 1600 3600 in
1615 3569 1767 3600 invidiam
1781 3570 1965 3608 traduceret,
1977 3580 2012 3600 ac
2028 3570 2211 3610 praesertim
2230 3580 2267 3601 ex
2285 3571 2394 3601 Theo-

1327 3615 1430 3654 logica
1457 3614 1610 3645 Summa:
1635 3624 1750 3654 nempe
1781 3623 1891 3644 nouem
1921 3619 1952 3645 et
1978 3615 2199 3655 quadraginta
2228 3625 2264 3645 ex
2293 3615 2395 3655 prima

1327 3666 1425 3699 parte,
1445 3669 1482 3689 ex
1495 3659 1601 3689 Prima
1615 3659 1777 3690 Secundae
1791 3659 1956 3689 duodecim
1973 3665 2004 3689 et
2018 3669 2054 3689 ex
2070 3659 2214 3690 Secunda
2233 3660 2394 3690 Secundae

2219 3720 2251 3746 25
