2788 4204
49 491 58 499 ·
68 495 111 510 ur:
127 489 180 510 licet
194 490 223 510 el.

50 541 59 550 ·
81 547 158 566 Aque:
193 540 263 562 etiam

44 567 140 595 pomi,-
158 573 227 589 ceo-r:
243 568 266 588 et

46 594 141 621 possit,-
150 600 178 615 o:
193 593 264 614 etiam

45 620 127 651 possit
132 620 181 647 des.
190 625 205 640 a
210 625 265 647 pro-

46 652 104 684 prio
120 652 164 668 suo
178 649 241 667 actu.

69 679 99 694 111.
119 679 159 694 ar:

50 698 98 721 'Ctss
123 699 161 721 eri
178 699 264 725 .,lib.1‚

49 725 102 747 lect.
118 731 165 753 xm,
180 731 204 748 n.
219 730 241 753 9.

6 965 9 967 “
49 969 97 992 ἰε
115 970 140 992 tn
160 969 264 992 necessi-

48 1181 60 1191 '
70 1180 198 1204 coda-r:
222 1187 264 1203 nec

50 1209 126 1230 ξ

113 1287 140 1308 ἓ.

205 1286 264 1326 ζὲἷ

231 1318 264 1361 ῗῗ

107 1450 111 1458 a
62 1417 104 1426 2-
45 1285 142 1402 ,is->³

150 1338 230 1368 i

49 1602 111 1626 ’ωε
124 1601 237 1630 fflfiat.

67 1659 95 1678 A:
127 1681 184 1704 uu.

113 1709 177 1730 ,Um

61 1736 187 1770 ‘sm

1185 295 1296 332 CAP.
1327 297 1359 343 1,

47 383 210 406 mode-1²1³:
226 382 263 404 de.
292 372 391 410 sitas.
423 373 465 408 In
485 371 715 420 quibusdam
745 371 847 407 enim
872 378 1005 408 natura
1035 383 1079 408 ex
1099 373 1118 393 *
1137 373 1358 410 necessitate

292 425 385 473 agit,
407 424 458 462 ita
477 425 582 473 quod
601 437 680 461 non
706 431 832 472 potest
861 424 1035 461 deficere.
1058 426 1099 461 In
1127 426 1357 473 quibusdam

290 490 386 515 vero
415 486 549 514 natura
567 485 609 514 ut
628 477 859 525 frequentius
884 486 1073 526 operatur,
1094 478 1179 514 licet
1198 479 1218 499 *
1239 491 1357 527 quan-

293 531 420 579 doque
439 530 559 580 possit
571 531 592 551 *
607 530 771 567 deficere
792 543 814 567 a
832 530 987 579 proprio
1004 538 1100 567 actu.
1117 530 1228 567 Unde
1244 531 1282 567 in
1301 532 1359 568 his

292 596 447 621 necesse
461 591 524 620 ‘est
543 595 624 620 esse
646 583 837 632 duplicem
866 591 1011 629 actum3
1032 595 1166 631 unum,
1187 584 1252 632 qui
1281 584 1326 620 sit
1339 585 1359 605 *

291 645 334 674 ut
361 637 399 674 in
426 637 598 686 pluribus
619 637 651 683 *,
673 637 768 673 sicut
796 649 884 673 cum
913 649 959 673 ex
987 636 1132 673 semine
1161 645 1360 684 generatur

293 690 432 727 animal
468 690 700 738 perfectum3
739 690 855 727 aliurn
892 702 986 727 vero
1024 689 1180 738 quando
1226 698 1361 738 natura

293 743 421 780 deficit
447 744 496 779 ab
517 755 562 779 eo
583 743 688 791 quod
709 751 764 780 est
783 743 852 780 sibi
882 743 1126 790 conveniens,
1148 742 1242 779 sicut
1270 755 1358 779 cum

293 809 339 833 ex
367 796 513 833 semine
541 804 742 844 generatur
774 796 929 845 aliquod
962 804 1176 833 monstrum
1205 804 1361 845 propter

295 849 581 898 corruptionem
599 849 756 886 alicuius
774 849 958 899 principii.
976 851 1024 886 Et
1042 850 1138 888 haec
1157 849 1270 886 etiam
1291 849 1360 886 tria

292 902 537 940 inveniuntur
564 902 602 939 in
631 903 775 940 actibus
804 903 968 940 rationis.
1000 904 1067 939 Est
1095 902 1198 939 enim
1227 902 1360 951 aliquis

295 955 448 992 rationis
467 968 669 1004 processus
698 956 960 993 necessitatem
975 957 995 977 '⁸
1009 955 1203 1002 inducens,
1224 955 1263 992 in
1282 968 1360 1004 quo

294 1021 374 1046 non
402 1016 458 1045 est
484 1009 664 1057 possibile
694 1021 776 1046 esse
804 1009 971 1046 veritatis
999 1009 1207 1054 defectum;
1229 1016 1265 1045 et
1291 1021 1361 1058 per

293 1061 514 1099 huiusmodi
542 1062 696 1099 rationis
714 1074 938 1110 processum
968 1062 1143 1099 scientiae
1174 1061 1359 1098 certitudo

293 1115 508 1164 acquiritur.
539 1116 607 1151 Est
635 1122 762 1152 autem
783 1115 876 1152 alius
905 1115 1060 1152 rationis
1087 1127 1301 1164 processus,
1322 1114 1360 1151 in

293 1180 370 1216 quo
385 1175 428 1204 ut
441 1168 480 1204 in
498 1167 670 1216 pluribus
684 1180 822 1205 verum
839 1168 1085 1215 concluditur,
1102 1180 1180 1205 non
1196 1170 1215 1187 '⁵
1230 1176 1358 1204 tamen

293 1220 558 1257 necessitatem
595 1221 753 1258 habens.
784 1221 936 1258 Tertius
963 1233 1057 1258 vero
1086 1220 1240 1257 rationis
1272 1233 1359 1269 pro-

254 1297 266 1302 ·
294 1285 423 1310 cessus
453 1281 528 1320 est,
558 1273 596 1310 in
625 1286 702 1322 quo
732 1273 826 1311 ratio
853 1276 878 1310 a
905 1286 1000 1311 vero
1029 1273 1361 1323 deficit*propter

292 1326 450 1363 alicuius
473 1326 647 1378 principii
669 1327 877 1373 defectum;
903 1327 1007 1376 quod
1035 1327 1073 1363 in
1101 1327 1360 1364 ratiocinando

279 1387 386 1423 ,erae
397 1377 697 1417 observandum.

307 1458 310 1461 -
347 1433 382 1469 6.
399 1433 493 1470 Pars
508 1440 637 1470 autem
653 1432 830 1480 Logicae,
843 1445 941 1481 quae
956 1432 1083 1481 primo
1094 1433 1259 1470 deservit
1271 1446 1359 1482 pro-

293 1485 425 1532 cessui,
445 1498 535 1535 pars
562 1486 772 1523 Iudicativa
802 1486 946 1531 dicitur,
968 1498 1014 1522 eo
1043 1487 1148 1534 quod
1176 1486 1358 1524 iudicium

292 1545 348 1576 est
375 1550 464 1576 cum
493 1538 712 1576 certitudine
741 1539 917 1576 scientiae
937 1539 962 1576 ζ.
984 1540 1033 1576 Et
1060 1539 1149 1587 quia
1178 1539 1358 1577 iudicium

292 1599 438 1629 eertum
454 1592 502 1629 de
518 1592 715 1629 effectibus
730 1592 862 1629 haberi
881 1605 959 1629 non
978 1599 1103 1641 potest
1121 1592 1191 1629 nisi
1209 1594 1229 1614 *⁸
1244 1594 1358 1630 resol-

215 1654 266 1704 ffiq
290 1645 419 1682 vendo
448 1645 487 1682 in
504 1645 629 1694 prima
656 1645 851 1694 principia,
873 1645 959 1683 ideo
980 1647 1000 1666 ⁴*
1020 1658 1108 1694 pars
1131 1647 1226 1683 haec
1254 1647 1358 1683 Ana-

192 1692 265 1734 'Trdm
291 1697 406 1746 lrtica
434 1706 605 1745 vocatur,
626 1698 722 1736 idest
748 1698 983 1735 resolutoria.
1006 1698 1202 1736 Certitudo
1231 1707 1359 1736 autem

178 1720 186 1730 ο

206 1740 228 1757 .-

290 1750 435 1798 iudicii,
465 1764 564 1800 quae
596 1764 667 1801 per
694 1752 965 1789 resolutionem
994 1752 1170 1798 habetur,
1197 1761 1267 1800 est,
1297 1754 1359 1789 vel

292 1815 337 1840 ex
355 1804 438 1854 ipsa
445 1805 586 1853 forma
605 1805 813 1853 syllogismi
826 1810 842 1828 ’⁷
855 1812 1013 1850 tantum,
1036 1813 1073 1841 et
1091 1805 1139 1842 ad
1166 1806 1240 1842 hoc
1259 1805 1359 1843 ordi-

342 1970 368 2003 ζ)
390 1971 455 1995 Cum
479 1971 638 1996 certitudine
661 1970 795 1996 scientiae.
819 1971 866 1995 Est
890 1972 964 1996 lectio
983 1972 1002 1996 P
1023 1976 1048 1996 et
1066 1972 1154 2002 codd.,
1177 1980 1230 1996 exc.
1250 1973 1287 2002 H,
1312 1973 1358 2005 qui

286 2005 362 2039 legit:
379 2013 439 2031 cum
458 2006 617 2032 certitudine
639 2006 793 2031 sententiae.
806 2021 824 2025 —
840 2016 853 2029 α
870 2007 927 2031 Non
947 2007 1016 2032 enim
1040 2007 1148 2031 dicimur
1167 2008 1242 2032 alicui
1265 2016 1357 2032 assen-

289 2051 301 2064 »
317 2042 377 2072 tire,
396 2042 445 2066 nisi
464 2042 568 2074 quando
587 2041 752 2066 inhaeremus
771 2041 794 2066 ei
808 2043 883 2074 quasi
897 2049 985 2067 vero...
1000 2043 1131 2067 Sententia
1145 2048 1240 2073 autem,
1254 2049 1284 2068 ut
1298 2043 1358 2068 dicit

289 2086 302 2100 n
317 2076 387 2102 Isaac
405 2081 431 2102 et
443 2077 584 2107 Avicenna,
598 2080 638 2101 est
652 2077 785 2108 conceptio
805 2077 922 2102 distincta
939 2078 981 2102 vel
1000 2078 1144 2103 certissima
1158 2079 1262 2103 alterius
1277 2079 1358 2110 partis

289 2122 302 2135 ι
317 2113 537 2137 contradictionis:
561 2113 686 2137 assentire
704 2117 791 2137 autem
811 2121 826 2137 a
845 2113 971 2138 sententia
990 2114 1079 2138 dicitur
1096 2123 1108 2136 »
1130 2113 1192 2146 (Qq.
1212 2114 1295 2146 dispp.
1317 2114 1358 2139 De

287 2147 408 2177 veritate,
428 2155 472 2180 qu.
486 2155 528 2179 xiv
547 2147 589 2172 De
600 2148 671 2180 fide,
691 2148 761 2172 artic.
775 2148 804 2180 1).
1159 2155 1164 2158 “

340 2181 366 2216 η)
389 2182 437 2208 Et
455 2183 513 2215 ipsa
524 2184 620 2216 forma
638 2183 796 2216 syllogismi.
820 2184 934 2209 Vocatur
944 2185 1040 2217 forma
1060 2185 1204 2217 syllogismi
1224 2185 1358 2217 dispositio

289 2218 464 2243 terminorum
480 2218 536 2251 (qui
551 2221 675 2243 extrema
690 2219 817 2251 dicuntur)
833 2227 892 2244 cum
908 2219 993 2244 medio
1007 2221 1118 2245 termino
1133 2219 1203 2252 (cum
1218 2228 1272 2253 quo
1286 2228 1358 2245 com—

288 2258 426 2286 parantur,
445 2258 474 2278 ut
491 2254 608 2278 videatur
631 2261 664 2278 an
682 2253 748 2278 inter
766 2262 795 2279 se
819 2256 971 2280 conveniant
988 2255 1029 2280 vel
1049 2255 1155 2287 secus),
1175 2261 1200 2280 et
1224 2255 1358 2288 dispositio

284 2289 508 2321 propositionum,
524 2296 592 2324 quae
605 2295 636 2313 ex
649 2289 840 2321 comparatione
852 2293 1035 2315 extremorum
1050 2298 1110 2315 cum
1124 2291 1210 2315 medio
1224 2292 1357 2316 resultant.

287 2324 408 2351 Materia
424 2332 487 2349 vero
506 2324 652 2356 syllogismi
670 2329 732 2349 sunt
749 2325 797 2357 ipsi
816 2326 924 2351 termini
942 2330 968 2350 et
982 2326 1188 2358 propositiones.
1207 2327 1241 2351 At
1255 2326 1358 2351 termini

289 2359 407 2384 dicuntur
430 2360 536 2384 materia
559 2362 662 2384 remota
680 2360 839 2393 syllogismi;
865 2361 1054 2393 propositiones
1080 2367 1142 2386 sunt
1167 2363 1272 2386 materia
1293 2369 1358 2393 pro-

288 2395 366 2420 xima
385 2402 433 2419 seu
451 2395 607 2419 immediata.
626 2395 664 2419 Ex
682 2395 765 2420 forma
784 2396 927 2429 syllogismi
942 2397 1114 2422 desumuntur
1121 2397 1232 2430 figurae
1246 2402 1271 2422 et
1285 2397 1359 2421 modi

289 2430 511 2464 syllogismorum,
531 2430 563 2455 de
582 2430 677 2462 quibus
696 2431 770 2462 plura
788 2431 853 2456 infra
871 2432 929 2456 lect.
942 2439 997 2456 vni.

342 2462 366 2499 θ)
385 2465 430 2491 Ad
438 2465 487 2490 hoc
500 2465 643 2490 ordinatur
657 2466 723 2490 liber
736 2466 919 2491 Posteriorum
933 2467 1140 2500 analyticorum.
1155 2467 1271 2492 G'alenus
1287 2468 1356 2500 (flor.

289 2508 357 2526 saec.
371 2501 408 2532 Π)
430 2500 471 2525 De
494 2500 570 2525 libris
588 2501 721 2532 propriis,
742 2509 797 2534 cap.
810 2510 849 2532 xi,
868 2502 900 2526 de
918 2502 1045 2527 Priorum
1070 2503 1157 2535 deque
1175 2503 1358 2528 Posterior-um

287 2536 487 2570 analyticorum
510 2536 656 2560 Aristotelis
680 2537 801 2568 operibus
827 2538 954 2570 loquens,
979 2537 1043 2562 haec
1067 2537 1157 2563 habet:
1186 2548 1198 2560 ι
1214 2539 1362 2563 Inscribunt

290 2582 302 2594 n
318 2579 396 2604 porro
415 2572 486 2603 ipsos
504 2570 558 2595 fere
576 2579 669 2596 omnes
693 2579 762 2596 nunc
781 2570 823 2604 (οἱ
843 2573 903 2604 νῦν)
922 2573 1122 2598 Resolutionum
1139 2573 1262 2605 priorum
1279 2568 1358 2605 (ἂνα-

289 2617 303 2630 »
318 2605 429 2632 λυτικῶν
447 2605 603 2640 προτέρων),
623 2607 846 2638 quemadmodum
860 2613 885 2632 et
899 2608 1080 2633 Posteriorum
1100 2607 1252 2641 (δευτέρων),
1267 2617 1312 2634 eos
1327 2609 1360 2634 de

289 2652 303 2665 »
319 2642 545 2667 demonstratione
563 2639 635 2675 (περὶ
654 2643 698 2674 τῆς
718 2636 893 2675 ἀποδείξεως).
918 2644 1000 2668 Ρο1το
1019 2643 1074 2676 ipse
1092 2644 1258 2674 Aristoteles,
1282 2645 1360 2669 Prio-

291 2687 304 2700 2
319 2685 380 2702 rum
399 2677 506 2710 quidem
524 2677 603 2702 veluti
623 2677 655 2702 de
673 2678 828 2710 syllogismo
847 2677 894 2711 (ὡς
913 2676 969 2712 περὶ
989 2677 1183 2713 συλλογισμοῦ)
1203 2680 1360 2711 scriptorum

292 2720 336 2738 »a
353 2720 383 2738 se
401 2712 532 2743 meminit;
555 2712 739 2738 Posteriorum
763 2718 863 2744 autem,
883 2719 912 2739 ut
929 2714 962 2739 de
981 2714 1208 2739 demonstratione
1227 2714 1276 2747 (ὡς
1302 2713 1359 2748 περὶ

292 2758 306 2771 2
321 2741 488 2780 ἀποδείξεως)
505 2757 518 2770 ›
535 2747 619 2780 (Opp.
638 2753 702 2773 tom.
722 2748 746 2779 1,
765 2756 823 2781 pag.
841 2748 892 2781 46,
911 2750 1027 2774 Lutetiae
1046 2750 1126 2774 Paris.
1143 2748 1235 2783 1679).
1253 2750 1292 2775 Ex
1310 2750 1360 2775 hoc

289 2783 382 2809 Galesi
400 2783 550 2808 testimonio
566 2783 668 2808 videtur
687 2785 849 2816 arguendum
867 2785 955 2810 titulos
974 2785 1067 2810 horum
1087 2785 1212 2810 librorum
1230 2785 1360 2818 genuinos

290 2825 364 2848 esee,
383 2818 416 2844 de
433 2818 590 2851 syllogismo
609 2824 634 2843 et
654 2819 687 2843 de
709 2819 949 2850 demonstratione,
969 2828 1069 2853 eosque
1087 2821 1190 2845 nonnisi
1209 2826 1268 2853 post
1286 2822 1360 2853 plura

290 2853 406 2884 saecula,
424 2853 586 2886 temporibus
604 2861 699 2886 nempe
717 2855 797 2886 ipsius
816 2855 907 2880 Galeni
927 2855 1010 2888 (νῦν),
1030 2855 1111 2880 fuisse
1130 2857 1212 2881 dictos
1231 2857 1359 2882 Ptiorum

291 2893 370 2921 atque
388 2889 570 2914 aster-iorum
588 2889 795 2923 analyticorum.
809 2891 843 2915 At
861 2891 1006 2916 Alexander
1024 2891 1246 2923 Aphrodisiensis,
1261 2892 1361 2917 Galerio

291 2923 468 2956 synchronus,
486 2924 536 2956 ipsi
553 2924 684 2949 Aristoteli
699 2926 856 2957 posteriores
874 2925 923 2950 hos
942 2926 1030 2951 titulos
1049 2927 1137 2951 tribuit
1155 2927 1180 2951 in
1199 2927 1359 2952 Praefatione

291 2959 317 2983 in
335 2958 414 2984 libros
433 2959 573 2984 Priorum.-
593 2969 606 2982 ‹
619 2959 748 2990 Quoniam
767 2961 850 2993 igitur,
870 2961 962 2994 inquit,
982 2962 1052 2994 prior
1071 2967 1110 2987 est
1128 2963 1295 2993 ratiocinatio,
1315 2963 1359 2987 de-

294 3003 307 3016 »
323 2994 476 3018 monstratio
498 2995 638 3026 posterior;
657 2996 749 3019 merito
768 2996 794 3020 in
819 2996 914 3028 quibus
933 2997 965 3021 de
984 2998 1068 3028 priore
1092 2998 1156 3030 agit,
1176 3005 1221 3022 eos
1236 2998 1360 3029 priores,-

295 3039 307 3051 ›
323 3029 350 3053 in
368 3028 461 3061 quibus
480 3029 513 3054 de
525 3029 676 3061 posteriore,
686 3031 850 3062 posteriores
864 3039 910 3056 eos
922 3032 1060 3064 inscripsit.
1079 3033 1258 3057 Resolutorios
1273 3039 1360 3058 autem

295 3074 308 3086 »
323 3068 407 3094 vocat,
425 3069 560 3096 propterea
578 3065 650 3097 quod
663 3066 867 3099 uniuscuiusque
885 3067 921 3091 rei
940 3068 1098 3099 compositae
1116 3068 1142 3092 in
1161 3076 1199 3098 ea,
1219 3076 1250 3093 ex
1263 3069 1360 3100 quibus

296 3109 308 3122 »
325 3098 479 3131 compositio
503 3098 569 3124 facta
591 3104 648 3130 est,
670 3101 800 3131 redactio,
823 3102 948 3126 resolutio
966 3107 1072 3127 vocatur
1088 3112 1101 3125 ι
1126 3103 1256 3135 (Venetiis
1285 3103 1359 3136 1570,

293 3134 388 3159 Ioanne
406 3135 538 3159 Bernardo
551 3134 679 3162 Feliciano
697 3136 843 3168 interprete,
857 3144 915 3169 pag.
932 3137 959 3167 5,
979 3138 1028 3162 601.
1044 3138 1079 3170 2).
1093 3138 1223 3171 Diogenes
1242 3139 1359 3163 Laertius

294 3170 320 3194 in
338 3170 396 3195 Vita
413 3170 568 3200 Aristotelis,
582 3169 741 3195 Themistius
759 3171 786 3196 in
804 3172 971 3204 Paraphrasi
988 3173 1015 3197 in
1033 3173 1179 3198 Posteriora
1197 3178 1245 3198 etc.
1265 3173 1360 3207 (Vene-

294 3205 334 3229 tiis
357 3204 433 3236 1542,
451 3204 588 3236 interprete
606 3206 748 3231 Hermolao
765 3206 888 3237 Barbare,
903 3215 961 3240 pag.
980 3207 1012 3240 1),
1030 3209 1196 3239 Ammonius,
1211 3209 1319 3234 Praefat.
1334 3210 1360 3233 in

295 3240 517 3266 &aedicamenta
531 3239 664 3272 (venetiis,
679 3248 688 3265 1
696 3240 755 3274 547,
764 3242 902 3274 interprete
915 3242 1114 3268 Bartholomaeo
1128 3244 1258 3276 Sylvanio,
1267 3252 1325 3276 pag.
1336 3251 1360 3274 2,

294 3275 342 3300 col.
360 3275 400 3308 1),
419 3274 579 3307 Philoponus
591 3275 620 3300 in
633 3275 732 3301 Priora
744 3277 891 3310 analytica,
906 3277 1015 3303 Praefat.
1034 3278 1159 3310 (Venetiis
1177 3277 1252 3309 1560,
1267 3279 1317 3303 col.
1333 3278 1359 3311 5)

292 3311 403 3335 retinent
413 3309 544 3343 προτέρων
558 3305 750 3337 ἀναλυτικῶν...
762 3306 922 3337 ἀναλυτικῶν
935 3309 1046 3347 ὖστέρων
1057 3309 1188 3347 (μεγάλων
1202 3314 1272 3338 addit
1281 3315 1360 3338 Laer-

294 3346 370 3378 tius);
389 3346 536 3378 Simplicius
554 3353 618 3370 vero
636 3343 669 3370 τὰ
687 3344 802 3379 πρότερα
820 3341 963 3372 olvatum&
982 3349 1106 3381 designat,
1125 3353 1151 3373 at
1168 3349 1310 3380 posteriora
1323 3349 1367 3381 in<

295 3381 396 3406 scribit:
419 3378 475 3414 περὶ
495 3378 540 3412 τὴν
560 3375 689 3410 ἀπόδειξιν
708 3380 888 3415 ὕποδυομένων
907 3382 956 3415 (In
983 3383 1106 3416 Gztegor.
1125 3384 1258 3414 prooem„
1276 3383 1361 3408 Vene-

294 3416 336 3441 tiis
359 3424 441 3449 1499,
466 3416 510 3440 fol.
527 3416 567 3448 2).
593 3416 644 3440 Sed
667 3416 693 3440 hi
718 3417 876 3448 scripserunt
899 3422 960 3449 post
978 3418 1106 3442 Galerium
1129 3423 1155 3443 et
1171 3418 1361 3449 Alexandrum,

294 3456 435 3484 postquam
455 3451 565 3481 scilicet,
584 3451 653 3477 iuxta
671 3451 814 3482 Galenum,
832 3452 991 3477 invaluerant
1004 3453 1069 3478 tituli
1083 3453 1209 3478 Priorum
1228 3458 1254 3478 et
1271 3454 1361 3478 Poste-

295 3487 408 3512 riorum.
417 3500 438 3505 —
447 3487 515 3512 Cum
529 3494 591 3519 ergo
606 3486 720 3511 Galenus
733 3491 760 3512 et
772 3487 918 3512 Alexander
930 3487 996 3512 inter
1008 3495 1037 3512 se
1052 3489 1210 3519 dissentiant,
1223 3496 1272 3513 nec
1285 3489 1361 3514 nobis

295 3523 438 3547 innotescat
460 3522 522 3555 quid
547 3521 595 3546 hac
619 3522 651 3546 de
674 3529 704 3546 re
727 3523 855 3547 senserint
879 3522 1035 3555 antiquiores
1060 3523 1213 3555 scriptores,
1238 3531 1361 3556 praesens

296 3557 415 3590 quaestio
434 3563 474 3582 eat
491 3557 558 3582 forte
576 3557 729 3582 insolubilis.
748 3557 857 3590 Utrique
869 3557 936 3582 tituli
948 3563 1085 3582 occurrunt
1099 3558 1124 3582 in
1136 3558 1287 3583 Aristotele:
1302 3566 1363 3584 nam

295 3592 322 3618 in
339 3593 404 3619 Peri
422 3592 586 3618 hermeneias
599 3592 649 3624 (Cf.
664 3592 708 3617 lib.
723 3593 751 3623 11,
767 3593 824 3617 lect.
838 3592 868 3625 11)
882 3593 981 3618 Riora
998 3593 1135 3627 analytica
1153 3594 1257 3618 indicat:
1276 3592 1361 3627 ὥσπερ

295 3623 322 3652 ἐν
341 3628 397 3657 τοῖς
417 3626 599 3657 Ἀναλυτικοῗς
617 3623 730 3661 εἵρηται;
751 3633 777 3653 et
794 3628 820 3652 in
839 3628 849 3652 1
868 3628 1058 3659 Posterior-um,
1078 3636 1132 3662 cap.
1146 3637 1175 3654 111
1194 3637 1224 3654 ea
1241 3634 1316 3654 vocat
1329 3629 1363 3655 de

1390 297 1540 334 LECT.
1571 299 1585 333 I

2406 301 2476 349 139

1414 382 1524 412 natur
1542 376 1637 413 liber
1663 377 1843 413 Priorum
1863 377 2152 425 analyticorum,
2174 378 2237 426 qui
2258 386 2312 415 est
2340 379 2386 416 de
2406 380 2478 427 syl-

1414 428 1575 475 logismo
1606 429 1840 479 simpliciter3
1860 431 1922 467 vel
1952 430 2063 466 etiam
2084 443 2171 466 cum
2199 431 2274 467 hoc
2292 432 2312 452 '¹‘
2331 444 2376 468 ex
2399 444 2478 469 ma-

1415 482 1520 526 teria,
1542 482 1631 529 quia
1656 490 1856 519 sumuntur
1875 484 1895 503 ⁴*
1915 483 2193 532 propositiones
2212 496 2281 532 per
2300 497 2339 520 se
2360 492 2396 521 et
2414 497 2477 521 ne-

1416 534 1612 581 cessariae,
1644 543 1679 571 et
1708 536 1756 573 ad
1785 537 1859 572 hoc
1888 536 2082 573 ordinatur
2105 536 2198 573 liber
2224 538 2478 574 Posteriorum

1415 586 1692 633 analyticorum
1700 585 1725 636 ⁰,
1732 589 1796 636 qui
1809 597 1864 625 est
1878 589 1925 625 de
1936 589 2154 637 syllogismo
2167 590 2477 628 demonstrativo.

1470 639 1648 676 Secundo
1665 637 1805 678 'autem
1826 642 1978 678 rationis
2006 643 2200 690 processui
2226 643 2389 680 deservit
2408 644 2479 680 alia

1414 703 1503 739 pars
1523 693 1700 740 Logicae,
1721 706 1818 742 quae
1839 695 1974 732 dicitur
1991 697 2198 733 Inventiva.
2220 697 2324 733 Nam
2348 697 2480 733 inven-

1416 743 1467 780 tio
1488 756 1567 780 non
1587 757 1739 794 semper
1759 755 1814 783 est
1834 759 1921 784 cum
1943 748 2160 786 certitudine
2176 756 2195 786 ¹.
2212 750 2321 786 Unde
2341 750 2388 786 de
2408 750 2477 797 his,

1416 808 1514 845 quae
1543 797 1697 834 inventa
1735 807 1841 846 sunt,
1871 800 2050 838 iudicium
2080 802 2298 850 requiritur,
2328 803 2378 839 ad
2405 804 2480 840 hoc

1415 851 1521 898 quod
1551 851 1732 888 certitudo
1762 853 1955 890 habeatur.
1988 854 2091 891 Sicut
2109 855 2128 875 '¹‘
2149 863 2276 892 autem
2300 855 2339 892 in
2367 857 2480 893 rebus

1416 903 1660 950 naturalibus,
1681 904 1718 940 in
1742 905 1799 941 his
1828 918 1925 954 quae
1944 914 1985 942 ut
2004 907 2041 944 in
2060 908 2228 955 pluribus
2253 917 2376 956 agunt,
2398 922 2479 957 gra-

1417 955 1487 992 dus
1507 956 1665 1004 quidam
1686 958 1887 994 attenditur
1907 959 2011 1007 (quia
2030 969 2171 1008 quanto
2185 961 2304 998 virtus
2324 970 2479 999 naturae

1417 1016 1472 1045 est
1500 1009 1643 1056 fortior,
1664 1017 1767 1046 tanto
1797 1011 1915 1047 rarius
1944 1012 2069 1049 deficit
2097 1026 2119 1050 a
2147 1026 2216 1050 suo
2247 1014 2408 1061 effectu),
2430 1015 2480 1052 ita

1417 1069 1453 1097 et
1480 1061 1519 1098 in
1546 1074 1728 1111 processu
1757 1063 1924 1110 rationis,
1955 1066 2019 1113 qui
2047 1078 2125 1103 non
2159 1075 2213 1103 est
2242 1080 2328 1104 curn
2358 1068 2479 1104 omni-

1416 1114 1534 1151 moda
1556 1115 1788 1163 certitudine,
1810 1117 1947 1164 gradus
1967 1118 2098 1166 aliquis
2126 1119 2326 1167 invenitur,
2347 1133 2478 1158 secun-

1416 1168 1509 1204 dum
1539 1169 1644 1217 quod
1672 1169 1792 1216 magis
1816 1177 1852 1206 et
1879 1170 2005 1207 minus
2024 1172 2072 1208 ad
2100 1173 2304 1220 perfectam
2334 1174 2479 1211 certitu-

1417 1220 1545 1258 dinem
1567 1221 1767 1259 acceditur.
1789 1223 1863 1259 Per
1882 1223 2100 1261 huiusmodi
2120 1225 2220 1262 enirn
2244 1238 2477 1274 processum,

1417 1274 1650 1323 quandoque
1666 1275 1835 1324 quidem,
1852 1276 1918 1312 etsi
1935 1288 2013 1313 non
2031 1277 2097 1313 fiat
2112 1278 2276 1325 scientia,
2292 1280 2334 1316 fit
2351 1286 2480 1317 tamen

1416 1327 1512 1364 fides
1527 1328 1589 1364 vel
1609 1327 1738 1376 opinio
1754 1329 1773 1349 *
1786 1337 1942 1377 propter
1960 1330 2264 1378 probabilitatem
2279 1338 2292 1352 ’‘
2306 1333 2477 1381 proposi-

1416 1380 1576 1428 tionum,
1599 1393 1643 1418 ex
1672 1381 1810 1429 quibus
1838 1382 2070 1431 proceditur:
2092 1383 2179 1432 quia
2200 1384 2291 1421 ratio
2320 1386 2480 1422 totaliter

1417 1433 1579 1471 declinat
1598 1434 1636 1470 in
1651 1447 1769 1471 unam
1788 1443 1937 1483 partem
1959 1436 2272 1483 contradictionis,
2287 1437 2372 1474 licet
2391 1451 2479 1476 curn

1416 1486 1618 1523 formidine
1639 1487 1801 1534 alterius,
1819 1496 1855 1525 et
1874 1489 1921 1526 ad
1942 1489 2015 1525 hoc
2031 1489 2226 1527 ordinatur
2243 1491 2380 1539 Topica
2400 1492 2479 1528 sive

1416 1540 1635 1577 Dialectica.
1666 1541 1770 1577 Nam
1800 1541 2040 1589 syllogismus
2079 1543 2293 1580 dialecticus
2322 1557 2367 1580 ex
2393 1557 2480 1593 pro-

1416 1593 1605 1630 babilibus
1621 1602 1687 1641 est,
1709 1594 1756 1631 de
1777 1607 1854 1642 quo
1875 1595 1949 1642 agit
1966 1596 1985 1616 '¹‘
1998 1595 2216 1633 Aristoteles
2236 1597 2274 1633 in
2293 1597 2387 1633 libro
2411 1599 2447 1634 T
2443 1610 2481 1634 o-

1410 1647 1598 1694 picorum.
1612 1667 1636 1674 -
1650 1647 1895 1696 Quandoque
1909 1660 2016 1695 vero,
2033 1661 2111 1686 non
2126 1650 2169 1686 fit
2184 1651 2371 1699 complete
2387 1651 2482 1688 fides

1416 1700 1478 1736 vel
1499 1700 1643 1749 opinio,
1660 1700 1727 1737 sed
1745 1702 1905 1749 suspicio
1928 1702 1947 1722 ’¹‘
1966 1703 2168 1750 quaedam,
2184 1703 2272 1751 quia
2292 1716 2370 1740 non
2389 1712 2482 1741 tota-

1417 1752 1498 1789 liter
1526 1753 1735 1790 declinatur
1763 1754 1811 1790 ad
1840 1767 1957 1791 unam
1986 1763 2133 1803 partem
2163 1757 2482 1804 contradictionis,

1417 1806 1502 1842 licet
1516 1806 1638 1854 magis
1653 1806 1849 1844 inclinetur
1864 1808 1902 1844 in
1915 1808 2013 1844 hanc
2029 1821 2144 1857 quam
2165 1809 2202 1846 in
2217 1810 2318 1846 illam
2332 1808 2355 1847 λ.
2372 1812 2421 1847 Et
2435 1811 2483 1848 acl

1412 1974 1584 2007 syllogismo:
1603 1971 1628 1998 ἐν
1649 1974 1704 2003 τοῖς
1723 1971 1779 2007 περὶ
1801 1973 1993 2009 συλλογισμοῢ;
2014 1983 2080 2008 quae
2099 1976 2272 2001 denominatio
2285 1978 2394 2002 occurrit
2408 1979 2484 2003 etiam

1413 2009 1506 2033 eodem
1526 2009 1606 2040 libro,
1634 2017 1689 2041 cap.
1703 2017 1728 2034 xi
1748 2009 1798 2042 (Cf.
1815 2010 1955 2035 Hermann.
1975 2011 2080 2042 Bonitz,
2107 2012 2194 2036 Index
2211 2013 2406 2042 Aristotelicas,
2426 2021 2483 2038 voc.

1414 2042 1607 2077 Ἀριστοτέλης,
1628 2045 1668 2075 lll,
1689 2052 1746 2077 pag.
1765 2052 1821 2076 102,
1841 2046 1889 2070 col.
1909 2054 1958 2070 1.—
1972 2047 2123 2071 Aristotelis
2146 2047 2247 2078 Opera,
2267 2049 2364 2073 volum.
2378 2049 2416 2078 V,
2435 2049 2484 2074 Be-

1412 2080 1488 2104 rolini
1510 2079 1597 2112 1870).

1467 2115 1552 2139 Dubio
1578 2115 1669 2148 procul
1689 2115 1753 2140 tituli
1773 2116 1805 2140 de
1823 2117 1979 2150 syllogismo
1999 2117 2023 2142 in
2042 2125 2148 2150 genere,
2168 2123 2193 2142 et
2211 2119 2244 2143 de
2266 2120 2420 2152 syllogismo
2439 2120 2483 2144 de-

1415 2150 1591 2175 monstrativo
1603 2158 1651 2175 seu
1662 2151 1694 2176 de
1708 2151 1941 2182 demonstratione,
1953 2150 2008 2185 περὶ
2025 2147 2185 2183 ἀποδείξεως,
2197 2154 2329 2186 designant
2340 2155 2483 2179 subiectum

1414 2185 1509 2210 horum
1523 2186 1672 2211 Aristotelis
1688 2194 1806 2218 operum,
1821 2195 1836 2212 a
1849 2195 1902 2219 quo
1916 2187 2024 2219 proinde
2037 2188 2124 2213 titulus
2140 2196 2230 2213 eorum
2243 2190 2386 2215 rectissime
2400 2191 2483 2222 impo-

1415 2221 1491 2251 nitur,
1505 2227 1534 2245 ut
1553 2222 1585 2246 de
1599 2222 1674 2246 titulo
1689 2218 1744 2255 περὶ
1760 2219 1891 2256 ἑρμηνείας
1907 2223 2052 2248 notavimus
2068 2224 2114 2255 (lb.
2126 2224 2168 2248 lib.
2180 2224 2198 2254 I,
2213 2224 2270 2249 lect.
2284 2233 2301 2255 1,
2315 2231 2368 2250 not.
2382 2226 2421 2259 γ);
2436 2226 2483 2250 sed

1415 2257 1514 2281 Priora
1533 2261 1559 2281 et
1578 2257 1733 2281 Posteriora
1751 2258 1890 2291 analytica
1904 2259 1987 2283 vocari
2003 2259 2079 2283 etiam
2094 2267 2171 2291 posse
2190 2267 2283 2292 negare
2298 2268 2375 2285 nemo
2389 2266 2482 2292 potest.

1414 2292 1531 2321 Etenim,
1551 2297 1580 2316 ut
1599 2300 1620 2316 s.
1636 2292 1752 2316 Thomas
1771 2298 1840 2317 recte
1859 2299 1936 2323 notat,
1957 2294 2124 2326 syllogismus
2144 2295 2176 2319 ad
2195 2296 2365 2327 cognitionem
2385 2301 2482 2321 certam

1415 2328 1611 2352 conclusionum
1626 2328 1767 2359 perducere
1787 2329 1883 2360 nequit,
1903 2330 1951 2353 nisi
1970 2334 1995 2353 et
2014 2329 2039 2354 in
2058 2330 2141 2362 ipsam
2159 2329 2270 2355 formam
2287 2339 2316 2356 ex
2331 2339 2381 2364 qua
2399 2333 2482 2356 resul-

1414 2367 1458 2392 tat,
1478 2367 1504 2387 et
1522 2363 1547 2386 in
1567 2363 1688 2395 principia
1707 2363 1851 2388 resolvatur
1870 2371 1901 2388 ex
1919 2365 2014 2396 quibus
2029 2369 2080 2389 tota
2095 2370 2134 2390 est
2149 2365 2273 2390 certitudo
2288 2367 2407 2391 scientiae
2421 2375 2482 2391 con-

1416 2398 1576 2422 clusionum:
1596 2398 1640 2422 ubi
1660 2398 1742 2423 forma
1762 2399 1900 2431 ignoretur,
1915 2400 2083 2432 syllogismus
2098 2400 2167 2425 haud
2186 2409 2201 2425 a
2219 2401 2380 2433 sophismate
2394 2403 2483 2427 distin-

1414 2434 1515 2466 guitur;
1534 2433 1578 2458 ubi
1596 2441 1659 2458 vero
1678 2434 1858 2459 conclusiones
1877 2434 1961 2459 illatae
1979 2443 2032 2460 non
2047 2436 2208 2461 resolvantur
2221 2437 2247 2461 in
2261 2438 2382 2469 principia
2394 2446 2440 2469 per
2454 2446 2483 2463 se

1415 2473 1476 2493 nota
1495 2473 1521 2492 et
1544 2469 1702 2499 necessaria,
1726 2469 1831 2494 scientia
1849 2477 1910 2494 vere
1930 2478 1981 2495 non
2005 2470 2113 2495 liabetur
2132 2476 2158 2495 et
2175 2479 2227 2495 non
2253 2472 2403 2497 discernitur
2422 2481 2482 2498 con-

1415 2503 1498 2528 clusio
1517 2509 1586 2529 certa
1605 2509 1631 2528 et
1649 2504 1752 2536 proprie
1766 2504 1904 2530 scientifica
1919 2514 1933 2531 a
1954 2507 2118 2531 conclusione
2137 2506 2267 2532 dialectica
2287 2515 2333 2532 seu
2349 2508 2483 2540 probabili.

1414 2539 1484 2572 Ergo
1504 2544 1529 2564 et
1547 2547 1562 2564 a
1573 2540 1669 2572 forma
1688 2545 1714 2564 et
1732 2548 1747 2564 a
1761 2540 1911 2572 principiis,
1928 2549 1994 2574 quae
2009 2542 2061 2566 duo
2076 2542 2212 2574 praecipue
2227 2548 2386 2575 quaeruntur
2400 2549 2425 2568 et
2438 2545 2482 2568 de-

1416 2574 1550 2607 signantur
1570 2574 1595 2598 in
1614 2574 1684 2599 hisce
1703 2575 1849 2600 tractatibus
1869 2576 1901 2601 de
1918 2577 2072 2610 syllogismo
2087 2578 2112 2601 in
2126 2585 2229 2610 genere,
2244 2583 2270 2602 et
2283 2579 2315 2602 de
2330 2579 2482 2611 syllogismo

1415 2609 1441 2634 in
1455 2610 1549 2641 specie,
1567 2618 1662 2642 nempe
1681 2611 1893 2641 demonstrativo,
1908 2617 1976 2636 recte
1990 2612 2094 2644 praefati
2107 2618 2229 2637 tractatus
2244 2614 2362 2638 dicuntur
2376 2615 2483 2639 Priores

1416 2650 1442 2670 et
1455 2645 1619 2670 Posteriores
1632 2646 1772 2679 analytici‚
1784 2646 1857 2679 quasi
1873 2655 1966 2679 nempe
1979 2648 2131 2672 resolutorii
2144 2649 2287 2681 syllogismi
2302 2650 2327 2673 in
2342 2657 2416 2674 suam
2430 2650 2482 2674 for-

1416 2688 1495 2711 mam,
1511 2685 1536 2705 et
1555 2681 1782 2706 demonstrationis
1797 2682 1823 2706 in
1838 2690 1885 2706 sua
1898 2683 2056 2715 principia.-
2066 2683 2163 2707 Exinde
2177 2684 2252 2708 etiam
2267 2690 2336 2716 patet
2349 2693 2395 2709 cur
2407 2693 2482 2717 opus,

1416 2716 1488 2748 quod
1507 2723 1570 2748 prae
1587 2716 1708 2741 manibus
1726 2716 1849 2748 habetur,
1869 2718 2051 2743 Posteriorum
2075 2719 2272 2752 analyticorum
2291 2721 2396 2744 nomine
2415 2721 2482 2745 desi-

1415 2755 1516 2783 gnetur.
1536 2751 1608 2776 Sicut
1626 2752 1704 2782 enim,
1719 2752 1753 2776 ait
1771 2752 1796 2777 b.
1810 2753 1932 2778 Albertus
1946 2754 2039 2786 Magn„
2059 2754 2243 2779 demonstratio
2257 2755 2326 2780 addit
2340 2764 2417 2788 supra
2430 2757 2482 2788 syl-

1415 2787 1556 2819 logismum
1575 2787 1694 2819 generice
1713 2788 1817 2819 dictum,
1832 2793 1858 2812 et
1871 2789 1930 2814 ideo
1948 2794 1987 2814 est
2001 2789 2101 2821 species
2115 2790 2258 2822 syllogismi
2273 2795 2298 2814 et
2311 2798 2342 2815 eo
2356 2792 2483 2823 posterior

1416 2821 1481 2854 (non
1501 2829 1576 2847 secus
1596 2830 1626 2847 ac
1644 2823 1744 2854 species
1768 2825 1889 2855 supponit
1911 2832 2007 2857 genus,
2026 2829 2051 2849 et
2069 2830 2097 2848 ut
2114 2832 2209 2857 genere
2227 2826 2353 2857 posterior
2372 2827 2482 2858 concipi-

1415 2857 1482 2889 tur),
1501 2857 1535 2882 ita
1554 2858 1667 2890 analysis
1687 2866 1734 2883 seu
1752 2859 1877 2884 resolutio
1892 2859 1918 2884 in
1932 2867 2023 2884 causas
2042 2867 2094 2884 non
2112 2860 2193 2884 solius
2212 2862 2419 2893 consequentiae,
2435 2862 2482 2886 sed

1417 2892 1494 2917 etiam
1513 2894 1710 2926 consequentis,
1731 2893 1799 2918 addit
1818 2901 1895 2926 supra
1914 2896 2099 2920 resolutionem
2118 2895 2144 2919 in
2162 2895 2285 2920 terminos
2305 2902 2329 2920 et
2347 2896 2373 2920 in
2387 2904 2481 2928 propo-

1417 2928 1525 2953 sitiones
1545 2929 1730 2953 constituentes
1749 2928 1845 2962 figuras
1865 2935 1890 2954 et
1909 2931 2001 2954 modos
2026 2931 2170 2963 syllogismi
2189 2930 2238 2962 (Cf.
2257 2931 2321 2956 infra
2340 2932 2396 2956 lect.
2409 2932 2481 2964 vm);

1416 2968 1442 2988 et
1459 2964 1519 2988 ideo
1538 2963 1602 2988 haec
1625 2965 1738 2997 analysis
1762 2965 1889 2996 posterior
1912 2970 1952 2990 est
1970 2966 2027 2996 illa,
2046 2973 2113 2998 quae
2131 2966 2157 2990 in
2176 2966 2313 2990 Hioribus
2336 2967 2480 3000 analyticis

1416 2999 1532 3029 traditur,
1552 3000 1617 3024 sicut
1636 3000 1707 3031 prius
1727 3004 1767 3024 est
1785 3005 1875 3024 natura
1894 3006 1919 3025 et
1937 3001 2073 3031 intellectu,
2088 3009 2102 3025 a
2117 3009 2169 3033 quo
2185 3008 2236 3025 non
2251 3002 2406 3027 convertitur
2420 3010 2481 3027 con-

1416 3034 1552 3066 sequentia
1572 3034 1610 3066 (In
1630 3035 1639 3059 1
1658 3035 1769 3064 Foster„
1789 3041 1860 3060 tract.
1875 3036 1893 3066 I,
1908 3044 1965 3068 pag.
1981 3035 2040 3067 514,
2055 3037 2103 3060 col.
2118 3037 2152 3068 2).

1471 3070 1488 3101 ι)
1508 3069 1579 3094 Nam
1599 3070 1716 3094 inventio
1731 3075 1778 3095 etc.
1788 3071 1838 3094 —K
1853 3071 1945 3096 omittit
1962 3078 2073 3103 semper.
2083 3085 2099 3089 —-
2110 3072 2173 3096 Cod.
2188 3071 2211 3095 G
2225 3079 2345 3096 erronee:
2365 3073 2482 3098 inventio

1415 3107 1504 3129 autem
1523 3111 1626 3136 semper
1646 3112 1705 3130 cum
1724 3106 1883 3130 certitudine
1902 3109 1954 3136 est;
1971 3107 1995 3130 1:
2015 3114 2076 3131 nam
2097 3106 2212 3131 inventio
2235 3114 2286 3131 non
2307 3115 2409 3139 semper
2422 3115 2481 3133 cum

1415 3140 1575 3164 certitudine
1593 3143 1646 3170 est,
1665 3140 1713 3165 sed
1730 3148 1841 3172 semper.
1864 3141 1938 3166 Unde
1956 3142 1988 3166 de
2007 3142 2046 3166 his
2066 3147 2112 3167 etc.
2136 3142 2169 3166 At
2191 3142 2283 3172 verba,
2301 3143 2348 3167 sed
2370 3150 2480 3175 semper,

1416 3182 1496 3199 sensu
1516 3180 1612 3199 carent.
1637 3175 1703 3200 Hinc
1721 3175 1853 3200 retinenda
1872 3181 1912 3201 est
1931 3177 2005 3202 lectio
2025 3177 2114 3207 Piana,
2134 3184 2201 3210 quae
2219 3182 2259 3202 est
2277 3178 2352 3202 etiam
2371 3179 2481 3203 aliorum

1416 3210 1491 3234 codd.

1417 3246 1419 3248 ’
1469 3244 1494 3276 κ)
1520 3245 1564 3269 Vel
1583 3245 1673 3276 opinio
1688 3249 1802 3277 propter
1816 3247 2040 3278 probabilitatem.
2060 3247 2096 3272 lta
2114 3248 2251 3280 legendum
2271 3253 2310 3272 est
2329 3257 2389 3273 cum
2406 3249 2480 3274 codd.

1416 3279 1548 3310 omnibus,
1567 3281 1589 3304 si
1609 3280 1718 3311 excipias
1738 3281 1794 3305 cod.
1809 3281 1830 3305 E
1849 3282 1893 3314 qui
1913 3282 1986 3315 legit:
2006 3283 2046 3306 vel
2063 3283 2160 3314 opinio,
2181 3283 2221 3307 vel
2230 3284 2405 3314 probabilitas
2414 3291 2481 3316 pro-

1411 3315 1576 3346 positionum
1589 3320 1645 3346 etc.;
1664 3315 1696 3339 P:
1717 3317 1757 3340 vel
1770 3316 1868 3347 opinio,
1884 3318 1924 3342 vel
1937 3318 2121 3349 probabilitas,
2133 3321 2248 3350 propter
2261 3319 2480 3344 eta—Probabili-

1415 3354 1455 3373 tas
1471 3349 1540 3374 enim
1555 3350 1762 3381 propositionum
1776 3357 1968 3383 assumptarum
1983 3358 2022 3377 est
2041 3353 2166 3378 motivum
2181 3361 2303 3378 assensus
2323 3355 2482 3379 conclusioni

1417 3385 1532 3416 praestiti
1538 3393 1546 3415 ς
1566 3390 1591 3409 et
1605 3385 1649 3417 qui
1669 3390 1803 3417 propterea
1822 3386 1912 3411 dicitur
1930 3388 2027 3419 opinio,
2043 3396 2095 3412 non
2109 3388 2226 3418 scientia,
2241 3397 2327 3421 neque
2340 3390 2479 3420 certitudo,

1416 3419 1477 3452 quia
1496 3427 1548 3444 non
1567 3427 1582 3444 a
1600 3420 1728 3452 principiis
1747 3421 1831 3451 certis,
1850 3427 1879 3446 ut
1897 3430 2021 3446 assensus
2040 3422 2202 3453 scientificus,
2217 3424 2263 3448 sed
2277 3432 2292 3448 a
2305 3425 2480 3456 probabilibus

1416 3460 1553 3486 generatur
1572 3460 1598 3479 et
1615 3455 1719 3487 regitur.
1743 3456 1810 3480 Hinc
1828 3457 1993 3488 probabilitas
2013 3458 2044 3482 ad
2063 3458 2192 3483 obiectum
2211 3459 2340 3491 cognitum
2363 3460 2480 3492 refertur,

1416 3489 1503 3521 opinio
1527 3497 1574 3514 seu
1598 3489 1662 3514 fides
1686 3490 1718 3514 ad
1742 3491 1886 3516 subiectum
1910 3500 1957 3516 seu
1982 3493 2014 3516 ad
2032 3498 2146 3517 mentem
2169 3500 2380 3526 cognoscentem;
2399 3495 2433 3520 ita
2451 3501 2480 3521 ut

1412 3525 1590 3556 probabilitas
1602 3525 1803 3556 praemissarum
1818 3526 1850 3551 sit
1861 3527 2054 3559 quodammodo
2067 3536 2144 3553 causa
2154 3529 2286 3560 opinionis
2299 3530 2480 3556 conclusionis.

1469 3558 1498 3591 λ)
1518 3560 1666 3585 Inclinetur
1685 3561 1711 3585 in
1728 3561 1797 3586 hanc
1809 3569 1888 3594 quam
1903 3562 1929 3586 in
1946 3563 2097 3588 illam—P:
2117 3563 2263 3589 declinetur
2277 3565 2303 3589 in
2318 3566 2387 3591 hanc
2399 3574 2479 3598 quam

1417 3595 1443 3619 in
1465 3595 1626 3620 aliam.—Et
1639 3596 1720 3620 aliam
1735 3596 1831 3621 habent
1843 3598 1919 3622 etiam
1934 3598 2008 3623 codd.
2021 3598 2126 3624 AGOR.
2136 3613 2156 3618 -
2166 3599 2188 3624 1:
2203 3600 2344 3626 inclinetur
2357 3602 2383 3626 in
2399 3609 2479 3626 unam

1412 3633 1522 3661 partem
1541 3631 1759 3656 contradictionis
1778 3639 1856 3664 quam
1877 3633 1902 3657 in
1922 3633 2012 3663 aliam.
2030 3634 2110 3666 Magis
2125 3635 2239 3667 expedita
2254 3641 2293 3660 est
2310 3636 2386 3662 lectio
2400 3644 2478 3669 quam

2505 447 2513 455 '
2525 452 2553 467 x:
2568 453 2618 468 cum
2628 447 2717 476 exsor-

2505 478 2542 493 ma
2554 475 2577 494 et
2585 479 2621 495 ex.
2629 485 2639 489 -
2647 480 2658 494 s
2669 480 2716 496 om.

2506 499 2555 520 hoc.

2506 527 2513 534 ·
2525 531 2531 546 l
2541 533 2545 546 z
2557 528 2719 552 assumuntur,-

2528 559 2532 572 :
2555 557 2604 573 cum
2626 559 2719 574 sumun-

2507 873 2516 880 '
2526 877 2545 892 ιε
2571 872 2632 893 sicut
2645 873 2669 893 in
2684 873 2721 894 his

2507 897 2576 919 rebus
2600 899 2719 920 naturali-

2506 924 2556 951 bue,
2573 930 2634 952 quae
2648 927 2679 946 ut.

2508 1345 2515 1351 “
2527 1343 2562 1365 Cf.
2575 1343 2619 1371 Qq.
2634 1344 2718 1372 dispp„

2507 1370 2720 1418 Zssissif'mgf'm'

2508 1618 2518 1627 '⁵
2530 1617 2651 1638 Codd.-t›:
2667 1618 2722 1645 agi-

2509 1646 2547 1664 tur
2561 1643 2590 1664 ab
2599 1644 2683 1670 Arist.‚·
2692 1651 2719 1666 u:

2510 1724 2518 1732 ‘¹
2528 1728 2572 1744 cni:
2583 1723 2720 1750 suspicatio.
