2548 4192
2217 318 2324 344 CXCIX

780 581 1422 647 DISSERTATIO
1478 582 1665 645 XIV.

125 747 192 788 De
221 747 434 788 Secunda
462 746 677 788 Summae
706 745 1011 798 Tbeologicae
1039 750 1185 798 parte,
1214 759 1348 798 quam
1374 747 1554 787 minime
1583 749 1775 787 sanctus
1794 745 1998 787 Thomas
2020 758 2081 787 ex
2105 745 2195 787 alio
2214 746 2321 787 scri·

206 821 355 869 ptore,
384 818 467 858 sed
494 819 611 859 alter
638 830 699 858 ex
727 818 954 869 Aquinate
984 818 1242 858 defloravit:
1271 818 1413 867 deque
1442 817 1626 868 Speculi
1654 817 1861 866 Moralis,
1885 818 2066 858 nomine
2091 818 2319 859 Vincentii

207 889 560 930 Bellovacensis
589 889 812 940 insigniti,
841 901 953 930 vero
983 891 1167 929 auctore
1203 888 1390 937 eiusque
1418 890 1584 928 aetate.

533 1315 731 1353 CAPUT
767 1316 794 1352 1.

125 1413 279 1439 franciscus
298 1412 403 1438 Garcias
422 1413 523 1446 primus
551 1412 698 1437 adseruisse
716 1411 817 1437 videtur
835 1415 954 1436 sanctum
972 1410 1104 1436 'rhomam
1123 1417 1198 1435 suam

197 1450 321 1474 Summae
339 1448 513 1481 Theologicae
531 1448 678 1473 Secundam
696 1452 797 1481 partem
812 1447 953 1472 deflomsse
973 1454 1004 1472 ex
1018 1446 1129 1480 Speculo
1143 1446 1198 1470 Μο-

195 1485 252 1510 rali.
265 1484 431 1510 Validissima
448 1488 594 1518 repugnant
608 1483 738 1515 generalia
756 1487 916 1515 argumenta.
931 1483 970 1507 De
986 1482 1122 1507 emortuali
1135 1481 1198 1506 Vin-

197 1519 273 1546 centii
290 1519 483 1545 Bellovacensis
502 1527 579 1544 anno.
599 1519 669 1544 Num
688 1518 806 1544 eiusdem
824 1518 1016 1543 Bellovacensis
1036 1517 1084 1542 dici
1108 1516 1200 1542 debeat

196 1555 282 1581 foetus
301 1555 442 1589 Speculum
466 1555 564 1580 Mox-ale
589 1554 696 1579 dubium
721 1554 841 1587 ingerunt
858 1553 1004 1586 gravissimi
1024 1553 1171 1587 scriptores,

317 1687 333 1701 ¹.
400 1677 443 1706 ,τί
461 1670 607 1692 ummam
640 1659 872 1700 Theologicam
907 1669 1097 1700 germanum
1133 1670 1199 1690 esse

321 1704 349 1734 ⁴-
392 1700 439 1735 3³
461 1705 585 1736 foetum
595 1704 693 1735 sancti
709 1704 856 1735 Thomae
870 1704 1038 1745 Aquinatis
1055 1704 1200 1734 minime-

377 1758 403 1771 ἰ’
434 1744 438 1782 “,
461 1759 524 1790 que
551 1750 589 1779 ab
619 1749 682 1779 alio
711 1755 766 1779 aut
789 1749 948 1789 aliquibus
977 1748 1201 1780 consodalibus

437 1800 536 1834 post
568 1803 688 1824 sacram
721 1792 863 1823 eiusdem
899 1792 1103 1833 apotheosim
1137 1793 1202 1823 sive

414 1836 447 1876 ᾇ.
461 1843 536 1878 post
545 1847 667 1867 annum
683 1846 772 1867 aerae
782 1836 920 1877 vulgaris
933 1847 943 1867 1
954 1838 1027 1876 323,
1037 1837 1203 1868 collectam

462 1881 702 1922 confectamque
725 1880 822 1911 fuisse
842 1881 1016 1921 perspicuis
1031 1888 1061 1912 et
1079 1881 1202 1913 invictis

150 1956 152 1958 ,
461 1925 655 1965 argumentis
692 1931 802 1956 contra
832 1925 985 1956 loannem
1018 1926 1202 1957 Launoium

128 1971 335 2004 confecimus.
364 1969 523 2001 Invidiosa
551 1969 695 2011 quaestio
723 1969 866 2010 sequitur
879 1992 888 2008 ‚
913 1970 1003 2001 cuius
1027 1971 1204 2001 movendae

128 2016 372 2056 excitandaeque
399 2013 602 2046 occasionem
633 2014 762 2054 praebet
784 2013 956 2054 Speculum
989 2015 1120 2046 Morale
1144 2016 1203 2046 sub

127 2060 260 2093 nomine
282 2059 439 2092 Vincentii
458 2058 689 2090 Bellovacensis
706 2058 836 2090 Ordinis
849 2058 1107 2090 Praedicatorum
1128 2060 1203 2090 insi-

127 2105 198 2146 gnis
226 2104 349 2136 alumni
372 2103 556 2144 vulgatum:
583 2103 616 2133 in
640 2112 706 2144 quo
731 2109 833 2143 partes
857 2102 928 2133 illae
947 2103 1028 2134 duae
1052 2104 1204 2135 Summae

132 2149 361 2191 Theologicae,
382 2158 461 2189 quas
484 2148 628 2178 Primam
651 2147 820 2178 Secundae
837 2153 868 2177 et
882 2147 1063 2179 Secundam
1083 2149 1203 2180 Secun-

127 2194 190 2226 dae
213 2193 371 2234 appellare
394 2192 553 2230 solemus,
583 2191 647 2222 fere
679 2191 816 2232 integrae
840 2191 1017 2233 iisdemque
1035 2193 1138 2224 verbis
1161 2193 1204 2224 le-

127 2244 256 2279 guntur.
288 2237 373 2268 Hinc
401 2242 470 2267 orta
498 2236 730 2275 controversia,
766 2236 946 2276 ingentibus
984 2237 1204 2268 moliminibus

128 2283 281 2314 hactenus
306 2281 435 2321 agitata,
459 2281 608 2322 quisnam
631 2280 670 2310 ab
693 2280 791 2311 altero
813 2281 976 2321 acceperit:
1001 2291 1041 2312 an
1068 2292 1105 2312 ex
1127 2282 1204 2313 Vin-

129 2326 234 2358 centio
258 2325 485 2366 transcripserit
507 2324 663 2363 Thomas,
683 2334 724 2355 an
746 2324 799 2355 ille
827 2335 864 2356 ex
887 2323 971 2356 isto?

196 2370 381 2402 Franciscus
405 2369 532 2401 Garcias
555 2369 724 2409 hispanus,
749 2369 896 2400 coenobii
920 2370 1020 2401 nostri
1045 2370 1204 2402 Valentini

130 2415 165 2447 in
191 2414 358 2446 Provincia
385 2413 563 2454 Aragoniae
593 2414 762 2452 alumnus,
790 2414 824 2444 in
852 2414 960 2445 libello
991 2424 1089 2455 quem
1124 2416 1204 2446 Tar-

130 2469 272 2491 raconae
294 2458 382 2499 apud
403 2459 583 2498 Philippum
607 2459 694 2498 May·
715 2468 803 2488 anno
818 2457 904 2498 1578
917 2459 1001 2499 typis
1025 2459 1122 2490 edidit
1144 2459 1203 2490 sub

130 2504 225 2535 titulo
248 2502 493 2533 Emendationis
515 2507 711 2539 erratorum,
736 2512 820 2543 quae
838 2502 1046 2534 librariorum
1065 2509 1124 2534 aut
1151 2509 1203 2544 tr-

123 2548 370 2590 pographorum
387 2548 515 2577 incuria
535 2548 567 2576 in
584 2546 717 2577 Summa
737 2546 928 2588 Tbeologica
944 2548 1048 2578 sancti
1066 2548 1205 2578 Romae

129 2593 285 2624 hactenus
307 2591 449 2622 admissa
465 2590 720 2631 reperiebantur,
743 2591 866 2631 primus
881 2591 1006 2622 videtur
1029 2598 1059 2622 et
1082 2592 1203 2632 impru-

130 2637 208 2668 dens
230 2636 264 2666 in
287 2635 483 2676 praefatione
507 2635 681 2675 scripsisse:
700 2635 945 2676 Apertissimum
975 2646 1043 2667 esse
1066 2646 1103 2666 ex
1126 2636 1203 2676 Spe-

129 2680 204 2712 culo
227 2679 342 2711 Morali
365 2679 523 2711 Vincentii
546 2679 778 2710 Bellovacensis
808 2686 974 2711 mutuasse
1002 2690 1028 2711 s.
1051 2681 1202 2711 Iliomam

127 2725 235 2766 ferme
256 2725 376 2762 omnia,
397 2734 481 2765 quae
504 2725 536 2754 in
556 2724 606 2755 his
624 2723 747 2755 duobus
765 2724 926 2755 codicibus
944 2722 1068 2767 (Prima
1086 2725 1203 2756 Secun-

131 2769 190 2800 dae
206 2775 237 2800 et
251 2768 397 2800 Secunda
416 2766 594 2811 Secundae)
617 2768 657 2799 de
677 2769 847 2799 virtutibus
865 2774 896 2800 et
912 2770 996 2800 vitiis
1014 2770 1134 2809 scripta
1153 2779 1203 2800 re-

132 2813 234 2855 liquit.
260 2813 296 2843 ln
318 2812 400 2844 hanc
423 2812 611 2843 sententiam
634 2822 755 2852 pronus
783 2813 840 2844 ivit
866 2813 977 2844 Petrus
1008 2813 1047 2843 de
1069 2814 1150 2844 Alva
1173 2820 1204 2844 et

132 2860 269 2898 Astorga
284 2857 349 2888 suis
364 2857 397 2887 in
408 2857 582 2897 opusculis,
593 2857 707 2888 Nodus
722 2857 960 2896 indissolubilis,
977 2857 1034 2888 Sol
1049 2859 1203 2896 veritatis,

132 2902 294 2933 Iudicium
305 2901 507 2932 Salomonis:
523 2907 727 2942 mentemque
744 2912 837 2932 suam
850 2901 899 2932 his
914 2902 1013 2933 ferme
1028 2902 1130 2933 verbis
1146 2902 1205 2933 fre-

134 2945 283 2987 quentius
300 2946 409 2985 aperit,
433 2955 501 2975 non
519 2945 608 2976 aliter
623 2946 765 2976 Primam
790 2946 959 2977 Secundae
977 2952 1008 2977 et
1023 2946 1204 2977 Secundam

134 2988 304 3020 Secundae
330 2999 398 3020 esse
426 2989 574 3020 Doctoris
603 2989 764 3030 Angelici,
790 3000 890 3031 quarn
918 2990 1148 3022 Commentarii
1172 2992 1204 3021 in

134 3033 313 3074 Epistulam
329 3033 373 3063 ad
386 3034 550 3064 Romanos
568 3033 758 3074 Hieronymi
774 3034 836 3065 sint
859 3032 989 3077 (verum
1003 3035 1206 3075 interpretem

136 3076 293 3108 Rufinum
314 3076 552 3117 Aquileiensem
575 3077 732 3109 nesciebat
754 3077 869 3121 Alva),
890 3079 946 3120 qui
966 3089 1020 3109 eos
1036 3079 1151 3110 fatetur
1169 3089 1207 3110 ex

135 3122 274 3161 Origene
297 3131 330 3151 se
349 3121 594 3161 transcripsisse:
618 3132 676 3153 nec
702 3122 790 3153 aliter
812 3133 911 3163 quam
929 3123 998 3154 libri
1021 3123 1054 3153 in
1072 3124 1206 3154 Hexae-

135 3175 247 3197 meron
272 3164 335 3196 sint
357 3165 455 3196 sancti
477 3165 650 3204 Ambrosii,
674 3166 730 3207 qui
752 3167 891 3207 integros
914 3168 1072 3198 transtulit
1095 3178 1132 3198 ex
1146 3168 1206 3198 Ba-

137 3210 224 3241 silio:
245 3209 436 3250 easdemque
452 3209 539 3239 Duas
556 3210 687 3240 demum
703 3217 805 3250 partes
821 3211 1036 3252 Theologicae
1055 3212 1207 3243 Summae

137 3265 175 3285 ex
197 3253 356 3286 Vincentii
379 3253 611 3284 Bellovacensis
633 3254 747 3285 Morali
774 3255 911 3295 Speculo
944 3262 1101 3296 surreptas
1130 3266 1206 3287 esse.

205 3298 244 3329 11.
261 3299 345 3328 Tam
368 3304 514 3338 apertum
536 3297 633 3338 plagii
656 3298 794 3338 crimen,
818 3300 885 3330 imo
908 3300 959 3330 vel
981 3300 1085 3340 ipsam
1103 3300 1206 3340 suspi-

137 3343 266 3374 cionem
289 3342 376 3381 eius,
400 3351 563 3372 removere
591 3342 630 3372 ab
653 3342 812 3383 Aquinate
842 3343 901 3373 nisi
925 3350 999 3374 sunt
1023 3344 1108 3374 docti
1137 3344 1207 3384 qui-

139 3397 202 3428 que
225 3387 460 3428 prudentesque
482 3386 551 3416 viri.
577 3385 715 3417 Militant
737 3397 796 3427 pro
821 3387 960 3418 Doctore
983 3387 1137 3427 Angelico
1160 3394 1209 3418 tot

138 3431 199 3462 alia
221 3431 329 3472 Opera
352 3431 430 3469 eius,
454 3429 584 3470 proprio
601 3436 700 3460 marte
717 3430 875 3461 confecta:
893 3431 1092 3472 militantque
1115 3431 1207 3461 Sum-

139 3485 212 3506 mae
248 3475 459 3516 Theologicae
487 3484 559 3514 pars
574 3474 679 3505 Prima
706 3480 737 3504 et
759 3485 831 3514 pars
854 3475 980 3513 Tertia,
1007 3475 1209 3506 selectissima

136 3519 335 3558 eruditione,
360 3518 556 3549 solidissimis
589 3518 807 3557 documentis,
836 3518 988 3549 methodo
1023 3519 1208 3559 perspicua,

137 3563 245 3594 subtili
254 3563 492 3594 ratiocinatione
504 3562 643 3601 refertae,
654 3563 720 3593 vim
730 3563 902 3593 maximam
911 3563 1027 3603 ingenii
1039 3563 1105 3593 eius
1120 3572 1208 3603 prae-

138 3606 271 3638 ferentes
295 3608 336 3638 ad
359 3618 455 3648 opera
479 3607 680 3648 parturienda
709 3607 914 3647 aptissimam.
940 3607 1108 3638 Summam
1130 3607 1209 3637 inte-

138 3660 229 3691 gram
259 3653 399 3693 expende
429 3658 597 3693 partesque
625 3652 659 3682 in
683 3651 818 3683 dubium
848 3651 974 3683 vocatas
1005 3651 1112 3682 confer
1135 3661 1210 3682 cum

1153 1064 1297 1092 ...ggqa-

1251 1311 1400 1342 indubiis.
1421 1311 1508 1341 Idem
1532 1311 1565 1341 in
1584 1311 1690 1351 Opere
1706 1316 1775 1342 toto
1792 1311 1892 1352 stylus
1915 1318 2045 1352 apparet
2070 1322 2105 1343 ac
2128 1312 2325 1344 individuam

1252 1356 1392 1396 partium
1415 1355 1564 1386 omnium
1586 1355 1666 1386 inter
1689 1365 1721 1385 se
1746 1355 1978 1386 connexionem
2001 1366 2097 1387 nemo
2122 1367 2188 1387 non
2216 1357 2324 1398 depre-

1251 1400 1379 1430 hendit:
1411 1410 1444 1430 se
1467 1399 1588 1430 articuli
1613 1410 1724 1430 omnes
1750 1410 1786 1430 ac
1809 1399 1925 1440 singuli
1949 1401 2063 1431 eodem
2086 1411 2123 1431 ex
2146 1400 2233 1432 fonte
2257 1412 2321 1432 sca-

1253 1444 1376 1475 turiisse
1399 1444 1506 1484 palam
1529 1444 1764 1475 demonstrant:
1782 1443 1883 1484 fulget
1905 1454 2005 1485 aeque
2021 1445 2054 1475 in
2070 1444 2155 1476 hisce
2172 1445 2323 1486 partibuS,

1252 1489 1340 1519 acin
1363 1488 1430 1519 aliis
1455 1488 1744 1519 elucubrationibus
1768 1488 2017 1519 eminentissima
2032 1489 2179 1519 Thomae
2203 1489 2325 1529 sapien-

1253 1533 1310 1564 tia:
1335 1533 1426 1571 ordo,
1444 1532 1551 1571 dictio,
1567 1532 1662 1571 nitor,
1679 1532 1824 1572 brevitas,
1841 1532 1993 1572 soliditas,
2010 1539 2168 1574 notaeque
2186 1540 2323 1564 caeterae

1253 1587 1357 1608 unum
1379 1576 1520 1607 indicant
1543 1583 1716 1617 parentem.

1320 1621 1486 1651 Accedunt
1507 1620 1700 1651 validissima
1723 1627 1925 1661 argumenta,
1945 1631 2027 1662 quae
2051 1621 2239 1652 sententiam
2262 1621 2326 1652 fere

1253 1665 1499 1706 praeindicatam
1523 1665 1672 1696 evincunt
1687 1672 1796 1696 contra
1818 1665 2024 1697 Vincentium
2047 1672 2102 1696 aut
2126 1666 2226 1696 alium
2249 1665 2326 1706 Spe-

1254 1709 1316 1740 culi
1340 1709 1470 1740 Moralis
1493 1715 1666 1739 auctorem.
1685 1708 1819 1740 Constat
1834 1709 1965 1750 quippe,
1985 1710 2075 1740 omni
2094 1717 2216 1741 semota
2236 1709 2327 1740 dubi-

1255 1754 1395 1792 tatione,
1418 1753 1583 1783 Thomam
1607 1753 1733 1793 allegari
1758 1753 1916 1795 aliquibus
1939 1754 1972 1784 in
1995 1754 2074 1784 locis
2106 1764 2124 1784 a
2147 1753 2327 1792 Vincentio,

1255 1798 1387 1839 eiusque
1402 1807 1468 1827 non
1485 1807 1604 1837 paucos
1620 1797 1769 1828 articulos
1785 1798 1919 1828 totidem
1933 1798 2035 1828 verbis
2046 1798 2187 1829 describi.
2202 1799 2328 1838 Nempe

1255 1842 1289 1872 in
1312 1841 1449 1882 Speculo
1465 1841 1622 1872 Naturali
1635 1841 1716 1872 libro
1735 1842 1865 1881 XXVII,
1885 1852 1953 1882 cap.
1964 1852 2056 1872 txxrv
2071 1842 2217 1883 legimus:
2237 1842 2325 1879 Qua-

1257 1887 1331 1917 liter
1343 1886 1491 1927 Angelus
1506 1887 1648 1916 animam
1665 1886 1787 1923 doceat,
1807 1886 1944 1917 Thomas
1959 1886 1999 1917 de
2013 1887 2158 1927 Aquino:
2172 1896 2238 1927 quo
2254 1886 2328 1916 loco

1257 1936 1399 1971 surrepta
1423 1936 1497 1961 sunt
1511 1931 1606 1960 verba
1622 1936 1652 1960 et
1668 1930 1870 1969 documenta,
1885 1940 1967 1971 quae
1982 1930 2050 1971 ipse
2066 1930 2210 1971 Aquinas
2235 1930 2330 1961 habet

1257 1975 1290 2005 in
1314 1974 1499 2015 quaestione
1522 1985 1553 2004 x1
1576 1974 1624 2005 De
1639 1974 1779 2013 veritate,
1802 1974 1933 2005 articulo
1950 1985 1992 2005 m.
2011 1975 2091 2005 Item
2110 1975 2210 2015 capite
2225 1984 2329 2004 Lxxxn

1257 2020 1334 2050 haec
1357 2019 1531 2049 habentur:
1560 2018 1647 2056 Quid
1668 2019 1710 2049 sit
1731 2019 1913 2059 Prophetia,
1943 2019 2095 2050 Thomas:
2120 2029 2158 2049 ex
2180 2028 2247 2060 quo
2272 2018 2329 2049 sci-

1257 2064 1330 2094 licet
1352 2063 1516 2094 defloravit
1533 2063 1740 2102 Vincentius,
1764 2073 1845 2104 quae
1870 2063 1991 2094 disserit
2021 2063 2130 2093 omnia
2153 2063 2192 2093 de
2215 2062 2331 2094 eodem

1258 2107 1443 2149 prophetiae
1467 2114 1655 2148 argumento
1679 2107 1719 2137 ad
1735 2114 1830 2147 caput
1853 2117 1955 2148 usque
1970 2118 2038 2146 xcv,
2056 2117 2155 2148 eaque
2175 2107 2248 2138 licet
2265 2107 2329 2137 cui·

1258 2162 1322 2194 que
1337 2152 1440 2192 legere
1455 2151 1640 2192 quaestione
1656 2162 1698 2182 xn
1717 2152 1765 2182 De
1781 2151 1919 2190 veritate,
1937 2151 2068 2182 articulo
2084 2162 2105 2190 1,
2117 2162 2158 2190 1v,
2173 2162 2204 2190 v,
2220 2162 2262 2190 v1,
2272 2161 2326 2189 vn,

1258 2207 1324 2235 vm,
1338 2206 1380 2235 11,
1402 2206 1456 2235 ΧΠ,
1477 2206 1541 2226 xm.
1559 2195 1706 2237 Denique
1729 2195 1829 2236 capite
1853 2203 1892 2225 cn
1917 2195 2067 2233 Qualiter
2091 2201 2204 2236 raptus
2216 2196 2263 2237 fit
2285 2194 2329 2225 ad

1259 2241 1302 2278 id,
1327 2240 1412 2281 quod
1435 2245 1482 2271 est
1503 2250 1604 2280 supra
1628 2245 1800 2278 naturam,
1831 2240 1967 2270 Thomas
1989 2240 2030 2270 de
2052 2240 2200 2280 Aquino,
2225 2249 2327 2280 usque

1258 2286 1299 2316 ad
1322 2291 1418 2325 caput
1440 2294 1479 2314 cx
1502 2291 1645 2324 prostant
1667 2284 1810 2325 quinque
1833 2283 2026 2324 quaestionis
2049 2294 2103 2314 x111
2125 2284 2174 2314 De
2197 2283 2327 2314 veritate

1259 2329 1392 2367 articuli,
1411 2329 1602 2359 verbotenus
1622 2328 1777 2368 descripti.
1795 2328 1874 2358 Suas
1889 2338 1986 2368 porro
2008 2329 2060 2359 De
2075 2329 2209 2359 veritate
2231 2337 2328 2368 quae-

1259 2374 1376 2404 stiones
1401 2373 1439 2403 ab
1455 2372 1614 2413 Aquinate
1632 2372 1753 2402 habitas
1771 2371 1896 2402 Parisiis
1912 2379 1986 2412 post
2005 2382 2126 2403 annum
2150 2373 2243 2413 1257,
2261 2382 2327 2413 quo

1259 2417 1375 2448 scilicet
1397 2416 1583 2448 Vincentius
1606 2416 1710 2446 adhuc
1732 2416 1830 2447 vitam
1854 2417 1965 2456 agebat
1981 2416 2186 2457 florebatque,
2206 2415 2328 2446 Disser-

1257 2462 1377 2492 tatione
1400 2471 1431 2491 x1
1454 2461 1518 2491 iam
1541 2460 1750 2491 ostendimus.

1325 2506 1364 2536 Se
1388 2505 1526 2546 denique
1549 2514 1615 2535 non
1639 2511 1802 2535 auctorem
1825 2504 1962 2545 Speculi,
1978 2505 2067 2546 quod
2086 2504 2119 2534 in
2141 2505 2220 2535 Tres
2236 2505 2328 2535 durn-

1257 2556 1341 2581 taxat
1357 2554 1472 2590 partes
1504 2549 1659 2580 tributum
1692 2549 1833 2580 dicemus
1863 2548 1963 2587 infra,
1994 2549 2048 2579 sed
2072 2548 2275 2579 collectorem
2298 2555 2329 2580 et

1258 2594 1545 2625 consarcinatorem
1561 2593 1692 2624 candide
1707 2603 1742 2624 ac
1755 2603 1827 2623 vere
1842 2592 1956 2624 fatetur
1969 2592 2210 2624 Bellovacensis:
2225 2606 2239 2621 α
2250 2592 2330 2624 Mihi

1260 2652 1275 2667 ›
1295 2638 1444 2669 omnium
1467 2637 1600 2668 fratrum
1622 2637 1757 2668 minimo
1782 2636 1953 2678 (inquiens
1969 2638 2001 2667 in
2021 2638 2156 2679 prologi
2175 2638 2278 2678 capite
2293 2637 2328 2679 1)

1261 2696 1276 2711 »
1290 2684 1509 2724 plurimorum
1534 2682 1633 2713 libros
1656 2682 1780 2712 assidue
1803 2681 1976 2712 revolventi
2000 2692 2036 2712 ac
2059 2682 2157 2722 longo
2184 2688 2327 2722 tempore

1261 2740 1275 2755 »
1297 2727 1439 2758 studiose
1463 2726 1589 2766 legenti,
1605 2726 1711 2757 visum
1734 2732 1780 2756 est
1802 2726 1942 2765 tandem,
1959 2726 2124 2756 accedente
2143 2725 2238 2756 etiam
2261 2735 2328 2755 ma-

1260 2784 1275 2800 »
1295 2772 1403 2802 iorum
1426 2781 1575 2801 meorum
1598 2770 1742 2809 consilio,
1758 2770 1911 2811 quosdam
1919 2770 2027 2810 flores
2049 2780 2107 2810 pro
2132 2770 2266 2800 modulo
2282 2770 2329 2799 in-

1261 2829 1276 2844 »
1296 2815 1380 2856 genii
1403 2815 1467 2845 mei
1491 2815 1606 2846 electos
1629 2825 1667 2845 ex
1690 2815 1839 2845 omnibus
1864 2814 1946 2853 fere,
1976 2824 2058 2855 quos
2090 2814 2191 2854 legere
2215 2813 2328 2854 potui,

1261 2873 1276 2889 »
1297 2861 1362 2891 sive
1385 2866 1570 2890 nostrorum
1599 2859 1679 2890 idest
1709 2859 1940 2890 catholicorum
1970 2859 2139 2888 doctorum
2163 2858 2227 2888 sive
2255 2868 2330 2898 gen-

1262 2918 1277 2933 »
1296 2905 1402 2936 tilium
1426 2904 1542 2934 scilicet
1562 2903 1830 2944 philosophorum
1847 2910 1878 2934 et
1892 2909 2060 2943 poetarum
2075 2908 2106 2933 et
2129 2912 2166 2932 ex
2188 2902 2330 2942 utrisque

1262 2962 1277 2978 »
1297 2948 1537 2987 historicorum,
1562 2949 1594 2978 in
1619 2958 1719 2978 unum
1739 2957 1856 2988 corpus
1880 2947 2050 2978 voluminis
2077 2946 2220 2987 quodam
2243 2956 2330 2976 com-

1262 3007 1277 3022 »
1297 2992 1415 3034 pendio
1440 2999 1471 3023 et
1494 2992 1604 3022 ordine
1628 2992 1813 3022 summatim
1836 2991 1975 3031 redigere
1988 3003 2016 3021 ».
2035 2991 2152 3021 Iterum
2176 2990 2276 3030 capite
2299 3000 2332 3020 1v

1260 3048 1319 3079 pro
1352 3037 1401 3067 sui
1434 3036 1532 3067 animi
1566 3036 1702 3067 candore
1731 3036 1774 3066 sic
1806 3035 1916 3065 habet:
1940 3035 2133 3065 Praesertim
2168 3044 2239 3065 cum
2271 3034 2331 3065 hoc

1261 3084 1363 3123 ipsum
1383 3091 1463 3121 opus
1487 3081 1596 3121 utique
1618 3090 1723 3111 meum
1746 3079 1933 3120 simpliciter
1955 3088 2018 3109 non
2042 3080 2094 3116 sit,
2118 3078 2175 3109 sed
2198 3079 2328 3109 illorum

1255 3127 1366 3167 potius
1389 3135 1431 3156 ex
1448 3135 1584 3166 quorum
1608 3125 1701 3155 dictis
1713 3124 1794 3165 fere
1817 3128 1915 3154 totum
1949 3122 2031 3153 illud
2062 3124 2231 3154 contexui:
2254 3132 2328 3153 nam

1262 3181 1303 3201 ex
1325 3179 1395 3200 meo
1413 3179 1523 3210 pauca
1549 3170 1600 3200 vel
1628 3169 1719 3199 nulla
1742 3168 1876 3208 apposui
1882 3175 1896 3205 ;
1919 3168 2059 3207 ipsorum
2080 3168 2183 3208 igitur
2201 3172 2248 3198 est
2270 3177 2328 3197 au-

1262 3215 1419 3251 ctoritate,
1445 3218 1589 3244 nostrum
1613 3218 1720 3243 autem
1743 3213 1812 3243 sola
1836 3211 2048 3242 ordinatione.

1330 3258 1382 3288 111.
1399 3257 1482 3287 Hinc
1505 3257 1663 3288 Vincentii
1693 3266 1728 3287 ac
1757 3256 1905 3286 Thomae
1936 3255 2106 3286 consilium
2129 3265 2204 3286 cum
2226 3261 2331 3295 pateat

1261 3303 1295 3332 in
1317 3301 1404 3332 libris
1428 3301 1679 3340 conscribendis,
1703 3309 1799 3330 nemo
1818 3309 1886 3330 non
1908 3299 2030 3338 videat,
2055 3299 2080 3329 si
2105 3299 2155 3329 cui
2174 3299 2328 3339 plagium,

1261 3346 1307 3376 illi
1330 3345 1458 3385 potiuS,
1482 3355 1580 3385 quam
1607 3344 1658 3375 isti
1682 3344 1897 3384 affingendum
1921 3353 1997 3374 esse.
2023 3345 2066 3373 At
2087 3342 2188 3383 gravis
2218 3343 2271 3372 illa
2294 3352 2331 3372 ac

1263 3389 1397 3419 difficilis
1412 3388 1526 3419 militat
1549 3388 1722 3428 oppositio,
1747 3388 1914 3428 quomodo
1931 3387 2133 3425 Vincentius,
2163 3386 2219 3427 qui
2251 3386 2330 3416 anti-

1263 3433 1357 3474 quior
1380 3438 1426 3462 est
1448 3432 1618 3473 Aquinate,
1647 3430 1869 3472 Theologicam
1893 3431 2057 3461 Summam
2082 3430 2225 3460 extremis
2248 3430 2330 3460 vitae

1263 3477 1353 3507 istius
1376 3476 1466 3506 annis
1485 3475 1662 3506 confectam
1682 3475 1815 3515 expilare
1831 3472 1989 3515 potuerit?
2004 3474 2077 3505 Vita
2095 3474 2244 3514 migrasse
2259 3474 2329 3504 Bel-

1258 3518 1463 3551 'lovacensem
1486 3529 1570 3549 anno
1599 3528 1681 3558 1240
1701 3519 1832 3559 putabat
1854 3518 2036 3549 Franciscus
2056 3518 2200 3549 Garcias:
2219 3518 2259 3548 ad
2275 3528 2330 3548 an-
2346 3532 2351 3537 ·

1262 3574 1343 3595 num
1372 3564 1452 3593 1256
1478 3563 1602 3594 obitum
1626 3563 1692 3593 eius
1715 3562 1862 3603 producit
1876 3562 2035 3593 Antonius
2059 3562 2215 3601 Senensis,
2232 3572 2331 3603 quem

1263 3609 1369 3649 plures
1393 3607 1445 3637 alii
1468 3607 1678 3647 bibliographi
1701 3613 1898 3647 exceperunt.
1915 3607 2027 3637 Errant
2044 3614 2172 3637 omnes:
2197 3606 2330 3637 manife-

1263 3659 1412 3694 stumque
1428 3661 1566 3682 errorem
1590 3651 1738 3682 evincunt
1760 3651 1961 3692 quaestiones
1983 3651 2035 3682 De
2050 3652 2194 3690 veritate,
2211 3662 2229 3682 a
2242 3650 2333 3682 Tho-
