2788 4204
1176 316 1287 353 CAP.
1318 317 1370 364 X,
1401 317 1551 354 LECT.
1584 320 1614 355 11

297 389 402 427 drata
435 390 576 438 figura,
616 391 654 428 in
692 392 798 428 cuius
837 405 915 429 uno
956 394 1094 441 angulo
1129 394 1361 432 describatur

296 443 391 479 haec
420 443 645 490 enunciatiO,
675 445 788 481 homo
817 451 871 482 est
887 447 1019 492 iustus,
1050 453 1086 483 et
1114 459 1159 483 ex
1183 448 1359 495 opposito

297 495 530 532 describatur
558 496 637 532 eius
666 498 815 545 negatio
845 511 943 547 quae
972 507 1043 546 est,
1077 500 1188 536 homo
1216 512 1289 536 non
1310 507 1365 538 est

296 548 428 591 iustus,-
448 549 518 585 sub
548 549 685 598 quibus
711 551 922 588 scribantur
941 552 1039 588 duae
1059 552 1153 589 aliae
1179 552 1358 599 infinitae,

296 601 435 638 scilicet
468 603 580 639 homo
609 608 662 639 est
690 616 763 640 non
794 605 925 650 iustus,
955 606 1067 642 homo
1103 617 1176 642 non
1206 612 1260 642 est
1286 619 1359 644 non

296 654 421 691 iustus.

455 727 537 749 Homo
552 729 593 749 out
1052 731 1133 753 Homo
1148 737 1200 753 non

669 756 801 785 angulare-t
815 757 993 784 contrapositae

481 780 569 802 inetu-
1057 785 1097 805 ecl
1112 784 1199 806 inatus

406 842 429 883 s
1179 848 1201 889 ὲ

406 884 428 923 Ξ
459 902 476 933 g
1179 890 1201 928 Ξ
1233 905 1249 920 ²

406 924 428 945 ’δ’
454 934 476 953 ἢ
1179 929 1201 951 ‘'3·
1226 922 1249 955 ’ἔ

407 946 424 981 ἓ
461 954 483 993 ξ
1179 951 1195 985 3
1233 957 1255 995 ἓ

400 991 423 1025 ξ
460 995 476 1022 τ’.
1174 996 1195 1028 ἓ
1234 997 1249 1024 ³

407 1026 429 1050 ει.
460 1022 475 1034 ··
1179 1030 1201 1053 ει.
1233 1024 1248 1036 “’

407 1049 426 1088 Ξ
1179 1052 1199 1091 Ξ

401 1122 484 1145 Homo
498 1129 552 1146 non
568 1126 609 1147 eut
1051 1126 1132 1148 Homo
1148 1126 1190 1147 eut

664 1152 797 1179 angulares
812 1153 991 1179 contrapositae

427 1182 481 1198 non
495 1176 583 1199 luctus
1043 1184 1096 1200 non
1110 1178 1198 1200 iaetu·

296 1235 338 1270 In
366 1247 443 1283 qua
471 1235 722 1286 descriptione
751 1246 908 1287 apparet
947 1238 1051 1287 quod
1089 1239 1163 1275 hoc
1196 1239 1360 1275 verbum

294 1294 362 1335 est,
391 1290 664 1328 affirmativum
692 1294 754 1330 vel
784 1292 1016 1340 negativum,
1037 1291 1183 1329 adiacet
1202 1292 1296 1328 iusto
1326 1299 1363 1328 et

294 1354 369 1379 non
398 1343 504 1382 iusto.
534 1345 584 1381 Et
610 1344 823 1383 secundum
851 1346 926 1382 hoc
950 1345 1251 1382 diversificantur
1270 1357 1361 1393 qua-

228 1418 250 1421 ,
279 1401 387 1433 rtuo'r‘
398 1398 702 1436 enunciationes.

293 1520 507 1552 supplementum
526 1519 668 1550 Gratiadei‚·
685 1521 731 1545 sed
745 1520 777 1544 ab
797 1521 837 1545 ed.
848 1520 863 1545 b
877 1520 925 1545 dici
939 1520 1001 1544 illud
1016 1520 1228 1552 supplementum
1243 1527 1273 1544 ex
1283 1520 1362 1544 Com-

293 1555 425 1579 mentariis
445 1554 562 1579 eiusdem
577 1555 705 1580 Gratiadei
725 1555 750 1579 in
770 1555 850 1580 libros
868 1555 1015 1580 Aristotelis
1035 1555 1114 1580 fuisse
1133 1560 1290 1587 excerptum.
1310 1555 1361 1579 No-

293 1595 347 1615 ster
356 1589 490 1615 Echardus
501 1588 663 1623 (Scriptores
676 1591 770 1615 Ordin.
781 1591 903 1616 Praedic.
913 1591 945 1615 ad
961 1600 1020 1616 ann.
1036 1591 1109 1623 1341,
1129 1596 1192 1615 tom.
1203 1591 1221 1621 l,
1232 1589 1359 1625 pag.6o3)

292 1625 372 1651 habet
389 1624 456 1650 n.6:
477 1634 490 1649 α
506 1626 631 1650 Simlerus
651 1626 676 1650 in
695 1626 762 1651 Bibl.
778 1627 887 1651 Gesneri
906 1632 980 1652 aucta
999 1627 1068 1651 addit
1086 1626 1220 1658 scripsisse
1235 1626 1360 1658 (Gratia-

295 1671 308 1686 ι
324 1662 428 1693 deum),
448 1661 664 1693 Supplementum
683 1662 933 1687 commentariorum
952 1670 973 1687 s.
988 1662 1102 1688 7710mae
1120 1661 1261 1694 Aquinatis
1284 1662 1310 1686 in
1330 1662 1360 1687 11*-

294 1706 310 1721 »
324 1697 400 1722 hrum
421 1703 438 1721 2
456 1696 668 1722 Perihermenias
689 1697 847 1722 Aristotelis.
872 1698 937 1722 Item
961 1698 988 1722 in
1009 1698 1113 1722 Sectam
1138 1697 1311 1726 Hebraicam,
1335 1702 1362 1723 et

295 1743 309 1756 ›
325 1732 490 1757 nominatum
509 1732 589 1757 etiam
610 1732 735 1757 Ioannem
755 1733 906 1764 Baptistam
929 1733 1078 1758 Gratiadei.
1094 1732 1178 1758 Penes
1191 1740 1271 1765 quem
1286 1732 1360 1765 fides,

295 1777 310 1792 »
325 1775 385 1793 nam
404 1767 498 1792 horum
517 1767 587 1792 nulla
601 1767 663 1792 mihi
678 1768 781 1792 aliunde
796 1769 933 1793 memoria:
952 1769 1111 1793 Possevinus
1122 1768 1191 1793 enim
1206 1768 1251 1801 qui
1266 1768 1360 1794 horum

296 1814 309 1827 υ
325 1803 450 1833 meminit,
469 1802 570 1827 videtur
589 1803 727 1828 Simlerum
747 1804 834 1828 solum
849 1804 990 1836 excepisse.
1009 1803 1064 1828 Erit
1077 1809 1225 1828 nostrorum
1240 1804 1359 1829 italorum

296 1850 309 1863 ι
325 1839 470 1870 diligentiae
495 1837 558 1862 haec
577 1846 607 1863 ex
625 1839 756 1867 veteribus
776 1839 952 1864 monumentis
967 1838 1151 1872 comprobare,
1171 1844 1196 1863 et
1210 1839 1235 1863 in
1250 1847 1305 1864 rem
1321 1840 1361 1864 lit-

294 1884 310 1899 »
325 1875 444 1899 terat-iam
462 1874 569 1907 aperire.
582 1883 595 1896 ι
615 1874 752 1907 Scriptoris
775 1874 942 1899 eruditissimi
961 1879 987 1899 et
1004 1874 1199 1907 prudentissimi
1218 1875 1279 1899 satis
1298 1883 1360 1908 pos-

294 1917 354 1935 sum
378 1909 462 1934 facere
483 1910 559 1934 votis.
587 1909 651 1934 Prae
675 1909 757 1933 oculis
787 1909 870 1934 habeo
899 1910 1014 1934 codicem
1038 1910 1206 1934 bibliothecae
1231 1910 1360 1936 Palatinae

292 1945 501 1970 Vindebonensis
520 1942 558 1980 (n.
574 1943 662 1978 2350),
682 1944 707 1968 in
727 1952 780 1977 quo
794 1944 838 1969 fol.
858 1953 866 1969 1
884 1950 963 1974 recto,
978 1945 1004 1970 in
1020 1945 1144 1978 principio
1158 1946 1208 1970 col.
1227 1954 1235 1970 1
1255 1946 1359 1978 legitur:

295 1980 391 2012 Incipit
409 1980 544 2012 Scriptum
563 1987 644 2012 super
662 1983 747 2005 totam
765 1983 852 2005 artem
872 1984 998 2007 veterem.
1018 1981 1118 2006 editum
1134 1988 1152 2005 a
1171 1981 1264 2014 fratre
1290 1983 1359 2007 Gra-

293 2016 383 2042 tiadeo
403 2015 535 2040 asculano
563 2015 673 2040 Ordinis
693 2015 821 2040 Fratrum
850 2016 1079 2041 Praedicator-um.
1106 2017 1138 2040 Et
1155 2016 1200 2041 sol.
1218 2015 1250 2041 58
1275 2022 1359 2048 recto,

293 2052 344 2077 ool.
360 2058 389 2076 2:
410 2051 532 2083 Explicit
550 2051 685 2083 Scriptum
708 2058 789 2083 super
807 2054 889 2076 totam
909 2055 995 2076 artem
1015 2055 1128 2076 veterem
1153 2052 1253 2077 editum
1272 2060 1289 2077 a
1304 2060 1359 2078 ma-

292 2087 380 2120 gistro
401 2086 550 2111 Gratiadeo
573 2086 706 2112 Esculano
732 2086 841 2111 Ordinis
867 2087 995 2112 Fratrum
1016 2087 1247 2113 Praedicator-um.
1276 2088 1358 2113 Huius

293 2122 385 2155 Scripti
404 2122 532 2147 Gratiadei
552 2122 616 2146 duas
637 2122 748 2147 Venetas
767 2122 892 2147 editiones
911 2121 986 2154 1481,
1009 2122 1083 2155 1493,
1105 2128 1223 2148 recenset
1243 2124 1360 2155 praelau-

293 2158 369 2183 datus
388 2157 520 2182 Echardus
544 2158 592 2182 loc.
608 2157 649 2182 cit.
669 2158 749 2182 Porro
769 2157 794 2182 in
818 2162 908 2182 nostro
932 2158 1021 2183 codice
1039 2158 1084 2182 fol.
1099 2165 1132 2190 42
1153 2163 1237 2188 recto,
1263 2160 1313 2183 col.
1326 2167 1357 2184 2:

295 2193 392 2225 Incipit
408 2193 535 2224 scriptum
550 2200 630 2224 super
643 2193 738 2217 librum
750 2194 953 2226 peryermenias
966 2194 1067 2218 editum
1082 2201 1099 2218 a
1107 2194 1199 2227 fratre
1212 2194 1359 2219 Gratiadeo

295 2229 436 2254 Esculano.
451 2229 557 2253 Primus
571 2228 667 2253 libem·
678 2228 783 2257 Pol-51,
797 2229 845 2253 col.
858 2228 887 2253 3:
902 2229 1023 2261 Explicit
1034 2229 1163 2260 scriptum
1178 2230 1290 2262 (super)
1300 2230 1359 2262 pri—

294 2270 366 2289 mum
379 2264 476 2288 librum
487 2264 691 2298 peryermenias
704 2264 847 2289 secundum
856 2264 975 2297 fratrem
993 2265 1168 2289 Gratiadeum
1190 2265 1359 2290 Esculanum.

295 2299 392 2331 Incipit
410 2299 537 2331 scriptum
555 2306 636 2332 super
655 2300 798 2324 secundum
817 2299 927 2328 librum,
946 2300 1090 2325 secundum
1110 2300 1229 2325 eumdem
1250 2301 1359 2326 dictum.

294 2335 323 2359 ln
341 2335 526 2359 hoc‘secundo
541 2334 614 2363 libro,
629 2339 688 2359 ante
702 2335 865 2360 medietatem
880 2335 1008 2360 secundae
1023 2335 1147 2366 lectionis,
1162 2336 1268 2367 legitur:
1283 2346 1296 2358 ‹
1309 2337 1358 2361 De-

297 2380 310 2393 »
326 2370 386 2395 inde
404 2378 464 2395 cum
484 2370 556 2395 dicit:
577 2370 707 2395 Similiter
724 2374 813 2396 autem
832 2378 860 2396 se
877 2370 986 2399 habent,
1006 2371 1138 2402 distinguit
1156 2371 1358 2403 enunciationes,

297 2416 310 2429 ›
326 2413 395 2438 quae
419 2405 546 2438 accipiunt
570 2413 618 2438 pro
642 2406 759 2431 subiecto
785 2414 882 2431 nomen
905 2405 1006 2430 finitum
1025 2415 1038 2429 ι
1065 2411 1112 2431 etc.
1137 2406 1194 2439 (fol.
1211 2406 1238 2431 51
1267 2414 1358 2438 verso,

295 2442 344 2466 col.
359 2439 464 2474 2).-Et
481 2441 507 2465 in
526 2439 577 2465 fine
591 2441 708 2466 lectionis
724 2446 829 2466 octavae
849 2439 890 2474 (in
903 2442 943 2466 ed.
960 2442 1023 2466 Ven.
1038 2442 1053 2466 b
1069 2443 1125 2466 lect.
1140 2441 1186 2475 vn)
1202 2448 1227 2466 et
1241 2443 1359 2468 ultimae:

296 2485 310 2500 α
326 2477 378 2501 Sed
397 2484 449 2500 non
468 2476 585 2501 similiter
604 2477 727 2504 continuit
746 2482 883 2509 utramque
902 2484 961 2501 esse
979 2485 1076 2502 veram.
1096 2477 1191 2502 Idcirco
1210 2478 1308 2503 ratione
1322 2484 1358 2504 ta-

297 2522 310 2535 »
326 2512 388 2536 lium
404 2512 572 2536 contrariatur
580 2511 674 2537 falsum
684 2512 763 2540 falso:
774 2513 821 2537 sed
831 2520 974 2544 numquam
985 2512 1152 2537 contrariatur
1159 2521 1250 2537 verum
1260 2521 1330 2539 vero.
1340 2530 1359 2534 -

297 2556 311 2571 ι
327 2547 438 2579 Explicit
455 2547 580 2580 scriptum
593 2557 606 2570 »
627 2553 674 2572 etc.
690 2546 746 2581 (fol.
759 2547 799 2576 58,
810 2553 888 2577 recto,
900 2549 947 2572 col.
960 2547 994 2582 2).
1011 2548 1042 2572 Et
1056 2548 1088 2573 ita
1101 2549 1253 2580 praecitatae
1267 2549 1358 2575 Venet.

296 2583 354 2607 edd.
369 2582 506 2607 alu—Non
525 2587 565 2607 est
583 2590 645 2612 ergo
663 2583 712 2608 hoc
731 2583 944 2616 supplementum
964 2591 1061 2608 novum
1081 2591 1149 2615 opus
1169 2584 1311 2615 Gratiadei‚
1330 2590 1359 2610 ut

295 2617 421 2643 Simlerus
441 2616 557 2647 affirmat,
577 2618 623 2643 sed
643 2624 683 2643 est
701 2624 848 2652 excerptum
869 2627 899 2644 ex
923 2619 1030 2651 Scripto
1049 2619 1165 2644 eiusdem
1185 2620 1313 2645 Gratiadei
1334 2621 1359 2645 in

294 2657 375 2678 tomrn
394 2658 475 2677 artem
494 2659 617 2678 veterem.

348 2687 376 2717 ni
396 2689 458 2713 Alia
476 2689 567 2714 littera
585 2689 671 2714 habet.
691 2698 705 2713 α
717 2689 935 2723 Quandoquidem
955 2695 1040 2715 autem
1061 2690 1183 2723 scriptum
1201 2691 1225 2715 in
1241 2692 1359 2723 pluribus

296 2732 311 2748 ι
326 2731 386 2749 esse
399 2724 470 2748 aiunt
483 2724 682 2756 exemplaribus,
701 2725 787 2758 ipsum
803 2729 843 2750 est
855 2727 897 2750 vel
912 2725 1010 2750 homini
1028 2726 1069 2750 vel
1090 2734 1141 2750 non
1157 2726 1254 2750 homini
1267 2727 1360 2752 adhae-

299 2769 311 2782 »
327 2767 426 2789 surum,
446 2759 579 2784 sciendum
594 2765 643 2791 est,
656 2761 761 2793 quando
776 2761 810 2786 ita
823 2762 921 2792 legatur
938 2761 1047 2786 verbum
1066 2761 1152 2790 homo,
1172 2762 1197 2786 id
1217 2763 1287 2794 quod
1298 2763 1360 2787 Por-

297 2804 311 2817 »
326 2794 435 2828 phyrius
453 2795 626 2829 philosophus
645 2796 727 2826 tradit,
748 2804 800 2821 non
819 2802 953 2829 tamquam
972 2797 1117 2821 subiectum
1136 2797 1183 2822 sed
1197 2797 1269 2822 velut
1287 2806 1359 2830 prae-

2430 326 2477 362 85

1475 398 1531 434 15.
1566 397 1706 435 Ultimo
1740 406 1868 436 autem
1904 401 2094 439 concludit
2127 402 2231 451 quod
2265 403 2479 451 praedictae

1416 450 1699 488 enunciationes
1716 452 1967 501 disponuntur
1981 455 2193 492 secundum
2205 456 2379 492 ordinem
2391 469 2479 493 con-

1415 503 1644 551 sequentiae,
1664 513 1778 553 prout
1798 506 1939 551 dictum
1964 515 2019 544 est
2047 508 2084 545 in
2103 508 2359 554 Resolutoriis,
2385 509 2481 545 idest

1414 554 1452 590 in
1482 556 1495 591 I
1523 557 1701 594 Priorum
1733 559 1761 595 *.

1468 608 1552 644 Alia
1580 609 1699 647 littera
1717 612 1832 648 habet
1850 618 1886 649 πε
1902 614 1998 650 Dico
2018 620 2155 660 autem,
2185 614 2363 662 quoniam
2382 614 2486 651 EST

1415 666 1483 696 aut
1498 662 1642 699 homini
1659 670 1726 700 aut
1742 677 1816 702 non
1841 666 1985 703 homini
2001 667 2199 713 adiacebit,
2227 674 2263 704 et
2282 667 2320 704 in
2339 667 2479 715 figura,

1413 714 1523 759 EST,
1548 715 1620 751 hoc
1641 716 1723 753 loco
1742 718 1887 755 homini
1907 725 1943 756 et
1969 732 2042 757 non
2072 720 2217 757 homini
2244 720 2429 757 adiacebit
2446 721 2477 757 ³¹³.

1416 766 1533 812 Quod
1566 768 1720 816 quidem
1756 783 1834 807 non
1862 779 1918 808 est
1945 772 2245 821 intelligendum,
2279 781 2321 810 ut
2347 774 2478 820 homo,

1416 825 1453 854 et
1480 831 1554 856 non
1583 821 1695 858 homo
1725 823 1929 872 accipiatur
1956 826 1976 846 'f‘
1995 838 2040 862 ex
2058 834 2164 874 parte
2193 826 2370 872 subiecti,
2400 839 2479 863 non

1416 871 1518 907 enim
1551 884 1653 909 nunc
1686 875 1806 922 agitur
1834 877 1882 913 de
1911 879 2238 916 enunciationibus
2266 891 2364 928 quae
2393 886 2480 916 sunt

1416 923 1463 959 de
1496 924 1642 962 infinito
1676 928 1858 965 subiecto.
1894 931 2004 967 Unde
2038 940 2187 980 oportet
2224 932 2329 981 quod
2366 933 2478 969 homo

1416 983 1452 1012 et
1470 989 1544 1013 non
1573 979 1685 1015 homo
1714 981 1943 1030 accipiantur
1967 996 2012 1020 ex
2030 992 2136 1032 parte
2155 985 2370 1033 praedicati.
2402 985 2479 1022 Sed

1415 1029 1504 1087 quia
1519 1030 1773 1080 Philosophus
1794 1036 2131 1083 exemplificat*de
2153 1038 2478 1074 enunciationibus

1415 1093 1453 1117 in
1469 1082 1606 1130 quibus
1626 1096 1672 1120 ex
1686 1093 1792 1133 parte
1806 1088 2010 1135 praedicati
2025 1090 2178 1137 ponitur
2196 1092 2331 1127 iustum
2351 1098 2388 1127 et
2403 1103 2477 1127 non

1415 1134 1569 1181 iustum,
1594 1137 1722 1174 visum
1749 1147 1804 1175 est
1829 1141 2060 1189 Alexandro,
2086 1143 2190 1191 quod
2210 1143 2402 1192 praedicta
2424 1144 2478 1180 lit-

1415 1193 1494 1223 tera
1509 1188 1564 1246 ·sit
1592 1198 1779 1239 corrupta.
1811 1193 2051 1239 Quibusdam
2085 1196 2164 1232 aliis
2191 1196 2341 1233 videtur
2374 1196 2479 1245 quod

1415 1243 1734 1299 possm-sustineri
1760 1252 1796 1281 et
1820 1247 1924 1294 quod
1953 1248 2141 1295 signanter
2168 1249 2386 1286 Aristoteles
2410 1262 2477 1285 no-

1416 1304 1520 1329 mma
1543 1306 1581 1330 in
1611 1297 1793 1345 exemplis
1821 1300 2038 1347 variaverit,
2068 1308 2109 1337 ut
2137 1302 2352 1339 ostenderet
2373 1302 2478 1351 quod

1417 1357 1495 1382 non
1516 1346 1641 1436 differt
1660 1349 1697 1386 in
1718 1351 2037 1405 quibuscunque*
2049 1354 2266 1392 nominibus
2290 1362 2479 1403 ponantur

1418 1410 1554 1448 exemp
1569 1413 1591 1437 a
1614 1407 1639 1438 Ρ.
1940 1405 1943 1407 “

1417 1529 1431 1543 »
1448 1521 1559 1547 dicatum
1579 1531 1626 1549 nos
1646 1533 1693 1557 pro
1712 1525 1781 1551 iusto
1803 1528 1844 1552 vel
1868 1528 1928 1553 albo
1946 1533 2081 1561 acceptum
2100 1536 2159 1554 esse
2179 1529 2305 1559 dicturos;
2330 1533 2359 1553 ut
2376 1529 2402 1553 in
2420 1535 2478 1561 pro-

1417 1566 1430 1578 »
1447 1557 1583 1597 positione,
1606 1560 1704 1586 Callias
1723 1561 1800 1587 homo
1819 1566 1866 1591 est,
1886 1564 2101 1595 pronunciante.»
2123 1565 2192 1589 Haec
2209 1564 2373 1595 Ammonius,
2391 1564 2417 1588 in
2436 1564 2479 1590 lib.

1416 1591 1472 1616 Peri
1483 1592 1565 1618 herm.
1585 1600 1646 1620 sect.
1657 1596 1697 1626 111,
1713 1595 1737 1628 ἓ.
1748 1605 1764 1624 1,
1779 1597 1823 1622 fol.
1835 1598 1876 1628 25,
1891 1599 1941 1623 col.
1951 1606 1976 1630 4„
1987 1613 1998 1617 -
2013 1599 2139 1629 Quamvis
2158 1605 2243 1624 autem
2267 1607 2360 1624 omnes
2379 1599 2480 1623 codices

1415 1626 1526 1652 habeant
1543 1627 1635 1663 δικαίῳ
1655 1639 1703 1663 pro
1722 1630 1847 1666 ἀνθρώπῳ
1867 1638 1892 1658 et
1911 1631 1941 1658 οὗ
1960 1632 2050 1668 δικαίῳ
2070 1643 2117 1667 pro
2132 1631 2179 1659 οὐκ
2199 1629 2333 1668 ἀνθρώπῳ,
2352 1634 2480 1658 nihilomi-

1415 1670 1464 1687 nus
1479 1663 1633 1690 Theodorus
1647 1666 1731 1692 Waitz
1747 1668 1772 1692 in
1788 1668 1874 1700 Opere
1893 1669 1990 1701 pluries
2005 1678 2019 1694 a
2034 1670 2108 1694 nobis
2124 1670 2207 1700 citato,
2222 1670 2374 1695 Aristotelis
2391 1669 2478 1702 Orga-

1415 1706 1467 1723 non
1485 1707 1590 1732 graece,
1610 1709 1672 1726 suae
1685 1702 1796 1727 Editioni
1809 1703 1916 1728 inseruit
1935 1705 2071 1729 lectionem
2092 1700 2217 1738 ἀνθρώπῳ
2236 1710 2262 1730 et
2276 1702 2323 1729 οὐκ
2338 1699 2477 1738 ἀνθρώπῳ,

1414 1741 1494 1766 quam
1509 1735 1680 1768 antiquiorem
1695 1743 1767 1770 putat
1785 1743 1841 1763 tum
1855 1740 1915 1771 quia
1929 1740 1955 1764 in
1968 1740 2056 1764 muln's
2069 1740 2139 1764 libris
2154 1748 2211 1765 eam
2225 1745 2309 1764 extare
2323 1740 2478 1764 Ammonius

1413 1769 1496 1799 tradit,
1510 1775 1565 1795 tum
1579 1772 1652 1804 quia,
1672 1773 1769 1805 inquit,
1789 1774 1912 1799 Boethius
1927 1779 1952 1799 et
1966 1775 2021 1807 ipse
2035 1776 2154 1800 eamdem
2166 1775 2262 1805 habuit,
2277 1781 2302 1800 et
2314 1775 2478 1805 Herminum,

1414 1804 1586 1838 Porphyrium
1605 1812 1631 1831 et
1649 1808 1822 1833 Alexandrum
1846 1809 1967 1834 habuisse
1986 1816 2074 1835 auctor
2092 1816 2145 1841 est,
2169 1816 2224 1835 tum
2244 1810 2355 1843 denique
2373 1815 2479 1843 propter

1414 1839 1498 1872 ipsam
1513 1840 1695 1873 difficultatem,
1710 1851 1790 1876 quam
1809 1844 1872 1869 haec
1891 1846 1980 1870 eadem
2001 1846 2075 1870 lectio
2095 1841 2249 1879 (ἀνθρώπῳ,
2270 1843 2317 1870 οὗκ
2337 1840 2476 1879 ἀνθρώπῳ)

1414 1883 1475 1908 prae
1494 1883 1522 1901 se
1541 1876 1602 1908 fert,
1621 1886 1740 1911 quaeque
1755 1880 1836 1904 movit
1849 1881 2022 1905 Alexandrum
2037 1886 2065 1905 ut
2083 1881 2197 1906 reliceret
2211 1877 2335 1914 ἀνθρώπῳ
2355 1886 2380 1905 et
2398 1881 2477 1905 corri-

1414 1916 1486 1943 geret
1505 1920 1551 1944 per
1564 1911 1663 1947 δικαίῳ.
1686 1915 1736 1938 Sed
1755 1919 1781 1939 et
1795 1915 1862 1939 idem
1878 1921 1966 1940 auctor
1979 1916 2108 1941 contendit
2122 1925 2174 1941 non
2189 1924 2248 1942 esse
2262 1916 2477 1940 subscribendum

1413 1947 1555 1971 Ammonio
1573 1953 1598 1973 et
1612 1948 1728 1979 Boethio,
1743 1950 1787 1982 qui
1802 1955 1889 1975 tenent
1903 1951 1964 1976 nihil
1985 1951 2109 1976 interesse
2129 1960 2190 1976 num
2212 1953 2311 1984 legatur
2333 1949 2423 1984 δικαίῳ
2445 1959 2477 1975 an

1414 1976 1540 2022 ᾆνθρώπῳ
1556 1981 1621 2016 (Op.
1632 1984 1682 2015 cit„
1697 1993 1722 2017 p.
1734 1985 1751 2015 1,
1767 1993 1824 2018 pag.
1846 1985 1926 2020 345):
1942 1991 1968 2011 et
1981 1987 2044 2011 ratio
2059 1994 2137 2019 quam
2152 1987 2265 2019 assignat
2278 1987 2321 2011 illa
2336 1991 2382 2015 est,
2398 1994 2477 2018 quam

1414 2026 1439 2042 m
1454 2019 1615 2051 praecedenti
1631 2025 1691 2044 nota
1705 2021 1841 2045 retulimus
1854 2029 1884 2046 ex
1899 2022 1955 2046 cod.
1970 2022 2003 2046 B:
2026 2022 2253 2047 Considerandum
2268 2025 2307 2047 est
2320 2025 2408 2046 autem
2428 2026 2476 2046 etc.

1468 2053 1545 2078 Plana
1568 2054 1645 2079 editio
1663 2055 1789 2080 Venetam
1813 2055 1878 2081 1526
1897 2061 2006 2089 sequuta
2031 2057 2094 2081 infra
2113 2058 2187 2089 legit:
2213 2061 2238 2082 et
2257 2057 2283 2082 in
2295 2058 2405 2090 figura,
2424 2059 2477 2085 est,

1414 2089 1456 2114 hic
1467 2089 1525 2114 Ioco
1537 2089 1638 2114 homini
1651 2093 1678 2116 et
1690 2098 1742 2115 non
1762 2091 1863 2116 homini
1874 2092 2006 2117 adiacebit
2025 2093 2093 2118 iusto
2107 2096 2134 2117 et
2149 2100 2199 2117 non
2219 2093 2296 2117 iusto.
2316 2092 2389 2122 Quae
2404 2092 2478 2116 lectio

1414 2129 1453 2149 est
1471 2124 1676 2157 inintelligibilis,
1695 2131 1725 2151 ut
1743 2126 1828 2151 minus
1848 2127 1938 2152 dicam.
1958 2128 2068 2152 Litterae
2080 2128 2148 2152 enim
2163 2128 2309 2158 diversitas,
2326 2128 2357 2152 de
2370 2135 2420 2159 qua
2438 2131 2479 2151 est

1414 2168 1509 2190 sermo,
1524 2161 1548 2184 in
1563 2168 1594 2185 eo
1606 2161 1723 2186 consistit
1732 2163 1803 2194 quod
1823 2163 1931 2193 lectioni,
1941 2163 2054 2188 hocloco
2068 2163 2136 2188 iusto
2149 2166 2175 2188 et
2189 2171 2240 2188 non
2256 2163 2332 2191 iusto,
2344 2162 2476 2192 sufficitur,

1414 2195 1463 2220 hoc
1476 2196 1533 2220 loco
1551 2196 1652 2221 homini
1670 2200 1696 2221 et
1715 2204 1765 2221 non
1780 2197 1888 2222 homini.
1901 2199 2015 2223 Venetae
2030 2199 2086 2223 edd.
2100 2198 2179 2223 seculi
2194 2199 2242 2222 XV
2255 2206 2302 2223 nec
2319 2206 2370 2222 non
2383 2198 2439 2223 cod.
2450 2198 2472 2222 D

1415 2231 1551 2255 lectionem
1571 2239 1585 2255 a
1604 2231 1678 2256 nobis
1698 2233 1843 2264 adoptatam
1863 2233 1966 2258 habent.

1467 2265 1491 2300 ρ)
1513 2267 1652 2291 Ponuntur
1670 2268 1802 2299 exempla.
1826 2268 1919 2298 Quaeri
1939 2269 1988 2293 hoc
2012 2269 2070 2293 loco
2088 2274 2174 2301 potest
2193 2269 2225 2293 de
2243 2276 2306 2293 vero
2329 2267 2380 2292 fine
2398 2268 2475 2293 huius

1414 2302 1528 2326 lectionis
1549 2307 1573 2326 et
1592 2303 1767 2327 commentarii
1787 2311 1809 2328 s.
1822 2303 1940 2328 Thomae
1959 2304 1984 2328 in
1999 2304 2093 2328 librum
2106 2304 2163 2328 Peri
2177 2303 2348 2328 hermeneias.
2367 2303 2474 2328 Codices

1414 2337 1482 2361 enim
1503 2337 1617 2361 melioris
1636 2343 1718 2368 notae,
1739 2346 1832 2370 nempe
1850 2339 1925 2370 ΑΒΕ,
1944 2347 1995 2363 11011
2012 2340 2078 2363 ultra
2092 2339 2245 2372 principium
2265 2347 2290 2363 n.
2308 2346 2338 2370 14
2356 2338 2422 2363 hanc
2434 2346 2475 2363 se-

1414 2373 1524 2396 cundam
1543 2373 1679 2397 lectionem
1692 2374 1838 2398 extendunt.
1858 2374 1894 2398 Ex
1908 2374 2029 2407 opposito
2048 2379 2115 2399 stant
2135 2382 2227 2399 omnes
2248 2374 2372 2398 editiones
2390 2374 2476 2398 Vene-

1413 2412 1454 2432 tae
1473 2412 1498 2432 et
1512 2408 1586 2432 codd.
1606 2408 1665 2438 DE,
1685 2408 1729 2441 qui
1749 2409 1807 2433 licet
1825 2409 1876 2433 sint
1894 2409 2026 2434 inferiores
2040 2410 2114 2434 codd.
2130 2410 2210 2439 ΑΒΕ,
2230 2409 2397 2434 nihilominus
2416 2409 2476 2441 quia

1413 2442 1517 2467 illorum
1530 2451 1702 2468 amanuenses
1722 2444 1854 2476 imperitos
1874 2452 1903 2469 se
1921 2445 2041 2477 produnt,
2061 2453 2113 2469 non
2128 2450 2196 2469 certe
2210 2452 2240 2469 ex
2256 2445 2360 2477 proprio
2373 2444 2476 2476 ingenio

1414 2478 1460 2502 sed
1479 2486 1509 2502 ex
1528 2479 1583 2503 aliis
1602 2479 1734 2504 codicibus
1753 2479 1929 2512 excripserunt
1947 2488 2013 2513 quae
2031 2481 2056 2505 in
2075 2480 2193 2513 praefatis
2213 2480 2326 2504 numeris
2350 2487 2381 2511 14
2399 2484 2424 2504 et
2446 2478 2475 2504 15

1413 2513 1582 2538 continentur.
1607 2514 1763 2539 Addendum
1783 2515 1853 2547 quod
1877 2516 1951 2540 codd.
1975 2515 2024 2548 ipsi
2043 2516 2109 2540 ΑΒΕ
2128 2523 2179 2540 non
2199 2520 2261 2539 sunt
2284 2515 2349 2539 inter
2367 2523 2397 2540 se
2415 2523 2477 2539 con-

1413 2550 1519 2574 cordes:
1539 2550 1662 2574 nonnulla
1677 2550 1755 2580 enim,
1774 2550 1893 2583 quamvis
1909 2551 2022 2581 minima,
2036 2551 2114 2575 habet
2127 2551 2148 2575 C
2167 2559 2233 2583 quae
2247 2550 2399 2575 omittuntur
2412 2558 2426 2574 a
2441 2551 2476 2581 B;

1413 2592 1460 2609 nec
1475 2593 1534 2609 cum
1548 2584 1597 2609 illis
1612 2586 1750 2610 concordat
1764 2586 1820 2610 cod.
1834 2586 1870 2610 A:
1889 2586 1942 2610 imo
1957 2587 1999 2611 BC
2012 2586 2122 2610 indicant
2137 2586 2221 2619 aliqua
2234 2586 2380 2610 desiderari.
2400 2586 2476 2610 Prae-

1413 2625 1482 2644 terea
1501 2620 1661 2652 distinguens
1686 2621 1711 2645 in
1736 2620 1820 2653 primo
1840 2629 1949 2646 numero
1967 2626 2053 2654 partes
2072 2621 2148 2646 huius
2172 2621 2299 2652 lectionis,
2319 2629 2342 2646 s.
2360 2621 2476 2645 Thomas

1413 2655 1564 2680 adnumerat
1576 2655 1652 2680 etiam
1669 2655 1842 2689 intelligimus
1861 2663 1923 2682 vero
1937 2662 1985 2681 etc.
2000 2655 2107 2681 Difficile
2120 2662 2206 2681 autem
2220 2657 2388 2689 persuadetur
2406 2656 2478 2688 quod

1413 2691 1468 2723 ipse
1483 2698 1563 2723 pauca
1582 2691 1623 2715 illa
1642 2691 1720 2716 verba
1739 2699 1804 2724 quae
1823 2700 1867 2717 nn.
1891 2699 1922 2724 ¹4
1935 2698 1960 2716 et
1985 2691 2013 2716 15
2029 2692 2154 2716 habentur
2168 2700 2219 2716 non
2234 2691 2365 2722 addiderit,
2380 2691 2476 2723 quibus

1414 2731 1496 2750 textus
1515 2726 1660 2751 Aristotelis
1679 2726 1778 2760 integer
1791 2727 1933 2759 exponitur.
1949 2727 2085 2752 Caeterum
2100 2727 2203 2752 videant
2216 2727 2315 2757 eruditi,
2330 2727 2351 2751 si
2365 2726 2429 2751 forte
2443 2727 2476 2751 ad

1414 2769 1507 2786 manus
1526 2761 1661 2787 habuerint
1679 2762 1743 2786 alios
1762 2762 1876 2787 melioris
1895 2767 1970 2787 notae
1988 2762 2101 2792 codices,
2121 2763 2183 2795 quid
2202 2762 2248 2787 hac
2268 2763 2299 2786 de
2318 2769 2345 2786 re
2363 2762 2397 2786 sit
2414 2761 2478 2786 defi-

1415 2797 1493 2821 nitive
1511 2797 1683 2822 sentiendum.

2508 561 2517 569 “
2530 560 2587 587 Cap.
2602 561 2644 583 ult.

2607 623 2624 639 π

2508 724 2516 732 '
2527 728 2553 743 n:
2569 724 2591 743 el
2600 723 2624 744 in
2631 723 2720 750 figura

2507 748 2551 770 hoc
2560 749 2611 770 loco
2626 751 2663 770 est
2676 750 2718 771 ho-

2506 775 2587 796 mini...
2595 775 2698 797 adiacet.

2507 833 2515 841 ·
2524 838 2589 853 o.-r.:
2595 832 2719 860 accipitur.

2506 1044 2515 1052 ·
2526 1049 2562 1064 n.-
2570 1049 2599 1064 ιι
2607 1042 2717 1070 explicat.

2505 1152 2643 1174 Alexander.

2506 1357 2514 1365 ‘
2525 1362 2561 1377 o.-
2567 1362 2601 1377 r.:
2618 1355 2714 1384 quibus-
