2788 4204
91 2269 100 2278 ·
114 2274 140 2290 A:
155 2265 265 2289 ostendit.

91 2316 102 2328 ⁸
117 2316 187 2338 Num.
198 2322 221 2342 4.

345 241 419 277 258

930 235 1315 274 POSTERIORUM
1343 234 1775 273 ANALYTICORUM
1805 237 1899 274 LIB.
1930 238 1945 274 I

1032 508 1336 564 LECTIO
1375 495 1842 567 TRIG‘ESIMA

820 664 904 705 DE
936 663 1323 705 IGNORANTIA
1357 663 1649 706 SIMPLICIS
1682 666 2057 709 NEGATIONIS

337 813 484 857 Φανερόν
510 807 547 843 δὲ
570 812 629 843 καὶ
648 809 715 852 ὅτι,
736 812 766 842 εἴ
782 822 833 848 τις
858 809 1012 848 ἀἴσθησις
1038 808 1246 851 ἐκλέλοιπεν,
1276 807 1407 856 ἀνάγκη
1462 812 1480 832 *
1496 812 1701 844 Manifestum
1716 820 1824 844 autem
1840 820 1896 853 est,
1914 820 1945 845 et
1961 814 1986 844 si
2003 813 2116 855 aliquis
2132 824 2242 845 sensus
2259 814 2416 854 defecerit,
2430 825 2535 847 neces·
2565 829 2576 840 ι
2592 828 2724 856 Canum.

402 860 460 890 καὶ
486 855 678 901 ἐπιστήμην
705 856 785 888 τινα
810 853 1059 896 ἐκλελοιπέναι,
1079 855 1119 892 ἦν
1148 850 1322 888 ἀδύνατον
1346 857 1410 887 λα-

404 904 490 944 βεῖν,

1529 867 1563 888 se
1586 865 1633 888 est
1656 865 1687 888 et
1709 858 1872 889 scientiam
1888 859 2029 900 aliquam
2047 858 2197 898 deficere,
2217 868 2316 899 quam
2338 859 2535 900 impossibile

1529 909 1576 933 est
1598 910 1753 942 accipere:

336 951 426 993 εἴπερ
452 944 665 998 μαγθοίνομεν
700 943 722 980 ἢ
748 942 915 990 ἐπαγωγῇ
943 943 964 982 ἢ
993 938 1179 985 ἀποδείξει.
1200 944 1300 976 Ἔστι
1324 939 1355 975 δ’
1374 945 1406 997 ’ἡ
1463 945 1620 987 siquidem
1646 947 1837 977 addiscimus
1858 954 1913 978 aut
1935 957 1992 988 per
2011 947 2241 986 inductionem,
2258 953 2313 978 aut
2331 957 2388 987 per
2403 948 2536 980 demon-

401 992 460 1037 μὲν
496 985 667 1030 απόδειξις
699 986 736 1020 ἐκ
768 1001 836 1021 των
868 987 1037 1030 καθόλου,
1069 989 1090 1026 ἢ
1115 984 1145 1021 δ’
1175 986 1344 1035 ἐπαγωγή
1371 1001 1407 1021 εκ

401 1037 468 1070 τῶν
493 1034 591 1068 κατα
615 1034 728 1079 μέρος·
757 1029 930 1066 ἀδύνατον
954 1030 992 1065 δὲ
1009 1033 1057 1066 τοὶ
1072 1033 1220 1066 καθόλου
1239 1032 1406 1079 θεωρῆσαι

401 1081 448 1127 μὴ
473 1076 510 1112 δι’
541 1078 739 1126 ἐπαγωγῆς,
767 1077 840 1110 ἐπεὶ
864 1080 922 1111 καὶ
949 1077 997 1111 τοὶ
1022 1076 1056 1120 ἐξ
1083 1076 1287 1123 ἀφαιρέσεως
1310 1077 1408 1124 λεγό-

401 1137 487 1170 μενα
512 1124 614 1157 ἔσται
638 1120 676 1156 δι’
706 1122 891 1170 ἐπαγωγῆς
907 1123 1060 1170 γνώριμα
1086 1127 1206 1164 ποιεῖν,
1228 1122 1282 1156 ὅτι
1301 1123 1409 1168 ῦπαρ-

399 1182 454 1216 χει
480 1169 613 1211 ἑκάστῳ
638 1170 727 1216 γένει
753 1169 839 1209 ἔνια,
865 1171 924 1200 καὶ
949 1169 976 1200 εἰ
1002 1169 1049 1212 μή
1075 1167 1230 1214 χωρισταί
1254 1166 1360 1209 ἐστιν,
1385 1167 1406 1211 ’ᾗ

400 1210 529 1249 τοιονδὶ
548 1213 708 1247 ἕκαστον.
722 1212 945 1259 Ἐπαχθῆναι
966 1208 1004 1245 δὲ
1021 1213 1068 1256 μή
1087 1215 1233 1258 ἔχοντας
1252 1211 1405 1250 αἴσθησιν

402 1255 587 1293 ἀδύνατον.
615 1261 687 1291 Τῶν
705 1259 770 1304 γαρ
787 1257 863 1290 καθ’
885 1257 1031 1290 ἕκαστον
1056 1259 1076 1295 ἡ
1100 1256 1265 1295 αἴσθησις·
1287 1255 1324 1289 οὗ
1341 1258 1405 1304 γαρ

400 1300 581 1350 ἐνδέχεται
613 1304 731 1345 λαβεῖν
759 1301 872 1336 αὐτῶν
898 1302 962 1340 τήν
998 1300 1206 1346 ἐπιστήμην·
1236 1302 1314 1334 οὔτε
1340 1303 1405 1348 γάρ

401 1348 436 1382 ὲκ
462 1351 528 1382 τῶν
554 1348 702 1381 καθόλου
729 1347 806 1381 ἄνευ
833 1346 1032 1394 ἐπαγωγῆς,
1054 1347 1133 1379 οὔτε
1150 1342 1189 1378 δι’
1220 1344 1404 1393 ἐπαγωγῆς

401 1395 478 1427 ἄνευ
504 1395 568 1432 τῆς
594 1393 793 1430 αἰσθήσεως.

391 1546 541 1574 ΞῩΝοΡεῐε.
558 1561 592 1565 -
614 1553 637 1572 1.
652 1544 866 1581 Argumentum
880 1548 908 1570 et
923 1541 1026 1570 divisio
1040 1547 1142 1569 textus.
1158 1557 1178 1563 -
1193 1548 1220 1569 2.
1236 1541 1402 1578 ignorantia

330 1585 491 1623 negationis
512 1594 546 1612 ex
567 1584 735 1612 necessitate
757 1590 799 1611 est
820 1582 850 1610 in
871 1589 986 1610 carente
1007 1581 1141 1610 facultate
1163 1581 1269 1610 obiecti
1289 1591 1400 1618 cogno-

330 1625 437 1654 scitiva.
453 1642 472 1646 —
494 1625 519 1652 3.
541 1624 711 1652 Differentia
732 1623 806 1651 inter
827 1629 972 1651 carentem
994 1622 1127 1650 facultate
1149 1621 1345 1659 cognoscendi
1373 1627 1401 1649 et

330 1675 394 1694 eam
416 1674 477 1693 non
499 1671 693 1699 exercentem,
716 1669 846 1700 respectu
868 1662 1049 1700 ignorantiae
1076 1661 1247 1699 negationis,
1264 1678 1284 1683 -
1297 1670 1326 1697 4.
1349 1663 1400 1690 Est

330 1706 435 1742 duplex
456 1705 561 1733 modus
576 1704 742 1741 acquirendi
758 1703 906 1732 scientiam
916 1725 923 1739 ,
945 1712 997 1739 per
1012 1702 1292 1731 demonstrationem
1306 1708 1335 1730 et
1349 1710 1401 1738 per

329 1745 544 1774 inductionem:
566 1744 614 1773 illa
636 1753 670 1772 ex
690 1743 910 1778 universalibus,
933 1743 987 1771 ista
1002 1752 1035 1771 ex
1051 1742 1243 1780 singularibus
1258 1741 1398 1778 procedit.

329 1802 349 1806 -
365 1786 390 1814 5.
405 1784 599 1820 Universalia,
615 1793 649 1812 ex
664 1784 769 1821 quibus
791 1782 1002 1811 demonstratio
1023 1781 1171 1819 p'rocedit,
1187 1791 1247 1810 non
1263 1788 1330 1810 sunt
1344 1791 1398 1810 no-

329 1825 373 1854 bis
394 1832 473 1861 nota‚
488 1824 543 1853 nisi
558 1833 610 1861 per
624 1823 832 1852 inductionem.
848 1839 867 1845 -
882 1824 910 1851 6.
926 1824 1004 1860 Ergo
1018 1822 1153 1851 homines
1168 1827 1298 1851 carentes
1313 1831 1400 1850 sensu

537 2042 545 2054 ’-
565 2036 870 2087 syllogismum
890 2036 952 2072 hic
977 2035 1205 2073 determinat
1228 2036 1276 2073 de
1296 2035 1402 2083 igno—

473 2083 484 2133 ᾗ
536 2088 709 2127 frantia
747 2088 927 2139 simplicis
962 2088 1194 2137 negationis,
1229 2101 1327 2138 quae
1360 2089 1404 2126 fit

575 2144 735 2191 ogismo.
767 2144 815 2180 Et
842 2142 980 2191 prim0,
1011 2142 1176 2179 ostendit
1195 2142 1234 2179 in
1262 2142 1402 2190 quibus

329 2197 514 2234 habeatur
547 2197 630 2234 talis
664 2196 878 2245 ignorantia
911 2207 956 2232 ex
991 2195 1236 2241 necessitate3
1266 2195 1401 2232 secun-

330 2251 399 2298 do,
428 2250 566 2298 probat
583 2251 604 2272 *
630 2250 893 2299 propositum;
923 2249 995 2286 ibi:
1026 2249 1218 2298 Siquidem
1243 2249 1401 2286 addisci-

329 2316 413 2340 mus
431 2304 451 2324 '¹‘
481 2310 548 2339 etc.

384 2368 419 2394 2.
440 2356 540 2393 Dicit
568 2368 657 2405 ergo
682 2356 808 2406 primo
837 2356 944 2405 quod
972 2355 1003 2392 si
1028 2355 1138 2392 alicui
1167 2355 1320 2393 deficiat
1338 2354 1402 2392 ali—

384 2523 412 2556 α)
434 2523 513 2554 Quod
531 2523 637 2556 deficiat
659 2523 684 2548 ei
702 2523 812 2549 scientia
831 2523 1007 2556 propriorum
1026 2523 1188 2549 sensibilium
1212 2524 1283 2549 illius
1301 2531 1401 2550 sensus.

330 2559 400 2584 Puta
418 2564 495 2584 etc.—-
504 2559 540 2583 lta
554 2559 615 2590 legit
629 2559 689 2584 edit.
703 2559 782 2584 Piana
801 2567 861 2584 cum
877 2559 966 2590 codd.,
980 2564 1006 2584 et
1019 2559 1054 2584 ita
1067 2560 1206 2592 legendum
1220 2564 1268 2589 est,
1285 2564 1315 2584 ut
1328 2567 1358 2584 ex
1373 2567 1402 2585 se

330 2600 371 2620 est
389 2594 564 2619 manifestum.
584 2594 671 2619 Codex
690 2595 710 2619 B
730 2595 875 2619 mendosus
899 2599 953 2620 est:
979 2602 1083 2620 necesse
1101 2598 1141 2620 est
1158 2595 1231 2628 quod
1253 2595 1360 2629 deficiat
1377 2595 1403 2621 ei

330 2630 440 2656 scientia
460 2630 492 2655 de
510 2630 649 2655 coloribus.
670 2631 706 2655 Et
723 2630 761 2655 sic
779 2635 858 2655 etc.-
870 2630 949 2655 Aliud
968 2631 1094 2655 mendum
1113 2631 1232 2656 eiusdem
1251 2631 1348 2656 codicis
1362 2635 1403 2656 est

331 2666 356 2690 in
375 2665 425 2690 fine
445 2674 470 2690 n.
489 2673 520 2697 4,
541 2666 572 2690 ad
592 2666 636 2690 illa
654 2666 746 2697 verba,
773 2666 963 2700 manifestatur
982 2666 1009 2691 in
1025 2666 1160 2698 principio
1184 2666 1402 2700 Metaphysicaet

331 2706 392 2734 post
404 2709 480 2734 quae,
499 2702 606 2734 reliquis
625 2701 749 2726 omnibus
768 2702 907 2726 oscitanter
925 2701 1045 2733 omissis,
1060 2701 1208 2726 immediate
1221 2702 1401 2735 prosequitur:

331 2737 438 2762 videtur
455 2740 544 2761 autem
564 2737 635 2769 quod
653 2737 702 2762 hoc
720 2738 805 2762 locum
826 2745 877 2762 non
897 2737 994 2762 habeat
1012 2742 1060 2762 etc.
1074 2737 1111 2761 Ex
1125 2737 1213 2762 iterata
1231 2737 1359 2768 citatione,
1374 2737 1400 2762 in

326 2772 462 2804 principio
481 2772 695 2806 Metaphyskae,
720 2773 887 2798 amanuensis
906 2773 1071 2798 occasionem
1092 2772 1205 2805 sumpsit
1223 2773 1403 2798 errandi.-1n

331 2808 454 2840 principio
468 2816 524 2841 seq.
540 2816 612 2833 num.
628 2808 651 2838 5,
664 2808 722 2833 cod.
735 2807 774 2833 A:
791 2809 846 2833 Sed
858 2808 961 2842 magis,·
979 2808 1079 2833 AlGo:
1098 2808 1148 2833 hoc
1167 2808 1275 2833 dubium
1295 2808 1403 2833 videtur

333 2843 382 2876 (Ο,
399 2843 453 2868 vid.
469 2844 550 2876 esse);
570 2844 748 2874 CEMNQST:
768 2844 816 2869 hoc
836 2844 943 2868 videtur
961 2844 1085 2874 dubium3
1104 2844 1138 2868 P:
1153 2843 1207 2868 vid.
1221 2844 1270 2869 hoc
1282 2844 1401 2869 dubium.

385 2879 443 2903 Non
463 2884 549 2904 autem
569 2880 627 2904 dicit
647 2887 668 2904 s.
678 2879 794 2904 Thomas
810 2880 882 2912 quod
897 2878 1006 2910 deficiat,
1018 2880 1044 2904 in
1059 2879 1125 2904 facta
1139 2879 1285 2912 hypothesi,
1296 2879 1403 2904 scientia

332 2914 501 2945 sensibilium,
521 2915 567 2939 sed
582 2915 757 2947 propriorum
778 2915 940 2940 sensibilium
959 2915 1027 2940 illius
1042 2922 1145 2945 sensus,
1159 2915 1204 2947 qui
1224 2914 1318 2940 deficit.
1337 2915 1401 2940 Sen-

332 2950 406 2974 sibile
425 2951 493 2974 enim
513 2950 676 2983 distinguitur
694 2951 719 2975 in
738 2950 833 2975 scholis
853 2951 878 2975 in
897 2951 1019 2975 sensibile
1032 2950 1190 2983 proprium,
1210 2952 1356 2980 commtme,
1377 2955 1403 2975 et

327 2992 379 3017 per
397 2985 527 3011 accidens.
547 2986 673 3010 Sensibile
691 2994 738 3018 per
757 2987 874 3011 accidens
894 2987 997 3018 proprie
1016 2986 1148 3019 loquendo
1167 2994 1220 3011 non
1239 2986 1370 3018 attingitur
1387 2993 1402 3011 a

332 3028 426 3051 sensu,
446 3021 492 3045 sed
511 3022 571 3053 quia
591 3022 615 3046 in
631 3027 751 3046 concreto
766 3027 805 3046 est
818 3022 983 3046 coniunctum
997 3022 1112 3046 sensibili
1130 3022 1235 3054 proprio
1250 3021 1294 3054 (et
1307 3029 1339 3046 ex
1351 3021 1401 3047 hoc

332 3056 448 3088 praecise
467 3056 558 3081 dicitur
576 3064 622 3089 per
641 3057 788 3081 accidens—
798 3057 836 3081 Cf.
848 3058 906 3082 lect.
920 3065 955 3087 iv,
969 3065 995 3081 n.
1005 3065 1031 3089 4,
1046 3062 1072 3082 et
1084 3057 1143 3082 lect.
1155 3065 1213 3088 xvi,
1229 3062 1283 3082 not.
1292 3056 1327 3090 ν),
1342 3064 1403 3082 sen-

333 3099 387 3122 sus,
398 3091 441 3124 qui
455 3097 573 3116 concrete
587 3093 663 3116 sentit
675 3092 813 3121 obiectum,
827 3100 873 3124 per
888 3093 1006 3117 accidens
1022 3093 1114 3117 dicitur
1129 3093 1224 3118 sentire
1238 3093 1316 3118 etiam
1329 3092 1401 3118 obie-

334 3131 404 3151 ctum
423 3127 523 3151 unitum
542 3127 643 3152 obiecto
662 3128 774 3160 proprio.
800 3128 879 3158 Hinc,
899 3128 958 3152 licet
975 3128 1111 3153 videamus
1136 3128 1219 3153 oculis
1245 3128 1332 3153 solum
1358 3136 1402 3153 co-

333 3162 416 3186 lorem
434 3163 512 3194 pomi,
533 3163 641 3187 dicimus
660 3168 748 3187 tamen
766 3163 854 3188 videre
872 3171 989 3195 pomum,
1009 3164 1059 3188 hoc
1078 3168 1118 3188 est
1136 3163 1308 3188 substantiam
1321 3163 1400 3196 pomi,

334 3197 359 3221 in
378 3205 431 3229 quo
449 3198 521 3222 color
539 3198 631 3223 existit.
650 3198 708 3222 Non
726 3204 846 3231 respectu
866 3198 942 3223 huius
961 3198 1056 3224 obiecti
1076 3199 1135 3224 dicit
1154 3207 1176 3224 s.
1190 3198 1307 3224 Thomas
1321 3199 1401 3232 quod,

333 3231 466 3257 deficiente
485 3240 573 3263 sensu,
592 3233 692 3258 deficiat
711 3234 821 3266 cognitio
838 3234 981 3258 sensibilis:
1001 3239 1071 3267 patet
1090 3234 1158 3259 enim
1178 3235 1250 3267 quod
1268 3233 1402 3260 deficiente

334 3275 412 3292 sensu
431 3268 511 3299 visus,
529 3268 659 3293 obiectum
678 3276 724 3301 per
743 3269 870 3300 accidens,
889 3277 1006 3301 pomum,
1026 3270 1097 3302 quod
1117 3270 1287 3303 attingebatur
1306 3270 1338 3295 ab
1357 3271 1401 3295 illo

334 3310 428 3333 sensu,
452 3308 539 3335 potest
563 3311 646 3336 aeque
665 3305 752 3337 attingi
771 3309 826 3329 tum
846 3312 860 3329 a
879 3312 959 3329 sensu
978 3310 1079 3338 gustus,
1098 3310 1155 3330 tum
1175 3313 1190 3330 a
1208 3313 1288 3330 sensu
1307 3310 1400 3331 tactus.

333 3338 412 3362 —Sed
430 3346 515 3371 neque
534 3338 666 3364 deficiente
689 3347 742 3364 uno
767 3347 861 3370 sensu,
886 3347 918 3364 eo
943 3341 1000 3372 ipso
1025 3339 1110 3365 deficit
1134 3341 1245 3373 cognitio
1271 3341 1400 3366 sensibilis

334 3374 494 3404 communis;
515 3382 567 3406 quo
587 3375 691 3400 nomine
709 3374 866 3407 significatur
883 3375 1014 3400 obiectum
1034 3383 1173 3400 commune
1186 3376 1304 3408 pluribus
1318 3377 1401 3401 sensi-

334 3407 391 3439 bus,
411 3414 538 3441 quatenus
557 3410 653 3435 scilicet
671 3411 759 3442 plures
778 3418 872 3435 sensus
891 3410 954 3435 illud
973 3412 1070 3436 sentire
1084 3416 1203 3443 possunt.
1222 3411 1259 3436 lta
1277 3412 1400 3441 extensio,

335 3450 357 3467 e.
371 3451 395 3476 g.
404 3462 410 3474 ‚
429 3449 454 3468 et
466 3449 534 3469 tactu
550 3446 657 3470 sentitur
671 3450 696 3470 et
709 3446 791 3470 oculis
809 3446 918 3470 videtur.
939 3446 997 3476 Qua
1009 3447 1042 3471 de
1056 3454 1134 3471 causa
1148 3451 1177 3471 ut
1193 3447 1304 3479 cognitio
1324 3446 1400 3472 huius

334 3478 425 3503 obiecti
445 3480 590 3505 communis
605 3479 712 3511 deficiat,
730 3488 838 3506 necesse
857 3486 898 3506 est
915 3486 944 3506 ut
963 3489 1015 3506 non
1028 3489 1096 3506 unus
1110 3489 1204 3506 sensus
1225 3482 1400 3513 solummodo,

336 3514 382 3538 sed
395 3522 487 3539 omnes
502 3515 535 3539 illi
551 3515 642 3545 desint,
657 3516 751 3548 quibus
770 3516 901 3541 obiectum
920 3517 982 3541 illud
1002 3517 1097 3549 percipi
1112 3522 1205 3549 potest.
1215 3517 1323 3542 -Recte
1338 3513 1412 3549 ergo'

335 3555 357 3573 s.
370 3548 486 3574 Thomas
505 3550 536 3574 ad
551 3551 672 3575 sensibile
685 3551 818 3583 proprium
837 3552 961 3576 contraxit
980 3557 1124 3582 assertum,
1141 3552 1260 3577 videlicet
1278 3553 1310 3577 ad
1329 3552 1400 3577 obie-

336 3588 407 3608 ctum
425 3584 495 3615 illud,
515 3585 585 3617 quod
599 3586 633 3611 ita
646 3586 755 3611 sentitur
768 3586 798 3611 ab
811 3594 864 3611 uno
877 3594 965 3618 sensu,
979 3591 1008 3611 ut
1023 3594 1037 3612 a
1050 3587 1121 3612 nullo
1137 3587 1186 3612 alio
1200 3587 1295 3620 percipi
1310 3588 1401 3620 possit.

1529 991 1723 1022 strationem.
1744 992 1800 1022 Est
1815 998 1924 1022 autem
1947 991 2174 1023 demonstratio
2199 991 2331 1033 quidem
2353 1002 2390 1023 ex
2409 993 2534 1024 univer-

1529 1035 1657 1074 salibus,
1673 1035 1816 1067 inductio
1833 1044 1941 1067 autem
1957 1046 1994 1067 ex
2009 1036 2068 1075 his,
2085 1046 2167 1077 quae
2184 1043 2258 1067 sunt
2274 1037 2451 1068 secundum
2465 1048 2536 1078 par-

1529 1087 1611 1118 tem;
1636 1080 1833 1120 impossibile
1866 1088 1912 1112 est
1935 1088 2043 1112 autem
2065 1080 2253 1112 universalia
2276 1081 2450 1122 speculari,
2476 1082 2536 1113 nisi

1528 1135 1585 1165 per
1606 1125 1841 1156 inductionem:
1861 1125 2017 1166 quoniam
2041 1132 2072 1156 et
2094 1135 2176 1166 quae
2195 1135 2232 1156 ex
2256 1126 2466 1157 abstractione
2489 1126 2535 1158 di-

1529 1177 1654 1208 cuntur,
1671 1176 1718 1200 est
1740 1180 1796 1210 per
1818 1170 2019 1201 inductiones
2042 1177 2120 1201 nota
2142 1170 2253 1208 facere,
2275 1171 2350 1212 quia
2368 1171 2477 1202 insunt
2501 1171 2535 1202 in

1529 1224 1730 1255 unoquoque
1753 1225 1866 1255 genere
1891 1215 2060 1256 quaedam,
2082 1222 2113 1246 et
2131 1215 2158 1245 si
2180 1225 2246 1246 non
2262 1215 2447 1256 separabilia
2462 1216 2536 1255 sint,

1528 1259 1705 1289 secundum
1729 1260 1819 1299 quod
1841 1259 2028 1290 huiusmodi
2047 1260 2305 1301 unumquodque
2329 1267 2385 1292 est.
2403 1261 2535 1292 Induce-

1528 1313 1561 1334 re
1584 1310 1692 1334 autem
1715 1313 1782 1334 non
1805 1304 1954 1335 habentes
1978 1314 2109 1335 sensum
2127 1303 2324 1344 impossibile
2347 1311 2403 1335 est.
2421 1304 2536 1345 Singu-

1527 1347 1643 1378 larium
1666 1357 1776 1379 sensus
1806 1355 1853 1379 est
1876 1348 1975 1379 enim:
2005 1359 2071 1379 non
2096 1348 2182 1379 enim
2214 1348 2368 1389 contingit
2395 1349 2536 1390 accipere

1527 1392 1673 1432 ipsorum
1690 1393 1862 1424 scientiam.
1878 1394 1991 1434 Neque
2007 1393 2092 1424 enim
2108 1403 2146 1424 ex
2161 1393 2390 1424 universalibus
2407 1401 2455 1425 est
2469 1394 2536 1425 sine

1527 1436 1723 1476 inductione,
1741 1447 1845 1478 neque
1867 1447 1924 1478 per
1946 1437 2167 1469 inductionem
2190 1438 2258 1469 sine
2281 1448 2387 1470 sensu.

1455 1541 1554 1579 aliquo
1569 1551 1631 1570 non
1651 1548 1776 1579 possunt
1794 1542 1995 1572 inductionem
2009 1543 2102 1572 facere
2116 1544 2152 1572 de
2174 1543 2367 1581 singularibus
2387 1544 2536 1581 pertinen-

1454 1581 1531 1610 tibus
1553 1582 1591 1610 ad
1612 1591 1730 1610 sensum
1751 1582 1850 1618 illum,
1873 1592 1969 1620 neque
1994 1583 2117 1620 proinde
2143 1593 2322 1621 cognoscere
2346 1584 2535 1618 universalia,

1455 1631 1530 1658 quae
1551 1631 1604 1658 per
1624 1621 1823 1650 inductionem
1845 1623 2004 1659 praefatam
2025 1623 2177 1652 habentur.
2193 1640 2213 1645 -
2237 1633 2263 1660 7.
2285 1624 2352 1652 Duo
2367 1624 2535 1654 corollaria:

1459 1666 1525 1697 1⁰⁰¹,
1547 1662 1625 1699 Ergo
1651 1671 1707 1690 nos
1734 1671 1796 1691 non
1824 1663 1966 1691 habemus
1993 1662 2143 1692 scientiam
2172 1664 2208 1691 de
2229 1666 2318 1693 rebus
2343 1672 2397 1701 per
2424 1663 2535 1701 species

1454 1701 1639 1738 participatas
1659 1703 1697 1730 ab
1719 1702 1809 1738 ideis,
1833 1709 1867 1731 ut
1894 1703 1978 1732 Plato
2004 1703 2117 1740 posuit;
2139 1721 2159 1725 —
2180 1708 2255 1740 211111,
2277 1706 2356 1741 Ergo
2383 1713 2446 1733 non
2466 1713 2536 1742 pos-

1455 1744 1556 1770 sumus
1582 1741 1613 1770 in
1634 1742 1688 1770 hac
1708 1742 1766 1770 vita
1787 1752 1963 1780 cognoscere
1990 1743 2154 1780 spirituales
2182 1744 2357 1774 substantias
2378 1751 2534 1782 separatas,

1455 1781 1643 1819 intelligendo
1671 1781 1846 1819 quidditates
1875 1792 1926 1812 seu
1956 1783 2095 1812 essentias
2124 1793 2242 1820 earum,
2277 1791 2311 1814 ut
2341 1784 2536 1814 contendebat

1454 1822 1630 1859 Avempace.

1458 1928 1543 1978 quis
1571 1940 1722 1975 sensus,
1751 1935 1845 1978 puta
1871 1928 1977 1966 visus
2006 1937 2071 1967 aut
2098 1930 2267 1979 auditus,
2293 1943 2450 1969 necesse
2478 1938 2535 1970 est

1458 1982 1564 2031 quod
1593 1981 1745 2019 deficiat
1773 1982 1808 2019 ei
1836 1982 1992 2020 scientia
2019 1984 2267 2033 propriorum
2295 1985 2532 2023 sensibilium

1458 2034 1555 2071 illius
1584 2047 1719 2072 sensus
1738 2041 1766 2072 ’ἢ
1788 2036 1906 2082 Puta,
1937 2035 1967 2073 si
1998 2037 2057 2073 cui
2087 2037 2215 2075 deficit
2242 2050 2376 2076 sensus
2403 2037 2531 2087 visus,

1458 2100 1615 2125 necesse
1635 2096 1691 2125 est
1705 2089 1811 2138 quod
1831 2089 1983 2126 deficiat
1996 2090 2017 2111 ¹²
2036 2090 2070 2127 ei
2085 2090 2242 2128 scientia
2262 2091 2310 2129 de
2327 2091 2529 2130 coloribus.

1459 2142 1509 2178 Et
1536 2141 1589 2178 sic
1616 2141 1773 2179 habebit
1800 2142 1847 2180 de
1868 2142 2060 2180 coloribus
2088 2143 2341 2192 ignorantiam
2362 2145 2532 2196 negatio-

1459 2195 1527 2241 nis,
1549 2194 1709 2232 omnino
1729 2195 1749 2216 *
1777 2195 1957 2243 ignorans
1977 2197 2158 2235 colorem.
2195 2198 2273 2236 Sed
2299 2198 2375 2236 hoc
2397 2198 2531 2236 intelli-

1458 2248 1628 2296 gendum
1667 2256 1723 2286 est
1759 2249 1916 2298 quando
1956 2262 2156 2300 nunquam
2202 2251 2336 2289 habuit
2371 2264 2530 2290 sensum

1457 2301 1575 2348 visus,
1606 2301 1701 2338 sicut
1727 2309 1831 2352 patet
1858 2303 1897 2340 in
1927 2315 2043 2341 caeco
2072 2311 2174 2342 nato.
2206 2305 2246 2342 Si
2275 2304 2360 2355 quis
2390 2305 2533 2343 enim*

1459 2354 1605 2392 amittat
1640 2355 1770 2393 visum
1807 2355 1913 2405 prius
1939 2357 2134 2406 habiturn,
2164 2370 2244 2396 non
2270 2365 2428 2408 propter
2454 2359 2531 2397 hoc

1511 2524 1563 2549 Sed
1581 2523 1622 2549 his
1641 2524 1792 2555 declaratis,
1812 2524 1876 2550 aliae
1894 2529 2002 2550 manent
2026 2524 2202 2550 distinctiones
2227 2524 2367 2550 faciendae.
2392 2525 2460 2550 Nam
2481 2525 2531 2551 alla

1457 2564 1497 2585 est
1515 2560 1627 2592 cognitio
1652 2559 1772 2592 specifica
1790 2565 1816 2585 et
1834 2560 1938 2592 propria
1960 2560 2067 2585 alicuius
2085 2560 2138 2590 rei,
2163 2560 2212 2586 alia
2230 2560 2343 2593 cognitio
2367 2560 2487 2593 generice
2504 2564 2531 2586 'et

1457 2595 1604 2620 communis
1624 2596 1755 2627 eiusdem;
1775 2596 1824 2621 alia
1843 2596 1949 2628 insuper
1967 2601 2007 2620 est
2025 2595 2138 2628 cognitio
2157 2595 2252 2620 directa
2270 2601 2296 2620 et
2310 2595 2466 2627 immediata,
2479 2596 2531 2622 alia

1456 2631 1569 2656 mediata
1582 2638 1630 2656 seu
1643 2631 1761 2656 deducta.
1771 2631 1880 2664 Loquor
1889 2631 1977 2662 modo,
1987 2635 2017 2656 ut
2026 2631 2139 2664 quisque
2153 2637 2200 2663 per
2209 2638 2239 2656 se
2247 2630 2325 2661 videt,
2337 2631 2370 2661 de
2383 2631 2529 2664 cognitione

1455 2671 1533 2699 prout
1552 2670 1592 2691 est
1611 2666 1636 2691 in
1655 2666 1738 2696 nobis,
1751 2666 1903 2691 animalibus
1921 2667 2027 2699 quidem
2042 2666 2088 2691 sed
2102 2666 2278 2697 rationalibus,
2291 2665 2341 2691 hoc
2354 2671 2395 2691 est
2407 2666 2529 2692 sensibus

1456 2706 1482 2726 et
1500 2702 1598 2726 ratione
1617 2701 1758 2726 utentibus.
1783 2701 1966 2726 Distinctiones
1989 2701 2118 2734 praefatae
2136 2702 2256 2734 exemplo
2275 2706 2351 2726 erunt
2369 2701 2529 2727 manifestae.

1456 2737 1555 2762 Lucem
1574 2741 1600 2762 et
1614 2744 1709 2761 sonum
1728 2744 1838 2769 possum
1853 2744 2011 2769 cognoscere
2023 2737 2065 2762 vel
2079 2742 2207 2770 quatenus
2222 2742 2284 2762 sunt
2297 2737 2364 2762 talia
2383 2737 2529 2768 sensibilia,

1457 2771 1577 2805 specifice
1596 2772 1715 2797 distincta
1733 2779 1749 2797 a
1767 2773 1859 2797 ceteris
1878 2772 2057 2802 sensibilibus,
2078 2777 2139 2805 puta
2157 2780 2264 2805 sapore,
2287 2773 2382 2803 odore,
2402 2773 2469 2798 duro
2485 2773 2529 2798 vel

1456 2807 1529 2832 molli
1549 2812 1612 2838 etc.;
1630 2808 1672 2832 vel
1692 2801 1860 2832 solummodo
1878 2813 2006 2840 quatenus
2020 2812 2081 2832 sunt
2100 2807 2244 2839 sensibilia,
2263 2807 2314 2833 hoc
2328 2813 2381 2839 est,
2401 2813 2529 2842 quantum

1457 2843 1489 2868 ad
1508 2843 1571 2868 illud
1590 2843 1677 2868 solum
1697 2843 1769 2875 quod
1788 2843 1832 2868 lux
1850 2847 1876 2868 et
1892 2851 1975 2868 sonus
1994 2851 2134 2868 commune
2148 2842 2245 2868 habent
2263 2851 2324 2868 cum
2342 2851 2444 2876 sapore,
2462 2843 2527 2869 odo-

1456 2886 1493 2910 re,
1513 2883 1561 2904 etc.
1582 2878 1665 2903 Porro
1684 2878 1850 2903 manifestum
1863 2883 1903 2903 est
1921 2878 2004 2911 quod,
2024 2877 2158 2904 deficiente
2172 2886 2252 2904 sensu
2266 2879 2396 2904 sensibilis
2416 2879 2526 2912 proprii,

1456 2922 1509 2939 non
1528 2918 1665 2946 propterea
1688 2918 1728 2939 est
1751 2913 1919 2946 impossibilis
1942 2914 2053 2946 cognitio
2073 2914 2191 2946 generica
2215 2914 2333 2939 eiusdem
2356 2914 2461 2946 obiecti,
2481 2914 2529 2940 sed

1456 2954 1565 2983 negatur
1578 2949 1745 2974 solummodo
1759 2950 1872 2982 cognitio
1886 2948 2018 2982 specifica:
2034 2950 2095 2982 quia
2107 2957 2168 2974 cum
2181 2950 2312 2982 singulare
2326 2949 2449 2975 sensibile
2462 2950 2488 2974 in
2498 2957 2529 2975 se

1456 2984 1550 3010 habeat
1563 2992 1709 3015 commune,
1722 2985 1792 3010 unde
1806 2985 1918 3010 sumitur
1930 2985 1985 3010 eius
1998 2993 2091 3017 genus,
2105 2990 2131 3010 et
2140 2985 2293 3018 proprium.
2307 2992 2338 3010 ex
2351 2993 2405 3019 quo
2419 2985 2529 3010 habetur

1456 3021 1566 3053 species,
1586 3019 1719 3045 deficiente
1738 3028 1817 3045 sensu
1832 3020 1954 3053 proprii,
1974 3028 2026 3045 non
2045 3025 2131 3053 potest
2149 3021 2249 3054 species
2262 3020 2365 3052 haben-13
2384 3021 2431 3046 sed
2443 3027 2528 3054 genua

1455 3055 1580 3088 habetur,
1600 3056 1662 3089 quia
1679 3056 1810 3080 individua
1832 3056 1881 3081 alia
1900 3056 1932 3081 ab
1951 3055 2007 3081 aliis
2026 3056 2147 3081 sensibus
2166 3056 2354 3090 percipiuntur,
2374 3063 2456 3089 quae,
2475 3063 2528 3081 non

1456 3098 1533 3118 secus
1553 3098 1582 3116 ac
1600 3091 1732 3117 obiectum
1750 3092 1883 3124 proprium
1903 3099 1998 3116 sensus
2018 3090 2172 3122 deficientis,
2192 3091 2313 3117 exhibent
2330 3099 2413 3125 genus
2432 3091 2510 3117 illius.

1509 3127 1582 3152 Haec
1599 3134 1660 3152 cum
1685 3127 1822 3159 perspicua
1841 3127 1903 3152 satis
1921 3127 2069 3158 videantur,
2090 3127 2183 3152 ultimo
2202 3127 2261 3152 loco
2280 3127 2418 3152 dicendum
2436 3131 2477 3152 est
2495 3126 2528 3152 de

1456 3163 1602 3195 cognitione
1620 3162 1769 3187 immediata
1781 3167 1807 3187 et
1821 3162 1853 3187 de
1867 3163 2012 3195 cognitione
2027 3163 2145 3193 deducta,
2160 3163 2185 3187 in
2200 3162 2291 3188 eadem
2304 3162 2442 3196 hypothesi
2455 3161 2528 3196 quod

1456 3198 1549 3231 aliquis
1568 3205 1662 3223 sensus
1682 3196 1790 3223 deficiat.
1809 3197 1883 3222 Patet
1901 3203 1988 3223 autem
2007 3198 2133 3231 imprimis
2145 3197 2207 3223 'non
2221 3205 2300 3230 posse
2319 3198 2345 3222 in
2360 3197 2427 3223 facta
2444 3197 2527 3231 hypo-

1455 3234 1522 3259 thesi
1535 3233 1711 3258 immediatam
1726 3233 1899 3266 cognitionem
1913 3233 2001 3259 haberi
2015 3241 2061 3266 per
2074 3233 2272 3259 abstractionem
2288 3233 2410 3258 directam
2425 3240 2456 3258 ex
2467 3240 2527 3258 sen·

1455 3269 1522 3294 sibili
1540 3269 1652 3302 proprio,
1671 3269 1743 3302 quod
1762 3276 1814 3294 non
1833 3269 1915 3294 datur.
1934 3269 2012 3302 Igitur
2033 3269 2134 3294 nonnisi
2153 3276 2199 3302 per
2218 3269 2400 3294 deductionem
2420 3275 2452 3294 ex
2470 3267 2527 3294 aliis

1456 3304 1622 3330 sensibilibus
1637 3304 1750 3337 cognitio
1768 3303 1857 3329 haberi
1872 3309 1966 3337 potest.
1980 3304 2013 3329 Et
2026 3304 2132 3337 quidem
2145 3305 2167 3329 si
2179 3304 2244 3329 haec
2257 3304 2389 3329 sensibilia
2403 3304 2429 3329 in
2441 3302 2528 3336 speeie

1456 3340 1623 3365 convenirent
1645 3347 1704 3365 cum
1719 3339 1834 3364 sensibili
1849 3340 1954 3372 proprio
1968 3347 2062 3365 sensus
2082 3338 2231 3370 deficientis,
2246 3339 2442 3365 concedendum
2455 3341 2526 3364 esset

1456 3375 1528 3409 quod
1547 3375 1618 3400 notio
1633 3373 1752 3408 specifica
1766 3380 1858 3407 posset
1875 3375 1993 3406 obtineri,
2012 3375 2087 3408 quasi
2107 3382 2201 3400 sensus
2216 3375 2259 3400 ille
2277 3374 2389 3400 adesset.
2408 3373 2476 3404 Quia
2488 3377 2526 3398 n-

1456 3418 1517 3436 men
1536 3411 1686 3443 oppositum
1705 3411 1796 3436 accidit
1815 3410 1885 3443 (non
1904 3410 1972 3435 enim
1992 3411 2047 3441 lux,
2067 3418 2090 3436 e.
2103 3418 2137 3444 g.,
2157 3415 2198 3436 est
2216 3410 2334 3436 eiusdem
2352 3408 2446 3442 speciei
2465 3415 2526 3433 cum

1457 3445 1544 3480 sono),
1558 3447 1629 3471 notio
1643 3444 1763 3479 specifica
1780 3446 1857 3471 unius
1875 3446 1969 3471 obiecti
1987 3446 2083 3479 proprii
2098 3453 2130 3471 ex
2144 3446 2230 3479 specie
2247 3445 2340 3470 obiecti
2355 3444 2449 3477 proprii
2463 3443 2526 3468 alte-

1456 3482 1510 3506 rius
1528 3489 1622 3506 sensus
1641 3481 1750 3506 obtineri
1763 3489 1815 3506 non
1828 3486 1922 3514 potest.
1937 3481 1991 3506 Erit
2005 3482 2081 3514 igitur
2094 3482 2166 3506 notio
2179 3481 2306 3514 generice,
2319 3479 2379 3513 quia
2391 3479 2417 3504 in
2430 3486 2526 3511 genere

1455 3517 1556 3542 obiecta
1568 3517 1624 3550 ipsa
1637 3517 1801 3547 conveniunt,
1814 3522 1843 3542 ut
1857 3517 1955 3542 dictum
1969 3522 2016 3547 est,
2031 3517 2073 3542 vel
2087 3517 2137 3542 erit
2154 3517 2232 3541 aiam
2247 3516 2318 3540 notio
2331 3515 2390 3548 plus
2405 3514 2526 3539 minusve

1455 3553 1577 3585 analoga,
1596 3552 1741 3578 seeundum
1760 3552 1832 3585 quod
1850 3553 1933 3577 maior
1946 3553 1987 3577 vel
2001 3552 2087 3577 minor
2105 3551 2224 3584 analogia
2242 3550 2327 3576 nictit
2344 3550 2409 3575 inter
2423 3549 2525 3575 obiecta

1455 3587 1594 3613 sensibilia.

2563 854 2632 877 Text.
2642 860 2676 883 33.

2559 2105 2571 2117 ·
2585 2110 2750 2132 mamonae-r
2759 2113 2765 2128 ε

2559 2131 2632 2154 decit.

2556 2211 2655 2261 ztcpdg.
2663 2213 2721 2266 (πε.
2726 2217 2777 2261 vogn

2556 2316 2773 2372 amissa}

2555 2376 2572 2392 τ
2585 2376 2634 2393 om.
2648 2370 2712 2399 qnia.

2732 2676 2753 2775 ¹<*¹.·
