2548 4192
198 291 375 318 CCLXXVIII

198 371 219 391 a
243 361 365 401 Spiritu
389 360 506 391 habent
535 359 799 401 sanctificationis
828 368 1023 388 mensuram.
1049 358 1130 387 Rem
1153 356 1270 387 indicat

200 405 372 445 Gregorius
395 405 613 435 Nazianzenus
637 413 771 444 eamque
794 403 918 433 videtur
938 402 970 431 in
992 401 1098 431 medio
1114 401 1270 440 relinque-

198 461 231 481 re
256 449 408 480 Oratione
431 456 486 479 xL:
510 449 614 479 Haud
637 449 721 485 novi,
739 447 896 487 inquiens,
917 447 983 476 sive
1004 455 1065 485 pro
1080 445 1190 485 gradu
1205 450 1271 475 sta-

199 495 295 526 tionis
319 494 585 524 illuminationem
604 493 778 532 participet
797 489 923 533 (natura
939 487 1114 531 Angelica):
1131 490 1198 519 sive
1208 499 1272 529 pro

200 548 355 569 mensura
381 538 626 568 illuminationis
647 536 789 576 gradum
814 535 960 574 accipiat.
985 533 1127 563 Priorem
1151 540 1273 572 partem

198 583 302 613 verbis
330 581 578 621 conceptissimis
603 580 711 610 definit
739 580 955 609 Damascenus
978 577 1059 607 libro
1085 578 1110 607 ll
1140 577 1188 607 De
1211 576 1273 607 fide

202 627 389 663 orthodoxa,
406 625 505 665 capite
520 632 572 654 111:
592 624 655 654 Per
675 624 808 653 Verbum
825 632 934 652 omnes
948 623 1068 662 Angeli
1083 622 1184 652 creati
1198 627 1276 652 sunt

203 678 234 703 et
249 676 359 702 sancto
379 670 500 710 Spiritu
514 668 736 709 sanctificante
750 667 1054 697 consummationem
1069 671 1273 705 acceperunt,

205 722 240 747 ut
257 725 321 755 pro
343 724 403 745 sua
427 714 559 754 quisque
582 712 741 753 dignitate
765 716 795 741 et
813 711 937 748 ordine,
954 710 1135 750 splendoris
1151 715 1181 740 et
1195 720 1274 751 gra-

204 762 268 792 tiae
285 759 460 799 participes
483 761 595 787 essent.

272 802 405 833 Furfure
429 801 597 840 Pelagiano
622 810 825 840 conspersam
840 799 920 829 hanc
935 798 1094 837 Thomae,
1109 798 1190 829 hanc
1206 809 1276 828 san-

206 855 330 879 ctorum
354 847 483 876 Patrum
507 844 684 875 doctrinam
708 844 734 874 si
758 843 829 885 quis
849 843 969 881 dixerit,
985 850 1115 874 truncus
1131 853 1166 873 ac
1181 843 1277 883 stipes

206 899 283 923 esto.
307 892 419 931 Neque
443 889 529 920 enim
553 889 719 930 quidpiam
742 888 774 918 in
793 888 922 928 Angelis
940 888 1092 918 naturale
1106 887 1276 926 extollitur,

206 937 256 967 cui
281 945 413 965 munera
436 934 551 974 gratiae
575 933 679 964 debita
702 932 788 963 fiant.
814 933 886 963 Una
909 932 968 962 Dei
997 932 1149 972 sapientia
1173 939 1203 963 et
1222 942 1277 962 vo-

204 981 308 1012 luntas
332 979 488 1016 laudatur,
513 988 595 1019 quae
619 978 710 1008 sicuti
734 987 793 1017 pro
817 977 907 1007 libito
928 977 1126 1017 consilioque
1141 976 1278 1007 nobilio-

205 1036 253 1056 res
277 1024 428 1063 Angelos,
453 1023 532 1053 alios
556 1022 634 1060 aliis,
660 1021 844 1052 condiderit:
860 1022 902 1052 ita
918 1031 976 1061 pro
991 1022 1090 1061 gradu
1106 1021 1278 1051 nobilitatis

205 1070 245 1100 ad
269 1067 522 1099 excellentiorem
545 1067 678 1106 gratiam
702 1076 757 1096 eos
777 1066 975 1096 ordinaverit.
993 1066 1123 1106 Sapiens
1139 1066 1215 1096 haec
1233 1072 1279 1096 est

208 1113 305 1144 sancti
329 1112 477 1143 Thomae
502 1111 732 1142 animadversio
755 1111 828 1141 loco
846 1110 955 1141 citato:
980 1110 1032 1141 Ad
1054 1120 1066 1140 1
1089 1110 1277 1148 dicendum,

206 1157 389 1199 inquientis,
413 1156 498 1197 quod
520 1157 603 1186 sicut
624 1157 736 1196 gratia
761 1161 808 1186 est
831 1165 873 1185 ex
896 1164 986 1185 mera
1009 1155 1072 1185 Dei
1096 1156 1276 1192 voluntate,

207 1204 252 1233 ita
277 1203 371 1232 etiam
396 1206 427 1231 et
442 1205 562 1231 natura
578 1201 714 1241 Angeli;
737 1205 767 1230 et
785 1201 868 1230 sicut
883 1205 1036 1230 naturam
1053 1200 1116 1229 Dei
1131 1200 1281 1230 voluntas

208 1247 371 1278 ordinavit
393 1245 436 1276 ad
458 1246 620 1286 gratiam,
650 1246 695 1275 ita
719 1249 749 1275 et
771 1244 898 1285 gradus
927 1249 1066 1274 naturae
1089 1244 1132 1274 ad
1153 1244 1281 1285 gradus

206 1292 347 1333 gratiae.
373 1290 456 1320 Hinc
487 1289 619 1320 demum
648 1289 775 1319 nullum
798 1289 831 1319 in
854 1288 1002 1327 Angelis,
1031 1298 1146 1318 eorum
1169 1295 1281 1319 natura

210 1342 367 1376 spectata,
399 1333 548 1364 meritum
572 1333 702 1373 agnovit
724 1333 795 1371 ille,
825 1332 875 1363 cui
900 1333 984 1363 dona
1011 1332 1127 1372 gratiae
1158 1333 1280 1373 elargiri

209 1381 296 1411 Deus
312 1379 463 1409 debuerit:
482 1378 660 1409 Dicendum
682 1376 849 1420 (inquiens
864 1383 919 1407 art.
939 1386 972 1407 1v
991 1377 1030 1407 ad
1053 1375 1085 1419 2)
1106 1377 1192 1418 quod
1206 1387 1280 1408 con-

210 1426 356 1456 versione
379 1423 525 1454 naturali
547 1423 694 1464 Angelus
718 1432 781 1452 non
799 1422 954 1452 meruerit
969 1421 1210 1460 beatitudinem
1225 1422 1282 1453 sed

209 1470 417 1500 conversione
440 1468 602 1504 caritatis,
632 1476 715 1508 quae
737 1472 784 1497 est
807 1476 871 1507 per
893 1467 1048 1507 gratiam.
1079 1466 1182 1496 Abeat
1206 1476 1280 1506 ergo

209 1514 341 1545 articuli
364 1513 510 1543 damnati
533 1511 717 1542 instauratio
741 1511 804 1548 illa,
829 1520 927 1551 quam
951 1509 1073 1550 primus
1097 1510 1172 1540 divo
1191 1510 1281 1541 Tho-

209 1569 281 1589 mae
304 1558 451 1598 affingere
474 1566 570 1587 ausus
594 1563 640 1587 est
664 1555 855 1586 Guillelmus
880 1555 918 1585 de
941 1555 971 1585 la
994 1554 1092 1585 Mare.

278 1603 315 1633 11.
340 1602 473 1633 Thesim
501 1601 595 1631 aliam
622 1599 806 1641 Aquinatis‚
838 1609 919 1640 quae
948 1599 1124 1639 potentiam
1154 1599 1214 1629 Dei
1243 1599 1283 1629 ad

210 1657 324 1683 unurn,
349 1646 404 1688 qui
429 1646 575 1676 conditus
599 1651 655 1682 est,
680 1651 836 1674 coarctare
860 1643 1021 1674 mundum
1044 1643 1183 1682 videtur,
1208 1654 1283 1674 cum

211 1692 370 1732 aliquibus
394 1700 525 1721 censura
544 1689 660 1720 notatis
677 1689 814 1719 articulis
832 1688 973 1727 confero,
989 1687 1201 1729 subiectisque
1218 1688 1283 1719 ani-

211 1735 484 1767 madversionibus
512 1734 636 1764 illustro
661 1740 697 1764 ut
723 1732 858 1773 insignia
881 1733 973 1773 plura
1001 1731 1200 1764 innotescant
1224 1733 1284 1763 dis-

212 1781 352 1812 crimina.
390 1779 510 1810 Mirum
541 1785 586 1809 est
621 1778 710 1809 litem
738 1778 819 1809 hanc
852 1777 998 1809 intentari
1031 1777 1203 1819 aliquando
1227 1788 1286 1819 po-

210 1826 307 1857 tuisse
327 1825 334 1856 !

271 1915 319 1945 Ex
342 1922 473 1944 censura
495 1911 672 1942 Parisiensi.
817 1911 866 1941 Ex
887 1916 998 1941 sancto
1018 1911 1146 1942 Thoma
1165 1922 1198 1952 p.
1218 1911 1241 1951 1,

837 1966 868 1997 q.
884 1965 981 1994 xnvu,
1001 1962 1056 1986 art.
1074 1965 1112 1986 111
1131 1956 1171 1986 ad
1193 1957 1221 1987 3.

258 2058 358 2078 xxxxv.
389 2046 483 2084 Quod
496 2046 607 2086 prima
626 2054 726 2075 causa

215 2103 278 2124 non
284 2097 394 2133 posset
405 2091 520 2131 plures
529 2089 666 2120 mundos
671 2089 730 2130 fa-

214 2147 296 2169 cere.
308 2136 405 2177 Apud
416 2135 621 2176 Eymericum
631 2134 663 2164 in
674 2134 729 2164 Di-

214 2189 325 2212 rector.
342 2192 373 2221 p.
391 2181 429 2217 11,
445 2189 517 2220 pag.
535 2179 609 2217 238,
627 2179 728 2217 col.2‚

213 2233 347 2267 num.7:
363 2225 457 2262 Quod
471 2224 562 2254 Deus
577 2233 639 2254 non
651 2233 726 2264 pos-

213 2276 262 2302 set
285 2271 385 2301 alium
419 2269 574 2299 mundum
590 2268 729 2309 facere:

213 2317 289 2357 quia
318 2313 473 2356 quidquid
485 2313 546 2354 fit,
572 2322 614 2343 ex
631 2322 729 2352 prae-

216 2362 340 2391 iacente
363 2359 499 2389 materia
513 2358 572 2399 fit:
595 2358 654 2388 iste
672 2367 729 2388 au-

215 2410 276 2436 tem
301 2404 441 2435 mundus
464 2407 588 2434 constat
611 2412 653 2433 ex
666 2411 726 2433 sua

213 2455 281 2481 tota
304 2449 451 2479 materia.

816 2044 997 2076 Dicendum
1033 2045 1120 2086 quod
1148 2046 1289 2077 mundus

776 2094 901 2120 constat
924 2099 967 2119 ex
979 2099 1040 2120 sua
1056 2095 1123 2120 tota
1139 2092 1286 2122 materia.

776 2134 850 2164 Non
875 2135 959 2164 enim
985 2139 1032 2165 est
1043 2135 1196 2175 possibile
1221 2145 1290 2167 esse

774 2179 874 2209 aliam
899 2183 1020 2209 terram
1051 2189 1148 2220 quam
1172 2181 1287 2218 istam,

772 2224 848 2264 quia
881 2224 985 2254 omnis
1019 2228 1108 2254 terra
1134 2223 1291 2265 ferretur

777 2268 974 2298 naturaliter
987 2268 1031 2299 ad
1044 2269 1104 2300 hoc
1127 2269 1266 2300 medium
1276 2293 1287 2308 ‚

775 2313 965 2353 ubicumque
997 2318 1087 2344 esset.
1112 2314 1156 2344 Et
1179 2314 1289 2345 eadem

776 2358 861 2388 ratio
881 2362 927 2388 est
942 2356 982 2388 de
1000 2358 1075 2388 aliis
1089 2359 1288 2399 corporibus,

772 2412 856 2443 quae
878 2407 955 2433 sunt
971 2407 1086 2443 partes
1109 2403 1231 2435 mundi.

547 2535 957 2567 ANIMADVERSIONES

288 2638 314 2657 1.
340 2625 438 2663 Quod
461 2625 493 2655 in
518 2623 655 2655 articulis
679 2623 835 2654 damnatis
858 2631 973 2655 notum
996 2625 1170 2666 tritumque
1194 2627 1289 2658 adsu-

216 2672 314 2703 mitur
336 2670 481 2707 axioma,
509 2668 673 2709 Quidquid
685 2669 742 2709 fit,
767 2678 809 2698 ex
831 2670 1040 2708 praeiacente
1071 2672 1208 2702 materia
1220 2672 1287 2713 fit,

215 2714 492 2758 quemadmodum
515 2713 548 2743 in
577 2713 723 2743 secundis
747 2712 920 2754 creatisque
950 2713 1051 2744 causis
1073 2714 1183 2745 locum
1207 2715 1288 2746 obti-

216 2768 280 2798 net,
305 2760 347 2791 ita
371 2759 410 2790 ad
429 2759 599 2789 increatam
616 2767 799 2798 supremam
814 2767 942 2788 causam
957 2758 982 2788 si
999 2758 1212 2798 transferatur,
1229 2771 1288 2800 pu—

217 2816 289 2836 rum
312 2812 493 2845 putumque
517 2802 718 2833 ethnicorum
742 2808 833 2842 turpe
854 2809 1074 2834 commentum
1091 2810 1147 2842 est,
1170 2804 1289 2844 passim

217 2851 251 2881 in
275 2849 434 2890 Operibus
458 2847 522 2878 suis
546 2847 584 2877 ab
604 2846 764 2887 Aquinate
789 2847 991 2878 convulsum.

288 2904 316 2925 2.
342 2892 548 2924 Latissimum
581 2891 812 2928 animadverte,
837 2891 926 2932 quod
950 2891 1098 2922 articulos
1123 2892 1290 2924 damnatos

216 2939 296 2970 inter
320 2948 355 2969 ac
378 2937 542 2968 innoxiam
565 2936 712 2966 Thomae
737 2935 901 2966 docrinarn
924 2935 1087 2967 intercedit
1110 2937 1288 2968 discrimen.

218 2984 252 3014 ln
269 2983 329 3014 illis
345 2982 486 3013 mundus
509 2982 567 3012 iste
590 2980 704 3011 dicitur
722 2985 789 3011 tota
804 2990 865 3012 sua
883 2982 1020 3012 materia
1049 2987 1208 3020 constare,
1233 2982 1291 3013 sci-

216 3029 288 3059 licet
306 3028 526 3068 praeiacente,
552 3035 650 3066 quam
674 3024 806 3055 minime
830 3025 916 3056 Deus
937 3025 1122 3064 condiderit;
1146 3036 1212 3067 quo
1233 3037 1290 3067 po-

217 3073 277 3103 sito
302 3082 426 3112 pagano
451 3077 481 3101 et
504 3070 605 3110 impio
629 3069 798 3110 principio,
814 3080 914 3111 aeque
929 3080 1090 3110 paganum
1107 3078 1137 3101 et
1153 3070 1291 3112 impium

218 3124 248 3147 et
273 3117 388 3147 falsum
422 3115 579 3154 colligitur
610 3122 827 3155 consequens:
859 3114 945 3155 quod
967 3115 1079 3155 prima
1108 3125 1207 3146 causa
1241 3116 1292 3148 vel

217 3162 308 3191 Deus
332 3171 394 3191 non
413 3165 523 3200 posset
540 3160 656 3200 plures
685 3159 822 3190 mundos
843 3159 973 3200 facere.
999 3159 1167 3200 Aquinatis
1190 3160 1290 3191 nostri

219 3212 250 3236 et
273 3205 529 3236 Christianorum
553 3211 635 3234 certa
659 3203 811 3239 sententia
831 3210 887 3241 est,
908 3203 1062 3234 mundum
1079 3210 1228 3236 constare
1250 3215 1292 3247 esf

218 3260 278 3281 sua
303 3255 369 3280 tota
393 3250 547 3285 materia,
574 3258 610 3278 ex
636 3247 689 3278 illa
713 3258 828 3288 nempe
852 3258 950 3289 quam
975 3258 1033 3288 pro
1057 3259 1132 3279 suae
1157 3249 1290 3280 consilio

220 3294 390 3333 sapientiae
413 3293 516 3323 voluit
539 3293 625 3323 Deus
650 3292 866 3323 efficacissimo
890 3292 1024 3333 imperio
1057 3293 1231 3333 producere
1255 3304 1292 3325 ex

221 3339 337 3375 nihilo,
362 3337 585 3378 produxitque.
611 3337 694 3367 Hinc
725 3337 880 3367 damnatis
908 3337 1046 3368 articulis
1070 3347 1106 3368 ex
1136 3338 1291 3370 diametro

220 3383 410 3419 adversatur,
435 3392 517 3423 quae
541 3381 610 3412 fluit
633 3381 706 3411 inde
731 3381 905 3412 conclusio.

291 3428 318 3457 3.
344 3427 501 3464 Quisnam
525 3433 682 3467 praeterea
713 3436 882 3466 germanus
905 3426 1011 3457 haberi
1043 3426 1169 3464 debeat,
1194 3437 1292 3469 quem

221 3471 365 3501 Thomas
389 3471 582 3508 intellexerit,
606 3471 777 3501 verborum
792 3471 922 3501 illorum
939 3481 1059 3509 sensus,
1075 3471 1215 3503 mundus
1231 3470 1292 3514 (in-

223 3514 349 3557 quiens)
373 3521 497 3546 constat
520 3525 562 3546 ex
583 3525 643 3546 sua
668 3520 733 3546 tota
758 3516 906 3552 materia,
924 3526 941 3546 a
961 3516 1031 3546 Deo
1048 3516 1164 3547 scilicet
1179 3523 1291 3554 creata,

224 3569 260 3589 ex
284 3567 470 3598 argumento
495 3560 652 3590 contrario
677 3560 815 3600 exsculpi
840 3560 949 3597 debet,
981 3560 1032 3591 ubi
1057 3561 1197 3592 mundus
1220 3571 1291 3592 cum

223 3613 283 3634 sua
308 3605 443 3634 materia
468 3611 669 3644 comparatur
699 3605 774 3635 huic
796 3605 917 3634 homini
944 3604 1070 3635 habenti
1088 3605 1234 3644 formam
1259 3606 1292 3636 in

224 3650 371 3678 materia.
396 3649 457 3678 Res
481 3648 547 3678 imo
572 3659 637 3678 non
661 3649 703 3679 ita
726 3659 758 3679 se
782 3648 885 3682 habet.
903 3649 1015 3690 Neque
1035 3649 1120 3679 enim
1136 3650 1187 3680 hic
1200 3650 1293 3681 homo

929 277 1388 316 DISSERTATIONES
1420 278 1668 315 CRITICAE

1329 363 1396 388 tota
1419 357 1540 397 potitur
1564 358 1694 387 materia
1718 368 1816 398 quam
1839 358 1941 388 homo
1965 358 2079 389 habere
2096 365 2210 399 potest:
2228 358 2328 390 homo
2343 357 2406 402 (in-

1329 400 1442 444 quam)
1467 402 1640 431 universim
1663 409 1811 442 acceptus
1827 413 1886 443 pro
1901 403 2060 433 humanae
2078 410 2206 433 naturae
2222 403 2404 442 individuis,

1330 456 1411 486 quae
1435 446 1587 476 hactenus
1610 446 1644 476 in
1677 447 1800 477 mundo
1825 447 1968 478 exstitere
1998 457 2033 477 ac
2057 447 2206 487 deinceps
2240 448 2406 486 extabunt;

1330 500 1405 520 cum
1428 500 1466 520 ex
1489 491 1621 520 adverso
1645 491 1786 521 mundus
1809 492 1868 522 iste
1891 501 1909 521 a
1927 492 1997 522 Deo
2015 498 2136 522 creatus
2153 497 2276 522 constet
2291 502 2333 522 ex
2346 502 2408 523 sua

1330 539 1395 564 tota
1419 536 1574 572 materia,
1600 542 1753 575 quantam
1786 545 1936 575 supremo
1961 536 2094 566 Numini
2129 537 2264 566 condere
2289 536 2408 576 placuit

1330 578 1370 608 ad
1394 578 1538 609 eiusdem
1562 579 1674 609 mundi
1703 589 1751 609 res
1781 590 1894 610 omnes
1918 590 2085 620 corporeas
2116 587 2171 611 aut
2202 581 2407 611 simultaneas

1331 629 1386 653 aut
1409 623 1618 660 successivas,
1642 623 1728 654 iuxta
1752 631 1882 654 naturae
1912 634 2042 654 cursum
2073 624 2292 655 efformandas.
2323 625 2408 656 Hinc

1332 666 1585 706 splendidissima
1615 668 1670 698 lux
1694 667 1836 708 effulget,
1866 679 1930 709 qua
1953 668 2137 706 innotescit,
2167 679 2239 699 eam
2267 670 2309 699 ob
2334 680 2408 700 cau-

1332 721 1411 748 sam,
1436 721 1518 751 quae
1542 712 1678 742 sumitur
1702 722 1739 742 ex
1762 712 1909 750 materia,
1933 723 1998 753 qua
2020 713 2162 744 mundus
2189 713 2247 744 iste
2272 721 2408 751 constat,

1331 755 1498 795 possibiles
1522 766 1589 786 non
1612 766 1679 786 esse
1703 757 1810 796 plures
1834 757 1985 794 mundos,
2009 756 2093 787 illius
2117 757 2255 788 adinstar
2274 757 2409 798 possibi-

1332 799 1437 837 litatis,
1461 809 1526 840 qua
1549 800 1641 840 plura
1664 810 1732 830 esse
1755 807 1891 840 possunt
1914 808 2044 831 naturae
2059 801 2217 832 humanae
2232 802 2406 833 individua.

1400 853 1431 882 4.
1457 844 1578 874 Verum
1593 844 1755 874 enimvero
1776 845 1816 874 ad
1839 844 1995 875 inscitiam
2012 852 2043 875 et
2058 846 2097 875 ad
2122 845 2319 886 impietatem
2341 856 2411 887 per-

1334 887 1412 918 tinet
1441 887 1484 918 sic
1513 888 1716 919 constrictam
1740 895 1771 919 et
1794 895 1984 919 coarctatam
2008 889 2185 920 existimare
2209 890 2268 920 Dei
2289 890 2356 920 vim
2379 897 2410 921 et

1334 932 1527 972 potentiam,
1552 939 1588 963 ut
1611 932 1690 962 nihil
1713 939 1934 973 praeterquam
1957 933 2047 974 quod
2071 934 2169 963 semel
2192 933 2280 971 fecit,
2309 934 2412 974 possit

1335 976 1466 1007 efficere.
1491 976 1583 1008 Valet
1605 977 1673 1007 imo
1698 984 1853 1008 creaturas
1877 977 1952 1007 alias
1970 977 2116 1015 condere,
2134 985 2204 1008 tum
2219 978 2408 1018 spirituales,

1335 1028 1405 1052 tum
1429 1031 1608 1061 corporeas,
1633 1031 1715 1062 quae
1738 1021 1770 1052 in
1795 1022 1857 1052 hoc
1880 1022 2004 1052 mundo
2029 1032 2095 1052 non
2120 1028 2242 1052 extant:
2267 1022 2412 1064 adeoque

1334 1066 1418 1096 valet
1441 1065 1501 1095 alia
1525 1072 1555 1096 et
1579 1066 1638 1096 alia
1669 1066 1856 1106 primigenia
1880 1066 2046 1104 elementa,
2071 1073 2102 1097 et
2132 1066 2227 1096 aliam
2251 1066 2411 1108 aliamque

1335 1110 1500 1140 materiam
1523 1110 1630 1140 moliri
1654 1117 1684 1141 et
1700 1120 1874 1150 procreare,
1891 1121 1927 1141 ex
1943 1111 2060 1151 quibus
2077 1111 2157 1141 alius
2175 1117 2206 1141 et
2221 1110 2301 1141 alius
2318 1121 2413 1142 mun-

1337 1155 1396 1185 dus
1430 1161 1641 1194 consurgeret.
1668 1155 1759 1186 Valet
1792 1155 1887 1185 etiam
1910 1156 2004 1186 rebus
2032 1155 2126 1195 ipsis,
2151 1165 2233 1196 quae
2267 1155 2413 1187 conditae

1337 1206 1421 1237 sunt,
1446 1199 1471 1229 si
1495 1199 1590 1230 vellet
1612 1199 1744 1240 quidem
1761 1209 1820 1240 pro
1838 1199 1971 1230 consilio
1987 1210 2063 1230 suae
2077 1199 2259 1240 sapientiae,
2275 1200 2327 1230 vel
2343 1210 2414 1231 mo-

1337 1243 1374 1273 lis
1398 1253 1434 1273 ac
1458 1243 1583 1274 numeri
1612 1244 1663 1274 vel
1692 1243 1850 1284 qualitatis
1882 1251 1912 1274 et
1941 1243 2143 1284 perfectionis
2173 1244 2287 1274 addere
2315 1244 2414 1275 incre-

1337 1294 1463 1318 menta:
1489 1288 1680 1330 easdemque
1702 1288 1736 1318 in
1760 1288 1859 1318 alium
1881 1288 2021 1328 redigere
2051 1289 2197 1319 ordinem
2227 1298 2415 1331 novumque

1337 1332 1475 1363 sistema.
1500 1333 1589 1363 Haec
1621 1333 1740 1373 passim
1771 1333 1864 1364 docet
1887 1333 1997 1363 omnia
2024 1343 2048 1364 s.
2073 1333 2229 1364 Thomas.
2255 1334 2360 1364 Pauca
2384 1339 2416 1364 et

1338 1376 1530 1417 compendio
1555 1377 1687 1408 collecta
1710 1377 1852 1418 primum
1875 1378 2003 1418 profero
2027 1387 2109 1419 quae
2134 1378 2145 1407 Ι
2170 1387 2215 1418 p.‚
2232 1387 2262 1419 q.
2280 1388 2351 1418 xxv,
2368 1387 2415 1408 ar-

1337 1421 1389 1452 tic.
1408 1431 1429 1451 v
1456 1421 1496 1451 ad
1518 1422 1534 1451 3
1559 1421 1730 1452 habentur:
1762 1423 1852 1453 Licet
1881 1423 1940 1453 iste
1963 1432 2079 1453 cursus
2110 1431 2221 1452 rerum
2244 1423 2286 1453 sit
2309 1422 2416 1454 deter-

1337 1466 1479 1496 minatus
1502 1466 1571 1496 istis
1594 1466 1690 1497 rebus
1712 1476 1796 1507 quae
1819 1477 1906 1497 nunc
1927 1472 2017 1504 sunt‚·
2041 1472 2237 1501 nontamen
2262 1466 2306 1497 ad
2328 1467 2416 1499 hunc

1337 1519 1468 1540 cursum
1493 1510 1652 1541 limitatur
1674 1510 1786 1543 divina
1807 1512 1966 1552 sapientia
1991 1517 2021 1542 et
2039 1516 2194 1552 potesta&
2223 1511 2316 1542 Unde
2339 1512 2415 1543 licet

1337 1555 1406 1584 istis
1429 1553 1524 1584 rebus
1547 1564 1630 1595 quae
1653 1564 1741 1586 nunc
1751 1555 1855 1596 fiunt,
1881 1556 1992 1586 nullus
2014 1557 2100 1587 alius
2123 1565 2240 1586 cursus
2263 1561 2346 1588 esset
2362 1555 2415 1587 bo-

1338 1608 1400 1629 nus
1423 1603 1453 1628 et
1475 1599 1681 1636 conveniens,·
1704 1604 1810 1630 tamen
1833 1600 1924 1631 Deus
1941 1605 2052 1640 posset
2073 1601 2159 1631 alias
2181 1609 2235 1631 res
2242 1599 2366 1641 facere
2383 1605 2416 1631 et

1337 1643 1438 1673 alium
1463 1643 1509 1673 eis
1532 1644 1696 1684 imponere
1718 1644 1875 1674 ordinem.
1899 1644 1972 1674 Alia
1995 1644 2080 1675 addo
2103 1644 2209 1683 verba,
2229 1654 2312 1685 quae
2328 1644 2416 1675 artic.

1338 1693 1489 1728 sequente
1507 1697 1540 1718 Vl
1559 1687 1599 1718 ad
1618 1697 1630 1718 1
1649 1695 1802 1728 prostant:
1827 1698 1955 1729 nempe,
1978 1689 2088 1719 Potest
2110 1688 2193 1719 dare
2215 1688 2312 1720 rebus
2334 1698 2356 1719 a
2379 1698 2416 1720 se

1329 1731 1435 1773 sactis
1458 1732 1622 1763 meliorem
1654 1733 1782 1763 modum
1808 1733 1933 1764 essendi
1962 1738 2118 1774 quantum
2150 1732 2195 1764 ad
2221 1732 2418 1764 accidentia-

1339 1777 1395 1814 lia‚
1421 1776 1495 1807 licet
1518 1787 1582 1807 non
1606 1783 1762 1818 quantum
1787 1777 1831 1808 ad
1853 1778 2048 1808 essentialia.
2073 1778 2161 1808 Haec
2185 1776 2280 1808 affero
2304 1777 2417 1809 luben-

1339 1820 1470 1859 tissime,
1495 1821 1688 1862 quibusdam
1712 1821 1807 1852 etiam
1831 1822 1953 1862 placitis
1977 1822 2089 1863 utique
2112 1821 2253 1860 adversa,
2278 1831 2360 1864 quae
2379 1832 2418 1853 ex

1339 1865 1394 1895 illa
1416 1865 1455 1896 ab
1479 1865 1643 1896 Leibnizio
1667 1865 1806 1904 invecta,
1830 1877 1849 1897 a
1872 1866 2008 1898 Wolffio
2038 1867 2210 1904 illustrata,
2235 1866 2416 1903 Monadum

1341 1915 1372 1940 et
1393 1909 1599 1941 Harmoniae
1615 1911 1862 1951 praestabilitae
1884 1911 2090 1952 philosophia
2113 1910 2283 1942 eliciuntur
2298 1921 2334 1942 ac
2350 1921 2417 1942 ma-

1341 1964 1403 1994 gna
1426 1964 1502 1985 curn
1523 1954 1630 1994 laude,
1654 1955 1727 1996 plus
1751 1962 1787 1986 ut
1809 1962 1890 1996 puto
1914 1966 2014 1997 quam
2036 1965 2093 1996 par
2112 1962 2169 1993 est,
2186 1955 2286 1996 excipi
2303 1955 2418 1987 solent.

1341 1999 1411 2029 Hac
1435 1998 1473 2029 de
1497 2009 1529 2029 re
1553 1999 1658 2030 adhuc
1681 1999 1715 2030 in
1739 2000 1799 2030 alia
1821 2001 1982 2040 agendum
1998 2007 2045 2031 est
2058 1999 2287 2031 Dissertatione
2303 2000 2419 2039 XXIX,

1342 2043 1490 2074 adversus
1521 2043 1754 2075 heterodoxum
1783 2044 1914 2076 Petrum
1943 2045 2099 2076 Zornium
2127 2055 2164 2076 ac
2189 2044 2285 2076 etiam
2310 2051 2420 2076 contra

1341 2088 1472 2119 Petrum
1494 2087 1708 2119 Alliacensem
1730 2088 1938 2120 parisiensem
1961 2089 2160 2129 theologum.

1413 2133 1440 2163 5.
1466 2132 1560 2163 Ratio
1583 2132 1649 2171 illa,
1672 2143 1737 2174 qua
1760 2133 1800 2163 ad
1824 2133 1979 2164 unitatem
1995 2140 2094 2165 terrae
2108 2133 2305 2165 suadendam
2320 2132 2421 2165 utitur

1342 2176 1504 2218 Aquinas,
1529 2177 1699 2218 desumpta
1722 2184 1769 2209 est
1798 2187 1835 2208 ex
1857 2178 2028 2209 Aristotele
2058 2178 2140 2209 libro
2164 2178 2176 2210 1
2199 2178 2252 2210 De
2277 2178 2366 2209 caelo
2389 2182 2422 2209 et

1343 2221 1475 2259 mundo,
1500 2222 1586 2262 apud
1610 2222 1761 2253 eumdem
1777 2222 1972 2263 Aquinatem
1995 2222 2131 2253 lectione
2149 2233 2211 2254 xvi.
2237 2221 2345 2253 Veluti
2361 2221 2420 2253 mi-

1344 2276 1405 2297 nus
1435 2266 1600 2297 robustam
1632 2277 1668 2298 ac
1692 2266 1842 2298 facillima
1871 2267 2033 2298 solutione
2063 2267 2274 2305 eludendam,
2308 2266 2422 2298 refellit

1344 2321 1415 2341 eam
1429 2310 1694 2342 Bartholomaeus
1711 2311 1842 2343 Amicus
1861 2312 1909 2343 De
1924 2312 2012 2343 caelo
2029 2318 2061 2343 et
2075 2312 2200 2344 mundo
2216 2318 2349 2342 tractatu
2364 2311 2419 2350 111,

1344 2365 1399 2396 qu.
1419 2365 1442 2386 1.
1462 2362 1520 2386 art.
1539 2365 1582 2386 vt.
1607 2355 1718 2386 Nolim
1742 2366 1802 2396 ego
1826 2364 2032 2388 momentum
2051 2356 2124 2388 eius
2154 2363 2250 2398 atque
2272 2355 2354 2387 vires
2375 2355 2423 2386 di-

1343 2399 1492 2440 ligentius
1515 2400 1706 2442 perquirere:
1732 2411 1836 2442 neque
1858 2401 1892 2432 id
1906 2401 1964 2432 sibi
1982 2411 2101 2432 munus
2117 2401 2151 2434 in
2164 2400 2278 2437 verbis,
2295 2400 2335 2431 de
2351 2399 2422 2442 qui·

1344 2444 1404 2475 bus
1427 2444 1563 2484 agimus,
1587 2444 1764 2486 adsumpsit
1787 2446 1910 2477 Doctor
1931 2445 2120 2486 Angelicus;
2146 2445 2199 2477 cui
2222 2445 2296 2476 satis
2321 2444 2424 2476 fuerat

1344 2488 1499 2530 probabili
1523 2496 1579 2520 aut
1602 2489 1805 2521 coniecturali
1829 2490 1950 2522 ratione
1974 2491 2136 2522 adsertum
2160 2489 2341 2531 caeteroqui
2357 2499 2423 2520 cer-

1343 2533 1504 2564 tissimum
1527 2534 1664 2573 munire,
1687 2535 1774 2575 quod
1796 2535 1937 2566 mundus
1955 2546 1974 2566 a
1988 2535 2058 2566 Deo
2075 2535 2224 2567 conditus
2241 2539 2367 2566 constat
2381 2543 2426 2565 ex

1342 2587 1404 2609 sua
1427 2583 1493 2609 tota
1513 2580 1651 2610 materia
1671 2586 1707 2610 ut
1725 2589 1816 2610 num.
1839 2589 1856 2610 2
1878 2587 1908 2612 et
1930 2581 1946 2611 3
1967 2580 2162 2612 declaratum
2185 2586 2241 2611 est.

1727 2690 1939 2728 CAPUT
1977 2691 2029 2728 11.

1343 2783 1474 2808 Vindiciae
1492 2783 1596 2809 theseos
1617 2785 1649 2810 de
1668 2785 1736 2816 sola,
1760 2792 1828 2818 quae
1846 2785 1978 2810 numerica
1996 2784 2135 2816 vocitatur,
2154 2784 2220 2809 inter
2237 2783 2353 2817 Angelos
2372 2783 2420 2809 dif-

1415 2818 1522 2844 ferentia
1541 2820 1573 2845 ab
1591 2821 1720 2853 Aquinate
1739 2821 1841 2846 reiecta.
1860 2820 1951 2853 Deque
1975 2821 2076 2845 adserta
2095 2820 2257 2852 Angelorum
2275 2820 2421 2853 praesentia

1416 2854 1448 2879 ad
1467 2854 1554 2880 locum
1573 2863 1620 2889 per
1637 2856 1829 2889 operationem:
1848 2863 1915 2889 quae
1934 2855 2079 2881 cuiusmodi
2094 2856 2135 2887 sit,
2150 2856 2307 2888 explanatur.
2322 2856 2361 2880 Ac
2375 2856 2421 2880 de-

1415 2897 1489 2914 mum
1509 2891 1541 2916 de
1560 2891 1691 2917 rationalis
1710 2892 1811 2917 animae
1834 2897 1878 2916 aut
1897 2891 1991 2917 mentia
2006 2891 2147 2923 humanae,
2162 2892 2234 2916 salva
2248 2891 2346 2916 unitate
2359 2899 2419 2925 ape-

1415 2924 1494 2957 cifica,
1514 2926 1615 2952 diversa
1633 2927 1798 2961 perfectione:
1818 2927 1988 2961 eiusdemque
2007 2927 2160 2952 diversitatis
2179 2926 2287 2959 origine.

1346 3014 1368 3046 Ῑ·
1391 3017 1625 3101 parisienses
1645 3021 1794 3053 articulos
1811 3021 1875 3052 iam
1891 3020 2019 3062 profero
2036 3021 2119 3060 illos,
2135 3021 2191 3062 qui
2208 3021 2248 3051 ad
2262 3030 2334 3051 eam
2350 3029 2422 3061 per-

1462 3067 1573 3105 tinent,
1597 3076 1680 3108 quae
1702 3066 1784 3097 inter
1805 3071 1976 3107 separatas
1999 3067 2243 3107 intelligentias,
2269 3072 2304 3096 ut
2319 3065 2421 3104 aiunt,

1344 3113 1409 3144 sive
1431 3112 1573 3152 Angelos
1597 3111 1746 3142 constitui
1766 3110 1938 3142 differentia
1962 3110 2063 3142 debet.
2088 3110 2208 3142 Mirum
2229 3119 2304 3141 sane
2320 3119 2421 3151 quan-

1344 3165 1414 3188 tum
1437 3156 1555 3197 ingenii
1579 3166 1615 3187 ac
1638 3155 1734 3187 studii
1763 3155 1947 3196 impensum
1971 3155 2065 3187 fuerit
2089 3162 2124 3187 ut
2152 3155 2227 3186 inde
2251 3153 2421 3196 Aquinati-

1345 3203 1506 3234 doctrinae
1530 3200 1719 3232 conflaretur
1741 3200 1869 3232 invidia.

1403 3292 1450 3323 Ex
1474 3300 1607 3323 censura
1629 3288 1805 3320 Parisiensi.
1907 3289 1955 3320 Ex
1978 3299 2004 3320 s.
2029 3288 2159 3320 Thoma
2178 3299 2210 3329 p.
2228 3288 2264 3328 1.‚
2283 3297 2314 3329 q.
2325 3296 2421 3326 nvn,

2098 3339 2154 3364 art.
2175 3343 2207 3364 11.

1390 3435 1488 3456 Lxxxt.
1517 3423 1612 3462 Quod
1638 3424 1714 3465 quia
1744 3422 1860 3454 intelli-

1344 3471 1476 3512 gentiae
1508 3479 1571 3500 non
1605 3469 1721 3500 habent
1761 3473 1859 3498 mate-

1346 3516 1441 3552 riam,
1452 3515 1542 3545 Deus
1553 3523 1615 3544 non
1625 3517 1735 3554 posset
1742 3512 1861 3553 facere

1340 3560 1457 3600 plures
1480 3559 1620 3590 eiusdem
1643 3558 1770 3600 speciei.

1950 3422 2084 3463 Duplex
2111 3421 2271 3453 distinctio
2299 3419 2420 3450 inveni-

1905 3472 1962 3498 tur
1985 3468 2018 3498 in
2043 3466 2150 3497 rebus:
2180 3474 2246 3496 una
2261 3463 2421 3505 formalis

1906 3512 1939 3542 in
1963 3511 2013 3543 his
2035 3520 2118 3552 quae
2132 3508 2290 3550 differunt
2303 3508 2419 3548 specie:

1906 3556 1973 3587 alia
1995 3565 2074 3589 uero
2104 3553 2284 3585 materialis
2313 3553 2345 3582 in
2369 3552 2420 3582 his

1905 3610 1989 3642 quae
2011 3598 2167 3640 differunt
2190 3606 2324 3628 numero
2348 3601 2419 3626 tan-

1906 3649 1984 3675 tum.
2004 3643 2085 3674 Cum
2101 3647 2208 3674 autem
2225 3641 2362 3672 materia
2376 3641 2419 3671 sit
