2788 4204
103 971 113 980 ⁸
124 975 149 989 c:
162 974 207 996 per
219 973 245 988 se
259 968 282 987 et
291 968 316 987 ut

102 997 163 1017 sunt

107 1023 117 1033 ⁸
132 1023 194 1042 Lect.
205 1026 274 1041 xxxv.

103 1181 113 1191 ⁸
125 1186 171 1204 AQ:
185 1178 248 1207 quod
259 1178 317 1206 quid

104 1208 146 1227 est.

102 1338 112 1348 ⁸
127 1337 198 1358 Num.
209 1343 229 1364 3.

103 1394 110 1400 ¹
127 1391 190 1412 Lect.
205 1396 280 1418 praec.

103 1659 114 1670 ⁸
128 1658 176 1679 Hic
190 1664 217 1679 ex
232 1657 301 1679 codd.

103 1685 201 1712 Logicae
207 1684 314 1706 rationes.

104 1766 110 1773 ¹
120 1764 154 1786 Cf.
164 1765 215 1786 lect.
223 1771 262 1791 xx,
271 1771 315 1792 n.5.

103 1797 149 1818 seq.

102 1871 111 1881 '⁵
126 1870 151 1891 In
168 1876 195 1890 ex
210 1870 279 1891 codd.
294 1881 309 1885 -

101 1902 131 1917 1³1:
136 1896 315 1923 praedicamen-

101 1923 142 1944 tis.

102 2083 110 2090 ·
126 2086 148 2101 ci
160 2088 165 2101 :
177 2082 274 2108 potest,-
288 2087 313 2102 n:

98 2109 189 2134 posset.

201 758 215 788 *tt

201 1074 217 1099 Υ

200 1280 214 1305 δ

201 1450 211 1465 Ε

202 1491 217 1520 ζ

197 1978 212 2000 ⁷l

200 2134 212 2159 θ

542 338 551 351 ψ
579 328 589 341 “
606 328 782 370 ostquam
802 320 1057 367 Philosophus
1082 317 1244 353 ostendit
1262 323 1279 337 α
1300 316 1404 364 quod

606 374 635 410 si
660 374 705 410 sit
733 380 849 409 status
878 373 915 408 in
945 370 1139 415 extremis,
1167 382 1321 405 necesse
1349 376 1405 405 est

579 429 688 463 esse
718 433 855 462 statum
884 425 922 460 in
956 423 1111 469 mediis,
1142 430 1178 458 et
1206 422 1235 458 si
1260 422 1306 458 sit
1334 429 1404 458 sta-

485 470 495 483 ff
527 465 590 511 *ihs
606 488 664 516 tus
693 478 730 514 in
758 476 1013 521 affirmativis,
1044 487 1199 511 necesse
1234 483 1289 511 est
1321 487 1404 511 esse

342 541 479 570 statum
509 534 546 568 in
575 531 774 578 negativis3
796 530 856 566 hic
884 528 1041 564 intendit
1070 527 1270 564 ostendere
1299 528 1404 576 quod

342 586 387 623 sit
415 593 531 622 status
559 585 596 620 in
626 582 860 620 affirmativis
895 582 932 617 in
962 593 1113 617 sursum
1144 589 1180 617 et
1209 580 1402 617 deorsum.

343 640 391 675 Et
411 638 588 675 dividitur
607 636 644 672 in
665 637 758 672 duas
773 642 915 683 partes:
936 634 974 670 in
993 634 1116 682 prima
1135 641 1253 681 parte,
1280 641 1404 670 osten-

343 692 395 728 dit
419 690 659 739 propositum
679 688 810 735 logice,
831 687 927 724 idest
949 699 1019 735 per
1043 687 1205 723 rationes
1231 698 1404 723 commu-

342 757 409 780 nes
425 743 529 779 omni
550 741 780 789 syllogismO,
798 753 895 789 quae
912 740 1146 788 accipiuntur
1160 739 1375 776 secundum
1388 738 1406 768 β

340 796 555 845 praedicata
570 794 824 830 communiter
838 802 1006 842 sumpta;
1023 793 1059 830 in
1081 793 1258 839 secunda,
1281 801 1404 829 osten-

342 849 394 886 dit
422 848 524 885 idem
545 847 740 895 analytice,
761 847 857 883 idest
875 859 944 895 per
964 846 1127 883 rationes
1147 846 1320 894 proprias
1342 846 1405 883 de-

342 900 615 946 monstrationi,
637 912 735 948 quae
756 900 991 948 accipiuntur
1017 900 1228 936 secundum
1257 900 1405 948 praedi—

343 961 424 990 cata
433 966 505 1002 per
518 966 567 999 se,
581 954 706 1002 quae*
721 961 808 989 sunt
823 953 1135 990 demonstrationi
1149 953 1320 1001 propria3
1337 953 1404 989 ibi:

341 1007 541 1055 Analytice
567 1012 692 1043 autem
721 1007 959 1055 manifestum
982 1007 1002 1028 *
1021 1014 1088 1043 etc.
1121 1007 1248 1043 Prima
1276 1013 1404 1042 autem

341 1072 429 1108 pars
459 1059 637 1096 dividitur
661 1059 699 1096 in
720 1059 814 1096 duas
842 1067 967 1108 partes
981 1065 1012 1095 ⁷:
1033 1059 1071 1096 in
1085 1059 1220 1108 prima,
1243 1059 1406 1096 ostendit

343 1112 447 1162 quod
467 1125 545 1149 non
561 1112 606 1149 sit
625 1113 833 1161 procedere
853 1113 890 1149 in
910 1113 1100 1149 infinitum
1116 1112 1153 1150 in
1168 1112 1404 1161 praedicatis,

343 1178 439 1215 quae
468 1166 734 1214 praedicantur
752 1166 790 1202 in
811 1178 857 1202 eo
878 1167 979 1214 quod
996 1167 1087 1214 quid
1104 1168 1141 1211 ’ς
1168 1166 1206 1203 in
1226 1166 1404 1212 secunda,

343 1219 506 1255 ostendit
534 1219 639 1267 quod
667 1231 745 1255 non
774 1219 819 1255 sit
837 1219 1046 1267 procedere
1062 1219 1099 1255 in
1119 1219 1309 1256 infinitum
1323 1219 1405 1255 uni-

341 1272 535 1310 versaliter
563 1272 601 1308 in
628 1271 852 1320 praedicatis
881 1272 1116 1308 affirmativis
1145 1270 1174 1318 ³3
1208 1272 1277 1309 ibi:
1317 1273 1405 1309 Uni-

340 1325 535 1362 versaliter
562 1330 687 1362 autem
714 1325 767 1361 sic
795 1325 951 1361 dicimus
970 1327 989 1344 ὓ
1019 1333 1087 1361 etc.

397 1390 431 1414 2.
454 1378 553 1415 Dicit
581 1390 669 1425 ergo
697 1378 836 1426 primo,
858 1377 962 1426 quod
983 1390 1070 1414 cum
1100 1384 1297 1414 ostensum
1327 1377 1406 1414 sit*

343 1431 447 1480 quod
475 1431 513 1468 in
540 1430 735 1479 privativis
763 1443 841 1467 non
871 1438 926 1467 est
954 1430 1007 1467 ire
1036 1430 1074 1467 in
1103 1430 1293 1466 infinitum
1317 1435 1345 1477 ⁸,
1376 1430 1406 1466 si

343 1492 460 1521 stetur
486 1484 524 1520 in
544 1483 796 1528 affirmativis;
832 1483 893 1519 hic
920 1483 997 1520 iam
1017 1483 1261 1519 manifestum
1292 1482 1307 1509 ζ
1339 1483 1407 1520 erit

343 1537 541 1586 quomodo
571 1537 684 1585 aliqui
713 1537 954 1584 speculantur
981 1537 1018 1572 in
1048 1536 1135 1582 illis,
1166 1535 1262 1572 idest
1289 1535 1327 1572 in
1352 1537 1406 1573 af-

343 1590 561 1635 firmativis,
596 1602 678 1626 esse
713 1597 850 1626 statum
883 1602 953 1638 per
979 1589 1119 1637 logicas
1148 1589 1322 1626 rationes.
1358 1590 1407 1626 Et

344 1643 518 1680 dicuntur
535 1642 596 1679 hic
610 1643 630 1663 '¹‘
648 1642 790 1690 logicae
816 1642 990 1689 rationes,
1012 1655 1109 1692 quae
1129 1642 1342 1691 procedunt
1362 1655 1407 1679 ex

343 1696 573 1744 quibusdam
599 1695 881 1742 communibus,
903 1708 1001 1745 quae
1028 1695 1216 1744 pertinent
1240 1696 1289 1733 ad
1318 1708 1406 1732 con-

342 1749 611 1786 siderationem
630 1749 773 1796 logicae
792 1749 823 1785 *.
854 1749 961 1786 Haec
980 1757 1109 1786 autem
1127 1749 1267 1786 veritas
1286 1749 1406 1785 mani-

342 1802 435 1838 festa
455 1810 510 1838 est
524 1802 561 1839 in
581 1802 650 1849 his,
673 1815 771 1851 quae
790 1802 1056 1850 praedicantur
1074 1802 1113 1839 in
1133 1814 1179 1838 eo
1199 1802 1301 1850 quod
1318 1802 1409 1850 quid

341 1861 403 1901 est,
420 1855 516 1892 idest
535 1855 573 1892 in
594 1855 818 1903 praedicatis
839 1856 870 1902 ⁴⁹,
894 1868 938 1892 ex
958 1856 1096 1904 quibus
1116 1855 1218 1903 quod
1234 1855 1325 1904 quid
1341 1861 1404 1901 est,

341 1908 437 1945 idest
448 1908 617 1945 definitio
635 1908 879 1946 constituitur.
894 1909 933 1946 Si
949 1909 1051 1946 enim
1067 1908 1287 1946 huiusmodi
1297 1920 1406 1957 prae-

343 1961 464 1998 dicata
494 1962 629 1999 dentur
649 1975 731 1999 esse
751 1962 908 2009 infinita,
930 1962 1099 2011 sequitur
1119 1968 1155 1999 et
1174 1961 1279 2011 quod
1298 1973 1377 1998 non
1390 1967 1405 1985 '¹'

342 2014 532 2062 contingat
552 2015 710 2052 definire
731 2014 871 2064 aliquid
884 2045 892 2061 ,
914 2023 950 2052 et
969 2016 1075 2063 quod
1094 2015 1124 2052 si
1145 2014 1323 2052 definitur
1342 2014 1406 2051 ali-

342 2068 445 2116 quid,
468 2068 546 2104 eius
568 2068 736 2105 definitio
758 2081 835 2105 non
854 2068 973 2116 possit
992 2069 1012 2090 *
1040 2081 1123 2105 esse
1142 2076 1242 2105 nota.
1265 2069 1314 2104 Et
1331 2068 1406 2104 hoc

342 2121 450 2167 ideo,
490 2121 578 2169 quia
614 2121 760 2158 infinita
796 2133 875 2158 non
910 2129 965 2158 est
1001 2121 1227 2170 pertransire
1255 2119 1278 2158 ⁰.
1314 2121 1406 2157 Non

342 2181 469 2210 autem
499 2174 679 2223 contingit
707 2174 872 2222 definiri,
902 2187 1028 2224 neque
1058 2174 1322 2212 definitionem
1344 2186 1406 2211 co-

395 2317 422 2352 α)
444 2319 587 2350 Postquam
607 2317 782 2350 Philosophus
801 2319 918 2343 ostendit
931 2323 1006 2344 etc.-
1016 2320 1189 2344 Amanuensis
1205 2319 1261 2344 cod.
1277 2319 1300 2344 G
1315 2319 1410 2343 omittit

340 2354 524 2385 Philosophus,
540 2361 569 2378 ac
585 2354 697 2385 insuper,
711 2354 848 2378 distractus
864 2362 879 2379 a
893 2355 1044 2387 repetitione
1061 2355 1211 2385 verborum,
1227 2355 1252 2379 si
1264 2355 1301 2379 sit
1313 2357 1409 2385 status,

340 2390 518 2422 prosequitur:
538 2389 655 2414 ostendit
673 2389 745 2421 quod
762 2389 786 2414 si
803 2393 890 2414 status
910 2390 936 2415 in
956 2390 1126 2424 affirmativis
1146 2395 1207 2420 etc.,
1227 2390 1328 2420 ceteris,
1343 2397 1410 2422 quae

341 2425 491 2449 intermedia
510 2429 578 2455 sunt,
593 2424 812 2449 omissis.-1nfra
832 2423 942 2458 (statum
963 2426 989 2450 in
1010 2426 1140 2458 negativis
1159 2425 1228 2460 etc.),
1248 2426 1323 2450 codd.
1343 2425 1410 2450 ΑΒΕ

341 2460 528 2485 DEHLMNST
547 2467 600 2484 om.
613 2463 712 2484 statum
719 2468 728 2490 ‚·
744 2460 768 2485 O
784 2468 837 2485 om.
857 2468 912 2486 esse
930 2462 1111 2486 statum—B:
1130 2461 1173 2486 hic
1190 2462 1307 2486 ostendit
1325 2461 1396 2494 quod
1401 2469 1410 2491 ‚·

341 2495 379 2520 G:
399 2495 440 2520 hic
458 2495 537 2520 etiam
552 2495 669 2520 ostendit
686 2495 885 2527 quod.-Codd.
906 2496 970 2530 (exc.
984 2497 1031 2530 R):
1052 2500 1079 2522 et
1098 2497 1124 2521 in
1138 2496 1411 2527 sursum.-BCMNQ

341 2531 400 2555 RT:
420 2534 446 2556 et
465 2531 491 2556 in
512 2531 644 2556 deorsum.

395 2565 420 2600 β)
443 2566 517 2596 Quae
531 2566 700 2598 accipiuntur
711 2566 855 2591 secundum
870 2571 946 2592 etc.-
955 2567 983 2591 ln
997 2567 1063 2592 hanc
1076 2568 1182 2592 Pianam
1197 2567 1333 2592 lectionem
1347 2575 1408 2592 con-

341 2602 454 2627 sentiunt
473 2602 582 2632 codices,
602 2602 623 2626 si
643 2609 724 2626 unum
743 2601 767 2626 G
786 2602 905 2634 excipias,
924 2603 968 2634 qui
987 2603 1059 2635 legit:
1080 2610 1147 2634 quae
1165 2603 1334 2635 accipiuntur
1352 2607 1407 2628 tam

340 2637 483 2662 secundum
499 2637 660 2669 praedicata
672 2642 746 2669 'quae
763 2640 827 2662 sunt
841 2645 893 2669 per
906 2644 941 2667 se,
957 2645 1036 2670 quam
1055 2645 1122 2670 quae
1148 2646 1199 2663 non
1219 2642 1281 2664 sunt
1295 2646 1347 2670 per
1365 2646 1394 2664 se
1399 2646 1409 2668 ,-

341 2673 367 2697 in
387 2673 510 2698 secunda.
535 2673 592 2697 Non
611 2677 651 2697 est
669 2672 744 2697 lectio
762 2672 826 2697 falsa
845 2673 870 2697 in
890 2680 933 2703 se,
953 2673 999 2697 sed
1018 2681 1070 2698 non
1090 2678 1129 2698 est
1148 2674 1301 2706 acceptanda
1320 2679 1409 2699 contra

341 2708 449 2732 aliorum
465 2708 539 2732 codd.
553 2708 738 2732 auctoritatem.
747 2722 766 2726 -
775 2708 846 2732 ldem
861 2709 918 2733 cod.
934 2708 999 2733 infra
1013 2709 1154 2740 (proprias
1168 2709 1408 2740 demonstrationi)

341 2751 394 2768 om.
407 2743 629 2768 demonstrationi
634 2751 642 2773 ;
661 2743 735 2773 lQR:
754 2743 1012 2769 demonstrationum
1019 2752 1028 2774 ‚-
1041 2745 1063 2768 Α
1078 2745 1189 2777 denique
1202 2752 1256 2769 om.
1270 2745 1349 2770 verbs
1362 2745 1407 2770 de-

342 2779 530 2804 monstrationi
547 2785 627 2811 quae,
647 2786 732 2811 usque
750 2779 782 2803 ad
801 2779 1024 2804 demonstrationi
1038 2779 1153 2812 propria
1173 2780 1305 2805 inclusiVe.

394 2813 421 2848 γ)
441 2814 533 2838 Prima
551 2817 639 2838 autem
659 2815 781 2839 etc.—-A:
801 2814 827 2838 in
843 2818 938 2846 partes
954 2814 1036 2845 duas,·
1055 2815 1100 2840 131:
1120 2814 1213 2840 Prima
1232 2815 1258 2840 in
1278 2815 1361 2840 duas.-
1381 2815 1407 2840 in

338 2849 429 2884 prigna
449 2855 511 2881 etc.,
531 2849 594 2874 GH:
614 2849 708 2874 Prima
731 2849 863 2874 dividitur
881 2850 907 2874 in
928 2850 996 2875 duas
1009 2854 1105 2882 partes
1124 2850 1158 2882 (G
1177 2858 1230 2875 om.
1240 2851 1359 2883 partes):
1380 2851 1406 2876 in

336 2885 429 2917 prima
442 2890 502 2914 etc.;
523 2885 607 2915 CQR:
623 2884 755 2909 dividitur
764 2885 790 2909 in
803 2885 885 2910 duas:
905 2885 931 2910 in
942 2885 1035 2917 prima
1050 2890 1098 2911 etc.
1109 2885 1223 2918 (Cf.lect.
1231 2893 1300 2917 xxm,
1310 2891 1363 2911 not.
1370 2886 1406 2919 η).

394 2919 419 2954 Β)
441 2920 470 2944 In
489 2920 605 2946 secunda
623 2920 740 2945 ostendit
752 2920 824 2953 quod
836 2927 888 2946 non
901 2921 937 2946 sit
950 2926 1026 2946 etc.-
1038 2921 1073 2946 lta
1086 2922 1161 2947 codd.
1175 2922 1240 2955 (exc.
1254 2921 1296 2954 Β),
1309 2926 1334 2946 et
1347 2929 1406 2947 cum

340 2955 380 2980 his
400 2956 440 2980 ed.
459 2956 544 2980 Piana.
568 2955 674 2987 Optima
696 2956 785 2986 lectio,
804 2961 833 2980 ut
851 2961 920 2988 patet
943 2964 973 2981 ex
992 2957 1111 2989 sequenti
1135 2965 1207 2982 num.
1227 2957 1251 2982 3.
1266 2971 1287 2976 -
1302 2957 1366 2982 Cod.
1386 2958 1406 2982 B

342 2991 485 3015 secundum
511 2991 658 3015 membrum
683 2991 781 3023 primae
807 2991 940 3016 divisionis
960 2999 1019 3016 cum
1040 2993 1155 3017 secundo
1175 2992 1294 3018 membro
1318 2993 1406 3017 subdi-

341 3025 447 3050 visionis
472 3025 647 3056 confundens,
671 3026 761 3051 habet:
788 3026 814 3051 in
838 3027 954 3052 secunda
977 3028 1093 3053 ostendit
1115 3028 1187 3060 quod
1210 3035 1262 3053 non
1285 3028 1321 3053 sit
1339 3035 1406 3060 pro-

341 3061 433 3086 cedere
452 3061 477 3086 in
498 3061 629 3094 infinitum
650 3061 675 3086 in
696 3062 972 3091 demonstrationibus,
991 3070 1058 3095 quae
1076 3063 1244 3096 accipiuntur
1262 3063 1405 3089 secundum

339 3096 497 3128 praedicata
511 3103 563 3128 per
578 3103 613 3126 se,
627 3104 694 3129 quae
707 3100 770 3122 sunt
779 3098 895 3129 propria
910 3098 1138 3129 demonstrationi,
1150 3099 1199 3124 ibi:
1215 3099 1407 3124 Universaliter

341 3134 430 3156 autem
449 3135 497 3157 etc.
518 3131 601 3156 Verba
620 3139 687 3164 quae
705 3132 880 3164 accipiuntur,
900 3141 986 3166 usque
1004 3133 1036 3158 ad
1055 3134 1092 3158 ibi
1109 3134 1252 3165 exclusive,
1272 3142 1325 3159 non
1345 3139 1406 3159 sunt

342 3166 419 3191 huius
434 3167 491 3197 loci,
512 3167 557 3191 sed
578 3167 727 3199 superioris,
741 3167 766 3192 in
779 3175 833 3200 quo
847 3169 925 3193 codex
946 3169 1036 3194 citatus
1056 3176 1085 3194 ea
1103 3170 1236 3195 omittit.-
1250 3169 1316 3195 Cum
1331 3170 1406 3195 codd.

343 3207 427 3226 autem
444 3200 509 3235 (exc.
526 3202 583 3232 MN,
603 3203 647 3234 qui
666 3202 725 3228 hab.
745 3202 807 3237 lac.)
831 3203 954 3236 legimus,
974 3204 1000 3228 in
1023 3204 1154 3237 infinitum
1175 3205 1361 3230 universaliter
1379 3205 1405 3230 in

337 3237 503 3268 praedicatis
517 3237 701 3271 affirmativis,
722 3238 795 3269 loco,
816 3238 842 3263 in
858 3239 990 3272 infinitum
1005 3239 1031 3264 in
1046 3241 1213 3272 praedicatis
1226 3241 1404 3275 affirmativis,

342 3272 379 3296 uti
398 3272 475 3297 habet
493 3272 534 3297 ed.
554 3273 640 3297 Plana.

395 3306 418 3340 ε)
437 3308 498 3332 Non
513 3311 552 3332 est
566 3308 604 3333 ire
621 3308 646 3332 in
664 3308 803 3342 infinitum.
813 3323 832 3327 -
844 3309 892 3334 Est
906 3310 980 3335 lectio
994 3310 1069 3336 codd.
1083 3311 1180 3341 ABG1;
1195 3311 1240 3336 PR
1252 3316 1277 3337 et
1291 3319 1313 3337 s.
1324 3320 1360 3337 m.
1371 3311 1404 3337 C:

343 3349 393 3367 non
409 3346 447 3367 est
462 3343 488 3367 in
508 3343 641 3375 infinitum
661 3343 715 3374 ire‚·
734 3344 851 3374 ELNQT
870 3350 895 3369 et
914 3353 939 3378 p.
954 3353 989 3370 m.
1005 3345 1092 3371 CDKS
1106 3347 1189 3372 omitt.
1204 3347 1257 3376 ire,
1272 3347 1318 3372 sed
1333 3355 1355 3372 s.
1370 3355 1405 3372 m-

342 3377 408 3402 DKS
426 3386 485 3402 cum
504 3379 569 3403 HM:
584 3379 731 3410 procedere
750 3379 775 3404 in
796 3379 941 3413 infinitum,·
960 3381 997 3406 0:
1016 3382 1090 3407 abire
1108 3382 1134 3407 in
1154 3382 1296 3416 infinitum.

394 3412 420 3447 ζ)
442 3413 493 3438 Hic
506 3413 559 3438 iam
573 3414 741 3447 manifestum
756 3420 827 3439 etc.-
837 3415 978 3441 Codices.-
987 3417 1022 3442 P:
1032 3418 1224 3443 ostendendum
1237 3418 1297 3443 erit.
1307 3417 1405 3443 Textus

342 3455 394 3480 gn:
415 3446 559 3481 φανερόν.-
574 3449 672 3474 Deinde
691 3450 792 3474 codices
811 3458 903 3475 omnes
922 3453 1075 3478 unanimiter
1094 3452 1197 3483 liabent,
1216 3453 1301 3486 aliqui
1314 3460 1405 3486 specu-

343 3482 449 3511 lantur,·
462 3491 558 3515 graec.:
575 3481 723 3517 Θεωροῦσινς
737 3485 769 3509 P:
789 3485 885 3517 aliquis
898 3487 1087 3518 speculatur.-
1099 3488 1234 3513 Praeterea
1252 3496 1311 3514 cum
1331 3488 1406 3513 codd.

343 3517 465 3549 legimus:
485 3518 552 3543 idest
578 3518 603 3543 in
630 3519 813 3552 affirmativis‚·
833 3520 852 3544 Ρ
871 3528 925 3546 om.
945 3522 1014 3547 idest
1033 3523 1073 3553 in,·
1091 3523 1128 3547 A:
1148 3523 1174 3548 in
1201 3523 1267 3553 illis,
1292 3523 1360 3549 idest
1378 3523 1405 3549 in

343 3552 394 3576 illis
413 3559 467 3577 esse
486 3558 548 3582 etc.;
568 3554 605 3578 O:
625 3554 693 3578 idest
710 3558 737 3579 et
755 3554 781 3579 in
802 3555 862 3580 illis.

396 3586 424 3622 η)
440 3588 565 3620 Sequitur
579 3592 605 3613 et
620 3589 690 3621 quod
704 3597 755 3614 non
770 3590 909 3623 contingat
918 3593 1274 3624 etc.-ABCDKLMQRST:
1286 3594 1406 3626 sequitur

927 239 1311 277 POSTERIORUM
1339 236 1768 274 ANALYTICORUM
1796 238 1890 274 LIB.
1922 238 1936 274 I

1460 315 1610 362 gnosci,
1641 315 1711 352 nisi
1745 316 2015 353 descendendo
2049 318 2295 366 perveniatur
2326 332 2448 369 usque
2477 321 2527 358 ad

1459 368 1649 414 ultimum,
1667 376 1703 405 et
1723 370 1965 406 ascendendo
1985 371 2230 418 perveniatur
2247 385 2369 421 usque
2389 373 2437 410 ad
2453 374 2527 421 pri-

1460 433 1581 457 mum.
1613 421 1652 458 Si
1674 434 1763 469 ergo
1785 422 1965 470 contingit
1985 425 2004 444 ’⁸
2034 424 2174 472 aliquid
2204 425 2382 472 definire,
2413 427 2475 463 vel
2496 427 2526 463 si

1461 474 1642 521 contingit
1679 475 1941 512 definitionem
1977 477 2133 513 alicuius
2168 490 2250 514 esse
2289 486 2440 525 notam,
2481 492 2526 516 ex

1459 534 1622 575 utroque
1651 528 1888 565 antecedenti
1907 535 1915 549 ⁸
1944 530 2112 578 sequitur
2133 531 2153 551 ³⁸
2180 527 2254 567 hoc
2275 543 2524 580 consequens,

1461 580 1566 628 quod
1594 580 1632 616 in
1659 581 1860 628 praedictis
1888 583 2112 630 praedicatis
2137 596 2216 620 non
2244 584 2290 621 sit
2317 585 2525 632 procedere

1461 632 1498 668 in
1527 632 1728 679 infinitum,
1759 634 1827 670 sed
1855 634 1893 670 in
1923 635 1975 671 eis
2005 636 2196 684 contingat
2223 645 2319 674 stare
2340 637 2372 673 *.

1517 686 1549 722 3.
1567 686 1716 722 Deinde
1733 699 1820 723 cum
1833 687 1936 724 dicit:
1958 689 2227 726 Universaliter
2240 696 2364 727 autem
2379 691 2433 727 sic
2443 698 2525 737 etc.,

1461 738 1624 775 ostendit
1641 739 1903 776 universaliter
1926 741 2031 788 quod
2055 741 2092 778 in
2112 743 2336 790 praedicatis
2362 744 2526 780 affirma-

1460 791 1545 827 tivis
1565 804 1643 828 non
1672 792 1718 828 sit
1743 792 1953 840 procedere
1973 793 2011 830 in
2030 794 2231 832 infinitum.
2254 797 2302 832 Et
2331 796 2429 832 circa
2453 797 2528 833 hoc

1462 844 1539 880 duo
1560 844 1664 880 facit:
1684 844 1821 892 primo,
1844 846 2035 893 quaedam
2054 848 2259 895 praemittit
2277 855 2301 894 ³²,
2323 861 2421 897 quae
2442 857 2528 886 sunt

1460 897 1673 933 necessaria
1693 897 1741 934 ad
1760 898 2001 946 propositum
2022 901 2322 947 ostendendum;
2343 902 2526 950 secundo,

1461 950 1626 986 ostendit
1644 951 1903 999 propositum3
1920 951 1989 988 ibi:
2011 953 2184 1001 Amplius
2202 954 2236 990 si
2254 966 2328 991 non
2349 955 2435 991 est*
2457 962 2525 992 etc.

1462 1003 1571 1039 Circa
1581 1003 1750 1052 primum
1762 1004 1839 1040 duo
1851 1004 1948 1041 facit:
1964 1005 2102 1053 primo,
2113 1006 2302 1055 distinguit
2311 1007 2528 1056 praedicata

1454 1068 1528 1104 per
1537 1056 1707 1093 accidens
1722 1069 1744 1093 a
1754 1057 1978 1105 praedicatis
1986 1070 2060 1106 per
2072 1071 2125 1103 se,·
2143 1060 2325 1107 secundo,
2338 1060 2529 1109 distinguit

1460 1110 1676 1158 praedicata
1690 1122 1764 1158 per
1781 1122 1821 1147 se
1840 1110 1889 1148 ad
1904 1111 2088 1157 invicem;
2109 1113 2178 1150 ibi:
2203 1114 2330 1155 Quare
2348 1120 2472 1151 autem
2489 1115 2526 1151 in

1461 1175 1504 1199 eo
1520 1163 1621 1211 quod
1639 1164 1729 1211 quid
1746 1164 1909 1200 est*etc.
1931 1164 2031 1201 Dicit
2051 1177 2140 1213 ergo
2160 1166 2299 1214 prImo,
2313 1167 2417 1216 quod
2438 1180 2527 1204 cum

1461 1224 1658 1253 ostensum
1688 1216 1733 1253 sit
1760 1216 1799 1253 in
1827 1217 2059 1265 quibusdam
2087 1219 2328 1267 praedicatis,
2356 1220 2462 1269 quod
2490 1220 2528 1257 in

1462 1269 1514 1306 eis
1543 1282 1622 1306 non
1642 1277 1697 1306 est
1715 1270 1924 1318 procedere
1953 1270 1991 1307 in
2011 1271 2216 1318 infinitum,
2234 1273 2374 1310 scilicet
2396 1273 2434 1310 in
2457 1273 2527 1320 his,

1462 1335 1559 1371 quae
1578 1322 1845 1371 praedicantur
1859 1323 1897 1359 in
1912 1325 2014 1372 quod
2027 1326 2047 1346 ³³
2062 1325 2154 1373 quid
2165 1331 2228 1372 est,
2246 1326 2528 1364 ostendendum

1462 1383 1517 1411 est
1544 1376 1620 1412 hoc
1646 1376 1909 1413 universaliter
1937 1376 1975 1413 in
2009 1378 2189 1415 omnibus
2222 1379 2448 1428 praedicatis
2477 1379 2529 1416 af-

1460 1428 1671 1465 firmativis.

1513 1492 1551 1527 4.
1573 1482 1622 1518 Et
1648 1481 1777 1530 incipit
1804 1495 1915 1520 suam
1953 1483 2297 1522 considerationem
2326 1498 2348 1522 a
2380 1485 2529 1534 praedi-

1462 1533 1552 1570 catis
1573 1545 1648 1582 per
1674 1535 1847 1572 accidens
1868 1536 1904 1582 ²¹³,
1925 1535 1963 1572 in
1984 1537 2123 1585 quibus
2152 1545 2207 1574 est
2225 1538 2358 1587 triplex
2386 1538 2527 1576 modus

1460 1599 1575 1623 verae
1612 1587 1916 1636 praedicationis.
1946 1589 2054 1626 Unus
2083 1590 2238 1639 quidem
2274 1591 2414 1628 modus
2452 1599 2528 1639 est,

1462 1640 1616 1689 quando
1646 1640 1822 1678 accidens
1849 1642 2090 1690 praedicatur
2115 1643 2162 1680 de
2191 1643 2404 1690 accidente;
2424 1651 2527 1693 puta,

1463 1706 1551 1730 cum
1581 1693 1762 1741 dicimus,
1792 1694 1920 1733 album
1949 1696 2128 1733 ambulat.
2160 1697 2360 1734 Secundus
2389 1697 2530 1735 modus

1462 1754 1527 1793 est,
1549 1747 1704 1796 quando
1733 1747 1947 1785 subiectum
1975 1749 2216 1798 praedicatur
2235 1749 2282 1787 de
2311 1749 2528 1798 accidente;

1460 1807 1563 1848 puta,
1577 1812 1665 1836 cum
1681 1800 1854 1848 dicimus,
1870 1802 1941 1838 hoc
1955 1814 2141 1852 magnum
2157 1808 2212 1840 est
2223 1803 2369 1853 lignum
2387 1804 2418 1840 ⁸¹.
2434 1804 2529 1841 Ter-

1459 1853 1532 1890 tius
1561 1853 1701 1890 modus
1730 1861 1796 1902 est,
1826 1855 1981 1904 quando
2011 1855 2186 1893 accidens
2213 1856 2454 1905 praedicatur
2481 1856 2530 1895 de

1461 1906 1648 1952 subiecto;
1672 1914 1775 1955 puta,
1802 1919 1891 1944 curn
1920 1908 2101 1955 dicimus,
2123 1909 2270 1959 lignum
2298 1916 2353 1947 est
2377 1910 2529 1948 album.-

1459 1960 1522 1997 vel
1543 1972 1631 1996 cum
1648 1959 1820 2007 dicimus,
1840 1962 1953 1998 homo
1968 1962 2147 1999 ambulat.
2165 1962 2227 2000 Isti
2242 1970 2371 2000 autem
2386 1964 2407 1983 ⁵
2422 1963 2530 2001 modi

1459 2012 1704 2061 praedicandi
1724 2021 1811 2051 sunt
1829 2013 1934 2051 alteri
1954 2022 1990 2052 et
2010 2015 2150 2052 diversi
2169 2015 2218 2053 ad
2232 2015 2419 2054 invicem:
2440 2016 2530 2066 quia

1461 2077 1549 2103 cum
1565 2066 1778 2104 subiectum
1792 2067 2032 2115 praedicatur
2047 2068 2094 2106 de
2110 2068 2316 2116 accidente,
2324 2077 2428 2118 puta,
2440 2082 2530 2107 curn

1461 2119 1606 2166 dicitur,
1622 2119 1750 2157 album
1779 2126 1831 2157 est
1859 2121 2018 2170 lignum,
2034 2122 2110 2159 hoc
2138 2121 2370 2170 significatur
2382 2120 2407 2170 ³,
2424 2122 2531 2172 quod

1460 2172 1551 2209 illud
1579 2172 1793 2210 universale
1828 2174 2111 2222 praedicatum,
2142 2175 2249 2224 quod
2277 2183 2333 2213 est
2361 2175 2529 2227 lignum,

1463 2320 1490 2342 et
1507 2318 1579 2350 quod
1598 2325 1666 2348 non,·
1691 2319 1713 2343 1:
1733 2319 1853 2351 sequitur
1877 2319 1948 2352 quod
1965 2322 1992 2344 et
2011 2326 2079 2350 non,·
2097 2319 2132 2344 P:
2149 2320 2270 2353 sequitur
2287 2321 2360 2354 quod
2377 2328 2438 2347 non.
2458 2335 2478 2341 -
2495 2322 2530 2347 B:

1458 2353 1546 2385 possit
1565 2354 1672 2387 definiri
1689 2354 1960 2387 aliquid—Codices,
1979 2362 2032 2380 exc.
2053 2355 2092 2386 Q:
2111 2359 2139 2380 et
2155 2355 2228 2388 quod
2244 2356 2270 2381 si
2287 2356 2431 2390 definitur:
2449 2364 2530 2390 qum

1463 2389 1539 2414 etiam
1559 2389 1696 2414 lectionem
1715 2390 1895 2422 adoptavimus
1914 2391 1972 2415 loco
1993 2390 2052 2420 PQ:
2075 2394 2102 2416 et
2123 2391 2148 2416 si
2166 2391 2330 2425 definitum·
2343 2391 2424 2418 Paulo
2443 2397 2530 2419 nutem

1463 2431 1541 2485 2²82?
1549 2424 1992 2492 §5:222225“;}.202‘32.}“132¹³3>
2000 2426 2531 2496 23251'13552?25322231'2222231

1461 2498 1524 2520 cata
1538 2502 1594 2521 esse
1610 2496 1724 2521 eta-In
1742 2495 1790 2521 hac
1808 2496 1907 2521 ratione
1919 2497 2041 2529 supponit
2059 2497 2212 2523 Aristoteles
2232 2498 2264 2523 de
2278 2498 2357 2523 rebus
2372 2498 2425 2524 dari
2440 2497 2529 2524 defini-

1461 2530 1554 2562 tiones,
1570 2536 1596 2556 et
1609 2531 1655 2556 has
1670 2530 1832 2557 definitiones
1851 2532 1972 2565 cognosci
1992 2540 2006 2557 n
2025 2532 2109 2564 nobis,
2128 2538 2172 2558 aut
2191 2534 2283 2558 saltem
2302 2541 2381 2566 posse
2397 2535 2529 2566 cognosci.

1462 2566 1499 2591 Sit
1518 2574 1580 2598 ergo
1599 2566 1662 2592 haec
1681 2566 1795 2592 definitio
1816 2567 1970 2598 essentialis,
1989 2568 2068 2593 homo
2087 2571 2127 2593 est
2144 2568 2246 2593 animal
2265 2569 2412 2594 rationale.-
2431 2570 2458 2595 in
2477 2577 2529 2603 qun

1462 2600 1609 2627 definitione
1622 2602 1725 2627 animal
1743 2603 1876 2628 rationale
1896 2610 1926 2628 se
1946 2602 2023 2628 habet
2041 2611 2088 2636 per
2106 2605 2215 2629 modum
2234 2604 2379 2636 praedicati,
2399 2609 2527 2637 quatenus

1461 2636 1574 2662 definitio
1593 2638 1744 2662 enunciatur
1766 2645 1814 2671 per
1834 2638 1942 2663 modum
1964 2638 2148 2671 propositionis
2165 2644 2191 2664 et
2208 2644 2248 2664 est
2269 2638 2363 2664 virtute
2385 2640 2529 2673 propositio

1462 2670 1512 2705 (Cf.
1527 2673 1615 2703 lect.v‚
1623 2681 1648 2698 n.
1656 2673 1691 2706 9).
1710 2673 1854 2698 Rationale
1874 2677 1914 2698 est
1928 2673 2069 2698 differentia
2088 2673 2179 2699 ultima
2197 2681 2245 2699 seu
2263 2673 2382 2707 specifica
2406 2674 2528 2707 hominis,

1460 2707 1564 2733 animal
1582 2713 1622 2733 est
1644 2715 1727 2741 genus
1749 2708 1905 2741 proximum.
1929 2709 1979 2734 Sed
1998 2716 2051 2733 non
2072 2714 2112 2734 est
2130 2716 2212 2742 genus
2231 2710 2376 2742 proximum
2396 2710 2445 2735 nisi
2464 2718 2528 2744 qun-

1460 2748 1537 2768 tenus
1556 2743 1581 2767 in
1594 2751 1624 2768 se
1638 2743 1817 2776 complectitur
1835 2751 1929 2776 genera
1948 2744 2036 2769 omnin
2054 2743 2199 2777 superior-¹⁸3
2219 2752 2299 2778 quam
2316 2745 2350 2770 ob
2363 2753 2477 2777 causum,
2490 2746 2529 2771 di-

1461 2778 1544 2803 cendo
1563 2779 1633 2811 quod
1652 2778 1732 2803 homo
1750 2784 1790 2804 est
1804 2779 1907 2810 animal,
1925 2779 2049 2813 implicite
2067 2785 2093 2804 et
2110 2780 2257 2805 necessario
2276 2780 2386 2806 dicimus
2400 2781 2476 2814 quod
2495 2781 2529 2807 sit

1461 2813 1559 2844 vivens,
1572 2814 1644 2847 quod
1661 2814 1818 2839 substantia.
1838 2814 1908 2848 Ergo
1922 2815 1947 2839 in
1966 2814 2103 2848 hypothesi
2123 2816 2194 2848 quod
2213 2815 2246 2840 sit
2265 2815 2335 2841 abire
2354 2816 2379 2841 in
2398 2815 2527 2842 infinitum

1460 2849 1486 2874 in
1505 2849 1665 2882 praedicatis,
1683 2857 1736 2874 non
1754 2850 1802 2874 erit
1820 2857 1973 2883 supremum
1991 2858 2074 2882 genus
2088 2851 2120 2881 X,
2131 2859 2185 2884 quo
2199 2851 2338 2883 subtracto,
2349 2851 2471 2884 implicite
2482 2859 2528 2878 ne-

1459 2889 1534 2917 gatur
1555 2892 1637 2917 genus
1659 2885 1814 2918 proximum,
1838 2886 1909 2918 quod
1933 2884 2105 2911 definitionem
2125 2886 2274 2919 ingreditur,
2293 2891 2319 2912 et
2338 2893 2528 2920 consequenter

1460 2918 1573 2945 definitio
1592 2920 1645 2945 dari
1664 2920 1762 2954 nequit.
1779 2921 1804 2946 Si
1817 2928 1880 2953 ergo
1901 2921 1992 2946 dantur
2011 2920 2182 2953 definitiones,
2197 2930 2250 2947 non
2269 2927 2309 2947 est
2327 2923 2452 2955 possibile
2467 2930 2527 2957 pm-

1460 2955 1551 2981 cedere
1569 2955 1596 2980 in
1615 2955 1742 2981 infinitum
1760 2956 1786 2981 in
1804 2956 1955 2989 praedicatis
1974 2957 2164 2983 essentialibus.

1513 2988 1537 3024 Θ)
1559 2990 1666 3024 Infinita
1686 2999 1737 3017 non
1754 2992 2048 3024 estpertransire.-Ita
2068 2993 2157 3024 codd,
2177 3000 2230 3018 exc.
2245 2993 2371 3018 G1.-Ed.
2386 2993 2479 3020 Plan-2
2498 2993 2528 3019 in

1460 3025 1591 3059 infinitum
1607 3034 1658 3058 non
1672 3030 1711 3052 est
1720 3027 1889 3059 pertransire
1894 3034 1903 3056 ,·
1916 3027 1955 3052 G:
1970 3035 2022 3052 non
2036 3028 2170 3061 contingit
2184 3028 2210 3053 in
2231 3027 2336 3061 infinita
2354 3028 2485 3058 transire3
2503 3029 2526 3054 1:

1460 3061 1565 3094 infinita
1590 3070 1640 3087 non
1665 3062 1755 3087 contin
1778 3063 1798 3088 it
1813 3063 1990 3095 pertransire.
2005 3077 2024 3082 -
2039 3063 2138 3089 Deinde
2157 3063 2267 3097 legimus
2287 3071 2347 3089 cum
2366 3065 2441 3089 codd.
2460 3064 2526 3097 (exc.

1459 3097 1544 3130 om:
1563 3097 1624 3123 Non
1643 3101 1731 3123 autem
1764 3098 1786 3122 H
1806 3106 1859 3123 om.
1878 3097 1979 3133 autem)
1999 3099 2132 3133 contingit
2149 3098 2225 3132 (CKz
2244 3099 2400 3133 contingat)
2420 3099 2529 3133 definiri

1459 3132 1505 3165 (Nx
1525 3132 1649 3166 definire,·
1667 3133 1693 3158 in
1707 3134 1730 3158 A
1745 3133 1856 3166 definire
1874 3134 1966 3166 corrig.
1982 3134 2072 3159 eadem
2092 3142 2177 3160 aman.
2192 3142 2271 3160 manu
2285 3135 2311 3160 in
2330 3134 2462 3169 definiri),
2481 3142 2526 3161 ne-

1459 3175 1509 3200 que
1521 3168 1637 3193 eto-P:
1656 3168 1717 3194 Non
1736 3172 1825 3194 autem
1839 3169 1964 3195 convenit
1976 3174 2032 3200 etc.;
2052 3169 2076 3195 1:
2094 3170 2156 3195 Non
2175 3170 2244 3196 enim
2263 3169 2404 3204 contingit.
2423 3170 2448 3196 Ο
2466 3174 2530 3204 poet

1459 3203 1486 3228 in
1506 3203 1610 3238 infinita
1629 3203 1746 3229 transire
1764 3204 1860 3237 pergit:
1881 3205 1950 3230 idest
1968 3212 2020 3230 non
2039 3205 2173 3239 contingit
2195 3205 2311 3238 definiri.
2359 3208 2362 3212 ”
2420 3224 2426 3227 -

1458 3275 1479 3299 n
1498 3238 1543 3299 οἳ,
1552 3239 2249 3309 ῗιὲἕῖῗῗὲῗῗῖῗέἰὸῑῗἏῑῖεἵΎὲἶῶῗὶῗο
2262 3241 2304 3266 ””
2315 3240 2381 3266 ‘m
2392 3240 2530 3274 ‚mm

1507 3309 1534 3345 κ)
1555 3293 1698 3341 Quaedam,
1709 3311 1861 3343 praemittit
1879 3284 1985 3336 etei-B
2003 3316 2029 3336 et
2042 3319 2069 3344 p.
2082 3319 2118 3336 m.
2132 3313 2155 3337 Α
2168 3319 2222 3338 om.
2235 3311 2383 3344 quaedam
2400 3311 2442 3338 nui
2458 3310 2527 3337 eod-x

1454 3346 1608 3377 praemittit
1626 3346 1773 3379 quaedam,·
1792 3346 1803 3372 1
1820 3354 1874 3371 om.
1888 3354 1956 3379 quae
1972 3349 2043 3372 sunt.

1510 3379 1540 3416 λ)
1560 3381 1619 3407 Hoc
1637 3381 1804 3416 significatur
1823 3387 1871 3407 etc.
1883 3394 1902 3402 ·-
1914 3382 1986 3407 GIT:
2005 3382 2060 3413 hic,·
2078 3382 2150 3408 BGO
2165 3387 2192 3408 et
2205 3390 2231 3415 p.
2244 3389 2280 3407 m.
2293 3381 2329 3408 C:
2342 3381 2415 3416 signi
2431 3383 2526 3413 eatur,-

1459 3416 1479 3441 C
1496 3424 1518 3442 s.
1529 3425 1572 3442 m.:
1587 3417 1743 3451 significum
1757 3417 1790 3443 P:
1804 3417 2006 3451 significa-A:
2021 3417 2094 3451 quod
2107 3417 2174 3443 illud
2183 3417 2389 3451 particulariter
2413 3423 2525 3450 expung.

1454 3452 1553 3484 partic.
1569 3457 1594 3477 et
1608 3460 1689 3484 marg.
1708 3453 1766 3478 add.
1781 3451 1986 3487 universaliter)
2002 3453 2190 3486 praedicatum
2196 3460 2206 3484 ,·
2224 3452 2234 3478 1
2252 3460 2306 3478 om.
2321 3452 2436 3489 univers.
2446 3464 2466 3472 -
2478 3451 2523 3477 ΕΙ)

1459 3487 1708 3519 EGHKLNOQST:
1723 3488 1898 3521 praedicetur
1915 3488 1950 3514 de
1966 3487 2113 3514 subiecto.-
2122 3488 2171 3514 HR
2184 3492 2211 3514 et
2228 3495 2250 3513 s.
2265 3495 2300 3513 m.
2314 3487 2347 3513 5:
2365 3486 2410 3513 cui
2425 3486 2528 3512 accidit

1458 3529 1514 3547 esse
1527 3523 1625 3549 album.
1644 3523 1717 3548 Hanc
1736 3523 1872 3549 lectionem
1891 3523 2045 3557 adoptamus
2064 3524 2125 3557 quin
2143 3531 2200 3549 enm
2219 3527 2246 3548 et
2263 3529 2356 3548 sensus
2367 3522 2483 3555 requirit,
2498 3526 2526 3547 et

1459 3565 1480 3582 s.
1495 3557 1611 3583 Thomas
1630 3558 1724 3583 indicat
1741 3566 1789 3592 per
1807 3566 1837 3584 ee
1855 3566 1923 3592 quae
1937 3563 2091 3592 sequuntur.
2110 3559 2144 3584 P:
2162 3558 2206 3584 cui
2223 3557 2322 3584 accidit
2338 3563 2394 3584 aa
2406 3557 2526 3591 lignum3

1458 3593 1496 3618 T:
1514 3593 1603 3619 album
1622 3593 1736 3627 lignum.

2555 434 2562 442 ”
2572 433 2648 456 Codd.
2656 446 2666 450 -
2677 441 2702 456 ¹⁸:
2713 441 2768 456 con-

2554 460 2648 507 }ltggan
2662 464 2684 482 et
2693 461 2769 483 itnin-

2554 573 2565 583 ⁸
2582 548 2678 594 Coddf-
2689 579 2714 594 P:
2730 580 2768 595 se-

2554 601 2645 626 quetur.

2552 648 2562 659 “
2578 654 2619 669 AB:
2635 649 2703 669 stare
2712 654 2768 670 con-

2554 674 2625 701 ting.,·
2634 680 2701 696 num:
2713 680 2768 696 con-

2555 700 2634 728 tingit.

2553 967 2564 978 ⁴
2579 966 2642 988 Lect.
2652 972 2702 995 req.

2554 1179 2564 1191 ’
2578 1178 2650 1200 Num.
2665 1178 2688 1201 6.

2556 1339 2565 1350 “
2580 1344 2651 1360 mmo:
2667 1338 2692 1360 in
2705 1343 2735 1360 ω

2556 1364 2628 1393 quod.

2555 1548 2618 1604 :lest
2632 1549 2684 1572 lect.
2698 1555 2754 1571 xxxi
2763 1566 2770 1576 .

2556 1815 2568 1826 ⁸
2587 1820 2615 1837 o:
2636 1813 2714 1837 abun
2735 1817 2773 1837 eet

2555 1841 2771 1891 arsam

2555 1962 2656 1992 ’tuem
2663 1976 2692 1992 ex
2699 1970 2771 1993 oodd.
