2548 4192
936 304 1671 351 leaTHOMAMMMUHNATEM

582 382 860 419 CAPUTIL

186 481 322 506 Genuinus
339 479 475 512 Aquinatis
493 478 579 504 foetus
597 483 637 503 est
651 478 815 510 Opusculum
829 478 924 502 Contra
938 485 1038 503 errores
1053 478 1211 503 Graecorum
1226 479 1257 503 ad

257 515 392 541 Urbanum
411 514 553 545 Quartum:
567 513 687 538 Auctoris
706 513 851 538 consilium.
858 513 977 546 imperita
996 518 1021 538 et
1035 513 1171 546 impudens
1187 514 1257 538 Casi-

257 550 316 575 miri
335 549 430 575 Oudini
450 557 559 575 censura
577 548 708 574 refellitur.
722 549 790 573 Mala
804 547 869 572 fides
888 548 989 573 Ioannis
1007 549 1123 580 Launoii,
1141 549 1185 581 qui
1205 549 1259 573 Ro-

256 583 537 645 manummll‘iontificem
551 584 723 609 adclamatum
741 583 767 608 in
786 583 891 616 Synodo
910 583 1113 608 Calchedonensi
1128 584 1257 609 Oecume

256 621 344 646 uicum
363 620 369 626 '
407 620 495 645 ciatun

186 734 211 765 1.
234 727 433 809 Primum,
453 735 544 776 quod
565 735 646 766 inter
661 735 826 775 opuscula
842 735 1020 776 theologica
1039 746 1255 774 numeramus,

306 779 428 810 Contra
453 789 582 810 errores
607 779 804 810 Graecorum
821 780 865 810 ad
886 780 1052 811 Urbanum
1076 781 1130 810 IV
1151 790 1256 810 recen-

185 829 255 853 sent
276 823 391 854 vetusti
410 833 523 854 omnes
547 823 692 864 Operum
715 824 814 854 sancti
836 824 983 854 Thomae
1005 824 1172 865 Aquinatis
1196 834 1255 854 no-

184 867 403 898 menclatores.
427 868 653 898 Ptolomaeum
676 869 855 898 Lucensem
877 878 1023 899 memoro
1047 869 1127 898 libro
1153 868 1254 899 XXIII

184 910 267 941 Hist.
279 911 400 950 eccles„
418 912 518 952 capite
526 921 583 950 xn,
598 912 879 942 Bartholomaeum
896 912 1108 952 Logothetam
1117 912 1151 942 in
1161 912 1254 951 Frag-

184 962 294 986 mento
324 956 410 996 apud
432 956 611 993 Baluzium,
634 956 831 986 Bernardum
855 956 1024 994 Guidonis,
1048 956 1138 986 cuius
1161 956 1255 985 verba

185 998 320 1030 afferunt
338 1000 471 1030 Iacobus
495 1000 658 1030 Echardus
674 1007 704 1030 et
720 1000 893 1030 casimirus
908 1000 1068 1038 Oudinus,
1084 1000 1255 1030 Nicolaum

185 1043 352 1074 Trivetum
374 1044 408 1073 in
432 1054 491 1074 suo
523 1044 561 1073 de
580 1044 673 1074 rebus
695 1044 865 1083 anglicanis
884 1043 1058 1080 Chronico,
1082 1043 1171 1084 quod
1185 1043 1254 1073 vul-

184 1087 270 1126 gavit
286 1087 471 1125 Dacherius,
495 1087 649 1117 Ioannem
672 1087 835 1118 Columna
858 1087 897 1117 de
923 1087 997 1117 viris
1025 1087 1198 1117 illustribus
1221 1086 1254 1116 in

184 1130 360 1170 Excerpto‚
385 1131 474 1171 quod
496 1131 663 1170 vulgatum
693 1138 814 1170 prostat
835 1131 869 1160 in
893 1131 987 1161 altera
1009 1137 1117 1161 nostra
1134 1130 1254 1160 Disser-

184 1174 312 1205 tatione.
346 1174 406 1204 His
434 1174 664 1214 probatissimis
698 1181 753 1205 aut
781 1174 967 1215 synchronis
997 1181 1052 1204 aut
1075 1180 1156 1204 certe
1180 1184 1254 1213 sup-

182 1217 311 1258 paribus
334 1218 476 1256 testibus,
500 1225 678 1249 consonant
699 1218 935 1250 Valleoletanus
959 1225 990 1248 et
1008 1224 1134 1248 sanctus
1152 1219 1254 1248 Anto-

183 1261 288 1293 ninus.
301 1262 336 1292 In
346 1262 379 1292 id
393 1262 486 1302 Opus
501 1261 681 1293 incubuisse
695 1263 900 1303 Aquinatem,
911 1269 947 1292 ut
961 1262 1098 1292 Summo
1107 1261 1254 1292 Pontifici

183 1305 314 1337 Urbano
331 1306 373 1337 IV
396 1316 521 1340 morem
544 1313 674 1346 gereret,
693 1316 732 1336 ex
754 1307 825 1346 ipso
851 1306 1018 1346 prooemio
1043 1312 1138 1346 patet,
1162 1313 1254 1336 nota—

163 1349 519 1391 *vitquaeptolomaeus
551 1350 703 1381 Lucensis
726 1350 799 1381 loco
832 1344 941 1381 citato:
961 1350 1064 1387 Item,
1089 1350 1252 1390 inquiens,

183 1399 341 1425 tractatus
366 1394 488 1425 Contra
513 1404 641 1425 errores
666 1394 886 1431 Graecorum,
911 1394 955 1425 ad
978 1396 1164 1434 petitionem
1193 1394 1253 1424 Ur-

182 1438 259 1470 bani
280 1438 336 1469 IV
350 1439 470 1478 Papae,
494 1440 550 1479 qui
567 1440 614 1469 sic
629 1439 756 1479 incipit:
778 1439 936 1469 Libellum
961 1445 1018 1469 etc.

248 1482 463 1513 Elucubrandi
496 1483 653 1523 Opusculi
691 1483 893 1514 occasionem
926 1493 1030 1523 eoque
1062 1483 1093 1512 in
1128 1483 1251 1513 edendo

182 1526 352 1557 consilium
374 1526 442 1566 ipse
465 1527 610 1557 Thomas
626 1527 725 1567 aperit
749 1527 782 1557 in
797 1527 968 1558 Prooemio
987 1527 1038 1557 vel
1060 1527 1093 1557 in
1109 1527 1253 1566 Epistola

181 1569 223 1600 ad
244 1570 418 1601 Summum
445 1571 602 1601 Ecclesiae
626 1571 822 1602 Christianae
853 1570 1056 1602 Pontificem:
1080 1571 1250 1609 Libellum,

180 1613 339 1654 inquiens,
353 1615 394 1646 ab
409 1615 612 1646 Excellentia
629 1620 735 1646 vestra
751 1616 829 1646 mihi
844 1615 1029 1652 exhibitum,
1046 1615 1252 1646 Sanctissime

180 1658 280 1689 Pater
309 1659 440 1689 Urbane
462 1660 572 1700 Papa,
605 1659 780 1700 diligenter
805 1659 956 1700 perlegi,
986 1661 1018 1690 in
1051 1669 1114 1699 quo
1144 1660 1252 1690 inveni

180 1702 420 1743 quamplurima
434 1703 478 1734 ad
492 1709 622 1734 nostrae
620 1703 707 1744 fidei
715 1705 923 1735 assertionem
939 1704 1031 1734 utilia
1046 1709 1077 1734 et
1086 1713 1250 1743 expressa.

180 1746 344 1777 Admonet
366 1755 462 1778 vero:
486 1747 526 1778 In
545 1748 794 1779 authoritatibus
818 1753 1005 1778 sanctorum
1023 1748 1170 1785 Patrum,
1194 1757 1248 1778 eo-

181 1790 256 1821 dem
277 1790 311 1821 in
334 1791 442 1822 oblato
465 1791 574 1822 libello
597 1791 773 1829 contentis,
795 1791 912 1822 offendi
935 1801 1002 1821 non
1025 1801 1144 1831 pauca,
1168 1802 1252 1832 quae

173 1840 307 1875 possent
329 1836 499 1866 materiam
518 1836 705 1866 ministrare
720 1845 869 1866 errorum
893 1840 924 1865 et
942 1837 1153 1866 contentionis
1170 1835 1252 1866 dare

179 1879 378 1909 occasionem
402 1884 433 1910 et
455 1879 647 1910 calumniae.
669 1879 754 1910 Hinc
784 1879 862 1910 duas
885 1879 983 1910 veluti
1011 1879 1043 1909 in
1067 1887 1170 1919 partes
1198 1880 1251 1910 tri-

179 1922 287 1953 buitur
302 1922 521 1962 Opusculum:
542 1933 679 1963 quarum
693 1923 790 1964 prior,
806 1933 889 1964 quae
906 1923 1004 1964 dubia
1020 1933 1088 1954 esse
1102 1924 1252 1954 videntur

180 1967 214 1998 in
229 1967 479 1998 authoritatibus
490 1967 680 2007 praedictis,
700 1974 785 1998 recto
809 1974 840 1998 et
863 1967 1019 1998 catholico
1041 1977 1135 1998 sensu
1155 1978 1250 2008 expo-

178 2010 243 2042 nit:
260 2010 399 2041 ostendit
412 2011 518 2049 altera,
537 2012 693 2052 quomodo
714 2022 756 2042 ex
775 2013 820 2042 eis
839 2013 959 2043 veritas
978 2012 1154 2042 catholicae
1166 2013 1252 2053 fidei

180 2060 211 2086 et
233 2054 388 2086 doceatur
406 2061 436 2086 et
454 2055 659 2095 defendatur.
685 2056 759 2086 Pars
790 2056 892 2096 prima
916 2056 1043 2086 duobus
1066 2066 1102 2086 ac
1125 2057 1251 2096 triginta

179 2098 334 2139 capitibus
366 2099 558 2130 absolvitur:
591 2100 686 2130 altera
718 2100 939 2140 complectitur
961 2100 1027 2130 duo
1051 2110 1147 2140 supra
1173 2111 1250 2142 qua-

179 2142 330 2183 draginta.

245 2187 282 2217 ln
300 2186 359 2218 hac
382 2187 478 2217 altera
496 2194 583 2227 parte
607 2198 726 2218 errores
750 2188 945 2219 Graecorum
971 2187 1170 2227 reiiciuntur,
1194 2190 1249 2230 qui

177 2230 336 2271 pertinent
353 2231 398 2262 ad
419 2231 575 2271 Spiritum
597 2237 760 2270 sanctum,
790 2232 834 2263 ad
856 2232 981 2262 Summi
998 2232 1162 2273 Pontificis
1178 2235 1249 2274 pri-

177 2280 299 2305 matum
317 2285 358 2306 ac
371 2280 579 2315 potestatem,
600 2277 643 2307 ad
661 2277 926 2317 augustissimum
945 2276 1173 2308 Eucharistiae
1188 2278 1249 2308 Sa-

177 2324 389 2356 cramentum,
414 2319 459 2350 ad
479 2320 724 2362 Purgatorium.
750 2321 835 2351 Tota
857 2320 1028 2350 insumitur
1051 2331 1123 2360 pars
1146 2321 1248 2361 prima

175 2362 210 2393 in
233 2363 427 2403 exponendis
454 2373 642 2403 graecorum
664 2365 795 2395 Patrum
823 2364 1002 2401 sententiis,
1031 2375 1113 2405 quae
1141 2366 1246 2405 primo

176 2413 305 2447 aspectu
329 2407 496 2447 ambiguae
525 2415 555 2440 et
577 2409 752 2449 implexae,
783 2409 955 2449 minusque
984 2407 1057 2438 fidei
1077 2409 1247 2440 catholicae

176 2450 275 2483 videri
299 2460 459 2481 consonae
482 2460 622 2491 possent.
648 2453 753 2483 Pauca
780 2453 914 2483 subiicio
938 2453 1101 2492 exempla,
1121 2460 1157 2483 ut
1179 2464 1247 2484 rem

177 2494 350 2535 percipias:
374 2505 403 2525 v.
427 2505 458 2535 g.
486 2495 651 2532 Quomodo
680 2497 884 2537 intelligatur
910 2497 970 2526 hoc
995 2497 1086 2536 quod
1111 2497 1245 2535 dicitur,

177 2538 263 2579 quod
280 2539 385 2569 Filius
407 2539 500 2570 habet
518 2550 587 2572 esse
608 2551 628 2571 a
649 2541 758 2578 Patre,
780 2542 864 2571 sicut
890 2546 1057 2571 causatum
1078 2550 1099 2571 a
1118 2551 1217 2572 causa
1229 2542 1248 2572 5⁸

181 2583 348 2620 Quomodo
366 2584 581 2624 intelligatur,
604 2585 690 2625 quod
708 2586 844 2615 essentia
870 2585 912 2615 sit
929 2585 1040 2625 genita
1060 2586 1092 2615 in
1115 2586 1198 2616 Filio
1218 2591 1248 2616 et

177 2627 302 2667 spirata
321 2628 354 2657 in
380 2627 503 2667 Spiritu
522 2629 659 2660 sancto?
687 2629 852 2666 Quomodo
878 2629 1072 2669 intelligitur
1099 2639 1170 2660 cum
1199 2629 1247 2660 di-

178 2672 274 2709 citur,
290 2671 404 2701 Deitas
419 2672 512 2702 homo
517 2673 616 2714 sacta
628 2674 647 2704 ξ)

246 2715 404 2746 Graecum
426 2722 548 2747 textum
580 2727 647 2747 non
677 2716 756 2747 vidit
778 2716 942 2757 Aquinas,
966 2726 1070 2757 neque
1103 2717 1249 2757 expendit

178 2759 243 2790 sive
266 2769 325 2799 pro
349 2769 406 2790 sua
428 2760 539 2800 peritia
561 2761 626 2791 sive
650 2761 826 2801 peritorum
850 2768 928 2800 ope:
954 2770 1140 2800 graecorum
1161 2761 1248 2791 enim

176 2804 308 2834 Patrum
331 2804 499 2834 sententias
522 2805 587 2835 iam
610 2805 705 2835 latine
732 2815 836 2835 versas
866 2805 1134 2844 complectebatur
1161 2805 1248 2835 libel-

176 2847 244 2886 lus,
268 2857 366 2888 quem
389 2848 587 2879 sanctissimo
606 2849 739 2880 Doctori
757 2849 928 2889 legendum
944 2849 1084 2879 exhibuit
1100 2850 1247 2880 Urbanus

177 2891 323 2921 Pontifex
345 2892 513 2924 Maximus.
540 2895 690 2924 Attamen
723 2893 829 2923 minus
862 2900 1040 2924 accuratam
1068 2893 1158 2924 novit
1180 2894 1247 2933 ipse

177 2934 357 2965 versionem
378 2935 486 2974 illam;
512 2937 722 2977 imperiteque
744 2937 879 2967 latinum
901 2937 1104 2977 interpretem
1122 2948 1155 2968 se
1178 2948 1247 2977 ges-

179 2978 255 3008 sisse
279 2979 430 3010 admonet
448 2986 518 3011 tum
547 2981 581 3011 in
605 2981 739 3021 epistola
762 2982 802 3011 ad
828 2981 936 3021 ipsum
954 2982 1140 3012 Romanum
1162 2982 1247 3012 Pon-

178 3021 306 3060 tificem,
323 3028 394 3052 turn
409 3031 572 3062 postremo
589 3025 703 3065 Operis
720 3025 830 3068 capite.
849 3025 922 3062 Qua
940 3025 979 3055 de
997 3035 1030 3055 re
1045 3025 1078 3055 in
1093 3025 1154 3055 alia
1167 3025 1247 3055 mihi

179 3066 339 3106 agendum
358 3066 592 3099 Dissertatione.

247 3110 284 3140 II.
302 3109 448 3140 Casimin'
467 3111 589 3142 Oudini
612 3111 784 3151 iudicium,
808 3113 907 3143 nimia
930 3112 1120 3143 confidentia
1142 3113 1246 3153 prola-

179 3161 260 3192 tum,
285 3153 325 3183 ad
348 3163 479 3185 examen
502 3156 684 3186 vocandum
707 3163 762 3187 est.
780 3157 858 3187 Eius
893 3157 998 3196 accipe
1030 3157 1140 3195 verba,
1165 3166 1247 3196 quae

177 3198 333 3228 habentur
353 3199 387 3228 in
416 3199 642 3230 Dissertatione
673 3210 765 3239 saepe
798 3201 889 3231 citata
919 3201 1019 3240 capite
1047 3208 1114 3230 xxx:
1150 3213 1165 3228 a<
1183 3201 1268 3240 Lu-,

181 3255 196 3269 ³
215 3242 293 3272 bens
327 3252 386 3282 ego
422 3242 619 3283 Opusculum
653 3244 738 3274 istud
776 3251 884 3275 sancto
916 3245 1063 3274 Thomae
1095 3244 1247 3284 Aquinati

180 3299 196 3314 x·
216 3285 455 3324 abiudicassem‚
480 3297 555 3317 cum
570 3287 685 3317 honori
703 3287 787 3318 illius
811 3288 914 3318 favere
937 3288 1117 3318 nullatenus
1136 3288 1245 3327 possit.

181 3343 197 3358 »
217 3330 279 3360 Sed
307 3331 559 3361 nomenclatores
586 3330 821 3371 Opusculorum
845 3332 940 3362 huius
969 3331 1148 3371 scriptoris,
1173 3341 1247 3361 con-

181 3386 196 3401 »
216 3381 332 3405 stanter
355 3385 467 3405 omnes
500 3375 709 3405 adscribentes
738 3375 783 3405 illi
807 3375 899 3414 Opus
922 3375 1007 3405 istud
1037 3375 1155 3405 nullius
1178 3385 1247 3404 mo—

182 3431 198 3446 »
216 3419 315 3449 menti
338 3419 389 3449 vel
412 3419 545 3457 roboris,
565 3418 646 3449 hanc
669 3429 688 3448 a
710 3429 762 3448 me
786 3419 972 3458 opinionem
991 3418 1111 3448 amoliti
1131 3425 1215 3448 sunt.
1229 3430 1243 3445 »

179 3462 332 3493 Veterum
347 3463 530 3493 testimonio
546 3469 710 3502 permotus
724 3462 927 3502 Opusculum
944 3462 1058 3492 fatetur
1072 3472 1248 3501 genuinum

179 3506 326 3537 Thomae
351 3506 483 3537 foetum.
512 3509 556 3537 At
578 3507 693 3537 honori
716 3507 813 3543 illius,
838 3506 952 3546 inquit,
963 3505 1084 3545 favere
1110 3506 1246 3536 nullate-

180 3560 242 3580 nus
253 3556 370 3590 potest.
389 3551 456 3581 Cur
478 3549 542 3581 ita?
556 3550 740 3581 Absurdum
765 3551 848 3580 enim
872 3551 1002 3580 omnino
1016 3549 1089 3589 fuit
1114 3555 1145 3579 et
1168 3550 1247 3579 Tho-

179 3604 252 3624 mae
274 3596 429 3635 Aquinati
459 3596 666 3625 temerarium
699 3594 839 3625 scribere
871 3599 983 3624 contra
1009 3593 1168 3630 Graecos,
1193 3594 1249 3633 qui

179 3647 299 3678 graece
322 3649 385 3670 non
410 3639 614 3680 intelligeret.
643 3639 802 3679 Linguam
833 3648 978 3678 graecam
1009 3647 1076 3668 non
1108 3637 1248 3668 calluerit

323 3700 393 3733 opp.
411 3701 443 3726 D.
457 3701 572 3725 Tnonaa
590 3700 622 3725 T.
641 3700 659 3725 1.

1310 384 1470 424 Aquinas:
1496 390 1527 414 at
1549 384 1595 414 illi
1616 389 1742 424 praesto
1767 390 1854 414 erant
1877 383 1944 414 eius
1966 383 2092 423 linguae
2119 384 2210 424 periti
2226 408 2235 423 ,
2258 387 2314 426 qui
2339 387 2379 416 si-

1312 428 1375 458 cuti
1399 434 1529 468 urgente
1552 438 1588 458 ac
1611 427 1791 468 postulante
1814 428 1953 465 Thoma,
1972 427 2069 458 libros
2092 428 2268 459 Aristotelis
2284 430 2379 460 latine

1310 472 1552 510 transtulerunt,
1577 482 1613 502 ac
1633 472 1763 502 Parrum
1778 481 1964 511 graecorum
1987 472 2140 512 Excerpta
2154 472 2208 502 illa
2231 473 2379 513 plurima,

1311 525 1392 555 quae
1419 516 1579 546 Continuo
1602 517 1692 556 operi
1715 517 1747 546 in
1771 521 1912 556 quatuor
1933 516 2116 556 Evangelia
2141 516 2256 547 inserta
2285 524 2378 548 sunt:

1309 559 1352 589 ita
1375 569 1502 599 graecos
1525 560 1630 590 Patres
1654 569 1692 590 eo
1716 560 1750 589 in
1773 559 1952 599 Opusculo,
1972 560 2060 600 quod
2083 561 2230 591 Urbanus
2250 561 2292 592 1=V
2309 571 2379 591 exa-

1309 603 1499 634 minandum
1522 603 1685 643 praebuit,
1709 614 1784 634 cum
1808 614 1920 634 eorum
1952 604 2113 634 sententiis
2137 605 2304 644 allegatos,
2328 615 2378 635 ex-

1309 647 1445 687 pendere
1468 647 1618 678 facillimo
1633 648 1763 688 negotio
1778 648 1933 678 valebant.
1951 648 2019 678 Cur
2036 658 2111 678 vero
2126 649 2254 688 peritiae
2268 649 2303 679 in
2317 649 2379 679 lin-

1309 701 1371 730 gua
1398 701 1508 731 graeca
1540 692 1756 722 necessitatem
1785 702 1897 731 urges,
1927 702 2001 722 cum
2032 693 2163 723 Patrum
2192 702 2379 732 graecorum

1308 735 1487 765 testimonia
1508 736 1680 766 contineret
1694 736 1759 766 iam
1774 736 1870 766 latine
1886 736 2032 766 translata
2053 736 2180 767 libellus
2203 747 2222 767 a
2241 737 2378 767 Summo

1308 778 1460 810 Pontifice
1485 778 1631 810 oblatus?
1655 779 1723 810 Cur
1745 780 1895 819 theologo
1920 780 2053 819 dignum
2070 790 2152 820 opus
2175 791 2242 811 non
2265 781 2376 820 fuerat,

1309 823 1419 853 eadem
1433 824 1528 854 latine
1550 834 1639 854 versa
1654 823 1835 854 testimonia
1858 824 1898 853 ad
1921 833 2051 854 examen
2070 834 2192 863 vocare,
2208 831 2239 855 et
2254 825 2280 854 si
2295 835 2378 865 quae

1307 867 1384 906 ipsis
1407 867 1529 897 inerant
1551 868 1626 898 vitia
1648 867 1840 907 patefacere,
1864 877 1984 907 quaeve
2007 868 2080 898 inde
2112 868 2229 899 hauriri
2253 869 2377 899 emolu-

1309 917 1415 941 menta
1438 917 1584 951 poterant
1607 909 1783 941 declarare?
1812 911 1847 940 Id
1870 910 1980 951 utique
2010 912 2049 942 ab
2072 912 2231 952 Aquinate
2255 913 2377 953 egregie

1308 954 1510 994 praestitum:
1535 955 1591 995 qui
1614 965 1741 985 rursum
1769 954 1882 984 latinae
1905 955 2058 985 versionis
2080 956 2155 986 vitia
2187 966 2253 986 non
2276 967 2378 996 pauca

1308 998 1435 1036 indicat,
1458 999 1713 1039 imperitiamque
1732 998 1918 1038 interpretiS,
1938 999 2081 1040 quisquis
2104 999 2156 1029 ille
2180 1000 2284 1039 fuerit,
2303 1001 2375 1041 plu-

1308 1041 1394 1072 ribus
1418 1042 1568 1082 exemplis
1593 1042 1797 1072 demonstrat.

1376 1086 1510 1126 Ineptire
1533 1086 1635 1126 pergit
1657 1086 1822 1116 Oudinus:
1843 1099 1857 1113 ι
1870 1086 1963 1116 Unde
1986 1086 2189 1126 Opusculum
2204 1087 2304 1126 istud,
2329 1089 2376 1118 in-

1311 1141 1326 1156 »
1344 1131 1468 1169 quiens,
1488 1130 1802 1169 impudentissimum
1825 1130 1974 1169 appellari
1993 1137 2097 1169 potest
2116 1131 2157 1160 ob
2175 1131 2375 1171 allegationes

1310 1185 1326 1200 x·
1345 1173 1527 1203 falsissimas
1559 1173 1835 1211 testimoniorum,
1866 1183 1947 1213 quae
1980 1184 2158 1214 numquam
2189 1175 2223 1204 in
2255 1176 2375 1215 scriptis

1310 1229 1324 1244 ν
1345 1216 1540 1248 Graecorum
1556 1224 1802 1257 comparuerunt
1813 1240 1821 1247 .
1834 1239 1842 1247 .
1854 1240 1862 1247 .
1880 1218 2012 1247 Ioannes
2032 1218 2195 1248 Launoius
2219 1220 2251 1248 in
2265 1221 2376 1259 prima

1310 1273 1325 1288 »
1348 1261 1392 1291 ad
1413 1262 1587 1292 Antonium
1616 1262 1762 1291 Faurum
1786 1261 1931 1301 Epistola
1951 1262 2098 1299 ostendit,
2117 1262 2174 1292 tria
2198 1272 2234 1292 ex
2255 1263 2376 1303 Cyrillo

1310 1318 1325 1332 »
1343 1305 1557 1335 Alexandrino
1576 1305 1672 1336 relata
1690 1305 1723 1335 in
1738 1306 1769 1335 b.
1786 1305 1932 1335 Thomae
1949 1305 2116 1345 Opusculo
2135 1306 2256 1336 Contra
2275 1307 2376 1337 Grae-

1310 1361 1325 1376 »
1345 1359 1455 1380 corum
1480 1359 1608 1380 errores
1631 1349 1831 1387 testimonia,
1857 1349 1978 1389 Cyrillo
2009 1349 2174 1389 supposita
2198 1350 2374 1381 fuisse...-

1309 1406 1324 1421 »
1343 1394 1385 1424 Et
1403 1393 1436 1424 in
1458 1394 1604 1434 Epistola
1628 1394 1672 1424 ad
1693 1394 1831 1424 Paulum
1854 1394 2045 1433 Ratuynum
2066 1394 2213 1433 expendit
2235 1395 2376 1424 testimo-

1309 1450 1323 1465 »
1342 1438 1395 1467 nia
1419 1437 1599 1475 duodecim,
1623 1447 1704 1478 quae
1723 1437 1756 1467 in
1780 1437 1895 1467 eodem
1917 1437 2085 1476 Opusculo
2110 1437 2207 1467 sancti
2230 1438 2376 1468 Thomae

1309 1494 1324 1509 »
1347 1482 1470 1512 Contra
1497 1481 1694 1512 Graecorum
1720 1491 1849 1512 errores
1878 1481 2092 1511 attribuuntur
2116 1481 2267 1512 Conciliis
2291 1482 2377 1512 Con-

1309 1538 1323 1553 »
1342 1526 1624 1564 stantinopolitano
1649 1532 1680 1556 et
1703 1525 1974 1563 Calchedonensi,
1999 1525 2232 1565 Chrysostomo
2255 1531 2286 1555 et
2309 1525 2377 1556 aliis

1308 1582 1323 1597 ι
1342 1570 1486 1600 Patribus
1509 1570 1646 1609 graecis:
1680 1580 1762 1610 quae
1786 1569 1864 1600 falsa
1893 1578 1960 1599 esse
1989 1569 2098 1599 omnia
2130 1576 2224 1609 atque
2256 1569 2376 1600 adulte-

1308 1626 1323 1641 »
1343 1621 1408 1644 rata
1431 1614 1577 1644 ostendit.
1592 1626 1606 1641 2>
1625 1614 1712 1644 Haec
1735 1614 1797 1644 ille.
1815 1613 1944 1643 Fuerint
1959 1623 2035 1643 vero
2054 1613 2213 1653 praedicta
2231 1613 2373 1644 testimo-

1306 1658 1415 1688 monia
1430 1665 1485 1688 aut
1508 1657 1585 1688 falsa
1607 1664 1661 1688 aut
1685 1658 1857 1688 adulterata
1882 1667 1917 1687 ac
1932 1657 2117 1687 venerandis
2141 1658 2272 1688 Patrum
2288 1668 2374 1697 grae-

1307 1712 1419 1733 corum
1433 1701 1617 1732 nominibus
1641 1702 1819 1742 supposita:
1836 1701 1968 1732 illorum
1990 1707 2071 1732 certe
2095 1711 2127 1731 se
2149 1701 2263 1732 vadem
2286 1712 2374 1741 prae-

1306 1746 1411 1776 buisse
1441 1755 1621 1786 numquam
1652 1746 1845 1786 Aquinatem
1878 1745 2123 1776 animadvertere
2152 1746 2316 1776 Launoius
2344 1752 2375 1776 et

1306 1790 1456 1820 Oudinus
1479 1790 1643 1820 debebant.
1674 1790 1720 1820 Ea
1743 1790 1865 1829 legebat
1892 1790 1959 1829 ipse
1984 1790 2017 1819 in
2040 1789 2167 1828 libello,
2191 1799 2288 1830 quem
2315 1790 2373 1820 Ur-

1306 1834 1406 1864 banus
1426 1834 1468 1864 IV
1492 1834 1666 1864 obtulerat:
1690 1834 1786 1874 idque
1810 1833 1868 1864 sibi
1892 1843 2028 1871 munus,
2053 1834 2142 1874 quod
2165 1833 2374 1864 commissum

1305 1878 1426 1916 fuerat,
1450 1878 1638 1908 obeundum
1661 1877 1817 1917 suscepit,
1842 1884 1878 1908 ut
1901 1887 1982 1918 quae
2010 1877 2106 1908 dubia
2129 1883 2159 1907 et
2181 1877 2319 1917 implexa
2340 1878 2374 1907 in

1304 1922 1365 1952 illis
1384 1922 1621 1953 auctoritatibus
1644 1922 1840 1959 videbantur,
1864 1922 1905 1951 ad
1928 1921 2120 1952 catholicum
2142 1931 2271 1951 sensum
2294 1921 2374 1951 redi-

1303 1973 1408 2006 geret;
1427 1966 1641 2006 indicaretque
1663 1966 1820 2007 quomodo
1836 1975 1878 1996 ex
1901 1967 1946 1996 eis
1970 1966 2089 1996 veritas
2112 1965 2286 1995 catholicae
2290 1965 2375 2005 fidei

1304 2016 1334 2041 et
1356 2010 1465 2041 doceri
1488 2016 1518 2041 et
1540 2010 1671 2050 defendi
1695 2015 1815 2050 posset.
1842 2010 1930 2040 Num
1961 2019 2036 2039 vero
2070 2009 2183 2039 sanctis
2206 2009 2370 2048 Patribus,

1304 2064 1444 2095 quorum
1475 2055 1608 2085 nomina
1646 2054 1679 2084 in
1713 2054 1819 2084 oblato
1853 2053 1960 2084 libello
1990 2053 2138 2093 inscripta
2169 2053 2372 2092 legebantur,

1303 2105 1384 2129 recte
1408 2098 1524 2129 fuerint
1539 2099 1696 2136 attributa,
1713 2108 1753 2128 an
1769 2098 1848 2128 falso
1863 2097 2038 2138 supposita,
2054 2097 2197 2138 quaestio
2213 2103 2260 2127 est
2275 2107 2373 2137 quam

1303 2143 1435 2173 minime
1458 2143 1602 2176 Thomas
1625 2142 1768 2173 versavit.

1369 2187 1490 2217 Veritas
1522 2187 1591 2227 ipsa
1624 2187 1755 2224 suadet,
1789 2193 1824 2216 ut
1857 2185 1988 2216 candide
2021 2184 2175 2215 fateamur
2208 2184 2372 2215 Thomam

1303 2237 1460 2269 nostrum,
1485 2237 1515 2261 et
1537 2231 1697 2261 iuniorem
1720 2237 1751 2260 et
1773 2236 1960 2270 provectum
1983 2235 2081 2259 aetate
2102 2228 2211 2269 Cyrilli
2234 2228 2370 2258 Alexan-

1302 2275 1382 2305 drini
1406 2275 1587 2305 testimonia
1609 2275 1767 2315 quaedam
1797 2284 1834 2304 ex
1857 2283 1970 2303 eorum
1988 2282 2140 2310 numero,
2171 2282 2253 2313 quae
2276 2272 2309 2302 in
2331 2272 2370 2302 li-

1301 2319 1386 2349 bello
1402 2329 1420 2349 a
1437 2319 1572 2349 Summo
1595 2318 1748 2349 Pontifice
1767 2318 1875 2348 oblato
1895 2317 2026 2347 collecta
2044 2317 2237 2356 prostabant,
2253 2316 2286 2346 in
2301 2316 2369 2346 aliis

1301 2362 1459 2402 Operibus
1473 2363 1633 2402 allegasse,
1645 2363 1687 2394 IV
1698 2362 1795 2400 Sent.,
1807 2362 1877 2392 dist.
1887 2371 1968 2399 xxxv,
1980 2371 2010 2401 q.
2021 2370 2070 2399 111,
2081 2367 2137 2391 art.
2146 2370 2182 2399 11,
2193 2367 2224 2391 et
2236 2360 2270 2390 in
2281 2360 2371 2400 Opu-

1301 2407 1390 2437 sculo
1417 2407 1539 2437 Contra
1567 2408 1795 2447 impugnantes
1821 2406 2022 2446 Religionem
2053 2411 2084 2435 et
2114 2404 2147 2435 in
2172 2404 2292 2435 Catena
2315 2414 2371 2434 seu

1299 2451 1332 2481 in
1365 2450 1470 2491 Opere
1497 2452 1647 2481 continuo
1677 2452 1709 2480 in
1737 2455 1878 2490 quatuor
1899 2449 2092 2489 Evangelia.
2127 2450 2170 2479 At
2203 2448 2371 2479 consilium

1301 2495 1447 2525 Thomae
1472 2501 1502 2525 et
1524 2495 1643 2525 bonam
1666 2494 1763 2524 fidem
1786 2504 1821 2524 ac
1845 2493 1940 2524 etiam
1964 2493 2094 2523 fortasse
2118 2492 2211 2522 crisin
2229 2492 2370 2522 animad-

1300 2539 1459 2569 versiones
1476 2539 1634 2576 evincunt,
1652 2548 1734 2579 quae
1750 2544 1936 2578 sequuntur.
1954 2537 2060 2567 Primo
2076 2546 2214 2576 namque
2229 2546 2369 2576 pronum

1302 2583 1380 2621 fuit,
1405 2589 1441 2613 ut
1464 2593 1500 2613 ea
1522 2583 1722 2619 testimonia,
1747 2582 1901 2612 severiore
1921 2581 2027 2612 critico
2065 2580 2206 2610 examine
2234 2587 2369 2620 praeter-

1301 2627 1410 2665 misso,
1435 2627 1595 2657 adhiberet
1617 2626 1771 2667 Aquinas,
1789 2636 1870 2666 quae
1893 2625 2049 2665 germanis
2073 2624 2140 2654 aliis
2160 2631 2229 2654 tum
2247 2624 2368 2664 Cyrilli,

1301 2678 1371 2701 tum
1394 2671 1531 2701 aliorum
1554 2671 1684 2701 Patrum
1707 2669 1906 2700 documentis
1937 2679 1972 2699 ac
2000 2668 2072 2698 fidei
2099 2668 2268 2698 catholicae
2293 2678 2367 2698 con-

1302 2725 1381 2745 sona
1403 2715 1538 2745 videbat.
1555 2715 1633 2745 Eius
1657 2714 1751 2745 etiam
1775 2720 1873 2744 aetate
1890 2713 2013 2744 codices
2037 2713 2215 2750 exstabant,
2239 2711 2273 2741 in
2296 2711 2366 2751 qui-

1302 2760 1361 2789 bus
1385 2759 1560 2799 praedictae
1583 2759 1766 2799 legebantur
1789 2757 2007 2795 auctoritates,
2032 2763 2213 2786 sanctorum
2239 2755 2369 2785 Patrum

1302 2803 1486 2833 nominibus
1510 2803 1685 2841 attributae,
1710 2802 1825 2843 quibus
1849 2802 1975 2832 easdem
1998 2800 2077 2830 falso
2098 2800 2226 2830 tandem
2249 2809 2368 2838 suppo-

1302 2848 1375 2877 sitas
1395 2847 1576 2877 criticorum
1599 2847 1709 2887 peritia
1732 2845 1947 2886 deprehendit.
1974 2844 2127 2875 Codicem
2149 2843 2370 2873 Colbertinum

1302 2898 1459 2921 memorat
1477 2891 1612 2922 Michael
1636 2890 1828 2931 LequienuS‚
1845 2890 1903 2920 sub
1923 2888 2053 2918 nomine
2077 2886 2226 2927 Stephani
2250 2887 2288 2916 de
2311 2886 2368 2916 Al-

1302 2942 1437 2973 tamura,
1461 2935 1494 2965 in
1518 2935 1712 2974 praefatione
1735 2934 1911 2973 Panopliae
1934 2937 2045 2963 contra
2068 2932 2204 2962 schisma
2230 2930 2369 2960 Graeco-

1303 2989 1396 3016 rum,
1423 2979 1675 3009 consarcinatum
1699 2989 1717 3008 a
1739 2977 1948 3015 Bonacursio,
1973 2976 2028 3016 qui
2057 2974 2204 3005 Doctoris
2227 2973 2371 3013 Angelici

1302 3023 1470 3063 postremis
1495 3023 1606 3053 saltem
1622 3022 1711 3052 annis
1730 3022 1873 3059 vivebat;
1894 3021 1927 3050 in
1942 3030 2008 3060 quo
2026 3019 2148 3059 spuriae
2173 3018 2245 3048 illae
2261 3024 2370 3048 aucto-

1303 3067 1427 3105 ritateS,
1451 3077 1558 3106 graece
1582 3067 1740 3106 latineque
1772 3065 1962 3104 descriptae,
1988 3074 2061 3094 cum
2085 3062 2193 3093 multis
2223 3061 2290 3092 aliis
2318 3071 2369 3101 ge-

1302 3111 1408 3141 nuinis
1431 3111 1524 3150 plane
1541 3111 1750 3141 continentur.
1769 3109 1922 3140 Codicem
1937 3108 2086 3138 eumdem
2101 3113 2240 3137 recenset
2255 3105 2369 3135 Echar-

1303 3155 1362 3185 dus
1378 3155 1419 3184 ad
1434 3165 1555 3184 annum
1583 3155 1665 3184 1260
1689 3154 1744 3184 ubi
1767 3153 1903 3191 vindicat
1921 3151 2104 3182 Bonacursii
2123 3151 2242 3180 bonam
2260 3149 2370 3179 fidem:

1303 3199 1422 3239 quippe
1445 3199 1500 3238 qui
1524 3208 1591 3228 non
1614 3209 1648 3228 ea
1672 3197 1794 3228 finxerit
1816 3197 1883 3236 ipse
1910 3202 1964 3226 aut
1987 3194 2206 3225 adulteraverit
2229 3193 2369 3224 testimo-

1302 3242 1373 3279 nia,
1398 3242 1453 3271 sed
1475 3242 1540 3271 iam
1571 3243 1610 3272 ab
1643 3241 1710 3271 aliis
1742 3241 1869 3280 vulgata
1900 3239 2075 3279 colligebat.
2101 3238 2172 3268 Pari
2200 3238 2285 3267 bona
2306 3236 2368 3266 fide

1303 3286 1446 3316 adhibuit
1464 3286 1574 3315 eadem
1597 3286 1753 3323 Thomas,
1783 3294 1864 3324 quae
1896 3284 2040 3324 genuinis
2075 3283 2152 3320 aliis,
2182 3288 2217 3311 ut
2246 3280 2368 3320 inquie-

1304 3330 1396 3367 bam,
1420 3330 1550 3359 Patrutn
1573 3329 1662 3359 dictis
1687 3336 1716 3359 et
1738 3328 1811 3358 fidei
1835 3328 2006 3358 catholicae
2030 3335 2171 3357 consona
2201 3331 2285 3354 certo
2309 3333 2368 3353 no-

1302 3379 1397 3403 verat.
1417 3373 1517 3412 Atqui
1532 3383 1607 3403 vero
1627 3379 1748 3403 constat
1764 3371 1900 3411 denique
1922 3372 1955 3401 in
1972 3377 2133 3410 postremo
2154 3368 2253 3408 ipsius
2269 3367 2369 3407 Aqui-

1303 3417 1383 3446 natis
1412 3416 1537 3455 Opere,
1562 3417 1714 3446 nimirum
1745 3416 1778 3446 in
1801 3415 1933 3447 Summa
1962 3414 2171 3453 leeologica,
2197 3411 2369 3451 praedictas

1303 3460 1502 3490 auctoritates
1526 3460 1624 3490 afferri
1648 3459 1815 3499 nuspiam,
1838 3459 1964 3488 silentio
1989 3458 2049 3488 isto
2069 3457 2297 3496 deprehensam
2313 3460 2371 3485 aut

1303 3504 1415 3534 saltem
1436 3503 1588 3543 olfactum
1604 3503 1787 3543 falsitatem
1811 3502 1982 3539 indicante,
1998 3508 2035 3531 ut
2057 3501 2124 3540 ipse
2140 3499 2304 3530 Launoius
2326 3498 2370 3529 ait

1303 3548 1336 3577 in
1360 3547 1462 3587 prima
1485 3547 1525 3577 ad
1547 3547 1572 3577 F
1575 3557 1689 3577 aurum
1710 3546 1863 3586 Epistola.

1371 3591 1422 3621 111.
1440 3591 1571 3631 Singula
1588 3590 1773 3621 huiusmodi
1797 3589 1995 3627 testimonia,
2024 3598 2105 3629 quae
2129 3587 2294 3627 supposita
2316 3593 2372 3617 aut

1304 3635 1476 3665 adulterata
1499 3635 1656 3674 dicuntur,
1680 3644 1791 3665 vocare
1814 3634 1854 3664 ad
1877 3643 2007 3664 examen
2030 3642 2134 3673 neque
2156 3631 2243 3670 libet,
2266 3641 2371 3671 neque

2195 3700 2227 3726 29

2263 319 2379 344 CCXXV
2421 344 2425 348 ,
