2548 4192
888 262 962 300 ΤΝ
992 265 1030 301 S.
1052 264 1294 303 THOMAM
1321 265 1646 312 AQUINATEM

2253 277 2393 303 CCXXXV

259 342 490 375 Conditionem
511 343 712 383 Angelorum
736 342 776 373 ad
799 353 930 373 examen
953 349 1046 374 vocat
1069 343 1169 383 capite
1192 354 1267 374 xvm
1322 355 1337 370 ›
1360 344 1481 375 teriales
1498 353 1600 375 esse.»
1619 343 1779 384 Opposita
1796 344 1918 374 adserta
1932 344 1998 375 duo
2013 344 2233 376 animadvertit
2247 346 2393 376 Petavius

191 397 275 429 quos
297 387 504 428 incorporeos
519 397 598 425 esse,
621 387 736 428 inquit,
762 389 937 418 canonicae
952 387 1141 428 Scripturae
1156 393 1266 418 aucto-

191 433 290 463 ritate
306 432 478 473 probatur,
496 441 580 473 quae
595 441 649 463 eos
667 432 807 472 Spiritus
826 433 981 463 nominat.
1008 445 1023 461 κ
1035 432 1158 462 Dicitur
1181 432 1267 462 enirn

193 488 208 504 ›
230 476 265 507 in
287 476 415 507 Psalmo
439 486 492 506 cm
511 474 558 518 (v.
580 474 632 518 4):
661 476 725 513 Qui
738 476 828 517 facit
849 477 994 518 Angelos
1025 486 1101 507 suos
1122 477 1265 517 spiritus.

193 532 208 548 2
230 521 273 552 Et
286 520 464 561 Apostolus
480 519 555 551 dicit
573 520 614 550 ad
628 520 725 551 Hebr.
742 530 766 559 1,
788 520 827 551 de
842 520 972 561 Angelis
987 520 1123 561 loquens
1138 519 1180 563 (v.
1202 518 1265 563 14):

193 576 208 591 ι
235 564 354 596 Omnes
372 570 449 595 sunt
462 564 732 596 administratorii
744 566 889 605 spiritus,
901 566 934 595 in
950 566 1163 595 ministerium
1178 566 1267 596 missi

193 619 209 635 ιν
225 614 363 650 propter
385 618 450 647 eos,
474 610 531 650 qui
553 609 761 640 hereditatem
786 610 918 649 capiunt
940 610 1066 640 salutis.
1091 609 1268 640 Consuevit

193 663 209 679 ι
232 659 341 684 autem
367 653 529 694 Scriptura
558 653 690 684 nomine
720 653 862 694 Spiritus
890 653 1011 695 aliquid
1039 653 1267 694 incorporeum

193 708 209 723 ›
232 697 405 738 designare,
423 697 601 728 secundum
619 697 700 728 illud
718 697 845 728 Ioannis
860 708 894 728 ιν
909 695 958 741 (v.
976 696 1047 741 24):
1064 698 1204 739 Spiritus
1221 704 1268 729 est

193 752 209 767 »
230 742 343 773 Deus:
366 747 398 773 et
427 751 482 773 eos
504 743 559 783 qui
589 743 729 773 adorant
752 752 846 780 eum,
881 743 914 773 in
938 744 1054 783 spiritu
1078 748 1109 774 et
1132 744 1267 774 veritate

193 796 208 812 ²
231 791 356 828 oportet
377 786 528 818 adorare.
545 787 587 818 Et
603 787 700 817 Isaiae
729 796 802 817 xxx1
827 784 876 829 (it.
895 785 944 830 3):
967 788 1150 829 Aegyptus,
1173 788 1266 818 homo

194 842 210 858 ι
233 836 265 862 et
287 840 351 861 non
374 831 485 862 Deus:
511 837 543 862 et
565 833 638 872 equi
661 841 772 862 eorum
796 841 874 862 caro
897 834 929 863 et
951 842 1014 862 non
1042 833 1184 872 spiritus.
1216 831 1267 863 Sic

193 886 208 902 ι
230 875 327 916 igitur
349 885 548 917 consequens
573 882 619 907 est
657 876 835 907 secundum
864 885 968 906 sacrae
996 876 1174 917 Scripturae
1197 886 1266 907 sen-

192 931 208 946 »
231 919 363 951 tentiam
378 920 519 960 Angelos
534 920 741 961 incorporeos
765 927 846 951 esse:
859 932 874 947 ›
900 920 982 951 idest
1007 930 1111 962 neque
1133 930 1267 961 corpora

190 963 264 995 illos
281 974 360 1004 esse,
383 974 489 1006 neque
509 965 707 1005 compositos
724 975 761 995 ex
776 971 882 995 mente
905 971 936 996 et
958 975 1092 1005 corpore
1116 975 1219 996 crasso
1237 971 1268 995 et

193 1015 374 1049 compacto.
410 1022 425 1038 ‹
442 1009 475 1040 Si
499 1009 571 1050 quis
601 1016 709 1040 autem
740 1009 905 1049 diligenter
932 1009 1008 1040 velit
1037 1010 1132 1039 verba
1162 1019 1266 1039 sacrae

193 1065 209 1080 ι
231 1052 411 1094 Scripturae
425 1053 591 1094 inspicere,
616 1063 653 1084 ex
669 1053 789 1084 eisdem
805 1053 945 1093 accipere
966 1053 1083 1093 poterit
1099 1063 1154 1083 eos
1170 1054 1266 1083 etiam

192 1109 208 1124 ³
230 1097 454 1128 immateriales
477 1107 544 1128 esse
567 1098 675 1138 (nullo
689 1097 922 1138 quantumlibet
935 1097 1046 1128 subtili
1061 1107 1101 1128 ac
1119 1097 1267 1127 aethereo

193 1153 209 1168 ›
232 1151 367 1182 corpore
381 1141 597 1184 constantes).
626 1141 780 1172 Nominat
808 1141 894 1172 enim
917 1151 972 1171 eos
998 1151 1084 1172 sacra
1107 1141 1268 1181 Scriptura

191 1196 208 1213 ι
229 1185 387 1226 quasdam
402 1186 546 1216 virtutes.
563 1186 688 1216 Dicitur
704 1186 790 1216 enim
805 1186 839 1216 in
854 1185 936 1216 Psal.
954 1194 999 1215 c11
1015 1183 1062 1227 (v.
1081 1183 1148 1227 20):
1164 1185 1267 1215 Bene-

192 1241 208 1256 »
230 1229 327 1261 dicite
334 1230 476 1261 Domino
485 1239 596 1261 omnes
604 1230 725 1271 Angeli
734 1231 816 1261 eius:
829 1236 860 1260 et
869 1235 981 1270 postea
990 1229 1135 1260 subditur
1145 1227 1187 1271 (v.
1199 1239 1216 1259 2
1225 1227 1266 1271 1):

147 1301 149 1303 .
193 1284 210 1301 ²
229 1274 416 1306 Benedicite
441 1275 582 1305 Domino
612 1284 723 1306 omnes
753 1275 888 1306 virtutes
910 1274 988 1304 eius.
1020 1273 1062 1304 Et
1086 1274 1192 1304 Lucae
1214 1283 1268 1303 xx1

193 1329 210 1345 ³
233 1315 276 1361 (v.
294 1316 371 1361 26):
391 1319 534 1350 urentes
552 1319 716 1350 caelorum
735 1318 968 1349 movebuntur:
985 1317 1076 1359 quod
1099 1318 1138 1348 de
1154 1317 1267 1350 sanctis

192 1373 211 1389 ν
230 1363 363 1404 Angelis
386 1373 500 1394 omnes
523 1363 679 1394 Doctores
710 1369 884 1404 exponunt.
916 1362 1016 1400 Quod
1039 1369 1147 1393 autem
1169 1368 1267 1393 mate-

193 1418 210 1435 »
230 1408 307 1440 riale
323 1414 380 1447 est,
396 1417 464 1438 non
479 1414 527 1439 est
544 1408 643 1439 virtus
654 1430 664 1446 ,
688 1407 743 1438 sed
758 1407 853 1438 habet
867 1407 1050 1438 virtutem...
1066 1407 1268 1448 Relinquitur

191 1462 209 1479 ι
229 1452 336 1494 igitur,
360 1452 539 1484 secundum
556 1452 768 1484 intentionem
784 1452 973 1493 Scripturae,
997 1451 1138 1492 Angelos
1154 1451 1267 1482 imma-

1319 388 1436 419 libro'I
1461 389 1509 419 De
1523 387 1664 429 Angelis,
1685 388 1787 429 capite
1806 398 1855 426 ιιι,
1875 398 1964 419 num.
1988 399 2025 419 ιο
2055 398 2122 419 non
2141 398 2207 419 esse
2225 389 2394 420 iudicanda

1320 443 1449 473 prorsus
1465 432 1630 471 haeretica,
1648 433 1704 463 sed
1718 432 1839 463 haeresi
1855 432 2016 472 proxima:
2041 443 2117 463 nam
2132 433 2306 473 quominus
2322 434 2395 464 hae-

1319 477 1414 508 retica
1430 484 1626 516 censeantur,
1636 477 1670 507 id
1684 487 1788 508 unum
1802 476 1876 508 facit
1890 477 1979 518 quod
1993 477 2141 508 nondum
2158 487 2194 507 ea
2208 488 2256 508 res
2270 477 2393 518 liquido

1320 521 1358 551 ab
1382 521 1522 561 Ecclesia
1545 521 1716 562 disceptata
1740 521 1788 552 sit.
1814 521 2069 552 Conclusionem
2091 531 2166 552 vero
2191 532 2283 552 suam
2306 521 2395 552 theo-

1319 565 1456 605 logicam
1488 565 1590 606 pergit
1620 566 1765 607 Aquinas
1797 566 1928 596 Patrum
1965 566 2150 597 testimonio
2183 565 2370 597 confirmare
2386 573 2394 596 :

1320 620 1441 650 quaeve
1464 609 1497 640 in
1520 609 1597 650 ipsis
1621 610 1780 641 canonicis
1805 610 1972 650 Scripturis
1998 610 2127 641 adversa
2157 610 2304 641 videntur
2335 610 2395 641 cla-

1320 654 1442 684 rissime
1466 654 1605 695 exponit.

1387 699 1435 729 De
1450 698 1650 738 Angelorum
1665 698 1843 729 discrimine
1858 698 1922 739 agit
1937 698 2037 739 capite
2050 708 2112 729 x1x.
2129 698 2275 730 Occurrit
2288 697 2394 739 primo

1320 742 1504 783 differentia
1528 743 1684 773 bonorum
1708 748 1739 773 et
1762 743 1942 774 malorum:
1965 748 2012 774 est
2034 744 2137 781 enim,
2161 743 2283 784 inquit,
2307 743 2395 783 apud

1320 787 1437 818 multos
1460 792 1622 827 receptum
1659 797 1728 818 esse
1753 787 1907 828 quosdam
1938 788 2071 828 spiritus
2094 787 2208 825 bonos,
2238 787 2393 828 quosdam

1321 841 1396 862 vero
1420 831 1533 861 malos.
1562 845 1577 859 ι
1590 831 1690 869 Quod
1713 831 1897 862 auctoritate
1922 841 2025 862 sacrae
2045 831 2222 872 Scripturae
2246 841 2394 872 compro-

1323 888 1337 902 »
1361 876 1462 906 batur.
1479 875 1527 905 De
1543 874 1637 905 bonis
1653 875 1739 905 enim
1754 875 1914 915 spiritibus
1931 875 2045 906 dicitur
2066 876 2106 906 ad
2121 876 2218 907 Hebr.
2236 885 2248 906 1
2263 873 2305 918 (v.
2324 873 2392 918 14):

1323 931 1338 946 »
1365 919 1484 950 Omnes
1499 925 1575 950 sunt
1588 919 1858 950 administratorii
1871 921 2014 959 spiritus,
2031 921 2063 950 in
2079 921 2290 951 ministerium
2305 921 2395 951 missi

1323 975 1337 990 >
1354 969 1492 1004 propter
1515 973 1589 1000 eos,
1610 964 1665 1003 qui
1687 963 1895 993 hereditatem
1920 965 2051 1004 capiunt
2081 965 2206 995 salutis.
2231 965 2280 995 De
2302 964 2394 994 malis

1323 1019 1338 1034 >
1361 1014 1471 1038 autem
1487 1007 1648 1047 spiritibus
1665 1007 1779 1037 dicitur
1787 1007 1899 1038 Matth.
1916 1017 1961 1038 xn
1978 1006 2019 1050 (v.
2031 1006 2100 1050 4o):
2115 1009 2195 1039 Cum
2211 1008 2396 1039 immundus

1323 1063 1338 1078 ²
1360 1053 1494 1091 spiritus
1511 1052 1627 1081 exierit
1647 1051 1687 1082 ab
1701 1051 1839 1090 homine,
1856 1051 2000 1082 ambulat
2017 1062 2080 1092 per
2096 1053 2166 1083 loca
2187 1053 2282 1083 arida
2298 1063 2395 1093 quae-

1323 1107 1338 1122 »
1361 1105 1437 1126 rens
1460 1096 1602 1135 requiem
1627 1100 1657 1125 et
1678 1105 1741 1125 non
1762 1096 1891 1126 invenit.
1912 1093 1954 1126 Et
1972 1103 2083 1136 postea
2102 1097 2246 1127 subditur
2265 1095 2307 1139 (v.
2324 1095 2394 1140 45):

1323 1151 1338 1166 ι»
1366 1140 1456 1170 Tunc
1480 1139 1568 1170 vadit
1598 1144 1629 1169 et
1651 1140 1786 1170 assumit
1813 1145 1931 1179 septem
1956 1141 2038 1170 alios
2065 1142 2198 1180 spiritus
2226 1142 2395 1181 nequiores

1324 1195 1338 1209 »
1361 1192 1432 1214 se.»
1459 1183 1549 1213 Tum
1572 1183 1793 1214 animadvertit
1816 1183 1943 1213 nonnisi
1967 1184 2023 1225 qui
2047 1185 2123 1214 boni
2147 1192 2230 1223 sunt,
2250 1185 2314 1216 dici
2328 1186 2394 1216 An-

1320 1227 1430 1268 gelos:
1456 1228 1640 1258 Daemones
1667 1233 1774 1258 autem
1803 1228 1979 1258 secundum
2009 1238 2207 1259 communem
2232 1239 2324 1260 usum
2349 1230 2394 1260 lo-

1321 1272 1440 1312 quendi
1464 1273 1593 1302 nonnisi
1615 1272 1647 1302 in
1664 1272 1749 1302 malo
1763 1273 1876 1312 accipi.
1901 1271 1968 1303 Cur
1983 1272 2035 1303 alii
2050 1273 2146 1310 boni,
2163 1273 2215 1303 alii
2235 1273 2310 1303 mali
2333 1274 2395 1305 sint

1321 1315 1414 1346 latior
1437 1322 1483 1346 est
1512 1316 1597 1356 apud
1625 1316 1733 1356 ipsum
1761 1316 1955 1347 dissertatio:
1984 1317 2092 1347 nullus
2120 1317 2231 1358 utique
2260 1324 2394 1358 praeter-

1321 1360 1438 1391 missus
1455 1370 1551 1399 error,
1575 1360 1631 1401 qui
1647 1370 1714 1391 non
1731 1360 1940 1391 convellatur:
1965 1361 2092 1392 nullum
2111 1361 2312 1402 opinantium
2328 1362 2394 1402 pla-

1322 1404 1432 1443 citum,
1448 1405 1537 1446 quod
1552 1405 1592 1435 ad
1607 1415 1738 1436 examen
1754 1415 1821 1435 non
1835 1411 1978 1436 vocetur.
1994 1405 2056 1436 Sed
2072 1416 2176 1447 neque
2191 1413 2286 1447 caput
2298 1405 2394 1446 istud,

1321 1459 1426 1491 neque
1445 1449 1538 1490 opus
1557 1449 1693 1480 absolvit
1712 1455 1838 1480 sanctus
1857 1449 2012 1480 Thomas.
