<?xml version="1.0" encoding="UTF-8"?>
<!DOCTYPE html PUBLIC "-//W3C//DTD XHTML 1.0 Transitional//EN"
    "http://www.w3.org/TR/xhtml1/DTD/xhtml1-transitional.dtd">
<html xmlns="http://www.w3.org/1999/xhtml" xml:lang="en" lang="en">
 <head>
  <title>
</title>
<meta http-equiv="Content-Type" content="text/html;charset=utf-8" />
  <meta name='ocr-system' content='tesseract 3.04.00' />
  <meta name='ocr-capabilities' content='ocr_page ocr_carea ocr_par ocr_line ocrx_word'/>
</head>
<body>
  <div class='ocr_page' id='page_1' title='image "./operaomniaiussui01thom/operaomniaiussui01thom_0076.png"; bbox 0 0 2548 4192; ppageno 0'>
   <div class='ocr_carea' id='block_1_1' title="bbox 222 309 283 335">
    <p class='ocr_par' dir='ltr' id='par_1_1' title="bbox 222 309 283 335">
     <span class='ocr_line' id='line_1_1' title="bbox 222 309 283 335; baseline -0.033 0"><span class='ocrx_word' id='word_1_1' title='bbox 222 309 283 335; x_wconf 87' lang='lat' dir='ltr'>LIV</span> 
     </span>
    </p>
   </div>
   <div class='ocr_carea' id='block_1_2' title="bbox 688 364 826 388">
    <p class='ocr_par' dir='ltr' id='par_1_2' title="bbox 688 364 826 388">
     <span class='ocr_line' id='line_1_2' title="bbox 688 364 826 388; baseline -0.022 0"><span class='ocrx_word' id='word_1_2' title='bbox 688 364 790 388; x_wconf 83' lang='lat' dir='ltr'><strong>CAPUT</strong></span> <span class='ocrx_word' id='word_1_3' title='bbox 809 364 826 385; x_wconf 87' lang='lat'>1.</span> 
     </span>
    </p>
   </div>
   <div class='ocr_carea' id='block_1_3' title="bbox 231 395 1291 548">
    <p class='ocr_par' dir='ltr' id='par_1_3' title="bbox 231 395 1291 548">
     <span class='ocr_line' id='line_1_3' title="bbox 231 395 1291 438; baseline -0.02 -2"><span class='ocrx_word' id='word_1_4' title='bbox 231 410 349 436; x_wconf 88' lang='lat' dir='ltr'>Casimiri</span> <span class='ocrx_word' id='word_1_5' title='bbox 368 408 464 434; x_wconf 89' lang='lat' dir='ltr'>Oudini</span> <span class='ocrx_word' id='word_1_6' title='bbox 483 413 592 432; x_wconf 86' lang='lat' dir='ltr'>censura</span> <span class='ocrx_word' id='word_1_7' title='bbox 610 405 636 430; x_wconf 92' lang='lat' dir='ltr'>in</span> <span class='ocrx_word' id='word_1_8' title='bbox 659 404 746 436; x_wconf 90' lang='lat' dir='ltr'>Opera</span> <span class='ocrx_word' id='word_1_9' title='bbox 766 407 792 426; x_wconf 88' lang='lat' dir='ltr'>et</span> <span class='ocrx_word' id='word_1_10' title='bbox 810 400 951 425; x_wconf 79' lang='lat' dir='ltr'>doctrinam</span> <span class='ocrx_word' id='word_1_11' title='bbox 980 396 1059 438; x_wconf 79' lang='lat' dir='ltr'>sancti</span> <span class='ocrx_word' id='word_1_12' title='bbox 1078 395 1212 435; x_wconf 70' lang='lat' dir='ltr'>T.hO¹.¹&#39;²³e⁷.</span> <span class='ocrx_word' id='word_1_13' title='bbox 1226 400 1291 433; x_wconf 68' lang='lat' dir='ltr'>cum</span> 
     </span>
     <span class='ocr_line' id='line_1_4' title="bbox 282 433 1290 471; baseline -0.021 0"><span class='ocrx_word' id='word_1_14' title='bbox 282 443 558 471; x_wconf 85' lang='lat' dir='ltr'>animadversionibus.</span> <span class='ocrx_word' id='word_1_15' title='bbox 586 441 675 465; x_wconf 86' lang='lat' dir='ltr'>Altera</span> <span class='ocrx_word' id='word_1_16' title='bbox 693 437 818 466; x_wconf 87' lang='lat' dir='ltr'>auctoris,</span> <span class='ocrx_word' id='word_1_17' title='bbox 840 435 883 467; x_wconf 90' lang='lat' dir='ltr'>qui</span> <span class='ocrx_word' id='word_1_18' title='bbox 906 434 1039 458; x_wconf 89' lang='lat' dir='ltr'>historiam</span> <span class='ocrx_word' id='word_1_19' title='bbox 1049 434 1160 471; x_wconf 38' lang='lat' dir='ltr'>‘Scripsi-t</span> <span class='ocrx_word' id='word_1_20' title='bbox 1179 433 1290 469; x_wconf 75' lang='lat' dir='ltr'>criticam</span> 
     </span>
     <span class='ocr_line' id='line_1_5' title="bbox 281 468 1290 514; baseline -0.02 -8"><span class='ocrx_word' id='word_1_21' title='bbox 281 479 471 514; x_wconf 87' lang='lat' dir='ltr'>philosophiae.</span> <span class='ocrx_word' id='word_1_22' title='bbox 487 477 573 502; x_wconf 85' lang='lat' dir='ltr'>Tertia</span> <span class='ocrx_word' id='word_1_23' title='bbox 592 474 675 500; x_wconf 86' lang='lat' dir='ltr'>lacobi</span> <span class='ocrx_word' id='word_1_24' title='bbox 694 471 823 498; x_wconf 88' lang='lat' dir='ltr'>Bruckeri.</span> <span class='ocrx_word' id='word_1_25' title='bbox 840 470 937 500; x_wconf 86' lang='lat' dir='ltr'>Quarta</span> <span class='ocrx_word' id='word_1_26' title='bbox 959 472 1083 495; x_wconf 89' lang='lat' dir='ltr'>auctoris,</span> <span class='ocrx_word' id='word_1_27' title='bbox 1106 473 1150 497; x_wconf 91' lang='lat' dir='ltr'>qui</span> <span class='ocrx_word' id='word_1_28' title='bbox 1169 468 1290 488; x_wconf 91' lang='lat' dir='ltr'>vitiorum</span> 
     </span>
     <span class='ocr_line' id='line_1_6' title="bbox 281 506 1290 548; baseline -0.02 -7"><span class='ocrx_word' id='word_1_29' title='bbox 281 515 428 548; x_wconf 82' lang='lat' dir='ltr'>theologiae</span> <span class='ocrx_word' id='word_1_30' title='bbox 448 520 554 538; x_wconf 83' lang='lat' dir='ltr'>examen</span> <span class='ocrx_word' id='word_1_31' title='bbox 573 510 681 535; x_wconf 85' lang='lat' dir='ltr'>instituit</span> <span class='ocrx_word' id='word_1_32' title='bbox 1071 507 1139 533; x_wconf 85' lang='lat' dir='ltr'><em>pag.</em></span> <span class='ocrx_word' id='word_1_33' title='bbox 1195 506 1290 523; x_wconf 84' lang='lat' dir='ltr'>cccxui</span> 
     </span>
    </p>
   </div>
   <div class='ocr_carea' id='block_1_4' title="bbox 722 518 1039 533">
    <p class='ocr_par' dir='ltr' id='par_1_4' title="bbox 722 518 1039 533">
     <span class='ocr_line' id='line_1_7' title="bbox 722 518 1039 533; baseline -0.022 0"><span class='ocrx_word' id='word_1_34' title='bbox 722 518 1039 533; x_wconf 76' lang='grc'><strong><em>........</em></strong></span> 
     </span>
    </p>
   </div>
   <div class='ocr_carea' id='block_1_5' title="bbox 229 547 1289 615">
    <p class='ocr_par' dir='ltr' id='par_1_5' title="bbox 229 547 1289 615">
     <span class='ocr_line' id='line_1_8' title="bbox 229 547 1289 615; baseline -0.02 -3"><span class='ocrx_word' id='word_1_35' title='bbox 229 588 329 612; x_wconf 84' lang='lat' dir='ltr'>Censor</span> <span class='ocrx_word' id='word_1_36' title='bbox 342 584 471 613; x_wconf 84' lang='lat' dir='ltr'>refellitur,</span> <span class='ocrx_word' id='word_1_37' title='bbox 487 582 531 615; x_wconf 89' lang='lat' dir='ltr'>qui</span> <span class='ocrx_word' id='word_1_38' title='bbox 546 547 906 606; x_wconf 50' lang='grc' dir='ltr'>ῃυῐῃεωπιείῒῖεᾷἐῐιίᾖηυπι</span> <span class='ocrx_word' id='word_1_39' title='bbox 919 571 1064 605; x_wconf 88' lang='lat' dir='ltr'>Aquinatis,</span> <span class='ocrx_word' id='word_1_40' title='bbox 1080 577 1147 602; x_wconf 91' lang='lat' dir='ltr'>quae</span> <span class='ocrx_word' id='word_1_41' title='bbox 1162 569 1289 601; x_wconf 85' lang='lat' dir='ltr'>genuinae</span> 
     </span>
    </p>
   </div>
   <div class='ocr_carea' id='block_1_6' title="bbox 281 603 1289 716">
    <p class='ocr_par' dir='ltr' id='par_1_6' title="bbox 281 603 1289 716">
     <span class='ocr_line' id='line_1_9' title="bbox 282 603 1287 652; baseline -0.02 -6"><span class='ocrx_word' id='word_1_42' title='bbox 282 622 340 651; x_wconf 89' lang='lat' dir='ltr'>sint,</span> <span class='ocrx_word' id='word_1_43' title='bbox 355 619 496 652; x_wconf 91' lang='lat' dir='ltr'>plurimum</span> <span class='ocrx_word' id='word_1_44' title='bbox 514 615 650 642; x_wconf 80' lang='lat' dir='ltr'>imminuit.</span> <span class='ocrx_word' id='word_1_45' title='bbox 666 614 814 651; x_wconf 71' lang='lat' dir='ltr'>Congruani</span> <span class='ocrx_word' id='word_1_46' title='bbox 833 610 944 649; x_wconf 48' lang='lat' dir='ltr'>latinam·</span> <span class='ocrx_word' id='word_1_47' title='bbox 955 607 1101 636; x_wconf 76' lang='lat' dir='ltr'>dictionem,</span> <span class='ocrx_word' id='word_1_48' title='bbox 1117 612 1169 637; x_wconf 91' lang='lat' dir='ltr'>qua</span> <span class='ocrx_word' id='word_1_49' title='bbox 1179 604 1242 645; x_wconf 70' lang='lat' dir='ltr'>⁸suis</span> <span class='ocrx_word' id='word_1_50' title='bbox 1262 603 1287 627; x_wconf 91' lang='lat' dir='ltr'>in</span> 
     </span>
     <span class='ocr_line' id='line_1_10' title="bbox 282 640 1289 689; baseline -0.021 -7"><span class='ocrx_word' id='word_1_51' title='bbox 282 655 412 689; x_wconf 86' lang='lat' dir='ltr'>Operibus</span> <span class='ocrx_word' id='word_1_52' title='bbox 439 661 504 678; x_wconf 89' lang='lat' dir='ltr'>usus</span> <span class='ocrx_word' id='word_1_53' title='bbox 533 656 573 676; x_wconf 91' lang='lat' dir='ltr'>est</span> <span class='ocrx_word' id='word_1_54' title='bbox 596 650 725 678; x_wconf 88' lang='lat' dir='ltr'>Thomas,</span> <span class='ocrx_word' id='word_1_55' title='bbox 746 646 874 671; x_wconf 90' lang='lat' dir='ltr'>vindicant</span> <span class='ocrx_word' id='word_1_56' title='bbox 896 651 944 676; x_wconf 84' lang='lat' dir='ltr'>ipsi</span> <span class='ocrx_word' id='word_1_57' title='bbox 966 649 1088 681; x_wconf 77' lang='lat' dir='ltr'>censores</span> <span class='ocrx_word' id='word_1_58' title='bbox 1115 640 1237 681; x_wconf 74' lang='lat' dir='ltr'>Qudinus</span> <span class='ocrx_word' id='word_1_59' title='bbox 1265 643 1289 662; x_wconf 89' lang='lat' dir='ltr'>et</span> 
     </span>
     <span class='ocr_line' id='line_1_11' title="bbox 281 675 1288 716; baseline -0.019 0"><span class='ocrx_word' id='word_1_60' title='bbox 281 691 434 716; x_wconf 84' lang='lat' dir='ltr'>Bruckerus.</span> <span class='ocrx_word' id='word_1_61' title='bbox 464 686 609 712; x_wconf 88' lang='lat' dir='ltr'>Melchioris</span> <span class='ocrx_word' id='word_1_62' title='bbox 633 684 695 709; x_wconf 90' lang='lat' dir='ltr'>Cani</span> <span class='ocrx_word' id='word_1_63' title='bbox 714 682 836 707; x_wconf 83' lang='lat' dir='ltr'>iudicium</span> <span class='ocrx_word' id='word_1_64' title='bbox 857 680 888 704; x_wconf 86' lang='lat' dir='ltr'>de</span> <span class='ocrx_word' id='word_1_65' title='bbox 906 683 998 703; x_wconf 91' lang='lat' dir='ltr'>ornatu</span> <span class='ocrx_word' id='word_1_66' title='bbox 1023 681 1146 701; x_wconf 79' lang='lat' dir='ltr'>orauonis</span> <span class='ocrx_word' id='word_1_67' title='bbox 1170 675 1288 706; x_wconf 89' lang='lat' dir='ltr'>neglecto</span> 
     </span>
    </p>
   </div>
   <div class='ocr_carea' id='block_1_7' title="bbox 227 716 1288 1039">
    <p class='ocr_par' dir='ltr' id='par_1_7' title="bbox 283 716 1288 787">
     <span class='ocr_line' id='line_1_12' title="bbox 283 716 1288 758; baseline -0.019 -7"><span class='ocrx_word' id='word_1_68' title='bbox 283 731 327 751; x_wconf 83' lang='lat' dir='ltr'>aut</span> <span class='ocrx_word' id='word_1_69' title='bbox 345 723 528 758; x_wconf 85' lang='lat' dir='ltr'>praetermisso</span> <span class='ocrx_word' id='word_1_70' title='bbox 547 728 1086 746; x_wconf 89' lang='grc'><strong>.............</strong></span> <span class='ocrx_word' id='word_1_71' title='bbox 1125 719 1139 734; x_wconf 71' lang='lat' dir='ltr'>i&gt;</span> <span class='ocrx_word' id='word_1_72' title='bbox 1204 716 1288 734; x_wconf 85' lang='lat' dir='ltr'><strong>cccxv</strong></span> 
     </span>
     <span class='ocr_line' id='line_1_13' title="bbox 674 759 1086 787; baseline -0.017 -5"><span class='ocrx_word' id='word_1_73' title='bbox 674 759 777 782; x_wconf 76' lang='lat' dir='ltr'>CAPUT</span> <span class='ocrx_word' id='word_1_74' title='bbox 791 759 830 780; x_wconf 92' lang='lat' dir='ltr'>i11.</span> <span class='ocrx_word' id='word_1_75' title='bbox 1080 782 1086 787; x_wconf 37' lang='grc'><em>·</em></span> 
     </span>
    </p>

    <p class='ocr_par' dir='ltr' id='par_1_8' title="bbox 227 781 1286 1039">
     <span class='ocr_line' id='line_1_14' title="bbox 227 781 1286 828; baseline -0.018 -6"><span class='ocrx_word' id='word_1_76' title='bbox 227 798 295 822; x_wconf 86' lang='lat' dir='ltr'>Num</span> <span class='ocrx_word' id='word_1_77' title='bbox 309 802 414 828; x_wconf 86' lang='lat' dir='ltr'>graecae</span> <span class='ocrx_word' id='word_1_78' title='bbox 427 794 528 825; x_wconf 89' lang='lat' dir='ltr'>linguae</span> <span class='ocrx_word' id='word_1_79' title='bbox 542 790 631 823; x_wconf 89' lang='lat' dir='ltr'>peritia</span> <span class='ocrx_word' id='word_1_80' title='bbox 644 790 753 822; x_wconf 89' lang='lat' dir='ltr'>polleret</span> <span class='ocrx_word' id='word_1_81' title='bbox 765 787 883 820; x_wconf 84' lang='lat' dir='ltr'>Aquinas</span> <span class='ocrx_word' id='word_1_82' title='bbox 894 785 1020 810; x_wconf 84' lang='lat' dir='ltr'>dissident</span> <span class='ocrx_word' id='word_1_83' title='bbox 1039 787 1195 822; x_wconf 42' lang='lat' dir='ltr'>scriptores.-</span> <span class='ocrx_word' id='word_1_84' title='bbox 1205 781 1286 805; x_wconf 90' lang='lat' dir='ltr'>Grae-</span> 
     </span>
     <span class='ocr_line' id='line_1_15' title="bbox 281 821 1286 858; baseline -0.017 -2"><span class='ocrx_word' id='word_1_85' title='bbox 281 839 337 856; x_wconf 89' lang='lat' dir='ltr'>cam</span> <span class='ocrx_word' id='word_1_86' title='bbox 356 834 423 854; x_wconf 92' lang='lat' dir='ltr'>certe</span> <span class='ocrx_word' id='word_1_87' title='bbox 451 827 530 852; x_wconf 91' lang='lat' dir='ltr'>coluit</span> <span class='ocrx_word' id='word_1_88' title='bbox 554 824 737 858; x_wconf 87' lang='lat' dir='ltr'>promovitque</span> <span class='ocrx_word' id='word_1_89' title='bbox 756 822 941 851; x_wconf 87' lang='lat' dir='ltr'>eruditionem,</span> <span class='ocrx_word' id='word_1_90' title='bbox 962 824 1051 851; x_wconf 88' lang='lat' dir='ltr'>utpote</span> <span class='ocrx_word' id='word_1_91' title='bbox 1065 825 1120 858; x_wconf 61' lang='lat'>‚51¹¹</span> <span class='ocrx_word' id='word_1_92' title='bbox 1146 821 1286 856; x_wconf 77' lang='lat' dir='ltr'>scriptores</span> 
     </span>
     <span class='ocr_line' id='line_1_16' title="bbox 280 855 1286 898; baseline -0.016 -8"><span class='ocrx_word' id='word_1_93' title='bbox 280 873 385 898; x_wconf 88' lang='lat' dir='ltr'>graecos</span> <span class='ocrx_word' id='word_1_94' title='bbox 404 864 430 888; x_wconf 92' lang='lat' dir='ltr'>in</span> <span class='ocrx_word' id='word_1_95' title='bbox 449 862 556 887; x_wconf 90' lang='lat' dir='ltr'>latinum</span> <span class='ocrx_word' id='word_1_96' title='bbox 570 860 700 886; x_wconf 86' lang='lat' dir='ltr'>transferri</span> <span class='ocrx_word' id='word_1_97' title='bbox 720 858 853 883; x_wconf 84' lang='lat' dir='ltr'>curaverit.</span> <span class='ocrx_word' id='word_1_98' title='bbox 868 855 1032 895; x_wconf 75' lang='lat' dir='ltr'>Imperfectas</span> <span class='ocrx_word' id='word_1_99' title='bbox 1046 858 1200 894; x_wconf 71' lang='lat' dir='ltr'>vitiatasque</span> <span class='ocrx_word' id='word_1_100' title='bbox 1215 857 1286 892; x_wconf 77' lang='lat' dir='ltr'>novit</span> 
     </span>
     <span class='ocr_line' id='line_1_17' title="bbox 280 891 1284 932; baseline -0.016 -7"><span class='ocrx_word' id='word_1_101' title='bbox 280 901 377 930; x_wconf 88' lang='lat' dir='ltr'>latinas,</span> <span class='ocrx_word' id='word_1_102' title='bbox 389 906 455 932; x_wconf 86' lang='lat' dir='ltr'>quae</span> <span class='ocrx_word' id='word_1_103' title='bbox 465 897 611 922; x_wconf 89' lang='lat' dir='ltr'>ferebantur</span> <span class='ocrx_word' id='word_1_104' title='bbox 624 895 772 920; x_wconf 88' lang='lat' dir='ltr'>versiones:</span> <span class='ocrx_word' id='word_1_105' title='bbox 787 894 1010 931; x_wconf 82' lang='lat' dir='ltr'>interpretumque</span> <span class='ocrx_word' id='word_1_106' title='bbox 1024 894 1149 929; x_wconf 73' lang='lat' dir='ltr'>inscitiam</span> <span class='ocrx_word' id='word_1_107' title='bbox 1165 891 1284 928; x_wconf 77' lang='lat' dir='ltr'>castigat:</span> 
     </span>
     <span class='ocr_line' id='line_1_18' title="bbox 279 922 1285 967; baseline -0.015 -7"><span class='ocrx_word' id='word_1_108' title='bbox 279 940 457 967; x_wconf 71' lang='lat' dir='ltr'>correctusque</span> <span class='ocrx_word' id='word_1_109' title='bbox 475 933 573 965; x_wconf 89' lang='lat' dir='ltr'>profert</span> <span class='ocrx_word' id='word_1_110' title='bbox 591 930 820 963; x_wconf 88' lang='lat' dir='ltr'>interpretationes.</span> <span class='ocrx_word' id='word_1_111' title='bbox 841 927 1005 952; x_wconf 72' lang='lat' dir='ltr'>Variantibus</span> <span class='ocrx_word' id='word_1_112' title='bbox 1029 932 1126 957; x_wconf 86' lang='lat' dir='ltr'>passim</span> <span class='ocrx_word' id='word_1_113' title='bbox 1150 928 1230 947; x_wconf 82' lang='lat' dir='ltr'>utitur</span> <span class='ocrx_word' id='word_1_114' title='bbox 1249 922 1285 946; x_wconf 91' lang='lat' dir='ltr'>di-</span> 
     </span>
     <span class='ocr_line' id='line_1_19' title="bbox 277 962 1284 1001; baseline -0.014 -6"><span class='ocrx_word' id='word_1_115' title='bbox 277 972 397 996; x_wconf 90' lang='lat' dir='ltr'>vinorum</span> <span class='ocrx_word' id='word_1_116' title='bbox 416 968 581 1001; x_wconf 85' lang='lat' dir='ltr'>eloquiorum</span> <span class='ocrx_word' id='word_1_117' title='bbox 600 966 761 996; x_wconf 82' lang='lat' dir='ltr'>lectionibus,</span> <span class='ocrx_word' id='word_1_118' title='bbox 782 972 850 998; x_wconf 89' lang='lat' dir='ltr'>quae</span> <span class='ocrx_word' id='word_1_119' title='bbox 869 971 899 988; x_wconf 87' lang='lat' dir='ltr'>ex</span> <span class='ocrx_word' id='word_1_120' title='bbox 926 962 1037 987; x_wconf 88' lang='lat' dir='ltr'>hebraeo</span> <span class='ocrx_word' id='word_1_121' title='bbox 1061 965 1086 984; x_wconf 93' lang='lat' dir='ltr'>et</span> <span class='ocrx_word' id='word_1_122' title='bbox 1104 966 1196 991; x_wconf 90' lang='lat' dir='ltr'>graeco</span> <span class='ocrx_word' id='word_1_123' title='bbox 1216 963 1284 982; x_wconf 82' lang='lat' dir='ltr'>textu</span> 
     </span>
     <span class='ocr_line' id='line_1_20' title="bbox 277 1000 1284 1039; baseline -0.015 -8"><span class='ocrx_word' id='word_1_124' title='bbox 277 1005 474 1039; x_wconf 84' lang='lat' dir='ltr'>proficiscuntur</span> <span class='ocrx_word' id='word_1_125' title='bbox 492 1012 1078 1028; x_wconf 87' lang='grc'><strong><em>..............</em></strong></span> <span class='ocrx_word' id='word_1_126' title='bbox 1116 1004 1130 1018; x_wconf 80' lang='grc'><em>»</em></span> <span class='ocrx_word' id='word_1_127' title='bbox 1181 1000 1284 1018; x_wconf 86' lang='lat' dir='ltr'>cccxvu</span> 
     </span>
    </p>
   </div>
   <div class='ocr_carea' id='block_1_8' title="bbox 224 1041 1286 1143">
    <p class='ocr_par' dir='ltr' id='par_1_9' title="bbox 224 1041 1286 1143">
     <span class='ocr_line' id='line_1_21' title="bbox 224 1041 1285 1107; baseline -0.013 -5"><span class='ocrx_word' id='word_1_128' title='bbox 224 1075 351 1102; x_wconf 88' lang='lat' dir='ltr'>Lectionis</span> <span class='ocrx_word' id='word_1_129' title='bbox 366 1074 439 1107; x_wconf 89' lang='lat' dir='ltr'>copia</span> <span class='ocrx_word' id='word_1_130' title='bbox 453 1073 479 1098; x_wconf 88' lang='lat' dir='ltr'>in</span> <span class='ocrx_word' id='word_1_131' title='bbox 493 1072 629 1105; x_wconf 87' lang='lat' dir='ltr'>Aquinate,</span> <span class='ocrx_word' id='word_1_132' title='bbox 640 1041 935 1104; x_wconf 44' lang='lat' dir='ltr'>quigsszlijgcoleArabeS,</span> <span class='ocrx_word' id='word_1_133' title='bbox 951 1066 1056 1107; x_wconf 80' lang='lat' dir='ltr'>Latinos</span> <span class='ocrx_word' id='word_1_134' title='bbox 1065 1065 1198 1106; x_wconf 44' lang='lat' dir='ltr'>&#39;plurimos</span> <span class='ocrx_word' id='word_1_135' title='bbox 1214 1064 1285 1089; x_wconf 91' lang='lat' dir='ltr'>evol-</span> 
     </span>
     <span class='ocr_line' id='line_1_22' title="bbox 275 1103 1286 1143; baseline -0.012 -8"><span class='ocrx_word' id='word_1_136' title='bbox 275 1111 312 1136; x_wconf 89' lang='lat' dir='ltr'>vit</span> <span class='ocrx_word' id='word_1_137' title='bbox 330 1109 510 1143; x_wconf 87' lang='lat' dir='ltr'>philosophos.</span> <span class='ocrx_word' id='word_1_138' title='bbox 531 1109 628 1133; x_wconf 88' lang='lat' dir='ltr'>Eadem</span> <span class='ocrx_word' id='word_1_139' title='bbox 648 1107 764 1132; x_wconf 91' lang='lat' dir='ltr'>lectionis</span> <span class='ocrx_word' id='word_1_140' title='bbox 784 1105 857 1138; x_wconf 89' lang='lat' dir='ltr'>copia</span> <span class='ocrx_word' id='word_1_141' title='bbox 876 1104 901 1128; x_wconf 88' lang='lat' dir='ltr'>in</span> <span class='ocrx_word' id='word_1_142' title='bbox 930 1103 1109 1128; x_wconf 81' lang='lat' dir='ltr'>ecclesiasticis</span> <span class='ocrx_word' id='word_1_143' title='bbox 1129 1108 1286 1125; x_wconf 89' lang='lat' dir='ltr'>monumen-</span> 
     </span>
    </p>
   </div>
   <div class='ocr_carea' id='block_1_9' title="bbox 221 1143 1285 1311">
    <p class='ocr_par' dir='ltr' id='par_1_10' title="bbox 221 1143 1285 1311">
     <span class='ocr_line' id='line_1_23' title="bbox 277 1143 1285 1177; baseline -0.012 -6"><span class='ocrx_word' id='word_1_144' title='bbox 277 1147 318 1172; x_wconf 86' lang='lat' dir='ltr'>tis.</span> <span class='ocrx_word' id='word_1_145' title='bbox 333 1146 401 1170; x_wconf 88' lang='lat' dir='ltr'>Artis</span> <span class='ocrx_word' id='word_1_146' title='bbox 421 1145 520 1170; x_wconf 84' lang='lat' dir='ltr'>criticae</span> <span class='ocrx_word' id='word_1_147' title='bbox 539 1143 680 1177; x_wconf 85' lang='lat' dir='ltr'>specimina</span> <span class='ocrx_word' id='word_1_148' title='bbox 717 1154 1078 1166; x_wconf 90' lang='lat'>.........</span> <span class='ocrx_word' id='word_1_149' title='bbox 1123 1146 1137 1159; x_wconf 70' lang='lat' dir='ltr'>i&gt;</span> <span class='ocrx_word' id='word_1_150' title='bbox 1194 1143 1285 1160; x_wconf 81' lang='lat' dir='ltr'>cccxix</span> 
     </span>
     <span class='ocr_line' id='line_1_24' title="bbox 678 1182 1200 1211; baseline -0.013 -5"><span class='ocrx_word' id='word_1_151' title='bbox 678 1182 781 1206; x_wconf 80' lang='lat' dir='ltr'>CAPUT</span> <span class='ocrx_word' id='word_1_152' title='bbox 795 1182 824 1204; x_wconf 80' lang='lat' dir='ltr'>v,</span> <span class='ocrx_word' id='word_1_153' title='bbox 1194 1206 1200 1211; x_wconf 41' lang='lat'><strong>·</strong></span> 
     </span>
     <span class='ocr_line' id='line_1_25' title="bbox 221 1208 1285 1250; baseline -0.012 -8"><span class='ocrx_word' id='word_1_154' title='bbox 221 1216 356 1250; x_wconf 89' lang='lat' dir='ltr'>Diligentia</span> <span class='ocrx_word' id='word_1_155' title='bbox 374 1214 508 1248; x_wconf 88' lang='lat' dir='ltr'>Aquinatis</span> <span class='ocrx_word' id='word_1_156' title='bbox 523 1214 548 1238; x_wconf 94' lang='lat' dir='ltr'>in</span> <span class='ocrx_word' id='word_1_157' title='bbox 567 1213 725 1246; x_wconf 86' lang='lat' dir='ltr'>exponendis</span> <span class='ocrx_word' id='word_1_158' title='bbox 745 1211 823 1236; x_wconf 84' lang='lat' dir='ltr'>sacris</span> <span class='ocrx_word' id='word_1_159' title='bbox 843 1208 980 1242; x_wconf 88' lang='lat' dir='ltr'>Scripturis</span> <span class='ocrx_word' id='word_1_160' title='bbox 1000 1216 1029 1233; x_wconf 86' lang='lat' dir='ltr'>ac</span> <span class='ocrx_word' id='word_1_161' title='bbox 1044 1208 1285 1239; x_wconf 84' lang='lat' dir='ltr'>interpretationum</span> 
     </span>
     <span class='ocr_line' id='line_1_26' title="bbox 277 1247 1284 1277; baseline -0.01 -1"><span class='ocrx_word' id='word_1_162' title='bbox 277 1251 399 1277; x_wconf 91' lang='lat' dir='ltr'>soliditas.</span> <span class='ocrx_word' id='word_1_163' title='bbox 414 1249 521 1275; x_wconf 85' lang='lat' dir='ltr'>Simonii</span> <span class='ocrx_word' id='word_1_164' title='bbox 536 1254 561 1274; x_wconf 88' lang='lat' dir='ltr'>et</span> <span class='ocrx_word' id='word_1_165' title='bbox 579 1248 679 1273; x_wconf 85' lang='lat' dir='ltr'>Erasini</span> <span class='ocrx_word' id='word_1_166' title='bbox 698 1247 820 1272; x_wconf 88' lang='lat' dir='ltr'>iudicium</span> <span class='ocrx_word' id='word_1_167' title='bbox 857 1260 1086 1271; x_wconf 87' lang='grc'><em>......</em></span> <span class='ocrx_word' id='word_1_168' title='bbox 1127 1253 1139 1265; x_wconf 77' lang='grc'><strong>»</strong></span> <span class='ocrx_word' id='word_1_169' title='bbox 1193 1249 1284 1267; x_wconf 85' lang='lat' dir='ltr'>cccxxi</span> 
     </span>
     <span class='ocr_line' id='line_1_27' title="bbox 672 1288 829 1311; baseline -0.006 0"><span class='ocrx_word' id='word_1_170' title='bbox 672 1288 775 1311; x_wconf 80' lang='lat' dir='ltr'>CAPUT</span> <span class='ocrx_word' id='word_1_171' title='bbox 789 1289 829 1310; x_wconf 83' lang='lat' dir='ltr'>VI.</span> 
     </span>
    </p>
   </div>
   <div class='ocr_carea' id='block_1_10' title="bbox 220 1313 1286 1637">
    <p class='ocr_par' dir='ltr' id='par_1_11' title="bbox 225 1313 1286 1462">
     <span class='ocr_line' id='line_1_28' title="bbox 225 1313 1284 1356; baseline -0.011 -8"><span class='ocrx_word' id='word_1_172' title='bbox 225 1323 312 1356; x_wconf 88' lang='lat' dir='ltr'>Opera</span> <span class='ocrx_word' id='word_1_173' title='bbox 325 1321 404 1346; x_wconf 87' lang='lat' dir='ltr'>sancti</span> <span class='ocrx_word' id='word_1_174' title='bbox 418 1320 535 1345; x_wconf 90' lang='lat' dir='ltr'>Thomae</span> <span class='ocrx_word' id='word_1_175' title='bbox 545 1318 689 1352; x_wconf 87' lang='lat' dir='ltr'>theologica</span> <span class='ocrx_word' id='word_1_176' title='bbox 707 1325 841 1351; x_wconf 86' lang='lat' dir='ltr'>perperam</span> <span class='ocrx_word' id='word_1_177' title='bbox 861 1324 889 1341; x_wconf 88' lang='lat' dir='ltr'>ac</span> <span class='ocrx_word' id='word_1_178' title='bbox 907 1315 973 1340; x_wconf 85' lang='lat' dir='ltr'>falso</span> <span class='ocrx_word' id='word_1_179' title='bbox 983 1319 1080 1339; x_wconf 91' lang='lat' dir='ltr'>scatere</span> <span class='ocrx_word' id='word_1_180' title='bbox 1091 1313 1212 1338; x_wconf 91' lang='lat' dir='ltr'>dicuntur</span> <span class='ocrx_word' id='word_1_181' title='bbox 1221 1313 1284 1337; x_wconf 90' lang='lat' dir='ltr'>locis</span> 
     </span>
     <span class='ocr_line' id='line_1_29' title="bbox 277 1348 1286 1390; baseline -0.01 -8"><span class='ocrx_word' id='word_1_182' title='bbox 277 1357 382 1390; x_wconf 88' lang='lat' dir='ltr'>topicis:</span> <span class='ocrx_word' id='word_1_183' title='bbox 398 1355 542 1389; x_wconf 85' lang='lat' dir='ltr'>topicorum</span> <span class='ocrx_word' id='word_1_184' title='bbox 557 1355 628 1379; x_wconf 91' lang='lat' dir='ltr'>notio</span> <span class='ocrx_word' id='word_1_185' title='bbox 641 1354 742 1386; x_wconf 86' lang='lat' dir='ltr'>duplex.</span> <span class='ocrx_word' id='word_1_186' title='bbox 767 1353 906 1385; x_wconf 86' lang='lat' dir='ltr'>Perperam</span> <span class='ocrx_word' id='word_1_187' title='bbox 921 1351 997 1376; x_wconf 88' lang='lat' dir='ltr'>etiam</span> <span class='ocrx_word' id='word_1_188' title='bbox 1019 1349 1123 1374; x_wconf 88' lang='lat' dir='ltr'>inutiles</span> <span class='ocrx_word' id='word_1_189' title='bbox 1145 1348 1286 1381; x_wconf 81' lang='lat' dir='ltr'>futilesque</span> 
     </span>
     <span class='ocr_line' id='line_1_30' title="bbox 277 1387 1284 1423; baseline -0.01 -5"><span class='ocrx_word' id='word_1_190' title='bbox 277 1394 445 1418; x_wconf 89' lang='lat' dir='ltr'>traducuntur</span> <span class='ocrx_word' id='word_1_191' title='bbox 459 1390 623 1423; x_wconf 88' lang='lat' dir='ltr'>quaestiones</span> <span class='ocrx_word' id='word_1_192' title='bbox 639 1390 764 1422; x_wconf 87' lang='lat' dir='ltr'>plurimae</span> <span class='ocrx_word' id='word_1_193' title='bbox 778 1392 951 1421; x_wconf 84' lang='lat' dir='ltr'>pertractatae.</span> <span class='ocrx_word' id='word_1_194' title='bbox 963 1387 996 1411; x_wconf 90' lang='lat' dir='ltr'>Ut</span> <span class='ocrx_word' id='word_1_195' title='bbox 1006 1394 1051 1411; x_wconf 86' lang='lat' dir='ltr'>eae</span> <span class='ocrx_word' id='word_1_196' title='bbox 1062 1390 1284 1418; x_wconf 81' lang='lat' dir='ltr'>pertractarentur,</span> 
     </span>
     <span class='ocr_line' id='line_1_31' title="bbox 274 1422 1284 1462; baseline -0.009 -9"><span class='ocrx_word' id='word_1_197' title='bbox 274 1434 376 1462; x_wconf 87' lang='lat' dir='ltr'>praesto</span> <span class='ocrx_word' id='word_1_198' title='bbox 395 1432 467 1452; x_wconf 88' lang='lat' dir='ltr'>erant</span> <span class='ocrx_word' id='word_1_199' title='bbox 478 1431 594 1451; x_wconf 87' lang='lat' dir='ltr'>veterum</span> <span class='ocrx_word' id='word_1_200' title='bbox 609 1425 726 1457; x_wconf 86' lang='lat' dir='ltr'>exempla</span> <span class='ocrx_word' id='word_1_201' title='bbox 744 1429 770 1449; x_wconf 90' lang='lat' dir='ltr'>et</span> <span class='ocrx_word' id='word_1_202' title='bbox 783 1424 895 1448; x_wconf 89' lang='lat' dir='ltr'>rationes</span> <span class='ocrx_word' id='word_1_203' title='bbox 914 1422 1089 1455; x_wconf 85' lang='lat' dir='ltr'>gravissimae.</span> <span class='ocrx_word' id='word_1_204' title='bbox 1124 1430 1137 1444; x_wconf 83' lang='grc'>»</span> <span class='ocrx_word' id='word_1_205' title='bbox 1182 1428 1284 1445; x_wconf 84' lang='lat' dir='ltr'>cccxxii</span> 
     </span>
    </p>

    <p class='ocr_par' dir='ltr' id='par_1_12' title="bbox 667 1465 834 1488">
     <span class='ocr_line' id='line_1_32' title="bbox 667 1465 834 1488; baseline -0.012 0"><span class='ocrx_word' id='word_1_206' title='bbox 667 1465 770 1488; x_wconf 85' lang='lat' dir='ltr'>CAPUT</span> <span class='ocrx_word' id='word_1_207' title='bbox 783 1465 834 1487; x_wconf 92' lang='lat' dir='ltr'>VII.</span> 
     </span>
    </p>

    <p class='ocr_par' dir='ltr' id='par_1_13' title="bbox 220 1491 1284 1637">
     <span class='ocr_line' id='line_1_33' title="bbox 220 1491 1284 1524; baseline -0.009 1"><span class='ocrx_word' id='word_1_208' title='bbox 220 1499 365 1524; x_wconf 85' lang='lat' dir='ltr'>Aristotelis</span> <span class='ocrx_word' id='word_1_209' title='bbox 383 1498 452 1523; x_wconf 85' lang='lat' dir='ltr'>varia</span> <span class='ocrx_word' id='word_1_210' title='bbox 470 1497 571 1522; x_wconf 87' lang='lat' dir='ltr'>fortuna</span> <span class='ocrx_word' id='word_1_211' title='bbox 590 1497 616 1521; x_wconf 92' lang='lat' dir='ltr'>in</span> <span class='ocrx_word' id='word_1_212' title='bbox 634 1495 771 1520; x_wconf 83' lang='lat' dir='ltr'>Academia</span> <span class='ocrx_word' id='word_1_213' title='bbox 790 1493 936 1519; x_wconf 85' lang='lat' dir='ltr'>Parisiensi.</span> <span class='ocrx_word' id='word_1_214' title='bbox 957 1493 1041 1518; x_wconf 88' lang='lat' dir='ltr'>Sancti</span> <span class='ocrx_word' id='word_1_215' title='bbox 1061 1492 1180 1516; x_wconf 89' lang='lat' dir='ltr'>Thomae</span> <span class='ocrx_word' id='word_1_216' title='bbox 1198 1491 1284 1516; x_wconf 89' lang='lat' dir='ltr'>consi-</span> 
     </span>
     <span class='ocr_line' id='line_1_34' title="bbox 273 1527 1283 1566; baseline -0.008 -7"><span class='ocrx_word' id='word_1_217' title='bbox 273 1535 336 1559; x_wconf 90' lang='lat' dir='ltr'>lium</span> <span class='ocrx_word' id='word_1_218' title='bbox 350 1535 376 1559; x_wconf 93' lang='lat' dir='ltr'>in</span> <span class='ocrx_word' id='word_1_219' title='bbox 390 1541 440 1558; x_wconf 84' lang='lat' dir='ltr'>usu</span> <span class='ocrx_word' id='word_1_220' title='bbox 455 1532 633 1566; x_wconf 90' lang='lat' dir='ltr'>philosophiae</span> <span class='ocrx_word' id='word_1_221' title='bbox 651 1530 843 1564; x_wconf 79' lang='lat' dir='ltr'>peripateticae,</span> <span class='ocrx_word' id='word_1_222' title='bbox 864 1535 892 1554; x_wconf 91' lang='lat' dir='ltr'>ut</span> <span class='ocrx_word' id='word_1_223' title='bbox 906 1529 1038 1561; x_wconf 87' lang='lat' dir='ltr'>Stagiritae</span> <span class='ocrx_word' id='word_1_224' title='bbox 1058 1535 1153 1560; x_wconf 88' lang='lat' dir='ltr'>nempe</span> <span class='ocrx_word' id='word_1_225' title='bbox 1172 1527 1283 1552; x_wconf 86' lang='lat' dir='ltr'>auctori-</span> 
     </span>
     <span class='ocr_line' id='line_1_35' title="bbox 272 1564 1283 1599; baseline -0.008 -4"><span class='ocrx_word' id='word_1_226' title='bbox 272 1575 350 1595; x_wconf 89' lang='lat' dir='ltr'>tatem</span> <span class='ocrx_word' id='word_1_227' title='bbox 369 1577 397 1594; x_wconf 89' lang='lat' dir='ltr'>ac</span> <span class='ocrx_word' id='word_1_228' title='bbox 423 1568 563 1594; x_wconf 88' lang='lat' dir='ltr'>doctrinam</span> <span class='ocrx_word' id='word_1_229' title='bbox 582 1568 612 1592; x_wconf 87' lang='lat' dir='ltr'>iis</span> <span class='ocrx_word' id='word_1_230' title='bbox 632 1567 756 1599; x_wconf 87' lang='lat' dir='ltr'>eriperet,</span> <span class='ocrx_word' id='word_1_231' title='bbox 771 1566 815 1599; x_wconf 90' lang='lat' dir='ltr'>qui</span> <span class='ocrx_word' id='word_1_232' title='bbox 840 1566 930 1590; x_wconf 88' lang='lat' dir='ltr'>eadem</span> <span class='ocrx_word' id='word_1_233' title='bbox 954 1564 1125 1589; x_wconf 83' lang='lat' dir='ltr'>abutebantur</span> <span class='ocrx_word' id='word_1_234' title='bbox 1144 1564 1283 1588; x_wconf 87' lang='lat' dir='ltr'>adversum</span> 
     </span>
     <span class='ocr_line' id='line_1_36' title="bbox 273 1605 1283 1637; baseline -0.006 -7"><span class='ocrx_word' id='word_1_235' title='bbox 273 1605 331 1630; x_wconf 89' lang='lat' dir='ltr'>fidei</span> <span class='ocrx_word' id='word_1_236' title='bbox 351 1606 470 1637; x_wconf 87' lang='lat' dir='ltr'>dogmata</span> <span class='ocrx_word' id='word_1_237' title='bbox 501 1617 1083 1628; x_wconf 86' lang='grc'><strong>..............</strong></span> <span class='ocrx_word' id='word_1_238' title='bbox 1123 1610 1136 1622; x_wconf 85' lang='lat'>›</span> <span class='ocrx_word' id='word_1_239' title='bbox 1175 1607 1283 1624; x_wconf 85' lang='lat' dir='ltr'>cccxxiv</span> 
     </span>
    </p>
   </div>
   <div class='ocr_carea' id='block_1_11' title="bbox 222 1643 1286 1956">
    <p class='ocr_par' dir='ltr' id='par_1_14' title="bbox 657 1643 839 1666">
     <span class='ocr_line' id='line_1_37' title="bbox 657 1643 839 1666; baseline -0.011 0"><span class='ocrx_word' id='word_1_240' title='bbox 657 1643 759 1666; x_wconf 84' lang='lat' dir='ltr'>CAPUT</span> <span class='ocrx_word' id='word_1_241' title='bbox 778 1643 839 1665; x_wconf 87' lang='lat' dir='ltr'>VIII.</span> 
     </span>
    </p>

    <p class='ocr_par' dir='ltr' id='par_1_15' title="bbox 222 1670 1286 1742">
     <span class='ocr_line' id='line_1_38' title="bbox 222 1670 1286 1709; baseline -0.006 -8"><span class='ocrx_word' id='word_1_242' title='bbox 222 1676 338 1709; x_wconf 86' lang='lat' dir='ltr'>Utraque</span> <span class='ocrx_word' id='word_1_243' title='bbox 356 1674 485 1706; x_wconf 89' lang='lat' dir='ltr'>theologia</span> <span class='ocrx_word' id='word_1_244' title='bbox 498 1674 610 1698; x_wconf 87' lang='lat' dir='ltr'>revelata</span> <span class='ocrx_word' id='word_1_245' title='bbox 633 1680 661 1697; x_wconf 91' lang='lat' dir='ltr'>ac</span> <span class='ocrx_word' id='word_1_246' title='bbox 678 1672 800 1696; x_wconf 89' lang='lat' dir='ltr'>naturalis</span> <span class='ocrx_word' id='word_1_247' title='bbox 821 1673 846 1696; x_wconf 90' lang='lat' dir='ltr'>in</span> <span class='ocrx_word' id='word_1_248' title='bbox 861 1671 992 1705; x_wconf 88' lang='lat' dir='ltr'>Operibus</span> <span class='ocrx_word' id='word_1_249' title='bbox 1016 1678 1037 1695; x_wconf 87' lang='lat' dir='ltr'>s.</span> <span class='ocrx_word' id='word_1_250' title='bbox 1053 1670 1172 1695; x_wconf 86' lang='lat' dir='ltr'>Thomae</span> <span class='ocrx_word' id='word_1_251' title='bbox 1191 1678 1286 1695; x_wconf 89' lang='lat' dir='ltr'>conso—</span> 
     </span>
     <span class='ocr_line' id='line_1_39' title="bbox 277 1705 1284 1742; baseline -0.006 -6"><span class='ocrx_word' id='word_1_252' title='bbox 277 1705 346 1736; x_wconf 86' lang='lat' dir='ltr'>ciata.</span> <span class='ocrx_word' id='word_1_253' title='bbox 371 1710 511 1742; x_wconf 84' lang='lat' dir='ltr'>Utriusque</span> <span class='ocrx_word' id='word_1_254' title='bbox 530 1716 638 1733; x_wconf 86' lang='lat' dir='ltr'>munera</span> <span class='ocrx_word' id='word_1_255' title='bbox 656 1708 758 1740; x_wconf 86' lang='lat' dir='ltr'>egregie</span> <span class='ocrx_word' id='word_1_256' title='bbox 777 1708 809 1732; x_wconf 89' lang='lat' dir='ltr'>ab</span> <span class='ocrx_word' id='word_1_257' title='bbox 833 1708 926 1733; x_wconf 89' lang='lat' dir='ltr'>eodem</span> <span class='ocrx_word' id='word_1_258' title='bbox 945 1706 1068 1740; x_wconf 84' lang='lat' dir='ltr'>exposita.</span> <span class='ocrx_word' id='word_1_259' title='bbox 1090 1707 1208 1739; x_wconf 89' lang='lat' dir='ltr'>Itemque</span> <span class='ocrx_word' id='word_1_260' title='bbox 1228 1706 1284 1731; x_wconf 89' lang='lat' dir='ltr'>dili-</span> 
     </span>
    </p>

    <p class='ocr_par' dir='ltr' id='par_1_16' title="bbox 274 1745 1283 1779">
     <span class='ocr_line' id='line_1_40' title="bbox 274 1745 1283 1779; baseline -0.003 -9"><span class='ocrx_word' id='word_1_261' title='bbox 274 1746 425 1779; x_wconf 89' lang='lat' dir='ltr'>gentissime</span> <span class='ocrx_word' id='word_1_262' title='bbox 444 1745 540 1777; x_wconf 87' lang='lat' dir='ltr'>expleta</span> <span class='ocrx_word' id='word_1_263' title='bbox 542 1760 1082 1769; x_wconf 89' lang='grc'><strong>.............</strong></span> <span class='ocrx_word' id='word_1_264' title='bbox 1123 1752 1135 1765; x_wconf 81' lang='lat'><strong>»</strong></span> <span class='ocrx_word' id='word_1_265' title='bbox 1183 1749 1283 1767; x_wconf 86' lang='lat' dir='ltr'>cccxxv</span> 
     </span>
    </p>

    <p class='ocr_par' dir='ltr' id='par_1_17' title="bbox 668 1786 824 1808">
     <span class='ocr_line' id='line_1_41' title="bbox 668 1786 824 1808; baseline 0 0"><span class='ocrx_word' id='word_1_266' title='bbox 668 1786 770 1808; x_wconf 83' lang='lat' dir='ltr'><strong>CAPUT</strong></span> <span class='ocrx_word' id='word_1_267' title='bbox 785 1786 824 1808; x_wconf 88' lang='lat' dir='ltr'>ix.</span> 
     </span>
    </p>

    <p class='ocr_par' dir='ltr' id='par_1_18' title="bbox 222 1814 1284 1956">
     <span class='ocr_line' id='line_1_42' title="bbox 222 1814 1284 1848; baseline -0.002 -7"><span class='ocrx_word' id='word_1_268' title='bbox 222 1817 343 1842; x_wconf 87' lang='lat' dir='ltr'>Rationes</span> <span class='ocrx_word' id='word_1_269' title='bbox 358 1816 484 1841; x_wconf 86' lang='lat' dir='ltr'>humanas</span> <span class='ocrx_word' id='word_1_270' title='bbox 499 1821 524 1840; x_wconf 91' lang='lat' dir='ltr'>et</span> <span class='ocrx_word' id='word_1_271' title='bbox 547 1815 762 1848; x_wconf 90' lang='lat' dir='ltr'>philosophorum</span> <span class='ocrx_word' id='word_1_272' title='bbox 777 1815 940 1840; x_wconf 86' lang='lat' dir='ltr'>auctoritates</span> <span class='ocrx_word' id='word_1_273' title='bbox 965 1814 1069 1840; x_wconf 88' lang='lat' dir='ltr'>adhibet</span> <span class='ocrx_word' id='word_1_274' title='bbox 1083 1814 1201 1839; x_wconf 87' lang='lat' dir='ltr'>Thomas</span> <span class='ocrx_word' id='word_1_275' title='bbox 1216 1814 1284 1839; x_wconf 90' lang='lat' dir='ltr'>mul-</span> 
     </span>
     <span class='ocr_line' id='line_1_43' title="bbox 271 1850 1283 1885; baseline -0.002 -8"><span class='ocrx_word' id='word_1_276' title='bbox 271 1852 348 1885; x_wconf 86' lang='lat' dir='ltr'>tiplici</span> <span class='ocrx_word' id='word_1_277' title='bbox 367 1852 464 1877; x_wconf 90' lang='lat' dir='ltr'>ratione</span> <span class='ocrx_word' id='word_1_278' title='bbox 489 1856 632 1884; x_wconf 87' lang='lat' dir='ltr'>permotus.</span> <span class='ocrx_word' id='word_1_279' title='bbox 652 1851 841 1875; x_wconf 87' lang='lat' dir='ltr'>Aristotelicam</span> <span class='ocrx_word' id='word_1_280' title='bbox 866 1850 1059 1884; x_wconf 87' lang='lat' dir='ltr'>philosophiam</span> <span class='ocrx_word' id='word_1_281' title='bbox 1085 1850 1173 1875; x_wconf 86' lang='lat' dir='ltr'>nititur</span> <span class='ocrx_word' id='word_1_282' title='bbox 1197 1850 1283 1875; x_wconf 88' lang='lat' dir='ltr'>conci—</span> 
     </span>
     <span class='ocr_line' id='line_1_44' title="bbox 271 1886 1284 1920; baseline -0.002 -8"><span class='ocrx_word' id='word_1_283' title='bbox 271 1888 332 1912; x_wconf 88' lang='lat' dir='ltr'>liare</span> <span class='ocrx_word' id='word_1_284' title='bbox 346 1896 405 1912; x_wconf 94' lang='lat' dir='ltr'>cum</span> <span class='ocrx_word' id='word_1_285' title='bbox 421 1887 551 1912; x_wconf 87' lang='lat' dir='ltr'>Catholica</span> <span class='ocrx_word' id='word_1_286' title='bbox 577 1887 718 1919; x_wconf 86' lang='lat' dir='ltr'>Religione.</span> <span class='ocrx_word' id='word_1_287' title='bbox 740 1887 814 1917; x_wconf 89' lang='lat' dir='ltr'>Quae</span> <span class='ocrx_word' id='word_1_288' title='bbox 833 1887 970 1920; x_wconf 87' lang='lat' dir='ltr'>praecipua</span> <span class='ocrx_word' id='word_1_289' title='bbox 984 1886 1083 1919; x_wconf 90' lang='lat' dir='ltr'>profert</span> <span class='ocrx_word' id='word_1_290' title='bbox 1102 1886 1284 1919; x_wconf 86' lang='lat' dir='ltr'>philosophica</span> 
     </span>
     <span class='ocr_line' id='line_1_45' title="bbox 271 1922 1284 1956; baseline -0.002 -8"><span class='ocrx_word' id='word_1_291' title='bbox 271 1924 441 1954; x_wconf 81' lang='lat' dir='ltr'>documenta,</span> <span class='ocrx_word' id='word_1_292' title='bbox 462 1923 580 1947; x_wconf 83' lang='lat' dir='ltr'>facillime</span> <span class='ocrx_word' id='word_1_293' title='bbox 604 1923 675 1947; x_wconf 89' lang='lat' dir='ltr'>vario</span> <span class='ocrx_word' id='word_1_294' title='bbox 700 1931 728 1947; x_wconf 88' lang='lat' dir='ltr'>ac</span> <span class='ocrx_word' id='word_1_295' title='bbox 747 1922 881 1955; x_wconf 87' lang='lat' dir='ltr'>multiplici</span> <span class='ocrx_word' id='word_1_296' title='bbox 906 1922 1125 1956; x_wconf 88' lang='lat' dir='ltr'>philosophorum</span> <span class='ocrx_word' id='word_1_297' title='bbox 1158 1922 1284 1946; x_wconf 86' lang='lat' dir='ltr'>sistemati</span> 
     </span>
    </p>
   </div>
   <div class='ocr_carea' id='block_1_12' title="bbox 272 1959 1285 2038">
    <p class='ocr_par' dir='ltr' id='par_1_19' title="bbox 272 1959 1285 2038">
     <span class='ocr_line' id='line_1_46' title="bbox 272 1959 1285 1992; baseline -0.001 -9"><span class='ocrx_word' id='word_1_298' title='bbox 272 1959 351 1992; x_wconf 88' lang='lat' dir='ltr'>aptari</span> <span class='ocrx_word' id='word_1_299' title='bbox 370 1963 481 1992; x_wconf 90' lang='lat' dir='ltr'>possunt</span> <span class='ocrx_word' id='word_1_300' title='bbox 493 1975 1078 1983; x_wconf 87' lang='lat'>..............</span> <span class='ocrx_word' id='word_1_301' title='bbox 1119 1968 1131 1981; x_wconf 81' lang='lat'><strong>»</strong></span> <span class='ocrx_word' id='word_1_302' title='bbox 1165 1965 1285 1982; x_wconf 82' lang='lat' dir='ltr'>cccxxvri</span> 
     </span>
     <span class='ocr_line' id='line_1_47' title="bbox 472 2011 1021 2038; baseline 0.002 -2"><span class='ocrx_word' id='word_1_303' title='bbox 472 2011 698 2038; x_wconf 83' lang='lat' dir='ltr'>DISSERTATlO</span> <span class='ocrx_word' id='word_1_304' title='bbox 723 2011 1021 2037; x_wconf 79' lang='lat' dir='ltr'>TRICESIMAPRIMA.</span> 
     </span>
    </p>
   </div>
   <div class='ocr_carea' id='block_1_13' title="bbox 214 2064 1286 2555">
    <p class='ocr_par' dir='ltr' id='par_1_20' title="bbox 219 2064 1286 2098">
     <span class='ocr_line' id='line_1_48' title="bbox 219 2064 1286 2098; baseline 0.003 -10"><span class='ocrx_word' id='word_1_305' title='bbox 219 2064 260 2089; x_wconf 87' lang='lat' dir='ltr'>De</span> <span class='ocrx_word' id='word_1_306' title='bbox 279 2067 394 2096; x_wconf 83' lang='lat' dir='ltr'>quatuor</span> <span class='ocrx_word' id='word_1_307' title='bbox 407 2064 492 2089; x_wconf 83' lang='lat' dir='ltr'>sancti</span> <span class='ocrx_word' id='word_1_308' title='bbox 514 2064 629 2088; x_wconf 85' lang='lat' dir='ltr'>Thomae</span> <span class='ocrx_word' id='word_1_309' title='bbox 641 2064 782 2096; x_wconf 77' lang='lat' dir='ltr'>Aquinatis</span> <span class='ocrx_word' id='word_1_310' title='bbox 796 2064 860 2089; x_wconf 81' lang='lat' dir='ltr'>locis</span> <span class='ocrx_word' id='word_1_311' title='bbox 878 2072 910 2090; x_wconf 84' lang='lat' dir='ltr'>ac</span> <span class='ocrx_word' id='word_1_312' title='bbox 924 2064 1063 2090; x_wconf 84' lang='lat' dir='ltr'>doctrinae</span> <span class='ocrx_word' id='word_1_313' title='bbox 1081 2065 1212 2098; x_wconf 78' lang='lat' dir='ltr'>capitibus</span> <span class='ocrx_word' id='word_1_314' title='bbox 1232 2066 1286 2091; x_wconf 84' lang='lat' dir='ltr'>ine-</span> 
     </span>
    </p>

    <p class='ocr_par' dir='ltr' id='par_1_21' title="bbox 282 2099 1049 2163">
     <span class='ocr_line' id='line_1_49' title="bbox 282 2099 1049 2132; baseline 0.003 -8"><span class='ocrx_word' id='word_1_315' title='bbox 282 2103 334 2132; x_wconf 83' lang='lat' dir='ltr'>pta</span> <span class='ocrx_word' id='word_1_316' title='bbox 352 2102 378 2124; x_wconf 88' lang='lat' dir='ltr'>et</span> <span class='ocrx_word' id='word_1_317' title='bbox 397 2099 494 2124; x_wconf 81' lang='lat' dir='ltr'>iniusta</span> <span class='ocrx_word' id='word_1_318' title='bbox 513 2107 625 2124; x_wconf 82' lang='lat' dir='ltr'>censura</span> <span class='ocrx_word' id='word_1_319' title='bbox 644 2100 743 2124; x_wconf 79' lang='lat' dir='ltr'>notatis</span> <span class='ocrx_word' id='word_1_320' title='bbox 761 2107 778 2124; x_wconf 89' lang='lat' dir='ltr'>a</span> <span class='ocrx_word' id='word_1_321' title='bbox 799 2100 897 2125; x_wconf 82' lang='lat' dir='ltr'>Ioanne</span> <span class='ocrx_word' id='word_1_322' title='bbox 917 2100 1049 2126; x_wconf 82' lang='lat' dir='ltr'>Fabricio.</span> 
     </span>
     <span class='ocr_line' id='line_1_50' title="bbox 680 2141 815 2163; baseline 0.007 -1"><span class='ocrx_word' id='word_1_323' title='bbox 680 2141 783 2163; x_wconf 83' lang='lat' dir='ltr'>CAPUT</span> <span class='ocrx_word' id='word_1_324' title='bbox 797 2142 815 2163; x_wconf 92' lang='lat'>1.</span> 
     </span>
    </p>

    <p class='ocr_par' dir='ltr' id='par_1_22' title="bbox 218 2169 1286 2454">
     <span class='ocr_line' id='line_1_51' title="bbox 218 2169 1286 2203; baseline 0.002 -9"><span class='ocrx_word' id='word_1_325' title='bbox 218 2170 339 2195; x_wconf 90' lang='lat' dir='ltr'>Sanctum</span> <span class='ocrx_word' id='word_1_326' title='bbox 358 2169 487 2194; x_wconf 85' lang='lat' dir='ltr'>Thomam</span> <span class='ocrx_word' id='word_1_327' title='bbox 507 2175 577 2194; x_wconf 89' lang='lat' dir='ltr'>notat</span> <span class='ocrx_word' id='word_1_328' title='bbox 596 2170 702 2195; x_wconf 91' lang='lat' dir='ltr'>Ioannes</span> <span class='ocrx_word' id='word_1_329' title='bbox 722 2170 851 2195; x_wconf 83' lang='lat' dir='ltr'>Fabricius</span> <span class='ocrx_word' id='word_1_330' title='bbox 871 2171 902 2195; x_wconf 91' lang='lat' dir='ltr'>de</span> <span class='ocrx_word' id='word_1_331' title='bbox 922 2171 1049 2195; x_wconf 87' lang='lat' dir='ltr'>mendoso</span> <span class='ocrx_word' id='word_1_332' title='bbox 1065 2171 1147 2196; x_wconf 89' lang='lat' dir='ltr'>indice</span> <span class='ocrx_word' id='word_1_333' title='bbox 1167 2171 1286 2203; x_wconf 86' lang='lat' dir='ltr'>Gregorii</span> 
     </span>
     <span class='ocr_line' id='line_1_52' title="bbox 286 2205 1286 2238; baseline 0.001 -8"><span class='ocrx_word' id='word_1_334' title='bbox 286 2205 372 2237; x_wconf 83' lang='lat' dir='ltr'>Magni</span> <span class='ocrx_word' id='word_1_335' title='bbox 391 2213 469 2238; x_wconf 89' lang='lat' dir='ltr'>super</span> <span class='ocrx_word' id='word_1_336' title='bbox 487 2205 603 2230; x_wconf 86' lang='lat' dir='ltr'>Cantica:</span> <span class='ocrx_word' id='word_1_337' title='bbox 618 2213 746 2238; x_wconf 82' lang='lat' dir='ltr'>quaenam</span> <span class='ocrx_word' id='word_1_338' title='bbox 770 2206 886 2231; x_wconf 86' lang='lat' dir='ltr'>eiusdem</span> <span class='ocrx_word' id='word_1_339' title='bbox 910 2206 985 2231; x_wconf 87' lang='lat' dir='ltr'>suerit</span> <span class='ocrx_word' id='word_1_340' title='bbox 1004 2206 1029 2231; x_wconf 90' lang='lat' dir='ltr'>in</span> <span class='ocrx_word' id='word_1_341' title='bbox 1052 2206 1202 2232; x_wconf 88' lang='lat' dir='ltr'>huiusmodi</span> <span class='ocrx_word' id='word_1_342' title='bbox 1221 2207 1286 2231; x_wconf 88' lang='lat' dir='ltr'>indi-</span> 
     </span>
     <span class='ocr_line' id='line_1_53' title="bbox 286 2240 1286 2275; baseline 0.002 -10"><span class='ocrx_word' id='word_1_343' title='bbox 286 2240 357 2265; x_wconf 90' lang='lat' dir='ltr'>cibus</span> <span class='ocrx_word' id='word_1_344' title='bbox 377 2240 512 2273; x_wconf 87' lang='lat' dir='ltr'>diligentia.</span> <span class='ocrx_word' id='word_1_345' title='bbox 532 2241 599 2265; x_wconf 83' lang='lat' dir='ltr'>Ante</span> <span class='ocrx_word' id='word_1_346' title='bbox 617 2241 772 2274; x_wconf 83' lang='lat' dir='ltr'>Aquinatem</span> <span class='ocrx_word' id='word_1_347' title='bbox 798 2242 866 2267; x_wconf 89' lang='lat' dir='ltr'>idem</span> <span class='ocrx_word' id='word_1_348' title='bbox 886 2242 961 2267; x_wconf 82' lang='lat' dir='ltr'>index</span> <span class='ocrx_word' id='word_1_349' title='bbox 980 2243 1123 2267; x_wconf 85' lang='lat' dir='ltr'>mendosus</span> <span class='ocrx_word' id='word_1_350' title='bbox 1149 2243 1242 2275; x_wconf 86' lang='lat' dir='ltr'>legitur</span> <span class='ocrx_word' id='word_1_351' title='bbox 1261 2243 1286 2267; x_wconf 91' lang='lat' dir='ltr'>in</span> 
     </span>
     <span class='ocr_line' id='line_1_54' title="bbox 285 2276 1285 2308; baseline 0.003 -8"><span class='ocrx_word' id='word_1_352' title='bbox 285 2276 407 2308; x_wconf 87' lang='lat' dir='ltr'>Magistro</span> <span class='ocrx_word' id='word_1_353' title='bbox 426 2276 612 2301; x_wconf 80' lang='lat' dir='ltr'>Sententiarum</span> <span class='ocrx_word' id='word_1_354' title='bbox 632 2277 708 2302; x_wconf 89' lang='lat' dir='ltr'>Petro</span> <span class='ocrx_word' id='word_1_355' title='bbox 726 2277 889 2302; x_wconf 87' lang='lat' dir='ltr'>Lombardo:</span> <span class='ocrx_word' id='word_1_356' title='bbox 904 2278 973 2303; x_wconf 88' lang='lat' dir='ltr'>unde</span> <span class='ocrx_word' id='word_1_357' title='bbox 992 2277 1100 2303; x_wconf 83' lang='lat' dir='ltr'>Fabricii</span> <span class='ocrx_word' id='word_1_358' title='bbox 1120 2286 1229 2304; x_wconf 85' lang='lat' dir='ltr'>censura</span> <span class='ocrx_word' id='word_1_359' title='bbox 1248 2278 1285 2303; x_wconf 90' lang='lat' dir='ltr'>in-</span> 
     </span>
     <span class='ocr_line' id='line_1_55' title="bbox 285 2311 1286 2347; baseline 0.004 -12"><span class='ocrx_word' id='word_1_360' title='bbox 285 2311 381 2343; x_wconf 86' lang='lat' dir='ltr'>sipiens</span> <span class='ocrx_word' id='word_1_361' title='bbox 396 2316 421 2336; x_wconf 89' lang='lat' dir='ltr'>et</span> <span class='ocrx_word' id='word_1_362' title='bbox 435 2311 535 2336; x_wconf 87' lang='lat' dir='ltr'>iniusta.</span> <span class='ocrx_word' id='word_1_363' title='bbox 550 2312 662 2337; x_wconf 88' lang='lat' dir='ltr'>Vitiosae</span> <span class='ocrx_word' id='word_1_364' title='bbox 677 2313 820 2346; x_wconf 87' lang='lat' dir='ltr'>praedictae</span> <span class='ocrx_word' id='word_1_365' title='bbox 834 2313 958 2338; x_wconf 83' lang='lat' dir='ltr'>citationis</span> <span class='ocrx_word' id='word_1_366' title='bbox 973 2314 1059 2346; x_wconf 81' lang='lat' dir='ltr'>origo:</span> <span class='ocrx_word' id='word_1_367' title='bbox 1075 2322 1107 2338; x_wconf 89' lang='lat' dir='ltr'>an</span> <span class='ocrx_word' id='word_1_368' title='bbox 1122 2322 1185 2346; x_wconf 77' lang='lat' dir='ltr'>ergo</span> <span class='ocrx_word' id='word_1_369' title='bbox 1199 2314 1286 2347; x_wconf 86' lang='lat' dir='ltr'>potius</span> 
     </span>
     <span class='ocr_line' id='line_1_56' title="bbox 286 2346 1285 2380; baseline 0.004 -9"><span class='ocrx_word' id='word_1_370' title='bbox 286 2346 407 2371; x_wconf 91' lang='lat' dir='ltr'>Glossam</span> <span class='ocrx_word' id='word_1_371' title='bbox 427 2355 504 2380; x_wconf 89' lang='lat' dir='ltr'>quam</span> <span class='ocrx_word' id='word_1_372' title='bbox 524 2348 677 2379; x_wconf 77' lang='lat' dir='ltr'>Gregorium</span> <span class='ocrx_word' id='word_1_373' title='bbox 696 2356 757 2373; x_wconf 88' lang='lat' dir='ltr'>vere</span> <span class='ocrx_word' id='word_1_374' title='bbox 771 2348 885 2374; x_wconf 85' lang='lat' dir='ltr'>citaverit</span> <span class='ocrx_word' id='word_1_375' title='bbox 900 2354 1003 2374; x_wconf 87' lang='lat' dir='ltr'>sanctus</span> <span class='ocrx_word' id='word_1_376' title='bbox 1018 2349 1143 2374; x_wconf 82' lang='lat' dir='ltr'>Thomas.</span> <span class='ocrx_word' id='word_1_377' title='bbox 1159 2350 1285 2375; x_wconf 87' lang='lat' dir='ltr'>Huiusce-</span> 
     </span>
     <span class='ocr_line' id='line_1_57' title="bbox 286 2382 1286 2422; baseline 0.005 -16"><span class='ocrx_word' id='word_1_378' title='bbox 286 2382 355 2422; x_wconf 83' lang='lat' dir='ltr'>modi</span> <span class='ocrx_word' id='word_1_379' title='bbox 381 2390 503 2407; x_wconf 87' lang='lat' dir='ltr'>censurae</span> <span class='ocrx_word' id='word_1_380' title='bbox 527 2383 552 2408; x_wconf 91' lang='lat' dir='ltr'>in</span> <span class='ocrx_word' id='word_1_381' title='bbox 576 2383 707 2408; x_wconf 89' lang='lat' dir='ltr'>Thomam</span> <span class='ocrx_word' id='word_1_382' title='bbox 738 2384 920 2417; x_wconf 87' lang='lat' dir='ltr'>ineptissimae.</span> <span class='ocrx_word' id='word_1_383' title='bbox 946 2385 1018 2410; x_wconf 86' lang='lat' dir='ltr'>Bona</span> <span class='ocrx_word' id='word_1_384' title='bbox 1043 2390 1069 2410; x_wconf 89' lang='lat' dir='ltr'>et</span> <span class='ocrx_word' id='word_1_385' title='bbox 1097 2385 1195 2419; x_wconf 89' lang='lat' dir='ltr'>optima</span> <span class='ocrx_word' id='word_1_386' title='bbox 1220 2385 1286 2411; x_wconf 81' lang='lat' dir='ltr'>fides</span> 
     </span>
     <span class='ocr_line' id='line_1_58' title="bbox 286 2425 1285 2454; baseline 0.005 -13"><span class='ocrx_word' id='word_1_387' title='bbox 286 2425 347 2454; x_wconf 34' lang='lat' dir='ltr'>eius.</span> <span class='ocrx_word' id='word_1_388' title='bbox 360 2435 1075 2446; x_wconf 89' lang='grc'><strong>.................</strong></span> <span class='ocrx_word' id='word_1_389' title='bbox 1115 2431 1127 2443; x_wconf 83' lang='lat'><strong>»</strong></span> <span class='ocrx_word' id='word_1_390' title='bbox 1178 2428 1285 2446; x_wconf 85' lang='lat' dir='ltr'>cccxxix</span> 
     </span>
    </p>

    <p class='ocr_par' dir='ltr' id='par_1_23' title="bbox 673 2462 819 2484">
     <span class='ocr_line' id='line_1_59' title="bbox 673 2462 819 2484; baseline 0.007 -1"><span class='ocrx_word' id='word_1_391' title='bbox 673 2462 776 2484; x_wconf 80' lang='lat' dir='ltr'>CAPUT</span> <span class='ocrx_word' id='word_1_392' title='bbox 790 2462 819 2484; x_wconf 82' lang='lat'>11.</span> 
     </span>
    </p>

    <p class='ocr_par' dir='ltr' id='par_1_24' title="bbox 214 2489 1285 2526">
     <span class='ocr_line' id='line_1_60' title="bbox 214 2489 1285 2526; baseline 0.006 -13"><span class='ocrx_word' id='word_1_393' title='bbox 214 2489 305 2514; x_wconf 82' lang='lat' dir='ltr'>Altera</span> <span class='ocrx_word' id='word_1_394' title='bbox 323 2489 430 2513; x_wconf 86' lang='lat' dir='ltr'>Fabricii</span> <span class='ocrx_word' id='word_1_395' title='bbox 446 2497 552 2514; x_wconf 86' lang='lat' dir='ltr'>censura</span> <span class='ocrx_word' id='word_1_396' title='bbox 572 2490 712 2515; x_wconf 86' lang='lat' dir='ltr'>docti-inam</span> <span class='ocrx_word' id='word_1_397' title='bbox 726 2491 843 2516; x_wconf 90' lang='lat' dir='ltr'>Thomae</span> <span class='ocrx_word' id='word_1_398' title='bbox 862 2492 925 2525; x_wconf 87' lang='lat' dir='ltr'>petit</span> <span class='ocrx_word' id='word_1_399' title='bbox 943 2493 975 2517; x_wconf 90' lang='lat' dir='ltr'>de</span> <span class='ocrx_word' id='word_1_400' title='bbox 989 2493 1095 2526; x_wconf 86' lang='lat' dir='ltr'>proprio</span> <span class='ocrx_word' id='word_1_401' title='bbox 1114 2493 1158 2518; x_wconf 91' lang='lat' dir='ltr'>illo</span> <span class='ocrx_word' id='word_1_402' title='bbox 1173 2493 1219 2519; x_wconf 87' lang='lat' dir='ltr'>Dei</span> <span class='ocrx_word' id='word_1_403' title='bbox 1240 2502 1285 2518; x_wconf 91' lang='lat' dir='ltr'>no-</span> 
     </span>
    </p>

    <p class='ocr_par' dir='ltr' id='par_1_25' title="bbox 290 2524 1283 2555">
     <span class='ocr_line' id='line_1_61' title="bbox 290 2524 1283 2555; baseline 0.007 -7"><span class='ocrx_word' id='word_1_404' title='bbox 290 2524 366 2555; x_wconf 92' lang='lat' dir='ltr'>mine,</span> <span class='ocrx_word' id='word_1_405' title='bbox 384 2524 436 2555; x_wconf 72' lang='lat' dir='ltr'>Qui·</span> <span class='ocrx_word' id='word_1_406' title='bbox 454 2528 508 2550; x_wconf 76' lang='lat' dir='ltr'>est:</span> <span class='ocrx_word' id='word_1_407' title='bbox 522 2525 636 2550; x_wconf 89' lang='lat' dir='ltr'>eiusdem</span> <span class='ocrx_word' id='word_1_408' title='bbox 656 2526 784 2552; x_wconf 87' lang='lat' dir='ltr'>doctrinae</span> <span class='ocrx_word' id='word_1_409' title='bbox 803 2527 930 2552; x_wconf 87' lang='lat' dir='ltr'>subtilitas</span> <span class='ocrx_word' id='word_1_410' title='bbox 950 2536 979 2553; x_wconf 90' lang='lat' dir='ltr'>ac</span> <span class='ocrx_word' id='word_1_411' title='bbox 995 2529 1072 2554; x_wconf 90' lang='lat' dir='ltr'>etiam</span> <span class='ocrx_word' id='word_1_412' title='bbox 1091 2530 1215 2555; x_wconf 82' lang='lat' dir='ltr'>soliditas.</span> <span class='ocrx_word' id='word_1_413' title='bbox 1230 2530 1283 2554; x_wconf 84' lang='lat' dir='ltr'>Ad-</span> 
     </span>
    </p>
   </div>
   <div class='ocr_carea' id='block_1_14' title="bbox 796 256 1836 324">
    <p class='ocr_par' dir='ltr' id='par_1_26' title="bbox 796 256 1836 324">
     <span class='ocr_line' id='line_1_62' title="bbox 796 256 1836 324; baseline -0.016 0"><span class='ocrx_word' id='word_1_414' title='bbox 796 256 960 324; x_wconf 50' lang='lat' dir='ltr'><strong>INDEX</strong></span> <span class='ocrx_word' id='word_1_415' title='bbox 989 276 1466 320; x_wconf 89' lang='lat' dir='ltr'>DISSERTATIONUM</span> <span class='ocrx_word' id='word_1_416' title='bbox 1490 275 1566 311; x_wconf 81' lang='lat' dir='ltr'>ET</span> <span class='ocrx_word' id='word_1_417' title='bbox 1596 271 1836 310; x_wconf 92' lang='lat' dir='ltr'>CAPITUM</span> 
     </span>
    </p>
   </div>
   <div class='ocr_carea' id='block_1_15' title="bbox 1340 346 2444 908">
    <p class='ocr_par' dir='ltr' id='par_1_27' title="bbox 1415 346 2444 382">
     <span class='ocr_line' id='line_1_63' title="bbox 1415 346 2444 382; baseline -0.011 -3"><span class='ocrx_word' id='word_1_418' title='bbox 1415 362 1506 379; x_wconf 87' lang='lat' dir='ltr'>versae</span> <span class='ocrx_word' id='word_1_419' title='bbox 1525 352 1633 377; x_wconf 86' lang='lat' dir='ltr'>Fabricii</span> <span class='ocrx_word' id='word_1_420' title='bbox 1648 351 1759 375; x_wconf 87' lang='lat' dir='ltr'>rationes</span> <span class='ocrx_word' id='word_1_421' title='bbox 1774 355 1903 382; x_wconf 88' lang='lat' dir='ltr'>expensae</span> <span class='ocrx_word' id='word_1_422' title='bbox 1922 352 1948 372; x_wconf 92' lang='lat' dir='ltr'>et</span> <span class='ocrx_word' id='word_1_423' title='bbox 1962 354 2081 372; x_wconf 85' lang='lat' dir='ltr'>eversae:</span> <span class='ocrx_word' id='word_1_424' title='bbox 2096 346 2292 380; x_wconf 81' lang='lat' dir='ltr'>vindicaturque</span> <span class='ocrx_word' id='word_1_425' title='bbox 2307 356 2423 374; x_wconf 79' lang='lat' dir='ltr'>masore-</span> <span class='ocrx_word' id='word_1_426' title='bbox 2440 371 2444 374; x_wconf 63' lang='grc'>,</span> 
     </span>
    </p>

    <p class='ocr_par' dir='ltr' id='par_1_28' title="bbox 1415 382 2424 414">
     <span class='ocr_line' id='line_1_64' title="bbox 1415 382 2424 414; baseline -0.005 0"><span class='ocrx_word' id='word_1_427' title='bbox 1415 390 1481 414; x_wconf 90' lang='lat' dir='ltr'>thica</span> <span class='ocrx_word' id='word_1_428' title='bbox 1500 393 1583 413; x_wconf 89' lang='lat' dir='ltr'>textus</span> <span class='ocrx_word' id='word_1_429' title='bbox 1602 386 1706 411; x_wconf 86' lang='lat' dir='ltr'>hebraei</span> <span class='ocrx_word' id='word_1_430' title='bbox 1726 385 1814 410; x_wconf 89' lang='lat' dir='ltr'>lectio.</span> <span class='ocrx_word' id='word_1_431' title='bbox 1835 383 1919 408; x_wconf 90' lang='lat' dir='ltr'>Sancti</span> <span class='ocrx_word' id='word_1_432' title='bbox 1939 382 2059 407; x_wconf 89' lang='lat' dir='ltr'>Thomae</span> <span class='ocrx_word' id='word_1_433' title='bbox 2088 382 2204 407; x_wconf 84' lang='lat' dir='ltr'>doctrina</span> <span class='ocrx_word' id='word_1_434' title='bbox 2228 388 2347 409; x_wconf 85' lang='lat' dir='ltr'>veterum</span> <span class='ocrx_word' id='word_1_435' title='bbox 2366 385 2424 409; x_wconf 90' lang='lat' dir='ltr'>lati-</span> 
     </span>
    </p>

    <p class='ocr_par' dir='ltr' id='par_1_29' title="bbox 1415 418 2423 455">
     <span class='ocr_line' id='line_1_65' title="bbox 1415 418 2423 455; baseline -0.004 -6"><span class='ocrx_word' id='word_1_436' title='bbox 1415 432 1508 449; x_wconf 90' lang='lat' dir='ltr'>norum</span> <span class='ocrx_word' id='word_1_437' title='bbox 1536 428 1742 455; x_wconf 87' lang='lat' dir='ltr'>graecorumque</span> <span class='ocrx_word' id='word_1_438' title='bbox 1769 420 1874 444; x_wconf 79' lang='lat' dir='ltr'>Pati-um</span> <span class='ocrx_word' id='word_1_439' title='bbox 1908 418 2070 443; x_wconf 89' lang='lat' dir='ltr'>documentis</span> <span class='ocrx_word' id='word_1_440' title='bbox 2103 418 2259 443; x_wconf 85' lang='lat' dir='ltr'>conformis:</span> <span class='ocrx_word' id='word_1_441' title='bbox 2279 427 2309 444; x_wconf 87' lang='lat' dir='ltr'>ac</span> <span class='ocrx_word' id='word_1_442' title='bbox 2336 419 2423 445; x_wconf 85' lang='lat' dir='ltr'>favent</span> 
     </span>
    </p>

    <p class='ocr_par' dir='ltr' id='par_1_30' title="bbox 1415 455 2430 518">
     <span class='ocr_line' id='line_1_66' title="bbox 1415 455 2430 489; baseline -0.003 -5"><span class='ocrx_word' id='word_1_443' title='bbox 1415 460 1594 485; x_wconf 84' lang='lat' dir='ltr'>Hebraeorum</span> <span class='ocrx_word' id='word_1_444' title='bbox 1614 456 1729 489; x_wconf 87' lang='lat' dir='ltr'>magistri</span> <span class='ocrx_word' id='word_1_445' title='bbox 1758 471 2169 480; x_wconf 87' lang='grc'><strong>..........</strong></span> <span class='ocrx_word' id='word_1_446' title='bbox 2201 461 2269 488; x_wconf 79' lang='lat' dir='ltr'>pag.</span> <span class='ocrx_word' id='word_1_447' title='bbox 2325 455 2430 481; x_wconf 72' lang='lat' dir='ltr'>cccxxx</span> 
     </span>
     <span class='ocr_line' id='line_1_67' title="bbox 1799 495 2173 518; baseline -0.011 0"><span class='ocrx_word' id='word_1_448' title='bbox 1799 495 1904 518; x_wconf 82' lang='lat' dir='ltr'>CAPUT</span> <span class='ocrx_word' id='word_1_449' title='bbox 1918 495 1959 516; x_wconf 90' lang='lat'>111.</span> <span class='ocrx_word' id='word_1_450' title='bbox 2170 512 2173 514; x_wconf 95' lang='lat'>.</span> 
     </span>
    </p>

    <p class='ocr_par' dir='ltr' id='par_1_31' title="bbox 1343 524 2425 769">
     <span class='ocr_line' id='line_1_68' title="bbox 1343 524 2425 562; baseline -0.005 -6"><span class='ocrx_word' id='word_1_451' title='bbox 1343 531 1430 556; x_wconf 91' lang='lat' dir='ltr'>Unum</span> <span class='ocrx_word' id='word_1_452' title='bbox 1449 529 1550 562; x_wconf 83' lang='lat' dir='ltr'>potius,</span> <span class='ocrx_word' id='word_1_453' title='bbox 1566 535 1645 560; x_wconf 90' lang='lat' dir='ltr'>quam</span> <span class='ocrx_word' id='word_1_454' title='bbox 1664 526 1792 560; x_wconf 89' lang='lat' dir='ltr'>primum,</span> <span class='ocrx_word' id='word_1_455' title='bbox 1813 524 1899 549; x_wconf 91' lang='lat' dir='ltr'>vocari</span> <span class='ocrx_word' id='word_1_456' title='bbox 1920 524 1989 549; x_wconf 88' lang='lat' dir='ltr'>diem</span> <span class='ocrx_word' id='word_1_457' title='bbox 2009 524 2148 556; x_wconf 86' lang='lat' dir='ltr'>debuisse,</span> <span class='ocrx_word' id='word_1_458' title='bbox 2173 525 2199 549; x_wconf 91' lang='lat' dir='ltr'>in</span> <span class='ocrx_word' id='word_1_459' title='bbox 2222 533 2276 558; x_wconf 91' lang='lat' dir='ltr'>quo</span> <span class='ocrx_word' id='word_1_460' title='bbox 2296 526 2339 551; x_wconf 89' lang='lat' dir='ltr'>lux</span> <span class='ocrx_word' id='word_1_461' title='bbox 2357 526 2425 552; x_wconf 80' lang='lat' dir='ltr'>facta</span> 
     </span>
     <span class='ocr_line' id='line_1_69' title="bbox 1413 560 2423 595; baseline -0.002 -6"><span class='ocrx_word' id='word_1_462' title='bbox 1413 570 1460 595; x_wconf 88' lang='lat' dir='ltr'>est,</span> <span class='ocrx_word' id='word_1_463' title='bbox 1480 564 1622 589; x_wconf 90' lang='lat' dir='ltr'>rationibus</span> <span class='ocrx_word' id='word_1_464' title='bbox 1647 561 1761 586; x_wconf 89' lang='lat' dir='ltr'>ostendit</span> <span class='ocrx_word' id='word_1_465' title='bbox 1779 560 1897 593; x_wconf 82' lang='lat' dir='ltr'>Aquinas</span> <span class='ocrx_word' id='word_1_466' title='bbox 1923 567 1954 584; x_wconf 83' lang='lat' dir='ltr'>ex</span> <span class='ocrx_word' id='word_1_467' title='bbox 1979 565 2070 585; x_wconf 87' lang='lat' dir='ltr'>sancto</span> <span class='ocrx_word' id='word_1_468' title='bbox 2094 560 2190 585; x_wconf 83' lang='lat' dir='ltr'>Basilio</span> <span class='ocrx_word' id='word_1_469' title='bbox 2215 562 2342 594; x_wconf 76' lang='lat' dir='ltr'>sumptis:</span> <span class='ocrx_word' id='word_1_470' title='bbox 2363 562 2423 587; x_wconf 91' lang='lat' dir='ltr'>hinc</span> 
     </span>
     <span class='ocr_line' id='line_1_70' title="bbox 1414 595 2423 630; baseline -0.001 -6"><span class='ocrx_word' id='word_1_471' title='bbox 1414 608 1476 625; x_wconf 87' lang='lat' dir='ltr'>vero</span> <span class='ocrx_word' id='word_1_472' title='bbox 1495 600 1589 624; x_wconf 86' lang='lat' dir='ltr'>iniusta</span> <span class='ocrx_word' id='word_1_473' title='bbox 1608 603 1648 622; x_wconf 90' lang='lat' dir='ltr'>est</span> <span class='ocrx_word' id='word_1_474' title='bbox 1666 596 1767 621; x_wconf 86' lang='lat' dir='ltr'>Ioannis</span> <span class='ocrx_word' id='word_1_475' title='bbox 1787 595 1896 620; x_wconf 84' lang='lat' dir='ltr'>Fabricii</span> <span class='ocrx_word' id='word_1_476' title='bbox 1916 603 2034 620; x_wconf 84' lang='lat' dir='ltr'>censura.</span> <span class='ocrx_word' id='word_1_477' title='bbox 2054 596 2164 621; x_wconf 83' lang='lat' dir='ltr'>Fallitur</span> <span class='ocrx_word' id='word_1_478' title='bbox 2187 596 2328 630; x_wconf 84' lang='lat' dir='ltr'>Dionysius</span> <span class='ocrx_word' id='word_1_479' title='bbox 2347 597 2423 623; x_wconf 79' lang='lat' dir='ltr'>Peta—</span> 
     </span>
     <span class='ocr_line' id='line_1_71' title="bbox 1413 631 2422 668; baseline -0.002 -8"><span class='ocrx_word' id='word_1_480' title='bbox 1413 636 1479 667; x_wconf 78' lang='lat' dir='ltr'>vius,</span> <span class='ocrx_word' id='word_1_481' title='bbox 1495 635 1538 668; x_wconf 91' lang='lat' dir='ltr'>qui</span> <span class='ocrx_word' id='word_1_482' title='bbox 1558 634 1669 658; x_wconf 90' lang='lat' dir='ltr'>rationes</span> <span class='ocrx_word' id='word_1_483' title='bbox 1688 631 1831 665; x_wconf 86' lang='lat' dir='ltr'>praedictas</span> <span class='ocrx_word' id='word_1_484' title='bbox 1850 631 1931 656; x_wconf 88' lang='lat' dir='ltr'>reiicit</span> <span class='ocrx_word' id='word_1_485' title='bbox 1950 631 2029 656; x_wconf 91' lang='lat' dir='ltr'>veluti</span> <span class='ocrx_word' id='word_1_486' title='bbox 2049 632 2171 665; x_wconf 83' lang='lat' dir='ltr'>mysticas</span> <span class='ocrx_word' id='word_1_487' title='bbox 2190 632 2422 666; x_wconf 81' lang='lat' dir='ltr'>interpretationes.</span> 
     </span>
     <span class='ocr_line' id='line_1_72' title="bbox 1412 666 2423 703; baseline -0.001 -8"><span class='ocrx_word' id='word_1_488' title='bbox 1412 672 1454 695; x_wconf 85' lang='lat' dir='ltr'>An</span> <span class='ocrx_word' id='word_1_489' title='bbox 1472 677 1582 703; x_wconf 90' lang='lat' dir='ltr'>vespere</span> <span class='ocrx_word' id='word_1_490' title='bbox 1601 667 1771 702; x_wconf 87' lang='lat' dir='ltr'>praecesserit</span> <span class='ocrx_word' id='word_1_491' title='bbox 1789 674 1866 691; x_wconf 89' lang='lat' dir='ltr'>mane</span> <span class='ocrx_word' id='word_1_492' title='bbox 1885 666 1941 691; x_wconf 94' lang='lat' dir='ltr'>sive</span> <span class='ocrx_word' id='word_1_493' title='bbox 1960 667 2054 699; x_wconf 84' lang='lat' dir='ltr'>lucem,</span> <span class='ocrx_word' id='word_1_494' title='bbox 2075 675 2107 692; x_wconf 89' lang='lat' dir='ltr'>an</span> <span class='ocrx_word' id='word_1_495' title='bbox 2126 668 2183 693; x_wconf 88' lang='lat' dir='ltr'>vice</span> <span class='ocrx_word' id='word_1_496' title='bbox 2208 675 2293 693; x_wconf 88' lang='lat' dir='ltr'>versa.</span> <span class='ocrx_word' id='word_1_497' title='bbox 2313 669 2423 694; x_wconf 88' lang='lat' dir='ltr'>loannes</span> 
     </span>
     <span class='ocr_line' id='line_1_73' title="bbox 1414 704 2423 731; baseline -0.001 0"><span class='ocrx_word' id='word_1_498' title='bbox 1414 706 1521 731; x_wconf 86' lang='lat' dir='ltr'>clei-icus</span> <span class='ocrx_word' id='word_1_499' title='bbox 1549 709 1652 729; x_wconf 89' lang='lat' dir='ltr'>notatus</span> <span class='ocrx_word' id='word_1_500' title='bbox 2305 704 2423 730; x_wconf 81' lang='lat' dir='ltr'>cccxmi</span> 
     </span>
     <span class='ocr_line' id='line_1_74' title="bbox 1421 744 1961 769; baseline -0.006 0"><span class='ocrx_word' id='word_1_501' title='bbox 1421 766 1424 769; x_wconf 75' lang='grc'>,</span> <span class='ocrx_word' id='word_1_502' title='bbox 1800 744 1905 766; x_wconf 85' lang='lat' dir='ltr'>CAPUT</span> <span class='ocrx_word' id='word_1_503' title='bbox 1919 744 1961 767; x_wconf 88' lang='lat' dir='ltr'>1v.</span> 
     </span>
    </p>

    <p class='ocr_par' dir='ltr' id='par_1_32' title="bbox 1340 773 2423 908">
     <span class='ocr_line' id='line_1_75' title="bbox 1340 773 2423 810; baseline 0 -9"><span class='ocrx_word' id='word_1_504' title='bbox 1340 776 1507 810; x_wconf 88' lang='lat' dir='ltr'>Supposititia</span> <span class='ocrx_word' id='word_1_505' title='bbox 1526 774 1615 807; x_wconf 89' lang='lat' dir='ltr'>Cyrilli</span> <span class='ocrx_word' id='word_1_506' title='bbox 1630 773 1796 798; x_wconf 75' lang='lat' dir='ltr'>Alexandrini</span> <span class='ocrx_word' id='word_1_507' title='bbox 1816 773 1964 798; x_wconf 88' lang='lat' dir='ltr'>testimonia</span> <span class='ocrx_word' id='word_1_508' title='bbox 1979 774 2010 799; x_wconf 87' lang='lat' dir='ltr'>ab</span> <span class='ocrx_word' id='word_1_509' title='bbox 2030 774 2160 807; x_wconf 83' lang='lat' dir='ltr'>Aquinate</span> <span class='ocrx_word' id='word_1_510' title='bbox 2176 775 2201 799; x_wconf 92' lang='lat' dir='ltr'>in</span> <span class='ocrx_word' id='word_1_511' title='bbox 2221 775 2330 800; x_wconf 91' lang='lat' dir='ltr'>Summa</span> <span class='ocrx_word' id='word_1_512' title='bbox 2348 775 2423 801; x_wconf 88' lang='lat' dir='ltr'>theo-</span> 
     </span>
     <span class='ocr_line' id='line_1_76' title="bbox 1412 809 2422 845; baseline 0 -9"><span class='ocrx_word' id='word_1_513' title='bbox 1412 812 1496 844; x_wconf 86' lang='lat' dir='ltr'>logiae</span> <span class='ocrx_word' id='word_1_514' title='bbox 1515 810 1621 842; x_wconf 86' lang='lat' dir='ltr'>allegari</span> <span class='ocrx_word' id='word_1_515' title='bbox 1641 809 1706 834; x_wconf 88' lang='lat' dir='ltr'>falso</span> <span class='ocrx_word' id='word_1_516' title='bbox 1726 814 1798 834; x_wconf 86' lang='lat' dir='ltr'>notat</span> <span class='ocrx_word' id='word_1_517' title='bbox 1817 809 1926 834; x_wconf 88' lang='lat' dir='ltr'>loannes</span> <span class='ocrx_word' id='word_1_518' title='bbox 1946 809 2088 835; x_wconf 79' lang='lat' dir='ltr'>Fabricius.</span> <span class='ocrx_word' id='word_1_519' title='bbox 2103 810 2244 842; x_wconf 89' lang='lat' dir='ltr'>Launoius,</span> <span class='ocrx_word' id='word_1_520' title='bbox 2267 819 2346 844; x_wconf 93' lang='lat' dir='ltr'>quem</span> <span class='ocrx_word' id='word_1_521' title='bbox 2366 811 2422 845; x_wconf 88' lang='lat' dir='ltr'>ipse</span> 
     </span>
     <span class='ocr_line' id='line_1_77' title="bbox 1412 843 2422 877; baseline 0.001 -6"><span class='ocrx_word' id='word_1_522' title='bbox 1412 847 1504 877; x_wconf 82' lang='lat' dir='ltr'>laudat,</span> <span class='ocrx_word' id='word_1_523' title='bbox 1520 851 1575 870; x_wconf 90' lang='lat' dir='ltr'>tum</span> <span class='ocrx_word' id='word_1_524' title='bbox 1595 846 1690 870; x_wconf 90' lang='lat' dir='ltr'>bonam</span> <span class='ocrx_word' id='word_1_525' title='bbox 1710 845 1830 870; x_wconf 90' lang='lat' dir='ltr'>Thomae</span> <span class='ocrx_word' id='word_1_526' title='bbox 1848 843 1936 876; x_wconf 83' lang='lat' dir='ltr'>fidem,</span> <span class='ocrx_word' id='word_1_527' title='bbox 1955 850 2011 870; x_wconf 89' lang='lat' dir='ltr'>tum</span> <span class='ocrx_word' id='word_1_528' title='bbox 2031 846 2127 871; x_wconf 88' lang='lat' dir='ltr'>iustum</span> <span class='ocrx_word' id='word_1_529' title='bbox 2153 847 2283 872; x_wconf 86' lang='lat' dir='ltr'>criterium</span> <span class='ocrx_word' id='word_1_530' title='bbox 2302 847 2422 872; x_wconf 85' lang='lat' dir='ltr'>vindicat.</span> 
     </span>
     <span class='ocr_line' id='line_1_78' title="bbox 1411 881 2423 908; baseline 0.001 -1"><span class='ocrx_word' id='word_1_531' title='bbox 1411 881 1658 907; x_wconf 85' lang='lat' dir='ltr'>Animadversiones</span> <span class='ocrx_word' id='word_1_532' title='bbox 1696 899 2199 907; x_wconf 90' lang='grc'><strong>............</strong></span> <span class='ocrx_word' id='word_1_533' title='bbox 2218 887 2252 907; x_wconf 78' lang='grc'>·»</span> <span class='ocrx_word' id='word_1_534' title='bbox 2297 890 2423 908; x_wconf 82' lang='lat' dir='ltr'>cccximv</span> 
     </span>
    </p>
   </div>
   <div class='ocr_carea' id='block_1_16' title="bbox 1581 952 2188 979">
    <p class='ocr_par' dir='ltr' id='par_1_33' title="bbox 1581 952 2188 979">
     <span class='ocr_line' id='line_1_79' title="bbox 1581 952 2188 979; baseline 0.003 -2"><span class='ocrx_word' id='word_1_535' title='bbox 1581 952 1812 978; x_wconf 84' lang='lat' dir='ltr'>DISSERTATIO</span> <span class='ocrx_word' id='word_1_536' title='bbox 1831 953 2188 979; x_wconf 84' lang='lat' dir='ltr'>TRICESIMASECUNDA.</span> 
     </span>
    </p>
   </div>
   <div class='ocr_carea' id='block_1_17' title="bbox 1341 1016 2423 1085">
    <p class='ocr_par' dir='ltr' id='par_1_34' title="bbox 1341 1016 2423 1085">
     <span class='ocr_line' id='line_1_80' title="bbox 1341 1016 2423 1077; baseline 0.004 -35"><span class='ocrx_word' id='word_1_537' title='bbox 1341 1018 1382 1042; x_wconf 85' lang='lat' dir='ltr'>De</span> <span class='ocrx_word' id='word_1_538' title='bbox 1402 1016 1536 1077; x_wconf 49' lang='lat' dir='ltr'>imperiala</span> <span class='ocrx_word' id='word_1_539' title='bbox 1555 1016 1583 1057; x_wconf 70' lang='lat' dir='ltr'>in</span> <span class='ocrx_word' id='word_1_540' title='bbox 1598 1016 1727 1057; x_wconf 71' lang='lat' dir='ltr'>historiae</span> <span class='ocrx_word' id='word_1_541' title='bbox 1739 1016 1825 1050; x_wconf 81' lang='lat' dir='ltr'>sactis</span> <span class='ocrx_word' id='word_1_542' title='bbox 1844 1016 1931 1049; x_wconf 76' lang='lat' dir='ltr'>inepte</span> <span class='ocrx_word' id='word_1_543' title='bbox 1949 1024 1982 1042; x_wconf 87' lang='lat' dir='ltr'>ac</span> <span class='ocrx_word' id='word_1_544' title='bbox 1994 1017 2070 1051; x_wconf 84' lang='lat' dir='ltr'>falso</span> <span class='ocrx_word' id='word_1_545' title='bbox 2089 1018 2225 1050; x_wconf 78' lang='lat' dir='ltr'>imputata</span> <span class='ocrx_word' id='word_1_546' title='bbox 2242 1023 2336 1045; x_wconf 81' lang='lat' dir='ltr'>sancto</span> <span class='ocrx_word' id='word_1_547' title='bbox 2353 1019 2423 1046; x_wconf 71' lang='lat' dir='ltr'>Tko-</span> 
     </span>
     <span class='ocr_line' id='line_1_81' title="bbox 1411 1055 1628 1085; baseline 0 -8"><span class='ocrx_word' id='word_1_548' title='bbox 1411 1060 1471 1078; x_wconf 89' lang='lat' dir='ltr'>mae</span> <span class='ocrx_word' id='word_1_549' title='bbox 1514 1055 1628 1085; x_wconf 75' lang='lat' dir='ltr'>quinati-</span> 
     </span>
    </p>
   </div>
   <div class='ocr_carea' id='block_1_18' title="bbox 1774 1094 1953 1117">
    <p class='ocr_par' dir='ltr' id='par_1_35' title="bbox 1774 1094 1953 1117">
     <span class='ocr_line' id='line_1_82' title="bbox 1774 1094 1953 1117; baseline 0.011 -2"><span class='ocrx_word' id='word_1_550' title='bbox 1774 1100 1778 1104; x_wconf 68' lang='grc'><strong>“</strong></span> <span class='ocrx_word' id='word_1_551' title='bbox 1810 1094 1916 1117; x_wconf 85' lang='lat' dir='ltr'>CAPUT</span> <span class='ocrx_word' id='word_1_552' title='bbox 1934 1095 1953 1117; x_wconf 90' lang='lat' dir='ltr'>I.</span> 
     </span>
    </p>
   </div>
   <div class='ocr_carea' id='block_1_19' title="bbox 1337 1132 2425 2172">
    <p class='ocr_par' dir='ltr' id='par_1_36' title="bbox 1339 1132 2424 1238">
     <span class='ocr_line' id='line_1_83' title="bbox 1339 1132 2424 1168; baseline 0.004 -10"><span class='ocrx_word' id='word_1_553' title='bbox 1339 1133 1491 1158; x_wconf 90' lang='lat' dir='ltr'>Methodum</span> <span class='ocrx_word' id='word_1_554' title='bbox 1510 1132 1537 1157; x_wconf 93' lang='lat' dir='ltr'>in</span> <span class='ocrx_word' id='word_1_555' title='bbox 1551 1132 1674 1157; x_wconf 85' lang='lat' dir='ltr'>historiae</span> <span class='ocrx_word' id='word_1_556' title='bbox 1694 1132 1766 1157; x_wconf 84' lang='lat' dir='ltr'>factis</span> <span class='ocrx_word' id='word_1_557' title='bbox 1780 1133 1948 1158; x_wconf 83' lang='lat' dir='ltr'>recensendis</span> <span class='ocrx_word' id='word_1_558' title='bbox 1967 1142 1982 1159; x_wconf 89' lang='lat' dir='ltr'>a</span> <span class='ocrx_word' id='word_1_559' title='bbox 1996 1139 2086 1159; x_wconf 85' lang='lat' dir='ltr'>sancto</span> <span class='ocrx_word' id='word_1_560' title='bbox 2101 1134 2205 1160; x_wconf 89' lang='lat' dir='ltr'>Thoma</span> <span class='ocrx_word' id='word_1_561' title='bbox 2223 1136 2355 1168; x_wconf 84' lang='lat' dir='ltr'>Aquinate</span> <span class='ocrx_word' id='word_1_562' title='bbox 2368 1144 2424 1162; x_wconf 88' lang='lat' dir='ltr'>ser-</span> 
     </span>
     <span class='ocr_line' id='line_1_84' title="bbox 1410 1168 2423 1204; baseline 0.006 -12"><span class='ocrx_word' id='word_1_563' title='bbox 1410 1173 1497 1193; x_wconf 86' lang='lat' dir='ltr'>vatam</span> <span class='ocrx_word' id='word_1_564' title='bbox 1517 1168 1580 1193; x_wconf 88' lang='lat' dir='ltr'>scite</span> <span class='ocrx_word' id='word_1_565' title='bbox 1599 1169 1732 1193; x_wconf 88' lang='lat' dir='ltr'>declarant</span> <span class='ocrx_word' id='word_1_566' title='bbox 1749 1176 1779 1193; x_wconf 92' lang='lat' dir='ltr'>ac</span> <span class='ocrx_word' id='word_1_567' title='bbox 1797 1169 1928 1194; x_wconf 88' lang='lat' dir='ltr'>vindicant</span> <span class='ocrx_word' id='word_1_568' title='bbox 1951 1175 2079 1195; x_wconf 80' lang='lat' dir='ltr'>nostrates</span> <span class='ocrx_word' id='word_1_569' title='bbox 2099 1171 2194 1204; x_wconf 87' lang='lat' dir='ltr'>aliique</span> <span class='ocrx_word' id='word_1_570' title='bbox 2213 1171 2262 1196; x_wconf 84' lang='lat' dir='ltr'>viri</span> <span class='ocrx_word' id='word_1_571' title='bbox 2280 1172 2357 1197; x_wconf 82' lang='lat' dir='ltr'>docti.</span> <span class='ocrx_word' id='word_1_572' title='bbox 2371 1173 2423 1198; x_wconf 91' lang='lat' dir='ltr'>Va-</span> 
     </span>
     <span class='ocr_line' id='line_1_85' title="bbox 1411 1204 2160 1238; baseline 0.005 -10"><span class='ocrx_word' id='word_1_573' title='bbox 1411 1204 1524 1235; x_wconf 83' lang='lat' dir='ltr'>lidiores,</span> <span class='ocrx_word' id='word_1_574' title='bbox 1545 1208 1612 1237; x_wconf 77' lang='lat' dir='ltr'>quae</span> <span class='ocrx_word' id='word_1_575' title='bbox 1631 1204 1671 1237; x_wconf 86' lang='lat' dir='ltr'>agi</span> <span class='ocrx_word' id='word_1_576' title='bbox 1691 1210 1810 1238; x_wconf 89' lang='lat' dir='ltr'>possunt,</span> <span class='ocrx_word' id='word_1_577' title='bbox 1826 1204 1972 1231; x_wconf 88' lang='lat' dir='ltr'>indicantur</span> <span class='ocrx_word' id='word_1_578' title='bbox 1990 1206 2124 1232; x_wconf 90' lang='lat' dir='ltr'>vindiciae.</span> <span class='ocrx_word' id='word_1_579' title='bbox 2153 1225 2160 1232; x_wconf 93' lang='lat'>.</span> 
     </span>
    </p>

    <p class='ocr_par' dir='ltr' id='par_1_37' title="bbox 1805 1247 1954 1271">
     <span class='ocr_line' id='line_1_86' title="bbox 1805 1247 1954 1271; baseline 0.013 -2"><span class='ocrx_word' id='word_1_580' title='bbox 1805 1247 1911 1270; x_wconf 87' lang='lat' dir='ltr'>CAPUT</span> <span class='ocrx_word' id='word_1_581' title='bbox 1925 1248 1954 1271; x_wconf 88' lang='lat'>11.</span> 
     </span>
    </p>

    <p class='ocr_par' dir='ltr' id='par_1_38' title="bbox 1337 1275 2425 1453">
     <span class='ocr_line' id='line_1_87' title="bbox 1337 1275 2423 1315; baseline 0.005 -13"><span class='ocrx_word' id='word_1_582' title='bbox 1337 1276 1491 1309; x_wconf 89' lang='lat' dir='ltr'>Praecipuas</span> <span class='ocrx_word' id='word_1_583' title='bbox 1511 1277 1576 1301; x_wconf 87' lang='lat' dir='ltr'>duas</span> <span class='ocrx_word' id='word_1_584' title='bbox 1595 1275 1670 1301; x_wconf 82' lang='lat' dir='ltr'>affert</span> <span class='ocrx_word' id='word_1_585' title='bbox 1687 1281 1794 1301; x_wconf 86' lang='lat' dir='ltr'>sanctus</span> <span class='ocrx_word' id='word_1_586' title='bbox 1812 1276 1931 1302; x_wconf 85' lang='lat' dir='ltr'>Thomas</span> <span class='ocrx_word' id='word_1_587' title='bbox 1955 1277 2062 1303; x_wconf 79' lang='lat' dir='ltr'>Patr-um</span> <span class='ocrx_word' id='word_1_588' title='bbox 2087 1279 2228 1305; x_wconf 81' lang='lat' dir='ltr'>sententias</span> <span class='ocrx_word' id='word_1_589' title='bbox 2248 1281 2281 1306; x_wconf 88' lang='lat' dir='ltr'>de</span> <span class='ocrx_word' id='word_1_590' title='bbox 2302 1285 2423 1315; x_wconf 81' lang='lat' dir='ltr'>tempore</span> 
     </span>
     <span class='ocr_line' id='line_1_88' title="bbox 1410 1312 2422 1346; baseline 0.006 -10"><span class='ocrx_word' id='word_1_591' title='bbox 1410 1312 1495 1337; x_wconf 84' lang='lat' dir='ltr'>caedis</span> <span class='ocrx_word' id='word_1_592' title='bbox 1515 1319 1657 1345; x_wconf 89' lang='lat' dir='ltr'>puerorum</span> <span class='ocrx_word' id='word_1_593' title='bbox 1676 1312 1870 1344; x_wconf 86' lang='lat' dir='ltr'>Innocentium,</span> <span class='ocrx_word' id='word_1_594' title='bbox 1891 1321 1958 1346; x_wconf 85' lang='lat' dir='ltr'>quas</span> <span class='ocrx_word' id='word_1_595' title='bbox 1982 1314 2119 1340; x_wconf 87' lang='lat' dir='ltr'>conciliare</span> <span class='ocrx_word' id='word_1_596' title='bbox 2141 1316 2230 1341; x_wconf 85' lang='lat' dir='ltr'>studet</span> <span class='ocrx_word' id='word_1_597' title='bbox 2248 1323 2309 1341; x_wconf 86' lang='lat' dir='ltr'>cum</span> <span class='ocrx_word' id='word_1_598' title='bbox 2333 1324 2422 1342; x_wconf 75' lang='lat' dir='ltr'>sacrae</span> 
     </span>
     <span class='ocr_line' id='line_1_89' title="bbox 1410 1348 2423 1385; baseline 0.006 -13"><span class='ocrx_word' id='word_1_599' title='bbox 1410 1348 1558 1381; x_wconf 88' lang='lat' dir='ltr'>Scripturae</span> <span class='ocrx_word' id='word_1_600' title='bbox 1575 1353 1654 1373; x_wconf 84' lang='lat' dir='ltr'>textu.</span> <span class='ocrx_word' id='word_1_601' title='bbox 1669 1348 1927 1374; x_wconf 86' lang='lat' dir='ltr'>Animadversiones.</span> <span class='ocrx_word' id='word_1_602' title='bbox 1946 1349 1999 1374; x_wconf 90' lang='lat' dir='ltr'>Cur</span> <span class='ocrx_word' id='word_1_603' title='bbox 2017 1350 2119 1375; x_wconf 85' lang='lat' dir='ltr'>tertiam</span> <span class='ocrx_word' id='word_1_604' title='bbox 2145 1351 2221 1376; x_wconf 88' lang='lat' dir='ltr'>aliam</span> <span class='ocrx_word' id='word_1_605' title='bbox 2240 1352 2423 1385; x_wconf 84' lang='lat' dir='ltr'>praetermise-</span> 
     </span>
     <span class='ocr_line' id='line_1_90' title="bbox 1410 1383 2425 1417; baseline 0.006 -9"><span class='ocrx_word' id='word_1_606' title='bbox 1410 1383 1459 1408; x_wconf 77' lang='lat' dir='ltr'>rit?</span> <span class='ocrx_word' id='word_1_607' title='bbox 1479 1383 1608 1409; x_wconf 79' lang='lat' dir='ltr'>Histoi-ica</span> <span class='ocrx_word' id='word_1_608' title='bbox 1627 1384 1757 1417; x_wconf 82' lang='lat' dir='ltr'>quaedam</span> <span class='ocrx_word' id='word_1_609' title='bbox 1775 1384 1841 1410; x_wconf 84' lang='lat' dir='ltr'>facta</span> <span class='ocrx_word' id='word_1_610' title='bbox 1860 1385 1892 1410; x_wconf 88' lang='lat' dir='ltr'>ab</span> <span class='ocrx_word' id='word_1_611' title='bbox 1918 1385 1975 1410; x_wconf 84' lang='lat' dir='ltr'>aliis</span> <span class='ocrx_word' id='word_1_612' title='bbox 1994 1386 2095 1411; x_wconf 82' lang='lat' dir='ltr'>invecta</span> <span class='ocrx_word' id='word_1_613' title='bbox 2119 1386 2206 1413; x_wconf 75' lang='lat' dir='ltr'>refert.</span> <span class='ocrx_word' id='word_1_614' title='bbox 2226 1387 2376 1414; x_wconf 73' lang='lat' dir='ltr'>Falsitatem</span> <span class='ocrx_word' id='word_1_615' title='bbox 2396 1388 2425 1413; x_wconf 88' lang='lat' dir='ltr'>in&#39;</span> 
     </span>
     <span class='ocr_line' id='line_1_91' title="bbox 1411 1420 2422 1453; baseline 0.005 -9"><span class='ocrx_word' id='word_1_616' title='bbox 1411 1420 1541 1452; x_wconf 87' lang='lat' dir='ltr'>aliquibus</span> <span class='ocrx_word' id='word_1_617' title='bbox 1561 1420 1751 1453; x_wconf 86' lang='lat' dir='ltr'>deprehensam</span> <span class='ocrx_word' id='word_1_618' title='bbox 1771 1420 1866 1446; x_wconf 83' lang='lat' dir='ltr'>indicat</span> <span class='ocrx_word' id='word_1_619' title='bbox 1894 1439 2081 1447; x_wconf 90' lang='grc'><strong>.....</strong></span> <span class='ocrx_word' id='word_1_620' title='bbox 2116 1429 2126 1447; x_wconf 92' lang='grc'>·.</span> <span class='ocrx_word' id='word_1_621' title='bbox 2164 1441 2171 1447; x_wconf 91' lang='grc'><strong>.</strong></span> <span class='ocrx_word' id='word_1_622' title='bbox 2209 1441 2216 1448; x_wconf 91' lang='grc'><strong>.</strong></span> <span class='ocrx_word' id='word_1_623' title='bbox 2256 1434 2269 1447; x_wconf 70' lang='grc' dir='ltr'><strong><em>ι</em></strong></span> <span class='ocrx_word' id='word_1_624' title='bbox 2359 1424 2422 1449; x_wconf 83' lang='lat' dir='ltr'>ibid.</span> 
     </span>
    </p>

    <p class='ocr_par' dir='ltr' id='par_1_39' title="bbox 1801 1462 1961 1486">
     <span class='ocr_line' id='line_1_92' title="bbox 1801 1462 1961 1486; baseline 0.013 -2"><span class='ocrx_word' id='word_1_625' title='bbox 1801 1462 1906 1485; x_wconf 83' lang='lat' dir='ltr'>CAPUT</span> <span class='ocrx_word' id='word_1_626' title='bbox 1919 1463 1961 1486; x_wconf 88' lang='lat'>111.</span> 
     </span>
    </p>

    <p class='ocr_par' dir='ltr' id='par_1_40' title="bbox 1338 1491 2424 1742">
     <span class='ocr_line' id='line_1_93' title="bbox 1338 1491 2424 1529; baseline 0.004 -13"><span class='ocrx_word' id='word_1_627' title='bbox 1338 1492 1462 1517; x_wconf 89' lang='lat' dir='ltr'>Ioannem</span> <span class='ocrx_word' id='word_1_628' title='bbox 1482 1491 1677 1524; x_wconf 83' lang='lat' dir='ltr'>Evangelistam</span> <span class='ocrx_word' id='word_1_629' title='bbox 1697 1491 1796 1516; x_wconf 90' lang='lat' dir='ltr'>nubere</span> <span class='ocrx_word' id='word_1_630' title='bbox 1814 1492 1947 1517; x_wconf 88' lang='lat' dir='ltr'>volentem</span> <span class='ocrx_word' id='word_1_631' title='bbox 1967 1493 2009 1518; x_wconf 88' lang='lat' dir='ltr'>vel</span> <span class='ocrx_word' id='word_1_632' title='bbox 2029 1493 2107 1519; x_wconf 88' lang='lat' dir='ltr'>etiam</span> <span class='ocrx_word' id='word_1_633' title='bbox 2133 1499 2262 1527; x_wconf 84' lang='lat' dir='ltr'>sponsum</span> <span class='ocrx_word' id='word_1_634' title='bbox 2282 1495 2307 1519; x_wconf 94' lang='lat' dir='ltr'>in</span> <span class='ocrx_word' id='word_1_635' title='bbox 2326 1495 2424 1529; x_wconf 79' lang='lat' dir='ltr'>nuptiis</span> 
     </span>
     <span class='ocr_line' id='line_1_94' title="bbox 1410 1527 2423 1564; baseline 0.006 -13"><span class='ocrx_word' id='word_1_636' title='bbox 1410 1527 1498 1552; x_wconf 84' lang='lat' dir='ltr'>Canae</span> <span class='ocrx_word' id='word_1_637' title='bbox 1516 1527 1646 1558; x_wconf 85' lang='lat' dir='ltr'>Galileae,</span> <span class='ocrx_word' id='word_1_638' title='bbox 1667 1527 1746 1552; x_wconf 86' lang='lat' dir='ltr'>refert</span> <span class='ocrx_word' id='word_1_639' title='bbox 1764 1533 1869 1553; x_wconf 86' lang='lat' dir='ltr'>sanctus</span> <span class='ocrx_word' id='word_1_640' title='bbox 1898 1527 2026 1554; x_wconf 84' lang='lat' dir='ltr'>Thomas.</span> <span class='ocrx_word' id='word_1_641' title='bbox 2047 1530 2168 1561; x_wconf 78' lang='lat' dir='ltr'>Historia,</span> <span class='ocrx_word' id='word_1_642' title='bbox 2187 1538 2370 1564; x_wconf 87' lang='lat' dir='ltr'>quaecumque</span> <span class='ocrx_word' id='word_1_643' title='bbox 2393 1539 2423 1557; x_wconf 83' lang='lat' dir='ltr'>ea</span> 
     </span>
     <span class='ocr_line' id='line_1_95' title="bbox 1410 1563 2423 1597; baseline 0.005 -10"><span class='ocrx_word' id='word_1_644' title='bbox 1410 1563 1451 1594; x_wconf 80' lang='lat' dir='ltr'>sit,</span> <span class='ocrx_word' id='word_1_645' title='bbox 1466 1563 1631 1596; x_wconf 86' lang='lat' dir='ltr'>expenditur:</span> <span class='ocrx_word' id='word_1_646' title='bbox 1648 1571 1715 1596; x_wconf 86' lang='lat' dir='ltr'>quae</span> <span class='ocrx_word' id='word_1_647' title='bbox 1730 1563 1754 1588; x_wconf 92' lang='lat' dir='ltr'>id</span> <span class='ocrx_word' id='word_1_648' title='bbox 1769 1571 1851 1588; x_wconf 89' lang='lat' dir='ltr'>unum</span> <span class='ocrx_word' id='word_1_649' title='bbox 1870 1564 1957 1597; x_wconf 88' lang='lat' dir='ltr'>prodit</span> <span class='ocrx_word' id='word_1_650' title='bbox 1975 1565 2075 1590; x_wconf 91' lang='lat' dir='ltr'>nubere</span> <span class='ocrx_word' id='word_1_651' title='bbox 2090 1565 2164 1591; x_wconf 89' lang='lat' dir='ltr'>illum</span> <span class='ocrx_word' id='word_1_652' title='bbox 2179 1566 2309 1592; x_wconf 85' lang='lat' dir='ltr'>voluisse:</span> <span class='ocrx_word' id='word_1_653' title='bbox 2324 1567 2423 1593; x_wconf 90' lang='lat' dir='ltr'>eidem-</span> 
     </span>
     <span class='ocr_line' id='line_1_96' title="bbox 1411 1599 2423 1633; baseline 0.006 -10"><span class='ocrx_word' id='word_1_654' title='bbox 1411 1607 1462 1632; x_wconf 88' lang='lat' dir='ltr'>que</span> <span class='ocrx_word' id='word_1_655' title='bbox 1481 1599 1636 1624; x_wconf 88' lang='lat' dir='ltr'>addiderunt</span> <span class='ocrx_word' id='word_1_656' title='bbox 1654 1599 1697 1624; x_wconf 88' lang='lat' dir='ltr'>alii</span> <span class='ocrx_word' id='word_1_657' title='bbox 1717 1599 1865 1633; x_wconf 87' lang='lat' dir='ltr'>nuptiarum</span> <span class='ocrx_word' id='word_1_658' title='bbox 1885 1600 2095 1626; x_wconf 85' lang='lat' dir='ltr'>celebrationem.</span> <span class='ocrx_word' id='word_1_659' title='bbox 2108 1602 2180 1627; x_wconf 86' lang='lat' dir='ltr'>Haec</span> <span class='ocrx_word' id='word_1_660' title='bbox 2194 1602 2243 1627; x_wconf 84' lang='lat' dir='ltr'>sibi</span> <span class='ocrx_word' id='word_1_661' title='bbox 2262 1607 2323 1628; x_wconf 79' lang='lat' dir='ltr'>nota</span> <span class='ocrx_word' id='word_1_662' title='bbox 2341 1602 2423 1629; x_wconf 71' lang='lat' dir='ltr'>finisse</span> 
     </span>
     <span class='ocr_line' id='line_1_97' title="bbox 1410 1634 2422 1671; baseline 0.005 -12"><span class='ocrx_word' id='word_1_663' title='bbox 1410 1634 1506 1660; x_wconf 84' lang='lat' dir='ltr'>indicat</span> <span class='ocrx_word' id='word_1_664' title='bbox 1524 1635 1656 1668; x_wconf 82' lang='lat' dir='ltr'>Aquinas:</span> <span class='ocrx_word' id='word_1_665' title='bbox 1676 1635 1829 1668; x_wconf 85' lang='lat' dir='ltr'>cautiusque</span> <span class='ocrx_word' id='word_1_666' title='bbox 1855 1635 1943 1661; x_wconf 88' lang='lat' dir='ltr'>scribit</span> <span class='ocrx_word' id='word_1_667' title='bbox 1962 1636 1987 1661; x_wconf 88' lang='lat' dir='ltr'>in</span> <span class='ocrx_word' id='word_1_668' title='bbox 2007 1637 2117 1662; x_wconf 78' lang='lat' dir='ltr'>summa</span> <span class='ocrx_word' id='word_1_669' title='bbox 2141 1637 2296 1671; x_wconf 83' lang='lat' dir='ltr'>theologica.</span> <span class='ocrx_word' id='word_1_670' title='bbox 2315 1638 2422 1664; x_wconf 77' lang='lat' dir='ltr'>Utrum-</span> 
     </span>
     <span class='ocr_line' id='line_1_98' title="bbox 1410 1670 2424 1707; baseline 0.005 -12"><span class='ocrx_word' id='word_1_671' title='bbox 1410 1678 1462 1703; x_wconf 89' lang='lat' dir='ltr'>que</span> <span class='ocrx_word' id='word_1_672' title='bbox 1481 1670 1619 1704; x_wconf 88' lang='lat' dir='ltr'>permittit:</span> <span class='ocrx_word' id='word_1_673' title='bbox 1639 1678 1668 1696; x_wconf 86' lang='lat' dir='ltr'>ac</span> <span class='ocrx_word' id='word_1_674' title='bbox 1694 1670 1863 1697; x_wconf 83' lang='lat' dir='ltr'>nihilominus</span> <span class='ocrx_word' id='word_1_675' title='bbox 1891 1672 1995 1697; x_wconf 89' lang='lat' dir='ltr'>Ioannis</span> <span class='ocrx_word' id='word_1_676' title='bbox 2023 1672 2214 1705; x_wconf 83' lang='lat' dir='ltr'>virginitatem,</span> <span class='ocrx_word' id='word_1_677' title='bbox 2238 1681 2318 1707; x_wconf 89' lang='lat' dir='ltr'>quam</span> <span class='ocrx_word' id='word_1_678' title='bbox 2341 1675 2424 1700; x_wconf 76' lang='lat' dir='ltr'>sancti</span> 
     </span>
     <span class='ocr_line' id='line_1_99' title="bbox 1410 1706 2424 1742; baseline 0.005 -11"><span class='ocrx_word' id='word_1_679' title='bbox 1410 1706 1500 1732; x_wconf 86' lang='lat' dir='ltr'>Patres</span> <span class='ocrx_word' id='word_1_680' title='bbox 1519 1712 1545 1732; x_wconf 87' lang='lat' dir='ltr'>et</span> <span class='ocrx_word' id='word_1_681' title='bbox 1564 1706 1620 1740; x_wconf 90' lang='lat' dir='ltr'>ipse</span> <span class='ocrx_word' id='word_1_682' title='bbox 1639 1707 1833 1739; x_wconf 76' lang='lat' dir='ltr'>commendant,</span> <span class='ocrx_word' id='word_1_683' title='bbox 1853 1707 1975 1733; x_wconf 82' lang='lat' dir='ltr'>sustineri</span> <span class='ocrx_word' id='word_1_684' title='bbox 1994 1716 2076 1742; x_wconf 88' lang='lat' dir='ltr'>posse</span> <span class='ocrx_word' id='word_1_685' title='bbox 2094 1709 2216 1734; x_wconf 84' lang='lat' dir='ltr'>ostendit.</span> <span class='ocrx_word' id='word_1_686' title='bbox 2256 1720 2270 1734; x_wconf 67' lang='grc' dir='ltr'><strong><em>ι</em></strong></span> <span class='ocrx_word' id='word_1_687' title='bbox 2299 1716 2424 1736; x_wconf 72' lang='lat' dir='ltr'>cem</span> 
     </span>
    </p>

    <p class='ocr_par' dir='ltr' id='par_1_41' title="bbox 1799 1750 1961 1773">
     <span class='ocr_line' id='line_1_100' title="bbox 1799 1750 1961 1773; baseline 0.006 -1"><span class='ocrx_word' id='word_1_688' title='bbox 1799 1750 1904 1772; x_wconf 87' lang='lat' dir='ltr'>CAPUT</span> <span class='ocrx_word' id='word_1_689' title='bbox 1918 1750 1961 1773; x_wconf 86' lang='lat' dir='ltr'>IV.</span> 
     </span>
    </p>

    <p class='ocr_par' dir='ltr' id='par_1_42' title="bbox 1338 1778 2425 1992">
     <span class='ocr_line' id='line_1_101' title="bbox 1338 1778 2422 1814; baseline 0.003 -10"><span class='ocrx_word' id='word_1_690' title='bbox 1338 1778 1479 1804; x_wconf 85' lang='lat' dir='ltr'>Historiam</span> <span class='ocrx_word' id='word_1_691' title='bbox 1499 1779 1531 1804; x_wconf 92' lang='lat' dir='ltr'>de</span> <span class='ocrx_word' id='word_1_692' title='bbox 1550 1778 1653 1804; x_wconf 86' lang='lat' dir='ltr'>Traiani</span> <span class='ocrx_word' id='word_1_693' title='bbox 1673 1779 1838 1812; x_wconf 80' lang='lat' dir='ltr'>lmperatoris</span> <span class='ocrx_word' id='word_1_694' title='bbox 1858 1779 1944 1804; x_wconf 89' lang='lat' dir='ltr'>anima</span> <span class='ocrx_word' id='word_1_695' title='bbox 1964 1779 2084 1813; x_wconf 85' lang='lat' dir='ltr'>precibus</span> <span class='ocrx_word' id='word_1_696' title='bbox 2098 1780 2179 1806; x_wconf 89' lang='lat' dir='ltr'>sancti</span> <span class='ocrx_word' id='word_1_697' title='bbox 2199 1780 2317 1814; x_wconf 79' lang='lat' dir='ltr'>Gregorii</span> <span class='ocrx_word' id='word_1_698' title='bbox 2335 1781 2422 1814; x_wconf 78' lang='lat' dir='ltr'>Magni</span> 
     </span>
     <span class='ocr_line' id='line_1_102' title="bbox 1410 1814 2422 1850; baseline 0.004 -11"><span class='ocrx_word' id='word_1_699' title='bbox 1410 1814 1518 1840; x_wconf 87' lang='lat' dir='ltr'>liberata</span> <span class='ocrx_word' id='word_1_700' title='bbox 1536 1814 1568 1839; x_wconf 90' lang='lat' dir='ltr'>ab</span> <span class='ocrx_word' id='word_1_701' title='bbox 1584 1814 1680 1845; x_wconf 77' lang='lat' dir='ltr'>inferis,</span> <span class='ocrx_word' id='word_1_702' title='bbox 1696 1815 1773 1840; x_wconf 81' lang='lat' dir='ltr'>refert</span> <span class='ocrx_word' id='word_1_703' title='bbox 1786 1820 1892 1840; x_wconf 85' lang='lat' dir='ltr'>sanctus</span> <span class='ocrx_word' id='word_1_704' title='bbox 1906 1815 2038 1841; x_wconf 85' lang='lat' dir='ltr'>Thomas:</span> <span class='ocrx_word' id='word_1_705' title='bbox 2055 1817 2140 1849; x_wconf 89' lang='lat' dir='ltr'>deque</span> <span class='ocrx_word' id='word_1_706' title='bbox 2155 1817 2243 1848; x_wconf 87' lang='lat' dir='ltr'>modo,</span> <span class='ocrx_word' id='word_1_707' title='bbox 2259 1824 2313 1850; x_wconf 89' lang='lat' dir='ltr'>quo</span> <span class='ocrx_word' id='word_1_708' title='bbox 2326 1816 2353 1843; x_wconf 88' lang='lat' dir='ltr'>id</span> <span class='ocrx_word' id='word_1_709' title='bbox 2366 1815 2422 1843; x_wconf 78' lang='lat' dir='ltr'>sieri</span> 
     </span>
     <span class='ocr_line' id='line_1_103' title="bbox 1409 1850 2422 1886; baseline 0.004 -11"><span class='ocrx_word' id='word_1_710' title='bbox 1409 1850 1532 1884; x_wconf 79' lang='lat' dir='ltr'>potuerit,</span> <span class='ocrx_word' id='word_1_711' title='bbox 1547 1850 1693 1883; x_wconf 85' lang='lat' dir='ltr'>theologice</span> <span class='ocrx_word' id='word_1_712' title='bbox 1712 1850 1824 1876; x_wconf 84' lang='lat' dir='ltr'>disserit.</span> <span class='ocrx_word' id='word_1_713' title='bbox 1845 1851 1928 1876; x_wconf 88' lang='lat' dir='ltr'>Latini</span> <span class='ocrx_word' id='word_1_714' title='bbox 1948 1857 1974 1877; x_wconf 90' lang='lat' dir='ltr'>et</span> <span class='ocrx_word' id='word_1_715' title='bbox 1993 1851 2077 1885; x_wconf 85' lang='lat' dir='ltr'>graeci</span> <span class='ocrx_word' id='word_1_716' title='bbox 2097 1851 2246 1886; x_wconf 80' lang='lat' dir='ltr'>scriptores,</span> <span class='ocrx_word' id='word_1_717' title='bbox 2261 1853 2307 1886; x_wconf 87' lang='lat' dir='ltr'>qui</span> <span class='ocrx_word' id='word_1_718' title='bbox 2325 1852 2422 1879; x_wconf 72' lang='lat' dir='ltr'>factum</span> 
     </span>
     <span class='ocr_line' id='line_1_104' title="bbox 1410 1885 2424 1921; baseline 0.003 -10"><span class='ocrx_word' id='word_1_719' title='bbox 1410 1886 1474 1911; x_wconf 89' lang='lat' dir='ltr'>illud</span> <span class='ocrx_word' id='word_1_720' title='bbox 1489 1886 1580 1911; x_wconf 89' lang='lat' dir='ltr'>litteris</span> <span class='ocrx_word' id='word_1_721' title='bbox 1601 1886 1765 1911; x_wconf 86' lang='lat' dir='ltr'>mandarunt.</span> <span class='ocrx_word' id='word_1_722' title='bbox 1779 1885 1866 1912; x_wconf 83' lang='lat' dir='ltr'>Veluti</span> <span class='ocrx_word' id='word_1_723' title='bbox 1880 1887 1996 1912; x_wconf 83' lang='lat' dir='ltr'>fabulam</span> <span class='ocrx_word' id='word_1_724' title='bbox 2015 1887 2158 1921; x_wconf 86' lang='lat' dir='ltr'>explodunt</span> <span class='ocrx_word' id='word_1_725' title='bbox 2171 1888 2219 1912; x_wconf 86' lang='lat' dir='ltr'>viri</span> <span class='ocrx_word' id='word_1_726' title='bbox 2234 1888 2311 1914; x_wconf 84' lang='lat' dir='ltr'>docti.</span> <span class='ocrx_word' id='word_1_727' title='bbox 2325 1889 2424 1914; x_wconf 69' lang='lat' dir='ltr'>Natalia</span> 
     </span>
     <span class='ocr_line' id='line_1_105' title="bbox 1409 1922 2425 1958; baseline 0.003 -11"><span class='ocrx_word' id='word_1_728' title='bbox 1409 1922 1549 1947; x_wconf 83' lang='lat' dir='ltr'>Alexandri</span> <span class='ocrx_word' id='word_1_729' title='bbox 1567 1922 1693 1947; x_wconf 88' lang='lat' dir='ltr'>vindiciae</span> <span class='ocrx_word' id='word_1_730' title='bbox 1712 1930 1761 1955; x_wconf 90' lang='lat' dir='ltr'>pro</span> <span class='ocrx_word' id='word_1_731' title='bbox 1780 1928 1869 1948; x_wconf 87' lang='lat' dir='ltr'>sancto</span> <span class='ocrx_word' id='word_1_732' title='bbox 1888 1922 1991 1948; x_wconf 90' lang='lat' dir='ltr'>Thoma</span> <span class='ocrx_word' id='word_1_733' title='bbox 2015 1923 2153 1957; x_wconf 84' lang='lat' dir='ltr'>Aquinate.</span> <span class='ocrx_word' id='word_1_734' title='bbox 2168 1924 2236 1949; x_wconf 88' lang='lat' dir='ltr'>Satis</span> <span class='ocrx_word' id='word_1_735' title='bbox 2254 1924 2350 1950; x_wconf 75' lang='lat' dir='ltr'>indicat</span> <span class='ocrx_word' id='word_1_736' title='bbox 2367 1925 2425 1958; x_wconf 86' lang='lat' dir='ltr'>ipse</span> 
     </span>
     <span class='ocr_line' id='line_1_106' title="bbox 1410 1957 2424 1992; baseline 0.003 -9"><span class='ocrx_word' id='word_1_737' title='bbox 1410 1957 1529 1983; x_wconf 85' lang='lat' dir='ltr'>Thomas</span> <span class='ocrx_word' id='word_1_738' title='bbox 1548 1957 1671 1984; x_wconf 84' lang='lat' dir='ltr'>historiae</span> <span class='ocrx_word' id='word_1_739' title='bbox 1689 1957 1827 1984; x_wconf 84' lang='lat' dir='ltr'>falsitatem</span> <span class='ocrx_word' id='word_1_740' title='bbox 1847 1966 1877 1984; x_wconf 85' lang='lat' dir='ltr'>se</span> <span class='ocrx_word' id='word_1_741' title='bbox 1896 1958 2100 1992; x_wconf 86' lang='lat' dir='ltr'>deprehendisse</span> <span class='ocrx_word' id='word_1_742' title='bbox 2128 1977 2135 1985; x_wconf 90' lang='lat'>.</span> <span class='ocrx_word' id='word_1_743' title='bbox 2173 1978 2180 1986; x_wconf 92' lang='lat'>.</span> <span class='ocrx_word' id='word_1_744' title='bbox 2218 1978 2225 1985; x_wconf 90' lang='lat'>.</span> <span class='ocrx_word' id='word_1_745' title='bbox 2263 1969 2279 1984; x_wconf 63' lang='lat' dir='ltr'><strong>t</strong></span> <span class='ocrx_word' id='word_1_746' title='bbox 2330 1966 2424 1986; x_wconf 73' lang='lat' dir='ltr'>ocmi</span> 
     </span>
    </p>

    <p class='ocr_par' dir='ltr' id='par_1_43' title="bbox 1338 2029 2424 2172">
     <span class='ocr_line' id='line_1_107' title="bbox 1338 2029 2424 2063; baseline 0.003 -8"><span class='ocrx_word' id='word_1_747' title='bbox 1338 2030 1437 2055; x_wconf 86' lang='lat' dir='ltr'>Panem</span> <span class='ocrx_word' id='word_1_748' title='bbox 1456 2038 1580 2063; x_wconf 88' lang='lat' dir='ltr'>azymum</span> <span class='ocrx_word' id='word_1_749' title='bbox 1600 2030 1626 2055; x_wconf 87' lang='lat' dir='ltr'>in</span> <span class='ocrx_word' id='word_1_750' title='bbox 1645 2029 1822 2055; x_wconf 85' lang='lat' dir='ltr'>Eucharistico</span> <span class='ocrx_word' id='word_1_751' title='bbox 1842 2029 1981 2062; x_wconf 86' lang='lat' dir='ltr'>Sacrificio,</span> <span class='ocrx_word' id='word_1_752' title='bbox 1996 2035 2131 2063; x_wconf 83' lang='lat' dir='ltr'>grassante</span> <span class='ocrx_word' id='word_1_753' title='bbox 2150 2030 2343 2058; x_wconf 87' lang='lat' dir='ltr'>Ebionaeorum</span> <span class='ocrx_word' id='word_1_754' title='bbox 2362 2031 2424 2058; x_wconf 85' lang='lat' dir='ltr'>hae-</span> 
     </span>
     <span class='ocr_line' id='line_1_108' title="bbox 1410 2065 2424 2097; baseline 0.003 -7"><span class='ocrx_word' id='word_1_755' title='bbox 1410 2066 1470 2097; x_wconf 78' lang='lat' dir='ltr'>resi,</span> <span class='ocrx_word' id='word_1_756' title='bbox 1491 2066 1669 2091; x_wconf 86' lang='lat' dir='ltr'>intermissum</span> <span class='ocrx_word' id='word_1_757' title='bbox 1698 2065 1779 2091; x_wconf 81' lang='lat' dir='ltr'>fuisse</span> <span class='ocrx_word' id='word_1_758' title='bbox 1799 2066 1824 2091; x_wconf 90' lang='lat' dir='ltr'>in</span> <span class='ocrx_word' id='word_1_759' title='bbox 1845 2066 1960 2091; x_wconf 82' lang='lat' dir='ltr'>Ecclesia</span> <span class='ocrx_word' id='word_1_760' title='bbox 1989 2067 2066 2092; x_wconf 86' lang='lat' dir='ltr'>latina</span> <span class='ocrx_word' id='word_1_761' title='bbox 2090 2067 2168 2092; x_wconf 79' lang='lat' dir='ltr'>refert</span> <span class='ocrx_word' id='word_1_762' title='bbox 2197 2067 2291 2093; x_wconf 88' lang='lat' dir='ltr'>alicubi</span> <span class='ocrx_word' id='word_1_763' title='bbox 2319 2073 2424 2094; x_wconf 82' lang='lat' dir='ltr'>sanctus</span> 
     </span>
     <span class='ocr_line' id='line_1_109' title="bbox 1410 2101 2423 2130; baseline 0.004 -4"><span class='ocrx_word' id='word_1_764' title='bbox 1410 2101 1528 2127; x_wconf 81' lang='lat' dir='ltr'>Thomas</span> <span class='ocrx_word' id='word_1_765' title='bbox 1547 2109 1607 2127; x_wconf 88' lang='lat' dir='ltr'>cum</span> <span class='ocrx_word' id='word_1_766' title='bbox 1627 2102 1683 2127; x_wconf 86' lang='lat' dir='ltr'>eius</span> <span class='ocrx_word' id='word_1_767' title='bbox 1702 2101 1758 2127; x_wconf 84' lang='lat' dir='ltr'>aevi</span> <span class='ocrx_word' id='word_1_768' title='bbox 1778 2102 1953 2127; x_wconf 81' lang='lat' dir='ltr'>Scholasticis.</span> <span class='ocrx_word' id='word_1_769' title='bbox 1973 2103 2186 2128; x_wconf 84' lang='lat' dir='ltr'>Commentitiam</span> <span class='ocrx_word' id='word_1_770' title='bbox 2210 2103 2347 2130; x_wconf 78' lang='lat' dir='ltr'>historiam</span> <span class='ocrx_word' id='word_1_771' title='bbox 2364 2103 2423 2130; x_wconf 74' lang='lat' dir='ltr'>reti-</span> 
     </span>
     <span class='ocr_line' id='line_1_110' title="bbox 1412 2137 2424 2172; baseline 0.004 -10"><span class='ocrx_word' id='word_1_772' title='bbox 1412 2137 1482 2163; x_wconf 85' lang='lat' dir='ltr'>ciunt</span> <span class='ocrx_word' id='word_1_773' title='bbox 1500 2137 1547 2162; x_wconf 82' lang='lat' dir='ltr'>viri</span> <span class='ocrx_word' id='word_1_774' title='bbox 1573 2137 1649 2163; x_wconf 85' lang='lat' dir='ltr'>docti.</span> <span class='ocrx_word' id='word_1_775' title='bbox 1669 2137 1812 2162; x_wconf 85' lang='lat' dir='ltr'>Mabillonii</span> <span class='ocrx_word' id='word_1_776' title='bbox 1832 2138 1865 2163; x_wconf 87' lang='lat' dir='ltr'>de</span> <span class='ocrx_word' id='word_1_777' title='bbox 1890 2143 1980 2164; x_wconf 76' lang='lat' dir='ltr'>sancto</span> <span class='ocrx_word' id='word_1_778' title='bbox 1999 2138 2103 2164; x_wconf 85' lang='lat' dir='ltr'>Thoma</span> <span class='ocrx_word' id='word_1_779' title='bbox 2128 2139 2238 2172; x_wconf 77' lang='lat' dir='ltr'>aliisque</span> <span class='ocrx_word' id='word_1_780' title='bbox 2257 2138 2424 2166; x_wconf 75' lang='lat' dir='ltr'>Scholasticis</span> 
     </span>
    </p>
   </div>
   <div class='ocr_carea' id='block_1_20' title="bbox 2199 1215 2423 1234">
    <p class='ocr_par' dir='ltr' id='par_1_44' title="bbox 2199 1215 2423 1234">
     <span class='ocr_line' id='line_1_111' title="bbox 2199 1215 2423 1234; baseline 0.004 -2"><span class='ocrx_word' id='word_1_781' title='bbox 2199 1225 2205 1232; x_wconf 83' lang='lat'>.</span> <span class='ocrx_word' id='word_1_782' title='bbox 2246 1217 2259 1231; x_wconf 59' lang='grc' dir='ltr'>ὃ</span> <span class='ocrx_word' id='word_1_783' title='bbox 2289 1215 2423 1234; x_wconf 78' lang='lat' dir='ltr'>cccxxxvu</span> 
     </span>
    </p>
   </div>
   <div class='ocr_carea' id='block_1_21' title="bbox 1410 2173 2424 2208">
    <p class='ocr_par' dir='ltr' id='par_1_45' title="bbox 1410 2173 2424 2208">
     <span class='ocr_line' id='line_1_112' title="bbox 1410 2173 2424 2208; baseline 0.003 -10"><span class='ocrx_word' id='word_1_784' title='bbox 1410 2174 1525 2206; x_wconf 83' lang='lat' dir='ltr'>prudens</span> <span class='ocrx_word' id='word_1_785' title='bbox 1545 2173 1676 2198; x_wconf 88' lang='lat' dir='ltr'>iudicium.</span> <span class='ocrx_word' id='word_1_786' title='bbox 1698 2173 1886 2199; x_wconf 87' lang='lat' dir='ltr'>Commentum</span> <span class='ocrx_word' id='word_1_787' title='bbox 1912 2173 2117 2208; x_wconf 79' lang='lat' dir='ltr'>deprehendisse</span> <span class='ocrx_word' id='word_1_788' title='bbox 2140 2174 2242 2200; x_wconf 81' lang='lat' dir='ltr'>videtur</span> <span class='ocrx_word' id='word_1_789' title='bbox 2260 2175 2283 2200; x_wconf 83' lang='grc' dir='ltr'>Α</span> <span class='ocrx_word' id='word_1_790' title='bbox 2321 2174 2378 2202; x_wconf 76' lang='lat' dir='ltr'>ima</span> <span class='ocrx_word' id='word_1_791' title='bbox 2396 2175 2424 2201; x_wconf 91' lang='lat' dir='ltr'>in</span> 
     </span>
    </p>
   </div>
   <div class='ocr_carea' id='block_1_22' title="bbox 1410 2209 2424 2311">
    <p class='ocr_par' dir='ltr' id='par_1_46' title="bbox 1410 2209 2424 2311">
     <span class='ocr_line' id='line_1_113' title="bbox 1410 2209 2424 2244; baseline 0.003 -10"><span class='ocrx_word' id='word_1_792' title='bbox 1410 2210 1519 2234; x_wconf 89' lang='lat' dir='ltr'>Summa</span> <span class='ocrx_word' id='word_1_793' title='bbox 1538 2209 1693 2241; x_wconf 88' lang='lat' dir='ltr'>theologica.</span> <span class='ocrx_word' id='word_1_794' title='bbox 1708 2209 1748 2234; x_wconf 87' lang='lat' dir='ltr'>De</span> <span class='ocrx_word' id='word_1_795' title='bbox 1766 2210 1900 2235; x_wconf 84' lang='lat' dir='ltr'>nonnullis</span> <span class='ocrx_word' id='word_1_796' title='bbox 1919 2209 2037 2244; x_wconf 86' lang='lat' dir='ltr'>epistolis</span> <span class='ocrx_word' id='word_1_797' title='bbox 2056 2211 2141 2243; x_wconf 80' lang='lat' dir='ltr'>agitur</span> <span class='ocrx_word' id='word_1_798' title='bbox 2159 2210 2208 2236; x_wconf 83' lang='lat' dir='ltr'>sub</span> <span class='ocrx_word' id='word_1_799' title='bbox 2232 2218 2250 2236; x_wconf 93' lang='lat' dir='ltr'>n</span> <span class='ocrx_word' id='word_1_800' title='bbox 2323 2217 2340 2237; x_wconf 72' lang='grc' dir='ltr'><strong>ο</strong></span> <span class='ocrx_word' id='word_1_801' title='bbox 2357 2210 2424 2237; x_wconf 81' lang='lat' dir='ltr'>Gre-</span> 
     </span>
     <span class='ocr_line' id='line_1_114' title="bbox 1412 2245 2424 2278; baseline 0.004 -9"><span class='ocrx_word' id='word_1_802' title='bbox 1412 2245 1477 2277; x_wconf 81' lang='lat' dir='ltr'>gorii</span> <span class='ocrx_word' id='word_1_803' title='bbox 1497 2245 1583 2277; x_wconf 84' lang='lat' dir='ltr'>Magni</span> <span class='ocrx_word' id='word_1_804' title='bbox 1602 2245 1635 2270; x_wconf 89' lang='lat' dir='ltr'>ab</span> <span class='ocrx_word' id='word_1_805' title='bbox 1654 2245 1749 2270; x_wconf 88' lang='lat' dir='ltr'>eodem</span> <span class='ocrx_word' id='word_1_806' title='bbox 1768 2245 1898 2278; x_wconf 82' lang='lat' dir='ltr'>Aquinate</span> <span class='ocrx_word' id='word_1_807' title='bbox 1917 2245 2000 2271; x_wconf 80' lang='lat' dir='ltr'>citatis</span> <span class='ocrx_word' id='word_1_808' title='bbox 2037 2263 2224 2272; x_wconf 87' lang='grc'><strong>.....</strong></span> <span class='ocrx_word' id='word_1_809' title='bbox 2263 2257 2276 2270; x_wconf 72' lang='grc'><strong>»</strong></span> <span class='ocrx_word' id='word_1_810' title='bbox 2319 2253 2424 2273; x_wconf 66' lang='lat' dir='ltr'>omn-u</span> 
     </span>
     <span class='ocr_line' id='line_1_115' title="bbox 1801 2288 1962 2311; baseline 0 -1"><span class='ocrx_word' id='word_1_811' title='bbox 1801 2288 1907 2310; x_wconf 83' lang='lat' dir='ltr'>CAPUT</span> <span class='ocrx_word' id='word_1_812' title='bbox 1920 2288 1962 2311; x_wconf 88' lang='lat' dir='ltr'>VI.</span> 
     </span>
    </p>
   </div>
   <div class='ocr_carea' id='block_1_23' title="bbox 1338 2316 2423 2567">
    <p class='ocr_par' dir='ltr' id='par_1_47' title="bbox 1338 2316 2423 2422">
     <span class='ocr_line' id='line_1_116' title="bbox 1338 2316 2423 2353; baseline 0.005 -12"><span class='ocrx_word' id='word_1_813' title='bbox 1338 2316 1480 2341; x_wconf 88' lang='lat' dir='ltr'>Mendosus</span> <span class='ocrx_word' id='word_1_814' title='bbox 1496 2316 1571 2342; x_wconf 88' lang='lat' dir='ltr'>index</span> <span class='ocrx_word' id='word_1_815' title='bbox 1586 2317 1703 2342; x_wconf 87' lang='lat' dir='ltr'>Silvestri</span> <span class='ocrx_word' id='word_1_816' title='bbox 1717 2325 1766 2350; x_wconf 89' lang='lat' dir='ltr'>pro</span> <span class='ocrx_word' id='word_1_817' title='bbox 1779 2317 1889 2342; x_wconf 90' lang='lat' dir='ltr'>Silverio</span> <span class='ocrx_word' id='word_1_818' title='bbox 1899 2318 2021 2343; x_wconf 84' lang='lat' dir='ltr'>Romano</span> <span class='ocrx_word' id='word_1_819' title='bbox 2035 2317 2158 2344; x_wconf 84' lang='lat' dir='ltr'>Pontifice</span> <span class='ocrx_word' id='word_1_820' title='bbox 2173 2319 2335 2353; x_wconf 73' lang='lat' dir='ltr'>expenditur.</span> <span class='ocrx_word' id='word_1_821' title='bbox 2345 2319 2423 2346; x_wconf 74' lang='lat' dir='ltr'>loem·</span> 
     </span>
     <span class='ocr_line' id='line_1_117' title="bbox 1411 2352 2423 2388; baseline 0.004 -11"><span class='ocrx_word' id='word_1_822' title='bbox 1411 2360 1463 2385; x_wconf 90' lang='lat' dir='ltr'>que</span> <span class='ocrx_word' id='word_1_823' title='bbox 1482 2353 1627 2385; x_wconf 84' lang='lat' dir='ltr'>Anglorum</span> <span class='ocrx_word' id='word_1_824' title='bbox 1647 2352 1769 2386; x_wconf 85' lang='lat' dir='ltr'>Episcopi</span> <span class='ocrx_word' id='word_1_825' title='bbox 1789 2360 1837 2386; x_wconf 90' lang='lat' dir='ltr'>pro</span> <span class='ocrx_word' id='word_1_826' title='bbox 1857 2353 1988 2388; x_wconf 80' lang='lat' dir='ltr'>Episcopo</span> <span class='ocrx_word' id='word_1_827' title='bbox 2002 2355 2244 2387; x_wconf 83' lang='lat' dir='ltr'>Augustodunensi.</span> <span class='ocrx_word' id='word_1_828' title='bbox 2258 2355 2298 2381; x_wconf 81' lang='lat' dir='ltr'>Ac</span> <span class='ocrx_word' id='word_1_829' title='bbox 2315 2355 2423 2381; x_wconf 78' lang='lat' dir='ltr'>deinum</span> 
     </span>
     <span class='ocr_line' id='line_1_118' title="bbox 1412 2388 2423 2422; baseline 0.004 -9"><span class='ocrx_word' id='word_1_830' title='bbox 1412 2389 1530 2414; x_wconf 83' lang='lat' dir='ltr'>Helenae</span> <span class='ocrx_word' id='word_1_831' title='bbox 1548 2396 1596 2422; x_wconf 90' lang='lat' dir='ltr'>pro</span> <span class='ocrx_word' id='word_1_832' title='bbox 1615 2388 1690 2413; x_wconf 86' lang='lat' dir='ltr'>Irene</span> <span class='ocrx_word' id='word_1_833' title='bbox 1705 2389 1869 2422; x_wconf 82' lang='lat' dir='ltr'>Imperatrice</span> <span class='ocrx_word' id='word_1_834' title='bbox 1897 2407 2219 2416; x_wconf 89' lang='grc'><strong>........</strong></span> <span class='ocrx_word' id='word_1_835' title='bbox 2257 2399 2273 2415; x_wconf 66' lang='lat' dir='ltr'>a</span> <span class='ocrx_word' id='word_1_836' title='bbox 2310 2398 2423 2417; x_wconf 64' lang='lat' dir='ltr'>comt*</span> 
     </span>
    </p>

    <p class='ocr_par' dir='ltr' id='par_1_48' title="bbox 1796 2430 1969 2454">
     <span class='ocr_line' id='line_1_119' title="bbox 1796 2430 1969 2454; baseline 0.006 -1"><span class='ocrx_word' id='word_1_837' title='bbox 1796 2430 1902 2453; x_wconf 81' lang='lat' dir='ltr'>CAPUT</span> <span class='ocrx_word' id='word_1_838' title='bbox 1915 2431 1969 2454; x_wconf 86' lang='lat' dir='ltr'>vn.</span> 
     </span>
    </p>

    <p class='ocr_par' dir='ltr' id='par_1_49' title="bbox 1338 2458 2423 2567">
     <span class='ocr_line' id='line_1_120' title="bbox 1338 2458 2423 2495; baseline 0.003 -11"><span class='ocrx_word' id='word_1_839' title='bbox 1338 2459 1463 2484; x_wconf 89' lang='lat' dir='ltr'>Veterum</span> <span class='ocrx_word' id='word_1_840' title='bbox 1489 2458 1678 2484; x_wconf 85' lang='lat' dir='ltr'>haereticorum</span> <span class='ocrx_word' id='word_1_841' title='bbox 1698 2459 1822 2490; x_wconf 87' lang='lat' dir='ltr'>nomina,</span> <span class='ocrx_word' id='word_1_842' title='bbox 1842 2468 1910 2493; x_wconf 85' lang='lat' dir='ltr'>quae</span> <span class='ocrx_word' id='word_1_843' title='bbox 1935 2460 2079 2486; x_wconf 79' lang='lat' dir='ltr'>deformata</span> <span class='ocrx_word' id='word_1_844' title='bbox 2103 2462 2224 2494; x_wconf 86' lang='lat' dir='ltr'>leguntur</span> <span class='ocrx_word' id='word_1_845' title='bbox 2241 2461 2268 2486; x_wconf 87' lang='lat' dir='ltr'>in</span> <span class='ocrx_word' id='word_1_846' title='bbox 2290 2461 2423 2495; x_wconf 71' lang='lat' dir='ltr'>aliquibus</span> 
     </span>
     <span class='ocr_line' id='line_1_121' title="bbox 1411 2494 2422 2530; baseline 0.004 -11"><span class='ocrx_word' id='word_1_847' title='bbox 1411 2495 1492 2520; x_wconf 83' lang='lat' dir='ltr'>sancti</span> <span class='ocrx_word' id='word_1_848' title='bbox 1512 2494 1632 2520; x_wconf 83' lang='lat' dir='ltr'>Thomae</span> <span class='ocrx_word' id='word_1_849' title='bbox 1651 2495 1792 2529; x_wconf 87' lang='lat' dir='ltr'>Operibus,</span> <span class='ocrx_word' id='word_1_850' title='bbox 1814 2497 1994 2522; x_wconf 87' lang='lat' dir='ltr'>emendantur.</span> <span class='ocrx_word' id='word_1_851' title='bbox 2014 2497 2108 2522; x_wconf 85' lang='lat' dir='ltr'>Menda</span> <span class='ocrx_word' id='word_1_852' title='bbox 2127 2502 2202 2529; x_wconf 79' lang='lat' dir='ltr'>sunt,</span> <span class='ocrx_word' id='word_1_853' title='bbox 2224 2504 2292 2530; x_wconf 88' lang='lat' dir='ltr'>quae</span> <span class='ocrx_word' id='word_1_854' title='bbox 2315 2505 2422 2523; x_wconf 71' lang='lat' dir='ltr'>emisam</span> 
     </span>
     <span class='ocr_line' id='line_1_122' title="bbox 1411 2530 2423 2567; baseline 0.004 -12"><span class='ocrx_word' id='word_1_855' title='bbox 1411 2530 1509 2556; x_wconf 84' lang='lat' dir='ltr'>habent</span> <span class='ocrx_word' id='word_1_856' title='bbox 1528 2530 1692 2556; x_wconf 83' lang='lat' dir='ltr'>librariorum</span> <span class='ocrx_word' id='word_1_857' title='bbox 1711 2531 1876 2565; x_wconf 84' lang='lat' dir='ltr'>imperitiam.</span> <span class='ocrx_word' id='word_1_858' title='bbox 1897 2533 1986 2557; x_wconf 84' lang='lat' dir='ltr'>Codex</span> <span class='ocrx_word' id='word_1_859' title='bbox 2005 2540 2070 2558; x_wconf 80' lang='lat' dir='ltr'>mss.</span> <span class='ocrx_word' id='word_1_860' title='bbox 2089 2539 2230 2567; x_wconf 76' lang='lat' dir='ltr'>expensus.</span> <span class='ocrx_word' id='word_1_861' title='bbox 2261 2543 2275 2557; x_wconf 69' lang='grc' dir='ltr'>ι</span> <span class='ocrx_word' id='word_1_862' title='bbox 2321 2539 2423 2559; x_wconf 75' lang='lat' dir='ltr'>onmv</span> 
     </span>
    </p>
   </div>
   <div class='ocr_carea' id='block_1_24' title="bbox 972 2892 1658 3232">
    <p class='ocr_par' dir='ltr' id='par_1_50' title="bbox 972 2892 1658 3232">
     <span class='ocr_line' id='line_1_123' title="bbox 972 2892 1658 3232; baseline 0 960"><span class='ocrx_word' id='word_1_863' title='bbox 972 2892 1658 3232; x_wconf 95' lang='lat' dir='ltr'> </span> 
     </span>
    </p>
   </div>
  </div>
 </body>
</html>
