2548 4192
594 273 1053 311 DISSERTATIONES
1084 271 1332 308 CRITICAE

305 356 342 386 11.
362 355 450 386 Vitio
474 355 585 385 saltem
599 353 750 395 Aquinati
775 360 883 383 nostro
907 352 1001 383 tribui
1019 352 1111 381 debet
1133 349 1308 392 (postrema

237 407 283 431 est
306 399 455 430 Bruckeri
479 409 627 429 censurae
652 396 756 439 pars),
777 397 866 437 quod
889 397 965 427 dum
989 395 1191 426 Aristotelem
1217 396 1309 426 unice

235 446 326 485 sequi
348 445 518 480 constituit,
540 443 690 482 mancipii
709 443 813 472 instar
835 442 958 471 servire
973 440 1152 480 Stagiritae
1179 445 1309 470 coactus

237 495 304 526 est,
325 494 355 519 et
384 489 547 519 veritatem
581 496 704 527 quoque
733 486 781 515 illi
813 490 956 526 tyranno
978 485 1102 515 servire
1132 485 1255 525 coegit:
1279 489 1309 514 et

237 543 278 564 ne
302 534 422 563 malum
447 532 505 562 hoc
527 531 631 562 solum
656 535 756 567 esset,
778 529 967 559 immodicus
988 530 1218 569 peripateticae
1234 529 1307 569 phi-

238 578 399 618 losophiae
414 586 508 606 amor
523 577 627 606 virum
644 575 761 604 hunc...
780 573 925 610 seduxit,
947 579 983 604 ut
999 574 1179 614 theologiae
1198 574 1308 604 vulne-

238 623 342 659 ribus,
359 631 441 661 quae
458 624 671 660 praepostera
683 618 904 658 philosophiae
919 619 1103 648 commixtio
1127 618 1307 658 inflixerat,

237 676 319 696 nova
343 665 475 695 adderet
498 664 643 694 vulnera.
671 663 818 692 Thomae
843 661 1013 692 consilium
1044 661 1222 692 dissimulat
1249 662 1307 692 ini-

237 720 321 750 quus
349 718 477 746 censor,
506 707 696 737 methodum
721 707 759 737 ab
793 716 832 736 eo
856 713 1011 737 servatam
1033 706 1178 747 ignorat,
1204 716 1308 747 neque

236 754 382 784 Thomae
405 753 511 792 Opera
534 752 684 782 salutasse
707 751 840 781 videtur.

303 799 371 828 Imo
396 796 680 837 prudentissimum
713 795 780 826 eius
805 795 975 826 consilium
998 794 1078 834 fuit,
1103 802 1139 826 ut
1166 795 1308 826 validum

235 842 412 873 remedium
436 841 567 878 afferret,
583 850 650 881 quo
671 840 814 877 vulnera,
831 850 913 880 quae
929 839 1126 870 Christianae
1150 839 1308 879 Religioni

234 893 435 927 praepostera
467 885 628 916 doctrinae
660 884 866 915 aristotelicae
898 884 1155 924 interpretatione
1188 884 1307 924 inflige-

234 932 358 968 bantur,
377 936 508 961 curaret.
535 929 707 970 Stagyritae
731 929 918 963 auctoritate
946 939 1024 959 aevo
1053 929 1109 959 illo
1134 929 1308 959 convellere

234 976 386 1015 dogmata
409 974 483 1004 fidei
499 974 679 1005 nitebantur
701 974 774 1004 vani
797 974 962 1004 homines:
982 973 1178 1014 invectisque
1202 974 1309 1004 absur-

234 1020 281 1050 dis
306 1018 544 1059 opinationibus
570 1018 763 1058 theologicas
788 1018 1031 1058 disceptationes
1052 1018 1230 1049 foedebant.
1246 1019 1308 1048 Ne-

233 1074 296 1105 que
320 1063 489 1104 comprimi
513 1073 626 1094 eorum
650 1063 780 1094 audacia
803 1073 838 1094 ac
868 1062 1013 1103 impietas
1037 1070 1160 1103 poterat
1182 1063 1251 1094 latis
1275 1063 1308 1093 in

234 1108 387 1149 plurimas
410 1108 513 1138 theses
537 1107 691 1145 censuris,
720 1117 825 1148 neque
852 1107 998 1148 ipsorum
1025 1107 1203 1138 Aristotelis
1233 1117 1308 1148 ope-

234 1163 307 1183 rum
330 1152 571 1193 proscriptione.
599 1152 767 1192 Aquinatis
792 1162 866 1192 ergo
891 1151 1061 1182 consilium
1085 1152 1145 1182 fuit
1168 1158 1204 1182 ut
1226 1152 1308 1192 peri-

234 1197 368 1238 patetica
392 1197 596 1235 documenta,
613 1207 698 1227 nova
721 1206 858 1237 operum
880 1196 980 1231 latina,
1008 1196 1153 1227 versione
1177 1197 1308 1227 meliore

235 1248 356 1280 curata,
381 1241 518 1282 penitius
543 1241 807 1281 expenderentur,
824 1241 977 1281 vanisque
997 1240 1182 1272 hominibus
1200 1241 1308 1271 Philo—

234 1286 327 1326 sophi
356 1286 543 1324 auctoritas,
572 1285 623 1316 cui
651 1285 828 1326 plurimum
851 1285 1007 1324 fidebant,
1032 1285 1057 1316 si
1080 1285 1147 1316 fieri
1176 1286 1308 1327 quidem

233 1337 352 1371 posset,
370 1331 549 1371 eriperetur.
567 1331 629 1360 Res
645 1329 1009 1370 cessitflauspicatissime.
1027 1330 1161 1361 Factum
1180 1340 1307 1371 nempe,

234 1382 270 1406 ut
293 1385 375 1416 quae
393 1375 469 1406 vitia
491 1375 524 1405 in
549 1374 698 1415 operibus
722 1374 909 1414 Philosophi
933 1374 1078 1404 evitanda
1102 1374 1235 1413 fuerant,
1258 1375 1307 1405 lu-

235 1420 303 1450 cide
327 1419 443 1460 cuique
466 1419 712 1449 innotescerent:
734 1429 854 1459 quaeve
879 1429 935 1458 per
954 1428 1020 1449 sese
1035 1418 1165 1449 innoxia
1181 1420 1219 1449 ab
1235 1419 1306 1459 ipso

235 1464 402 1494 traduntur
426 1464 632 1502 documenta,
650 1464 688 1493 ab
705 1463 822 1503 iniquis
841 1463 1152 1503 interpretationibus
1176 1463 1308 1494 discreta

233 1508 357 1539 forent:
386 1508 518 1549 ipsaque
551 1508 683 1538 demum
711 1507 939 1548 philosophia,
969 1517 1051 1548 quae
1085 1507 1243 1547 Religioni
1271 1518 1307 1538 ac

233 1552 308 1583 fidei
330 1553 459 1583 inimica
489 1553 690 1590 credebatur,
715 1552 824 1582 usibus
849 1558 879 1582 et
902 1551 1063 1593 obsequiis
1090 1551 1164 1582 fidei
1193 1558 1222 1583 et
1246 1552 1306 1582 Re-

230 1597 377 1637 ligionis,
406 1604 524 1638 quanta
551 1603 670 1637 quanta
698 1603 764 1634 est,
790 1596 996 1628 addiceretur.
1025 1597 1113 1627 Haec
1140 1606 1216 1627 vero
1239 1606 1306 1627 ma—

234 287 413 315 cccxxvm

1362 272 1416 308 IN
1447 273 1485 309 S.
1507 273 1750 309 THOMAM
1777 274 2101 320 AQUINATEM

1363 351 1448 381 xima
1471 351 1572 390 ratio,
1603 362 1685 393 quae
1717 352 1880 393 Thomam
1911 354 2060 395 impulit,
2090 362 2126 386 ut
2156 355 2221 386 suis
2252 355 2441 396 theologicis

1363 395 1395 425 in
1421 395 1580 436 Operibus
1605 396 1827 428 aristotelicam
1857 398 2096 440 philosophiam
2127 400 2322 441 frequentius
2353 400 2441 431 adhi-

1363 441 1458 471 beret.

1431 485 1483 515 111.
1503 485 1616 525 Neque
1640 491 1747 516 tamen
1770 495 1837 516 sese
1862 487 1967 518 instar
1990 489 2142 529 mancipii
2171 488 2274 519 eidem
2298 489 2440 529 philoso-

1362 528 1455 569 phiae
1479 529 1606 560 addixit.
1632 529 1664 560 Si
1688 540 1753 571 qua
1775 537 1850 561 sunt
1873 532 1959 571 apud
1990 532 2114 563 Stoicos
2147 540 2177 564 et
2208 533 2439 572 Academicos,

1363 580 1565 615 caeterosque
1597 574 1830 615 philosophos,
1857 575 1895 606 de
1919 576 2012 607 rebus
2047 577 2159 607 divinis
2195 578 2298 618 deque
2327 577 2440 608 officiis

1362 618 1534 648 hominum
1555 628 1697 649 consona
1721 626 1821 649 rectae
1852 620 1965 650 rationi
1991 622 2203 660 documenta,
2229 622 2357 653 adhibet
2380 633 2437 661 ea,

1363 669 1394 692 et
1425 662 1570 693 illustrat.
1601 663 1673 703 Ipsa
1700 663 1923 704 philosophiae
1956 665 2176 706 peripateticae
2208 666 2363 707 principia
2395 667 2438 697 ita

1363 706 1466 738 solent
1489 707 1528 737 ab
1551 707 1711 748 Aquinate
1734 709 1885 748 proponi,
1902 716 1938 740 ut
1961 710 2134 751 Stagyritae
2161 710 2361 751 praeiudiciis
2385 711 2438 742 de-

1362 751 1469 791 purari
1484 751 1568 782 facili
1584 751 1713 791 negotio
1734 760 1852 793 queant
1862 764 1898 784 ac
1914 754 2138 795 philosophico
2154 755 2327 796 systemati,
2348 755 2438 796 quod

1363 795 1526 835 placuerit,
1549 797 1802 827 accommodari:
1832 798 1921 838 quod
1945 809 1963 829 a
1986 809 2038 829 me
2062 799 2194 839 proprio
2220 800 2437 840 experimento

1363 839 1619 880 frequentissime
1639 847 1852 881 compertum,
1869 842 2002 883 aliisque
2026 843 2092 873 sine
2109 843 2208 874 dubio
2233 844 2438 884 diligentiori-

1362 884 1422 914 bus
1444 884 1712 925 peritioribusque
1736 886 2012 926 comperiendum.

1430 929 1492 959 Sed
1515 929 1697 970 ontologica
1722 929 1870 969 demum,
1892 931 2009 971 quibus
2033 931 2196 962 abundant
2217 932 2324 972 Opera
2346 932 2438 964 Tho-

1363 983 1445 1012 mae,
1463 973 1627 1014 principia,
1645 974 1849 1014 documenta,
1865 975 2039 1013 ratiocinia,
2057 984 2094 1006 ex
2116 975 2188 1016 ipso
2218 983 2319 1007 rectae
2342 977 2438 1008 ratio-

1363 1018 1411 1048 nis
1435 1028 1521 1058 penu
1543 1018 1770 1058 desumuntur,
1787 1029 1870 1060 quae
1893 1020 2000 1060 peritis
2017 1020 2183 1061 doctisque
2207 1027 2308 1052 sectae
2333 1021 2438 1052 cuius-

1363 1072 1426 1103 que
1448 1062 1649 1103 philosophis
1665 1063 1852 1094 communia
1866 1071 1949 1095 sunt.
1971 1065 2053 1096 Rem
2071 1064 2153 1095 hanc
2167 1064 2326 1104 viderunt,
2342 1072 2439 1106 atque

1363 1107 1481 1147 passim
1497 1107 1809 1138 animadvertendam
1825 1115 2013 1149 proponunt
2028 1109 2110 1140 God.
2130 1109 2322 1140 Guillelmus
2346 1110 2438 1141 Leib-

1363 1152 1464 1182 nizius
1488 1159 1518 1183 et
1542 1152 1740 1183 Christianus
1756 1152 1908 1184 Wolfius.
1925 1153 1998 1184 Divi
2017 1154 2165 1184 Thomae
2185 1154 2295 1184 laudes
2318 1154 2438 1195 passim

1363 1203 1534 1228 occurrunt
1555 1197 1590 1227 in
1621 1197 1754 1228 huiusce
1785 1197 1844 1228 viri
1877 1198 2107 1238 philosophicis
2140 1198 2308 1239 operibus:
2332 1199 2438 1230 Divus

1368 1242 1516 1279 Tkomas,
1534 1241 1717 1282 inquientis,
1728 1252 1793 1282 pro
1817 1252 1854 1273 eo
1877 1253 1939 1283 quo
1956 1243 2112 1283 pollebat,
2132 1244 2282 1274 acumine
2298 1243 2439 1284 probat:

1361 1286 1466 1317 Divus
1494 1286 1631 1317 Thomas
1648 1296 1712 1326 pro
1736 1296 1784 1324 eo,
1802 1288 1887 1328 quod
1910 1288 1971 1328 ipsi
1994 1292 2076 1324 erat,
2094 1288 2243 1318 acumine
2266 1293 2352 1318 recte
2369 1298 2436 1319 mo—

1363 1331 1612 1362 nuittProbavit
1627 1331 1809 1373 Leibnizius
1823 1342 1958 1363 acumen
1975 1332 2042 1363 clivi
2064 1332 2219 1363 nomae:
2236 1332 2342 1363 Divus
2356 1332 2437 1363 ΤΙιο·

1363 1385 1434 1406 mas
1457 1386 1558 1406 unum
1591 1375 1632 1406 ab
1655 1376 1758 1406 altero
1786 1376 1958 1418 distinguit
1990 1377 2140 1407 acumine
2161 1377 2347 1418 singulari,
2374 1386 2436 1418 quo

1355 1420 1511 1459 pollebat,
1537 1421 1571 1450 in
1588 1420 1833 1460 perlustrandis
1857 1421 2038 1452 notionibus
2061 1420 2224 1462 confusis.
2250 1421 2437 1452 Innumeras

1362 1474 1443 1503 pene
1467 1464 1655 1495 huiusmodi
1670 1465 1805 1495 laudum
1828 1465 1983 1496 formulas
1999 1466 2101 1506 legere
2118 1465 2234 1506 cuique
2250 1465 2332 1498 licet.
2348 1466 2437 1497 Haec

1360 1518 1436 1538 vero
1461 1508 1535 1539 satis
1558 1508 1648 1547 mihi,
1665 1509 1861 1549 Aquinatem
1883 1510 2084 1550 Magistrum,
2101 1510 2234 1551 eiusque
2257 1510 2375 1552 Opera,
2400 1520 2436 1541 ac

1361 1552 1539 1583 doctrinam
1563 1559 1595 1583 et
1618 1553 1833 1584 eruditionem
1852 1554 1901 1585 sin
1924 1555 2032 1586 minus
2048 1564 2108 1595 pro
2133 1555 2253 1587 meritis
2277 1555 2356 1593 eius,
2374 1565 2435 1596 pro

1361 1607 1433 1627 mea
1457 1604 1539 1629 certe
1562 1597 1644 1629 virili
1668 1597 1850 1630 vindicanti.
