2788 4204
83 1294 90 1300 ·
102 1298 135 1313 m:
153 1294 177 1312 ul
188 1292 211 1312 si
220 1292 294 1318 acetp.

181 1448 198 1473 μ

83 1476 89 1483 ·
101 1481 143 1495 An:
157 1472 295 1494 huiusmodi.

191 2262 203 2277 ν

90 2306 97 2312 ·
109 2310 134 2325 o:
147 2306 216 2327 esset.
232 2307 254 2325 et
270 2304 299 2325 ita

89 2330 160 2356 insra;
181 2337 195 2351 A
210 2337 258 2352 orn.
273 2337 298 2352 e-

90 2357 144 2378 nim.

91 2383 184 2405 ·Codd.:
192 2384 300 2405 similiter

89 2411 150 2435 erit,-
164 2416 170 2431 ι
190 2416 237 2431 om.
254 2411 300 2431 erit

89 2437 199 2465 etfalsa.

88 2632 98 2642 ⁴
110 2631 170 2652 Esse
180 2638 227 2653 om.
234 2637 300 2653 mezi

90 2664 193 2683 κκΝρετ.

87 2738 98 2749 ⁸
110 2737 184 2760 codd.
195 2744 237 2759 -ιη
252 2738 303 2760 ΑΒ.

326 245 401 281 256

324 322 520 360 versaliter
557 322 603 358 de
633 321 684 367 B,
720 328 812 369 puta
840 319 869 355 si
899 318 1128 366 accipiamus
1160 328 1231 364 pro
1267 315 1389 374 medio

325 377 488 424 figuram
524 381 740 411 contentam
773 373 891 410 tribus
920 371 1026 407 lineis
1055 369 1181 415 rectis;
1213 380 1301 417 quta
1329 369 1391 427 liic

326 430 440 466 etiam
469 440 624 465 necesse
654 435 709 463 est
736 427 920 463 minorem
949 422 1264 473 propositionem,
1296 422 1390 458 scili-

327 490 385 519 cet
404 484 438 519 D
460 483 502 528 Β,
533 492 688 517 manere
710 480 804 516 sicut
833 486 911 514 erat
930 477 968 514 in
997 475 1217 525 syllogismo
1239 475 1391 511 conclu·

327 536 439 573 dente
473 546 630 579 verum,
661 532 836 581 quamvis
871 543 939 579 per
969 530 1170 578 proprium
1205 529 1368 566 medium
1379 541 1392 572 ,-

326 589 509 625 maiorem
535 595 661 623 autem
689 584 991 634 propositionem
1022 595 1178 619 necesse
1199 590 1255 618 est
1274 589 1391 618 trans-

326 642 462 679 mutari
492 641 529 676 in
559 638 802 675 contrariam:
834 645 870 673 et
889 637 976 674 ideo
1007 648 1160 684 semper
1179 636 1305 672 minor
1325 635 1393 671 erit

326 707 436 740 vera,
468 702 504 730 et
532 693 655 729 maior
683 703 835 739 semper
864 690 932 727 erit
960 690 1051 726 falsa
1075 697 1093 726 ¹.
1125 690 1174 725 Et
1207 696 1392 737 quantum

325 748 374 785 ad
400 747 561 783 modum
590 744 771 792 arguendi
801 744 869 781 ista
899 743 1072 792 deceptio
1102 750 1158 779 est
1186 741 1317 778 similis
1346 741 1391 788 ei,

326 812 422 850 quae
451 800 494 836 fit
520 811 590 847 per
616 797 815 847 proprium
846 797 1029 835 medium.

378 865 414 900 4.
444 852 593 889 Deinde
629 864 716 888 cum
754 852 861 889 dicit:
901 852 942 888 Si
968 862 1058 888 vero
1094 862 1168 886 non
1200 860 1274 896 per
1301 860 1392 896 pro-

318 908 448 956 prium
470 913 551 952 etc.,
574 905 738 942 ostendit
766 905 965 955 quomodo
995 906 1037 942 fit
1062 903 1304 953 syllogismus
1328 903 1393 938 ial-

325 959 438 997 sitatis
453 971 522 1007 per
537 959 709 995 medium
730 967 965 1006 extraneum,
983 966 1019 995 et
1033 957 1208 995 dissimile
1222 956 1391 1005 proprio.

324 1015 453 1050 Potest
481 1020 609 1049 autern
630 1014 705 1049 hoc
733 1014 898 1050 medium
918 1013 993 1049 hoc
1022 1012 1141 1049 modo
1167 1010 1286 1059 accipi
1306 1016 1331 1057 ⁸,
1352 1018 1394 1047 ut

325 1066 560 1103 contineatur
578 1066 842 1104 universaliter
862 1067 932 1103 sub
943 1069 990 1113 A,
1003 1074 1039 1102 et
1055 1066 1101 1103 de
1118 1065 1221 1101 nullo
1238 1065 1268 1100 B
1283 1076 1392 1114 prae-

325 1120 479 1157 dicetur.
510 1120 559 1156 Et
586 1119 624 1156 in
653 1121 727 1156 hoc
752 1133 841 1157 casu
871 1117 1088 1169 oportebit²
1106 1126 1286 1167 utrasque
1305 1130 1393 1167 pro-

322 1173 529 1222 positiones
551 1186 632 1210 esse
654 1174 776 1220 falsas,
798 1175 887 1224 quia
907 1173 1108 1223 oportebit,
1126 1172 1174 1209 ad
1193 1171 1268 1208 hoc
1288 1172 1393 1220 quod

323 1227 389 1263 fiat
409 1226 650 1275 syllogismus
679 1227 718 1264 in
740 1229 870 1276 prima
887 1229 1039 1277 figura,
1061 1225 1232 1274 accipere
1251 1237 1394 1274 propo-

324 1280 477 1317 sitiones
498 1293 518 1316 e
539 1281 740 1328 contrario,
761 1289 803 1318 ut
822 1282 962 1318 scilicet
978 1281 998 1302 *
1023 1279 1255 1328 accipiamus
1275 1279 1393 1315 maio-

324 1346 404 1370 rem
427 1334 643 1381 negativam
673 1342 709 1371 et
738 1335 923 1378 dicamus,
944 1334 1105 1372 Nullum
1134 1333 1173 1369 D
1200 1338 1255 1368 est
1279 1333 1327 1378 A,
1358 1340 1395 1368 et

324 1388 508 1424 minorem
538 1388 820 1435 affirmativam,
851 1397 887 1425 et
916 1388 1106 1425 dicamus:
1141 1386 1260 1422 Omne
1287 1387 1323 1421 B
1343 1391 1398 1422 est

324 1442 380 1478 D.-
411 1448 447 1477 et
475 1440 527 1480 sic
545 1447 565 1468 μ
592 1448 695 1490 patet
714 1449 893 1490 utrasque
923 1453 1006 1478 esse
1036 1440 1158 1476 falsas.
1189 1440 1239 1475 Et
1257 1439 1352 1475 haec
1374 1440 1394 1460 ‘¹‘

326 1494 481 1543 quidem
510 1494 764 1532 terminorum
784 1495 968 1532 habitudo
989 1492 1152 1530 inveniri
1172 1504 1250 1529 non
1269 1499 1396 1540 potest

326 1547 363 1584 in
389 1547 716 1595 convertibilibus,
753 1548 848 1585 sicut
876 1549 914 1585 in
941 1548 1104 1585 subiecto
1135 1553 1171 1582 et
1197 1546 1393 1594 passione,

326 1613 424 1650 quae
444 1613 512 1649 per
532 1601 686 1650 aliquod
706 1602 870 1639 medium
892 1602 939 1639 de
958 1601 1121 1638 subiecto
1142 1599 1392 1637 concluditur.

326 1654 572 1691 Manifestum
594 1663 648 1691 est
677 1655 779 1692 enim
810 1655 915 1705 quod
939 1667 1017 1692 non
1045 1660 1171 1703 potest
1191 1652 1310 1702 accipi
1330 1653 1394 1690 ali-

326 1708 428 1756 quid,
443 1707 489 1744 de
505 1720 582 1756 quo
602 1708 728 1757 passio
748 1708 1011 1746 universaliter
1026 1707 1276 1756 praedicetur,
1289 1707 1395 1756 quod

327 1774 348 1797 a
383 1761 552 1801 subiecto
587 1762 851 1799 universaliter
888 1769 1143 1799 removeatur.
1185 1760 1263 1797 Sed
1299 1761 1396 1797 haec

326 1814 509 1852 habitudo
544 1823 670 1863 potest
702 1815 879 1862 inveniri,
915 1815 1070 1864 quando
1098 1813 1309 1863 propositio
1340 1822 1395 1851 est

326 1868 504 1914 mediata,
526 1881 571 1904 ex
599 1869 674 1905 hoc
703 1869 808 1918 quod
830 1869 1004 1918 superius
1028 1880 1148 1916 genus
1177 1868 1238 1904 vel
1267 1867 1395 1916 passio

327 1921 531 1970 superioris
566 1922 712 1969 generis
740 1922 980 1971 praedicatur
1014 1922 1061 1959 de
1089 1920 1222 1957 ultima
1250 1921 1395 1969 specie;

326 1982 418 2023 puta
447 1975 475 2011 si
506 1975 695 2012 dicamus:
730 1976 859 2012 Omnis
887 1977 999 2012 homo
1028 1981 1082 2011 est
1106 1975 1223 2011 vivus.
1261 1975 1394 2011 Vivum

328 2028 430 2065 enirn
465 2036 590 2077 potest
627 2029 802 2066 concludi
832 2029 879 2066 de
915 2028 1072 2065 homine
1106 2039 1176 2076 per
1208 2028 1394 2074 medium,

328 2082 432 2130 quod
462 2090 517 2118 est
544 2082 698 2119 animal.
731 2083 770 2118 Si
791 2095 881 2130 ergo
902 2082 1134 2130 accipiamus
1163 2081 1316 2130 aliquid,
1348 2081 1396 2118 de

327 2147 404 2183 quo
442 2135 569 2172 vivum
607 2135 869 2173 universaliter
905 2135 1165 2184 praedicetur,
1209 2135 1304 2171 sicut
1341 2142 1397 2171 est

327 2188 438 2234 oliva,
460 2201 558 2237 quae
577 2201 669 2225 vere
690 2197 911 2226 removetur
930 2190 978 2226 ab
998 2189 1155 2225 homine
1174 2188 1395 2226 universali-

327 2249 383 2278 ter
396 2247 418 2287 ⁹,
441 2241 509 2278 erit
532 2242 715 2279 habitudo
737 2242 1002 2290 terminorum,
1023 2254 1140 2291 quam
1162 2242 1393 2290 quaerimus.

328 2296 434 2331 Haec
464 2294 565 2332 enim
595 2295 663 2332 erit
684 2297 703 2317 *
733 2296 841 2332 falsa:
870 2296 991 2334 Nulla
1020 2296 1120 2332 oliva
1149 2301 1204 2346 es!
1219 2296 1331 2340 νὶνα,·
1360 2303 1396 2332 et

327 2349 452 2385 minor
471 2348 539 2385 erit
559 2348 728 2386 similiter
743 2351 763 2371 ²¹²
784 2350 893 2387 falsa:
928 2350 1057 2386 Omnis
1075 2350 1188 2386 homo
1205 2355 1260 2386 est
1276 2349 1397 2394 oliva,-

329 2410 364 2438 et
393 2402 561 2439 similiter
589 2403 782 2439 conclusio
813 2403 881 2440 erit
904 2403 1013 2440 falsa:
1042 2403 1183 2440 Nullus
1210 2404 1323 2440 homo
1343 2408 1399 2439 est

326 2456 445 2501 vivus,
462 2456 566 2504 quod
587 2464 642 2492 est
662 2456 892 2493 contrarium
914 2456 1164 2506 propositioni
1178 2469 1294 2493 verae
1315 2469 1395 2493 me-

329 2508 462 2546 diatae.

382 2562 574 2610 Contingit
602 2562 714 2599 etiarn
744 2564 927 2600 maiorem
957 2575 1040 2600 esse
1061 2575 1195 2600 veram
1221 2570 1258 2600 et
1276 2563 1395 2600 mino-

328 2628 408 2652 rem
438 2628 520 2652 esse
535 2616 555 2637 ²¹³
574 2616 726 2662 falsam;
756 2625 847 2666 puta
867 2616 897 2653 si
923 2616 1155 2665 accipiamus
1173 2629 1244 2666 pro
1265 2616 1395 2654 medio

329 2669 481 2718 aliquid,
512 2669 616 2718 quod
641 2682 719 2707 non
740 2670 976 2707 contineatur
1003 2671 1074 2707 sub
1103 2672 1155 2717 A,
1185 2677 1277 2719 puta
1305 2670 1396 2718 lapi-

329 2723 424 2759 dem.
446 2724 558 2760 Tunc
578 2723 679 2760 enim
700 2724 835 2770 maior,
848 2736 946 2773 quae
967 2731 1023 2761 est
1041 2725 1131 2761 A-D
1150 2724 1180 2771 ³⁸⁸,
1202 2723 1271 2760 erit
1289 2735 1393 2770 vera,

329 2775 484 2822 scilicet,
519 2777 659 2814 Nullus
688 2777 781 2825 lapis
809 2783 862 2814 est
887 2778 1038 2822 vivens,·
1072 2777 1161 2826 quia
1194 2776 1289 2826 lapis
1317 2789 1395 2814 non

330 2829 541 2866 continetur
560 2831 630 2867 sub
649 2831 755 2868 vivo:
784 2831 852 2868 sed
872 2831 998 2868 minor
1023 2830 1092 2868 erit
1111 2831 1214 2878 falsa,
1244 2830 1395 2878 scilicet,

334 2883 462 2920 Omnis
489 2884 601 2920 homo
631 2890 685 2920 est
711 2884 814 2933 lapis.
847 2885 886 2921 Si
917 2884 1018 2921 enim
1049 2892 1148 2922 esset
1175 2885 1271 2921 haec
1290 2896 1396 2932 vera,

330 3041 513 3072 propria-D:
533 3041 604 3073 quod
622 3044 648 3066 et
668 3042 707 3071 D;
726 3042 980 3072 ABDGHlKNOQT
1003 3051 1056 3067 om.
1075 3043 1165 3073 etiam,
1185 3043 1258 3068 cuius
1277 3044 1335 3068 loco
1354 3043 1397 3067 (ΖΕ

330 3076 376 3099 LM
396 3081 421 3100 et
440 3084 461 3100 s.
475 3084 510 3100 m.
529 3077 547 3101 S
566 3076 660 3101 habent
679 3080 712 3106 et,
733 3085 800 3110 quae
818 3079 941 3110 particula
963 3078 1029 3103 forte
1049 3079 1097 3111 legi
1117 3083 1203 3111 potest
1220 3078 1310 3103 etiam.
1329 3078 1397 3103 Cum

331 3111 352 3134 D
371 3116 450 3142 ponat
468 3115 494 3136 et
513 3117 570 3136 ante
591 3112 631 3142 D,
651 3120 703 3136 non
729 3113 906 3138 irrationaliter
929 3114 1017 3138 omisit
1035 3122 1150 3146 sequens
1168 3114 1248 3139 etiam
1255 3122 1265 3145 ;
1284 3119 1397 3139 attamen

329 3146 412 3177 placet
430 3147 509 3171 etiam
530 3147 557 3176 P,
577 3148 616 3172 cui
637 3149 738 3172 codices
759 3149 888 3180 praecitati
908 3150 1053 3174 consentire
1071 3149 1317 3175 videntur.—-Codd.
1333 3148 1398 3186 (exc.

330 3181 428 3215 1.MR):
451 3182 637 3207 universaliter
655 3184 702 3208 sub
721 3185 744 3208 A
763 3187 788 3208 et
807 3189 869 3215 etc.;
889 3185 923 3209 P:
943 3186 990 3210 sub
1008 3186 1032 3209 A
1052 3185 1239 3210 universaliter
1257 3189 1283 3210 et
1301 3191 1349 3211 etc.

385 3214 403 3251 ι)
425 3217 536 3249 Semper
554 3218 606 3242 erit
615 3219 690 3252 salsa
709 3224 757 3243 etc.
771 3233 790 3237 —
805 3220 878 3244 Unus
898 3221 933 3244 B:
952 3227 1056 3253 semper
1068 3221 1144 3255 salsa
1168 3221 1248 3246 etiam
1268 3225 1397 3254 quantum

330 3252 367 3276 ad
386 3253 493 3277 modum
513 3254 729 3286 argumentandi.
750 3255 785 3279 Et
804 3255 856 3279 ista
876 3255 994 3287 deceptio
1013 3261 1061 3281 etc.

384 3285 409 3322 κ)
430 3289 520 3313 Potest
538 3292 626 3313 autem
646 3290 872 3315 eta-Estiectio
887 3292 970 3322 codd.,
985 3299 1065 3323 quam
1089 3291 1268 3324 adoptavimus
1287 3293 1346 3317 loco
1364 3292 1396 3317 P:

326 3326 417 3354 potest
435 3327 522 3348 autem
542 3324 590 3349 hoc
609 3325 688 3349 modo
707 3325 821 3350 medium
841 3326 1019 3357 κείμὴ-ΟΕ
1033 3335 1086 3351 om.
1101 3327 1150 3352 hoc
1168 3327 1293 3352 medium.

384 3354 413 3392 λ)
435 3359 469 3383 Et
488 3359 513 3383 in
534 3359 582 3384 hoc
599 3367 662 3385 casu
683 3361 814 3392 oportebit
833 3364 958 3394 utrasque
976 3363 1174 3394 propositiones
1192 3367 1240 3388 etc.
1253 3377 1274 3383 -
1286 3363 1341 3388 BC:
1363 3364 1398 3388 Et

332 3393 358 3417 in
378 3394 426 3418 hoc
444 3401 506 3419 casu
526 3395 656 3426 oportebit
670 3396 707 3420 ad
719 3396 768 3421 hoc
780 3397 852 3429 quod
863 3398 918 3430 fiat
930 3398 1115 3430 syllogismus,-
1134 3398 1226 3423 ceteris
1239 3398 1397 3423 intermediis

332 3429 449 3459 omissis;
470 3430 515 3454 sed
535 3431 611 3460 male,
631 3431 667 3455 uti
687 3436 756 3464 patet
775 3439 804 3456 ex
824 3432 970 3457 immediate
990 3433 1169 3466 sequentibus.

387 3460 415 3498 μ)
438 3465 472 3489 Et
490 3465 529 3490 sic
548 3469 626 3497 patet
643 3481 662 3485 —
680 3467 807 3491 Addimus
831 3470 857 3492 et
881 3475 911 3491 ex
936 3469 1057 3493 omnibus
1084 3469 1230 3499 codicibus,
1256 3470 1300 3502 qui
1325 3477 1398 3501 prae-

332 3504 401 3523 terea
428 3499 522 3524 habent
548 3502 629 3525 semel
654 3507 679 3526 et
704 3502 796 3526 iterum
825 3504 848 3527 C
871 3503 929 3527 loco
955 3504 989 3528 D.
1015 3504 1127 3529 Variatio
1152 3505 1247 3529 nullius
1272 3505 1397 3530 momenti

333 3539 384 3564 est,
404 3539 431 3558 ut
450 3540 533 3566 patet;
553 3536 663 3568 ideoque
681 3538 822 3562 retinemus
843 3538 881 3566 D,
902 3543 958 3562 tum
974 3539 1035 3571 quia
1054 3544 1094 3563 est
1113 3540 1138 3563 in
1156 3545 1225 3564 textu
1243 3541 1398 3571 Aristotelis,

332 3574 387 3592 tum
407 3570 467 3601 quia
486 3570 534 3594 sub
555 3571 582 3594 D
601 3572 762 3603 designatum
788 3578 827 3597 est
847 3574 871 3597 in
890 3581 1001 3598 numero
1026 3575 1187 3606 praecedenti
1211 3576 1327 3600 medium
1350 3582 1398 3600 ex-

333 3606 468 3634 traneum,
490 3606 521 3629 de
541 3613 593 3638 quo
619 3607 695 3630 etiam
719 3607 744 3631 in
763 3607 812 3631 hoc
831 3615 941 3632 numero
966 3616 1054 3633 sermo
1072 3614 1120 3634 est.
1139 3624 1157 3628 —
1173 3610 1255 3642 Supra
1273 3618 1340 3635 unus
1360 3610 1398 3635 G:

912 237 1297 276 POSTERIORUM
1324 236 1754 273 ANALYTICORUM
1783 237 1877 274 LIB.
1909 238 1922 273 I

1444 314 1570 363 prima
1589 315 1770 352 existente
1794 328 1888 353 vera
1904 318 1935 364 ³⁸,
1957 325 2180 366 sequeretur
2199 318 2304 367 quod
2325 319 2518 356 conclusio

2547 331 2621 352 'Vera
2633 338 2660 353 ex
2671 337 2685 353 c
2695 338 2761 359 s.m.;

2548 364 2560 379 Ρ
2575 361 2596 379 et
2617 358 2654 379 alii
2677 359 2761 381 codd.:

1447 375 1546 404 esset
1567 380 1673 416 vera,
1696 382 1784 406 cum
1804 376 1934 407 tamen
1956 370 2098 407 dictum
2119 371 2165 408 sit
2186 372 2291 420 quod
2311 372 2357 408 sit
2375 373 2478 410 falsa.
2491 394 2516 401 —
2540 385 2644 414 sa1sa.-
2658 385 2761 407 enten-

1446 422 1539 458 Non
1567 430 1697 459 autem
1724 430 1851 471 potest
1879 436 1963 460 esse
1994 437 2014 460 e
2042 437 2230 462 converso
2261 425 2367 474 quod
2395 427 2521 463 minor

1447 474 1493 511 sit
1519 487 1613 512 vera
1641 476 1671 512 si
1701 476 1746 512 sit
1774 477 1938 514 medium
1968 485 2207 526 extraneum,
2239 480 2327 527 quia
2355 480 2520 516 medium

1448 535 1670 566 extraneum
1697 542 1775 566 non
1793 531 1932 579 poterit
1950 531 2214 569 universaliter
2232 533 2442 581 praedicari
2472 533 2520 570 de

1448 583 1490 618 B.
1514 582 1676 630 Oportet
1704 591 1833 621 autem
1863 597 2016 633 semper
2044 586 2229 623 minorem
2250 586 2520 624 affirmativam

1449 635 1621 684 accipere
1649 636 1687 673 in
1715 637 1840 685 prima
1868 638 2001 685 figura.

1507 690 1538 725 5.
1569 690 1720 726 Deinde
1749 703 1837 727 cum
1868 691 1976 728 dicit:
2012 692 2087 728 Sed
2114 704 2189 740 per
2221 693 2383 730 mediam
2410 694 2520 743 figu-

1449 753 1534 778 ram
1559 750 1643 790 etc.,
1660 744 1824 781 ostendit
1852 745 2052 793 quomodo
2073 746 2116 782 fit
2144 746 2386 794 syllogismus
2413 747 2520 795 igno-

1449 795 1592 832 rantiae
1611 796 1810 844 negativus
1829 797 1868 834 in
1888 798 2057 835 secunda
2076 799 2210 845 figura.
2232 800 2281 835 Et
2307 800 2394 836 dicit
2414 800 2521 849 quod

1449 860 1527 885 non
1555 857 1681 898 potest
1710 851 1927 898 contingere
1962 851 2000 887 in
2034 852 2204 888 secunda
2235 852 2378 900 figura,
2415 853 2521 902 quod

1448 910 1610 951 utraque
1628 904 1840 952 propositio
1861 904 1908 941 sit
1926 905 2019 941 falsa
2038 905 2200 942 totaliter
2212 905 2242 941 *.
2266 905 2305 942 Si
2331 906 2434 943 enim
2455 906 2520 943 de-

1449 956 1537 992 beat
1566 957 1741 994 concludi
1770 958 1867 994 haec
1895 958 1998 1004 falsa,
2027 958 2190 995 Nullum
2218 960 2254 995 B
2277 965 2332 995 est
2351 961 2399 1006 A,
2430 972 2520 996 con-

1448 1009 1560 1046 traria
1588 1023 1722 1056 verae;
1753 1018 1904 1059 oportet
1932 1011 2039 1061 quod
2066 1013 2101 1048 A
2128 1012 2393 1050 universaliter
2410 1025 2520 1062 prae-

1450 1063 1594 1100 dicetur
1615 1064 1662 1101 de
1691 1065 1734 1101 B.
1764 1064 1878 1101 Unde
1907 1077 1985 1101 non
2013 1065 2152 1113 poterit
2180 1066 2322 1114 aliquid
2346 1066 2519 1114 inveniri,

1449 1117 1554 1166 quod
1582 1117 1846 1155 universaliter
1863 1118 2104 1167 praedicetur
2124 1119 2172 1156 de
2190 1132 2282 1167 uno,
2313 1128 2350 1157 et
2367 1120 2520 1157 univer-

1449 1170 1574 1207 saliter
1594 1179 1752 1219 negetur
1770 1172 1791 1192 ³¹²
1811 1171 1858 1209 de
1879 1173 2016 1217 alter03
2037 1172 2133 1209 sicut
2152 1185 2266 1222 supra
2287 1173 2430 1211 dictum
2452 1182 2518 1222 est,

1450 1237 1538 1261 cum
1568 1225 1750 1272 agebatur
1783 1225 1830 1262 de
1860 1225 2081 1274 syllogismo
2116 1226 2350 1274 ignorantiae
2383 1228 2422 1264 in
2449 1228 2519 1265 im-

1449 1278 1625 1315 mediatis
1645 1280 1676 1315 ⁴⁹.

1503 1332 1633 1368 Potest
1652 1338 1782 1368 tamen
1802 1333 1918 1369 altera
1933 1340 2080 1369 tantum
2097 1333 2117 1354 *
2133 1345 2217 1370 6556
2232 1333 2396 1371 totaliter
2410 1333 2519 1382 falsa,

1449 1397 1702 1434 quaecunque
1721 1385 1767 1422 sit
1786 1385 1858 1423 illa.
1881 1387 1930 1422 Et
1948 1387 2023 1423 hoc
2042 1387 2063 1407 ³¹*
2084 1386 2299 1424 manifestat
2322 1387 2450 1436 primo
2479 1388 2518 1426 in

1447 1439 1610 1475 secundo
1630 1439 1742 1475 modo
1762 1439 1954 1476 secundae
1973 1440 2130 1488 figurae,
2161 1440 2198 1477 in
2224 1453 2301 1490 quo
2322 1441 2447 1478 maior
2466 1449 2524 1479 est

1449 1491 1678 1528 affirmativa
1707 1499 1744 1528 et
1771 1492 1898 1530 minor
1926 1493 2112 1541 negatiVa.
2154 1494 2209 1531 Sit
2237 1506 2327 1542 ergo
2357 1495 2522 1532 medium

1448 1544 1502 1581 sic
1521 1557 1562 1582 se
1581 1546 1728 1582 habens
1744 1545 1794 1582 ad
1814 1553 1996 1593 extrema,
2015 1554 2058 1583 ut
2075 1547 2341 1585 universaliter
2356 1549 2404 1586 de
2419 1557 2522 1586 utro-

1449 1611 1523 1648 que
1542 1598 1795 1648 praedicetur,
1821 1599 1917 1636 sicut
1944 1600 2073 1637 vivum
2097 1600 2340 1649 praedicatur
2367 1602 2521 1640 univer-

1448 1652 1574 1689 saliter
1594 1660 1630 1689 et
1654 1652 1701 1689 de
1722 1652 1880 1689 homine
1901 1660 1937 1690 et
1957 1653 2005 1690 de
2026 1654 2180 1691 animali
2196 1651 2220 1692 ε.
2244 1654 2284 1692 Si
2309 1667 2400 1703 ergo
2425 1655 2522 1693 acci-

1448 1706 1572 1754 piatur
1600 1706 1725 1743 maior
1744 1706 1984 1754 affirmativa,
2013 1715 2056 1744 ut
2075 1707 2259 1756 dicamus,
2294 1708 2415 1746 Omne
2441 1710 2523 1747 ani-

1449 1759 1529 1796 mal
1555 1765 1608 1796 est
1634 1760 1781 1803 vivum;
1810 1767 1847 1797 et
1874 1760 2080 1809 accipiatur
2108 1761 2236 1798 minor
2263 1763 2458 1810 negativa,
2481 1770 2524 1800 ut

1450 1813 1595 1850 dicatur
1613 1813 1644 1860 *‚
1673 1813 1814 1850 Nullus
1841 1814 1954 1850 homo
1974 1820 2029 1851 est
2043 1815 2171 1860 vivus;
2199 1815 2324 1852 maior
2343 1816 2412 1853 erit
2429 1828 2524 1854 vera

1450 1874 1486 1903 et
1513 1866 1640 1903 minor
1663 1867 1767 1914 falsa,
1793 1874 1830 1903 et
1858 1867 2052 1904 conclusio
2082 1868 2185 1905 falsa.
2209 1869 2388 1906 Similiter
2407 1869 2522 1907 etiam

1450 1920 1479 1957 si
1509 1920 1741 1968 accipiamus
1774 1920 1814 1956 in
1840 1921 1970 1968 'primo
2002 1922 2114 1958 modo
2149 1922 2342 1960 secundae
2376 1923 2523 1971 figurae

1450 1974 1634 2010 maiorem
1654 1973 1883 2021 negativam,
1899 1981 1942 2010 ut
1961 1974 2134 2011 dicamus
2148 1975 2180 2023 *,
2195 1976 2358 2013 Nullum
2377 1977 2525 2014 animal

1449 2033 1503 2064 est
1524 2028 1672 2071 vivum,·
1692 2034 1728 2063 et
1752 2027 1938 2064 minorem
1958 2028 2242 2075 affirmativam,
2271 2037 2315 2066 ut
2334 2029 2520 2077 dicamus,

1455 2080 1585 2117 Omnis
1611 2081 1724 2117 homo
1753 2085 1808 2117 est
1830 2081 1957 2125 vivus‚·
1985 2081 2055 2118 erit
2076 2082 2202 2119 maior
2225 2082 2317 2119 falsa
2341 2090 2378 2120 et
2397 2084 2524 2121 minor

1449 2146 1553 2180 vera,
1575 2141 1612 2170 et
1631 2133 1826 2170 conclusio
1848 2134 1951 2171 falsa.
1973 2135 2031 2171 Ex
2086 2134 2145 2172 his
2166 2135 2273 2173 dictis
2292 2135 2522 2185 epilogando

1451 2187 1642 2224 concludit
1661 2186 1804 2224 dictum
1835 2199 1917 2225 esse
1946 2188 2102 2236 quando
2127 2196 2164 2226 et
2181 2202 2252 2238 per
2275 2202 2375 2239 quae
2403 2190 2524 2239 possit

1450 2241 1532 2278 fieri
1562 2240 1758 2290 deceptio,
1793 2241 1823 2277 si
1852 2241 2094 2290 syllogismus
2124 2243 2347 2292 deceptivus
2375 2244 2421 2281 sit
2447 2244 2524 2294 pri-

1450 2302 1613 2332 vativus.

1505 2349 1540 2385 6.
1557 2347 1708 2385 Deinde
1724 2359 1813 2384 cum
1830 2347 1933 2385 dicit:
1950 2348 1992 2385 Si
2003 2360 2095 2386 vero
2108 2349 2158 2386 sit
2168 2350 2422 2399 affirmativus
2437 2358 2522 2399 etc.,

1450 2401 1615 2439 ostendit
1630 2401 1830 2451 quomodo
1846 2401 1913 2438 fiat
1928 2402 2180 2440 affirmativus
2200 2404 2442 2452 syllogismus
2458 2404 2523 2442 de-

1450 2455 1634 2505 ceptionis
1654 2460 1666 2476 ⁰
1686 2454 1724 2491 in
1753 2455 2079 2504 propositionibus
2108 2457 2294 2494 mediatis.
2317 2459 2366 2495 Et
2382 2458 2522 2508 primo,

1450 2509 1605 2559 quando
1625 2509 1668 2546 fit
1686 2521 1757 2558 per
1774 2509 1975 2558 proprium
1995 2509 2186 2556 medium;
2212 2511 2383 2548 secundo
2403 2524 2523 2561 quan-

1451 2563 1501 2601 do
1529 2563 1573 2600 fit
1599 2575 1669 2612 per
1696 2561 1870 2599 medium
1899 2562 2020 2600 simile
2040 2563 2216 2613 proprio;
2246 2564 2315 2601 ibi:
2345 2565 2525 2602 Similiter

1449 2622 1575 2654 autem
1604 2622 1639 2653 et
1665 2616 1699 2653 si
1724 2627 1774 2652 ex
1792 2615 1869 2653 alia
1885 2616 1905 2637 *
1935 2624 2022 2663 etc.;
2052 2617 2174 2664 tertio,
2200 2617 2355 2666 quando
2383 2618 2427 2655 fit
2452 2630 2524 2667 per

1450 2669 1624 2707 medium
1653 2677 1894 2714 extraneum;
1924 2669 1993 2707 ibi:
2028 2671 2123 2708 Cum
2151 2682 2242 2708 vero
2265 2672 2319 2719 fit
2343 2683 2418 2720 per
2445 2683 2521 2709 non

1443 2723 1646 2772 proprium
1668 2725 1687 2742 ⁴*
1717 2730 1786 2760 etc.

1504 2776 1604 2814 Dicit
1632 2788 1722 2824 ergo
1750 2775 1876 2825 primo
1906 2776 2012 2825 quod
2035 2776 2066 2813 si
2090 2777 2157 2814 fiat
2185 2777 2428 2825 syllogismus
2457 2777 2523 2816 de-

1451 2829 1635 2879 ceptionis
1655 2829 1908 2867 affirmativus
1927 2829 1966 2866 in
1984 2830 2311 2879 propositionibus
2330 2831 2521 2879 mediatis,

1450 2883 1480 2921 si
1509 2883 1714 2932 accipiatur
1742 2882 1942 2932 proprium
1973 2883 2165 2932 medium,
2194 2891 2236 2921 ut
2264 2897 2379 2934 supra
2407 2897 2523 2934 expo·

1451 3047 1476 3069 et
1496 3043 1584 3069 minor
1601 3043 1638 3068 sit
1654 3043 1836 3076 affirmativa,
1857 3046 1887 3068 ut
1905 3042 2042 3074 dicamus;
2060 3043 2085 3068 O
2105 3043 2216 3076 denique
2235 3051 2359 3069 erronee:
2379 3044 2482 3070 nuIIum
2500 3043 2525 3069 Β

1451 3082 1491 3104 est
1509 3084 1557 3104 etc.

1505 3114 1529 3147 ν)
1550 3114 1626 3145 Quae
1644 3120 1705 3139 vere
1717 3119 1765 3139 etc.
1774 3127 1793 3132 —
1802 3113 2022 3139 ACDEKLNST:
2037 3121 2105 3147 quae
2118 3121 2180 3139 vere
2193 3115 2266 3140 univ.
2279 3114 2313 3139 ab
2326 3114 2397 3140 hom.
2409 3119 2524 3146 renova

1452 3150 1513 3175 BH:
1532 3157 1600 3183 quae
1625 3156 1686 3175 vere
1704 3150 1738 3174 ab
1763 3149 1833 3174 hom.
1853 3150 2041 3175 universaliter
2061 3150 2096 3182 (Η
2115 3157 2169 3175 om.
2184 3150 2268 3183 univ.)
2287 3157 2401 3181 remov.‚·
2426 3150 2450 3175 G
2468 3158 2523 3175 om.

1452 3193 1526 3216 vere5
1545 3186 1568 3210 1:
1588 3192 1656 3218 quae
1674 3188 1747 3210 recta
1765 3185 1799 3210 ab
1818 3185 1888 3210 hom.
1907 3192 2015 3215 remon„
2029 3190 2055 3210 et
2073 3193 2127 3210 om.
2146 3193 2206 3210 cum
2225 3186 2257 3217 R,
2277 3186 2480 3216 universaliter-,-
2499 3185 2526 3216 Q

1451 3229 1513 3251 om„
1523 3228 1592 3254 quae
1605 3227 1666 3246 ver-e
1679 3221 1875 3246 universaliter.
1891 3220 1964 3251 Quae
1979 3221 2102 3246 lectiones
2112 3221 2223 3252 GHlQR
2233 3226 2294 3246 sunt
2304 3221 2454 3246 mendosae.
2464 3221 2523 3246 Non

1452 3257 1569 3289 displicet
1583 3261 1669 3282 autem
1682 3256 1758 3281 lectio
1776 3256 1833 3281 cod.
1845 3257 1884 3281 M:
1904 3263 1972 3288 quae
1990 3263 2052 3281 vere
2069 3259 2096 3281 et
2115 3256 2302 3282 universaliter
2315 3257 2349 3282 ab
2363 3256 2470 3282 homine
2481 3262 2523 3282 re-

1453 3295 1606 3322 moveatur,·
1625 3292 1671 3316 sed
1689 3292 1783 3316 melius
1801 3294 1954 3317 removetur
1966 3292 1985 3316 Ρ
1999 3297 2025 3316 et
2039 3292 2149 3317 aliorum
2162 3293 2237 3317 codd.
2246 3307 2265 3312 -
2275 3292 2300 3317 Ο
2314 3291 2374 3317 hab.
2394 3292 2521 3317 lacunam.

1506 3326 1529 3358 ξ)
1553 3327 1746 3353 Universaliter
1771 3327 1804 3352 de
1829 3330 1942 3360 utroque
1962 3327 2137 3360 praedicetur
2161 3333 2210 3353 etc.
2227 3341 2248 3347 -
2268 3328 2301 3353 P:
2330 3326 2523 3352 valven-samer

1446 3363 1620 3395 praedicetur
1638 3363 1672 3388 de
1691 3365 1812 3395 utroque,
1830 3363 1900 3388 sicut
1919 3363 2107 3388 universaliter
2125 3363 2214 3388 viuum
2233 3363 2267 3389 de
2284 3362 2398 3388 animali
2410 3361 2522 3394 praedi-

1450 3402 1529 3424 catur
1547 3402 1573 3424 et
1591 3399 1624 3424 de
1636 3398 1748 3424 homine.
1758 3412 1778 3418 —
1788 3399 1830 3423 De
1843 3401 1955 3431 utroque
1969 3398 2144 3431 praedicetur
2157 3399 2268 3431 legimus
2287 3406 2348 3424 cum
2361 3396 2521 3422 ABCDELN

1451 3434 1554 3465 OQST,
1567 3440 1592 3459 et
1602 3434 1780 3466 praedicatur
1796 3434 1985 3459 universaliter
2003 3442 2064 3467 cum
2078 3434 2101 3458 K
2120 3439 2146 3459 et
2165 3434 2264 3459 eisdem
2283 3433 2367 3463 codd„
2386 3438 2440 3457 exc.
2455 3431 2520 3462 0Q3

1451 3469 1517 3494 sicut
1536 3477 1596 3494 cum
1615 3469 1826 3500 BCDEGMQST
1840 3469 1966 3503 legimus:
1986 3473 2012 3495 et
2025 3469 2138 3503 (BDGM
2152 3477 2205 3495 om.
2220 3469 2262 3504 et)
2281 3469 2315 3494 de
2328 3467 2434 3493 homine
2447 3470 2474 3492 et
2488 3467 2522 3492 de

1451 3505 1579 3535 animali5
1597 3505 1767 3530 AHlKLNO:
1786 3508 1812 3530 et
1830 3505 1873 3538 (Ο
1892 3513 1946 3530 om.
1960 3505 2000 3540 et)
2021 3505 2054 3530 de
2071 3505 2184 3530 animali
2201 3507 2229 3530 et
2245 3504 2280 3530 de
2297 3502 2410 3529 homine.
2425 3502 2448 3527 R
2462 3501 2521 3527 hab.

1453 3540 1537 3565 iacun.

1505 3575 1532 3609 ο)
1555 3575 1678 3601 Ostendit
1696 3576 1828 3608 quomodo
1848 3582 1926 3600 etc.—-
1938 3576 1976 3600 A:
1996 3575 2157 3601 determinat
2171 3575 2204 3600 de
2217 3573 2374 3608 syllogismo
2393 3573 2521 3606 ignoran-

1452 3610 1505 3635 tiae
1523 3611 1695 3644 affirmativo,
1715 3611 1831 3644 quaesit
1851 3611 1876 3635 in
1898 3616 1945 3635 etc.

2551 911 2603 932 ’Λυιε
2613 911 2680 932 total.
2678 911 2765 940 salsa,-

2549 943 2576 958 e:
2592 939 2633 958 tot.
2642 938 2675 959 sit
2687 938 2764 964 falsa.

2551 1186 2593 1208 ’σιτ
2603 1188 2764 1209 removeatur.

2548 1224 2558 1228 -
2567 1219 2581 1234 n
2588 1220 2593 1234 ι
2601 1213 2640 1235 ab.
2650 1215 2678 1240 (et
2687 1213 2718 1236 it·
2727 1216 2766 1240 cn)

2549 1239 2607 1262 alio.

2550 1288 2712 1317 ‘Lem-prece„
2718 1295 2764 1318 n.5.

2549 1347 2560 1357 ⁸
2569 1346 2678 1369 Tantum.
2685 1352 2726 1368 om
2732 1352 2766 1369 n.

2549 1400 2622 1422 ‘Hoc
2635 1406 2664 1422 ex
2679 1400 2749 1422 codd.

2552 1831 2560 1839 ⁶
2568 1835 2620 1852 no:
2635 1829 2753 1853 dcam.

2551 1987 2767 2012 Ὦωιιιιιωωιιτ.

2547 2019 2592 2035 -με
2607 2015 2635 2035 ut
2646 2014 2768 2037 sidia--

2550 2039 2604 2062 hab.
2614 2040 2689 2063 iacun.

2551 2144 2562 2155 ⁸
2571 2142 2650 2165 codd.
2663 2144 2721 2170 (exc.
2729 2146 2751 2170 u)
2758 2151 2766 2165 :

2552 2170 2585 2192 Et
2598 2170 2647 2192 his.

2551 2637 2559 2645 ·
2570 2635 2642 2658 Num.
2652 2642 2704 2665 neq.

2550 2746 2559 2754 ·
2570 2746 2641 2768 Num.
2651 2746 2675 2770 8.
