2788 4204
457 342 1285 429 POSTERIORUM
1341 346 2274 438 ANALYTICORUM

1167 516 1442 582 LIBER
1490 519 1546 583 Π

1014 805 1358 863 LECTIO
1409 809 1704 865 PRIMA

397 940 701 994 QUATUOR
733 941 896 983 SUNT
929 942 1359 995 QUAESTIONES
1393 945 1479 985 AD
1514 945 1843 987 SCIENTIAM
1875 948 2310 1001 PERTINENTES,

762 1017 842 1058 ET
876 1017 1084 1059 OMNES
1119 1017 1280 1059 SUNT
1315 1018 1744 1071 QUAESTIONES
1778 1022 1948 1063 MEDII

259 1146 312 1180 Τά
335 1144 533 1189 ζητούμενά
562 1145 654 1177 ἐστιν
678 1147 737 1177 ἴσα,
763 1144 822 1177 τὸν
854 1145 991 1190 ἀριθμὸν
1025 1144 1152 1188 ὅσαπερ
1187 1145 1330 1178 ὲπιστοί-
1383 1143 1622 1181 *Quaestiones
1645 1152 1719 1175 sunt
1747 1146 1893 1186 aequales
1916 1157 2050 1178 numero
2067 1148 2131 1188 his,
2151 1159 2358 1192 quaecunque
2373 1162 2445 1184 vere

963 1190 970 1200 .

327 1189 427 1232 μεθα.
453 1191 628 1234 Ζητοῦμεν
653 1185 691 1222 δὲ
715 1189 895 1235 τέτταρα,
929 1203 970 1223 το
997 1189 1071 1231 ὅτι,
1098 1190 1139 1223 τὸ
1163 1184 1274 1231 διότι,
1301 1191 1328 1222 εὶ

329 1235 416 1275 ἔστι,
444 1236 477 1265 τί
504 1235 610 1267 ἐστιν.

251 1279 360 1314 “ovam
379 1278 439 1323 μὲν
456 1278 522 1325 γάρ
541 1279 685 1323 πότερον
707 1273 787 1311 τόδε
806 1277 828 1315 ἦ
843 1273 924 1310 τόδε
941 1278 1110 1322 ζητῶμεν,
1126 1279 1171 1315 εἱς
1191 1277 1328 1323 ἀριθμόν

326 1324 455 1365 θέντες,
483 1326 551 1357 οἷον
577 1324 721 1365 πότερον
748 1324 895 1356 ἐκλείπει
922 1324 938 1354 ὁ
963 1322 1058 1360 ἥλιος
1084 1321 1105 1360 ἦ
1130 1323 1183 1364 οὗ,
1210 1324 1251 1356 το“
1275 1323 1328 1356 ὅτι

295 1406 298 1408 ,
327 1370 510 1412 ζητοῦμεν.
527 1372 668 1414 Σημεῖον
685 1364 724 1401 δέ
742 1368 883 1400 τούτου·
899 1368 1053 1411 εὑρόντες
1070 1368 1134 1413 γαρ
1154 1367 1207 1401 ὅτι
1226 1369 1328 1401 ἐκλεί-

326 1426 396 1455 πει,
416 1413 638 1458 πεπαύμεθα·
656 1416 715 1445 καὶ
734 1414 792 1446 ἐοὶν
811 1413 845 1455 ἐξ
866 1413 971 1458 ἀρχῆς
993 1408 1132 1455 εἰδῶμεν
1153 1413 1206 1446 ὅτι
1223 1414 1330 1446 ἐκλεί-

326 1471 396 1498 πει,
423 1460 462 1492 οὗ
487 1460 657 1504 ζητοῦμεν
683 1458 840 1503 πότερονζ

249 1504 359 1537 ’Ὅταν
384 1499 422 1537 δὲ
446 1499 586 1548 εἰδῶμεν
618 1503 659 1536 τὸ
687 1502 760 1544 ὅτι,
793 1504 834 1536 τὸ
859 1498 950 1535 διότι
974 1503 1163 1547 ζητοῦμεν,
1190 1504 1259 1535 οἷον
1285 1504 1328 1535 εὶ-

324 1543 425 1587 δότες
451 1548 506 1582 ὅτι
531 1550 678 1582 ἐκλείπει
702 1550 761 1580 καὶ
787 1548 841 1582 ὅτι
865 1551 1010 1580 κινεῖται
1036 1549 1057 1584 ή
1083 1549 1142 1594 γῆ,
1170 1548 1211 1581 τό
1236 1543 1326 1581 διότι

324 1594 474 1627 ἐκλείπει
499 1593 521 1631 ἦ
542 1589 633 1626 διότι
663 1598 810 1626 κινεῖται
834 1594 1015 1637 ζητοῦμεν.
1040 1595 1164 1627 Ταῦτα
1181 1593 1240 1637 μὲν
1270 1593 1326 1625 οὖν

325 1638 446 1680 οὕτως,

256 1684 330 1717 ἔνια
353 1679 383 1716 δ’
414 1685 517 1717 ἄλλον
543 1682 670 1728 τρόπον
688 1684 871 1728 ζητοῦμεν,
891 1683 960 1714 οἶον
985 1682 1013 1714 εἰ
1038 1682 1130 1715 ἔστιν
1149 1681 1170 1718 ἦ
1187 1682 1236 1726 μή
1254 1684 1326 1723 ἐστι

322 1728 507 1774 κένταυρος
534 1727 555 1766 ἧ
581 1728 666 1766 θεός.
693 1727 738 1760 Τὸ
762 1723 791 1759 δ’
821 1729 848 1759 εἱ
874 1728 965 1761 ἔστιν
984 1726 1005 1765 ἦ
1023 1727 1071 1768 μή
1090 1729 1204 1766 ἅπλῶς
1222 1727 1324 1775 λέγω,

326 1774 401 1807 ἀλλ’
434 1774 495 1806 οὐκ
519 1775 548 1806 εἱ
570 1773 688 1811 λευκός
714 1771 735 1809 ἢ
760 1772 821 1817 μή.
856 1772 994 1811 Γνόντες
1019 1769 1057 1806 δέ
1083 1772 1137 1805 ὅτι
1163 1773 1257 1812 ἔστι,
1291 1777 1325 1807 τί

325 1819 399 1852 ἔστι
428 1820 616 1863 ζητοῦμεν,
645 1818 714 1851 οἷον
749 1820 782 1851 τί
809 1816 865 1850 οὖν
896 1818 969 1850 ἐστὶ
1000 1817 1093 1859 θεός,
1125 1816 1146 1855 ἦ
1173 1820 1206 1850 τί
1232 1819 1325 1851 ἐστιν

325 1862 570 1908 ἄνθρωπος;“Α
586 1863 646 1907 μὲν
665 1861 722 1895 οὖν
739 1863 909 1906 ζητοῦμεν
926 1865 984 1895 καὶ
1004 1864 1026 1896 οἳ
1042 1862 1195 1907 εὑρόντες
1215 1865 1323 1907 ἴσμεν,

323 1910 443 1942 ταῦτα
466 1910 526 1941 καὶ
551 1906 713 1941 τοσαῦταί
738 1908 843 1940 ἐστιν.

253 1955 429 1997 Ζητοῦμεν
454 1949 510 1994 δέ,
540 1953 624 1987 ὅταν
650 1953 710 1998 μὲν
733 1954 888 1996 ζητῶμεν
917 1952 958 1985 τὸ
985 1951 1038 1986 ὅτι
1064 1951 1085 1989 ἦ
1111 1953 1152 1986 το“
1178 1954 1206 1985 εἱ
1233 1954 1324 1986 ἔστιν

323 1999 452 2040 ἁπλῶς,
481 1997 530 2042 ἆρ’
561 1998 634 2031 ἐστι
660 1997 762 2042 μέσον
789 1999 899 2030 αὐτοῦ
917 1996 938 2033 ἦ
957 1998 1017 2030 οὐκ
1042 1997 1148 2030 ἔστιν·
1177 1997 1262 2031 ὅταν
1287 1994 1325 2031 δέ

320 2043 460 2090 γνόντες
487 2042 508 2081 ἦ
534 2044 576 2077 ard
603 2043 656 2076 ὅτι
682 2042 703 2080 ἦ
729 2044 758 2075 εἱ
783 2043 874 2076 ἔστιν
901 2040 922 2079 ἦ
948 2043 988 2076 τό
1014 2043 1070 2075 ἐπὶ
1095 2043 1212 2087 μέρους
1239 2043 1260 2081 ἦ
1283 2044 1324 2077 τὸ

323 2090 452 2130 ἁπλῶς,
473 2087 576 2122 πάλιν
598 2089 639 2122 τὸ
665 2083 725 2121 διαὶ
750 2091 783 2122 τί
807 2089 962 2133 ζητῶμεν
981 2087 1002 2124 ἦ
1020 2088 1062 2120 τὸ
1080 2091 1114 2121 τί
1133 2089 1221 2130 ἐστι,
1240 2088 1323 2122 τότε

320 2134 490 2179 ζητοῦμεν
516 2136 550 2166 τί
577 2134 618 2167 τό
642 2133 757 2177 μέσον.

251 2177 351 2226 Λέγω
376 2174 414 2211 δέ
439 2179 480 2212 τό
507 2178 561 2212 ὅτι
587 2177 608 2216 ἦ
634 2179 662 2211 εἱ
688 2179 780 2211 ἔστιν
807 2178 862 2210 ἐπὶ
887 2177 1005 2221 μέρους
1029 2178 1087 2208 καὶ
1114 2178 1241 2218 ἁπλῶς,
1269 2178 1323 2210 ἐπὶ

319 2223 439 2269 μέρους
463 2223 537 2268 με’ν,
567 2222 616 2268 ἆρ’
643 2225 789 2256 ἐκλείπει
807 2224 828 2260 ή
846 2222 970 2260 σελήνη
989 2221 1010 2260 ἦ
1029 2221 1194 2263 edifica-au
1214 2224 1242 2255 εἰ
1258 2223 1323 2270 γάρ

320 2269 394 2302 ἔστι
419 2281 454 2301 τι
481 2267 502 2306 ἦ
527 2270 576 2314 μή
603 2269 677 2302 ἔστι
703 2281 751 2311 τι,
778 2268 811 2300 ἐν
838 2273 909 2306 τοῖς
937 2266 1107 2305 τοιούτοις
1138 2269 1320 2312 ζητοῦμεν·

322 2314 436 2352 ἁπλῶς
461 2309 510 2356 δ’,
538 2315 566 2347 εἰ
591 2314 682 2347 ἔστιν
709 2312 731 2351 ἦ
756 2313 804 2359 μή
829 2312 952 2351 σελήνη
980 2311 1001 2349 ἦ
1026 2311 1097 2353 νύξ.

251 2395 432 2440 Συμβαίνει
467 2394 533 2438 ἄρα
563 2394 597 2425 ἐν
625 2391 776 2431 άπάσαις
810 2397 887 2431 ταῖς
918 2392 1083 2435 ζητήσεσι
1108 2393 1222 2436 ζητεῖν
1248 2392 1268 2430 ἦ
1294 2393 1322 2425 εἰ

319 2439 411 2473 ἔστιν
437 2440 539 2482 μέσον
566 2437 587 2475 ἦ
613 2440 646 2469 τί
673 2438 746 2470 ἐστι
773 2438 813 2470 τό
838 2438 953 2482 μέσον.
981 2438 1026 2470 Τό
1044 2437 1104 2482 μέν
1122 2438 1186 2484 γὰρ
1210 2440 1322 2470 αἴτιον

319 2484 361 2517 τό
385 2483 507 2529 μέσον,
542 2484 575 2516 ἐν
603 2482 712 2515 ἅπασι
736 2477 774 2514 δὲ
800 2484 907 2515 τοῦτο
932 2483 1104 2525 ζητεῖται·
1138 2481 1189 2525 ἄρ’
1219 2484 1324 2515 ἐκλεί-

319 2540 394 2570 πει;
424 2527 475 2574 ἄρ’
506 2529 581 2561 ἔστι
607 2524 717 2561 αἴτιον
735 2525 757 2563 ἦ
775 2528 831 2567 οὗ;
858 2528 950 2571 μετσί
966 2529 1084 2560 ταῦτα
1106 2527 1248 2574 γνόντες
1267 2528 1320 2561 ὅτι

319 2575 394 2607 ἔστι
419 2586 466 2606 τι·
495 2577 529 2606 τί
555 2571 612 2605 οὖν
631 2573 728 2606 τοῦτ’
759 2572 833 2605 ἔστι
849 2573 1032 2617 ζητοῦμεν.
1058 2573 1104 2605 Τὸ
1125 2572 1190 2618 γαρ
1209 2575 1319 2607 αἴτιον

276 2646 278 2648 .
318 2621 381 2651 τοῦ
406 2616 493 2651 εἶναι
524 2619 571 2662 μή
598 2614 674 2650 τοδὶ
698 2615 722 2654 ἦ
747 2612 823 2650 τοδὶ
850 2619 925 2650 ἀλλ’
956 2618 1070 2656 ἁπλῶς
1096 2620 1162 2655 τήν
1188 2619 1318 2660 οὐσίαν,

317 2663 339 2701 ἦ
365 2663 407 2696 τὸ
437 2663 483 2708 μή
515 2664 629 2701 ἁπλῶς
666 2661 758 2695 ἀλλοί
787 2674 821 2695 τι
851 2664 916 2695 τῶν
946 2662 1021 2695 καθ’
1058 2663 1147 2695 αὐτὸ
1179 2662 1200 2700 ἦ
1224 2665 1321 2697 κατα

315 2708 543 2754 συμβεβηκός,
563 2708 604 2740 τὸ
621 2707 724 2751 μέσον
751 2705 856 2739 ἐστίν.
883 2707 982 2754 Λέγω
1004 2703 1042 2740 δέ
1060 2708 1101 2741 τὸ
1126 2708 1185 2752 μὲν
1206 2709 1320 2747 ἁπλῶς

317 2753 359 2787 τό
385 2755 618 2796 ὑποκείμενον,
639 2753 707 2785 οἷον
731 2752 874 2790 σελήνην
900 2751 921 2789 ἦ
946 2753 1010 2799 γῆν
1035 2752 1057 2790 ἦ
1082 2752 1179 2790 ἥλιον
1205 2752 1226 2790 ἦ
1252 2756 1320 2798 τρί-

316 2810 438 2845 γωνον,
457 2799 498 2831 τό
523 2794 561 2830 δὲ
587 2800 621 2831 τὶ
647 2797 804 2842 ἔκλειψιν,
823 2796 988 2839 ἰσότητα,
1010 2797 1216 2839 ἀνισότητα,
1240 2799 1268 2830 εἱ
1286 2797 1319 2831 ἐν

316 2842 406 2887 μέσῳ
424 2841 445 2879 ἦ
462 2841 522 2887 μή.
543 2844 601 2873 Ἐν
629 2842 739 2875 ἅπασι
756 2843 820 2889 γάρ
839 2842 977 2881 τούτοις
995 2842 1135 2887 φανερόν
1155 2844 1246 2875 ἐστιν
1265 2842 1319 2875 ὅτι

317 2888 359 2920 τὰ
386 2888 476 2920 αὑτό
502 2888 575 2920 ἐστι
601 2887 642 2920 τὸ
667 2889 701 2920 τί
728 2889 801 2920 ἐστι
825 2890 882 2919 καὶ
908 2883 967 2920 διαὶ
989 2891 1022 2919 τί
1041 2886 1145 2920 ἐστιν.
1173 2890 1211 2919 Τί
1228 2886 1319 2921 ἐστιν

317 2932 478 2976 ἔκλειψις;
505 2931 660 2976 στέρησις
681 2932 792 2976 φωτός
819 2932 888 2965 ἀπὸ
917 2932 1058 2970 σελήνης
1085 2933 1151 2966 ὑπὸ
1175 2933 1237 2978 γῆς
1266 2934 1322 2965 ἀν-

317 2976 516 3021 τιφράξεως.
545 2977 608 3009 Διαὶ
632 2979 665 3009 τί
692 2976 784 3010 ἐστιν
811 2976 966 3021 ἔκλειψις,
986 2976 1006 3014 ἦ
1029 2972 1090 3009 διαὶ
1113 2980 1146 3011 τί
1172 2979 1320 3010 ἐκλείπει

317 3022 338 3057 ή
363 3021 509 3061 σελήνη;
535 3016 595 3054 &aaa
620 3021 661 3053 τό
689 3022 887 3054 ἀπολείπειν
911 3022 951 3055 τὸ
977 3022 1041 3066 φῶς
1069 3022 1168 3065 ἀντιφ
1191 3022 1319 3055 αττού-

315 3077 375 3103 σης
401 3067 463 3104 τῆς
488 3066 564 3111 γῆς.
599 3067 637 3097 Τί
664 3067 737 3098 ἐστι
762 3069 953 3111 συμφωνία;
983 3066 1083 3121 λόγος
1115 3067 1167 3110 ἀρι
1190 3068 1259 3111 μῶν
1285 3067 1318 3099 ἐν

317 3110 387 3151 ὀξεῖ’
410 3109 431 3147 ἦ
458 3110 565 3155 βαρεῖ.
594 3110 657 3143 Διοὶ
674 3114 707 3143 τί
732 3115 901 3155 συμφωνεῖ
921 3111 961 3144 τὸ
981 3110 1042 3152 ὀξυ
1060 3112 1109 3153 τῷ
1128 3112 1241 3156 βαρεῖς
1261 3106 1320 3143 διαὶ

317 3155 359 3188 τὸ
381 3154 484 3201 λόγον
516 3155 604 3200 ἔχειν
638 3155 783 3200 ἀριθμῶν
816 3156 858 3188 τό
884 3154 943 3196 ὀξυ
967 3157 1026 3188 καὶ
1052 3156 1094 3188 τὸ
1119 3156 1217 3200 βαρύ.
1243 3154 1316 3198 'Ap‘

317 3200 391 3232 ἔστι
423 3203 607 3243 συμφωνεῖν
638 3200 680 3233 τό
706 3200 765 3241 6ξύ
789 3203 846 3232 καὶ
873 3201 915 3233 τὸ
945 3200 1048 3245 βαρό;
1081 3199 1132 3244 ἄρ’
1165 3201 1257 3233 ἐστὶν
1284 3201 1317 3232 ἐν

319 3244 468 3287 ἀριθμοῖς
494 3245 510 3276 ὀ
533 3243 635 3290 λόγος
662 3245 792 3286 αὗτῶν;
821 3244 990 3286 λαβόντες
1015 3240 1043 3277 δ’
1074 3244 1127 3277 ὅτι
1154 3246 1239 3286 ἔστι,
1266 3247 1317 3282 τίς

317 3288 373 3322 οὖν
399 3289 491 3321 ἐστὶν
518 3289 534 3320 ὁ
557 3288 682 3334 λόγος;

239 3333 318 3367 Ὅτι
342 3329 372 3366 δ’
403 3334 475 3366 ἐστὶ
501 3334 564 3367 τοῦ
581 3333 684 3378 μέσου
709 3334 730 3370 ή
755 3333 912 3376 ζήτησις,
931 3327 1031 3370 δηλοῖ
1047 3333 1131 3366 ὅσων
1150 3333 1191 3365 τό
1215 3331 1316 3377 μέσον

317 3377 494 3416 αἰσθητόν.
531 3379 705 3422 Ζητοῦμεν
737 3378 802 3424 γάρ
832 3378 880 3419 μή
914 3377 1114 3422 ᾐσθημένοι,
1153 3378 1221 3409 οἷον
1253 3378 1316 3415 τῆς

316 3422 504 3467 ἐκλείψεως,
531 3423 559 3455 εὶ
585 3423 676 3455 ἐστιν
694 3421 715 3460 ἦ
733 3422 793 3466 μή.
817 3423 854 3454 Εἰ
879 3418 911 3454 δ’
940 3420 1023 3465 ἦμεν
1050 3424 1106 3455 ἐπὶ
1131 3422 1193 3459 τῆς
1218 3421 1316 3458 σελή-

315 3481 385 3508 νης,
413 3468 473 3500 οὐκ
501 3467 539 3500 ἄν
565 3467 750 3511 ἐζητοῦμεν
777 3467 848 3500 οὔτ’
877 3468 905 3499 εἱ
928 3470 1060 3514 γίνεται
1086 3467 1166 3499 οὔτε
1183 3462 1243 3498 8ιοί
1267 3468 1314 3506 τί,

318 3511 394 3546 ἀλλ’
424 3512 496 3556 ἅμα
520 3511 625 3550 δῆλον
651 3510 691 3551 ἦν
719 3512 770 3545 ἄν.
796 3513 856 3543 Ἐκ
880 3511 945 3558 γοὶρ
971 3513 1034 3544 τοῦ
1060 3510 1234 3544 αἰσθέσθαι
1258 3513 1315 3542 καὶ

315 3558 358 3590 τό
388 3557 536 3590 καθόλου
571 3555 706 3604 ἐγένετο
740 3556 778 3589 ἂν
811 3557 889 3599 ήμῖν
915 3551 1053 3589 εἰδέναι.
1093 3557 1135 3587 'H
1159 3556 1219 3596 μὲν
1251 3555 1316 3600 γαρ

315 3601 466 3641 αἴσθησις
497 3600 551 3636 ὅτι
582 3603 638 3634 νῦν
673 3600 909 3647 ἀντιφραττει·
942 3604 1000 3634 καὶ
1029 3600 1094 3648 γάρ
1123 3601 1228 3637 δῆλον
1262 3598 1315 3633 ὅτι

1450 1188 1578 1219 scimus.
1596 1189 1786 1226 Quaerimus
1805 1198 1911 1221 autem
1931 1199 2083 1232 quatuor:
2104 1194 2189 1234 quia,
2205 1203 2334 1235 propter
2356 1197 2445 1237 quid,

1450 1233 1477 1263 si
1500 1240 1557 1272 est,
1573 1234 1652 1274 quid
1675 1241 1730 1265 est.

1384 1277 1470 1309 Cum
1493 1278 1623 1318 quidem
1647 1278 1732 1308 enim
1755 1285 1863 1308 utrum
1885 1279 1947 1310 hoc
1976 1287 2030 1311 aut
2052 1281 2113 1312 hoc
2141 1282 2179 1313 sit
2202 1283 2393 1324 quaerimus,
2411 1285 2444 1316 in

1449 1333 1621 1353 numerum
1648 1330 1822 1363 ponenteS,
1854 1330 1889 1354 ut
1919 1331 2028 1355 utrum
2058 1326 2107 1356 sol
2134 1326 2256 1358 deficiat
2280 1336 2334 1359 aut
2363 1339 2442 1369 non,

1447 1368 1556 1407 ipsum
1578 1368 1654 1408 quia
1677 1368 1868 1408 quaerimus.
1895 1369 2029 1409 Signum
2052 1378 2113 1401 est:
2136 1371 2328 1403 invenientes
2360 1375 2445 1404 enim

1449 1413 1524 1453 quia
1539 1413 1653 1452 deficit,
1669 1423 1851 1453 pausamus.
1867 1413 1908 1444 Et
1931 1414 1956 1444 si
1972 1414 2005 1444 in
2028 1415 2184 1455 principio
2205 1416 2355 1447 sciremus
2371 1420 2447 1459 quia

1449 1457 1604 1496 deficeret,
1620 1468 1687 1488 non
1711 1468 1932 1498 quaereremus
1956 1466 2064 1490 utrum
2088 1460 2242 1491 deficeret.

1382 1502 1468 1533 Cum
1492 1509 1599 1533 autem
1621 1502 1738 1533 scimus
1753 1502 1861 1542 ipsum
1884 1503 1969 1543 quia,
1986 1504 2093 1543 ipsum
2108 1512 2238 1545 propter
2256 1506 2333 1546 quid
2349 1516 2445 1546 quae-

1448 1547 1564 1578 rimus:
1592 1554 1627 1578 ut
1657 1547 1788 1578 scientes
1816 1547 1891 1588 quia
1914 1547 2018 1579 deficit
2044 1549 2111 1588 sol,
2140 1557 2171 1580 et
2198 1550 2274 1591 quia
2300 1559 2447 1582 movetur

1448 1599 1538 1632 terra,
1555 1599 1684 1632 propter
1707 1593 1785 1633 quid
1809 1591 1923 1630 deficit,
1939 1600 1968 1623 et
1986 1601 2115 1634 propter
2134 1594 2212 1635 quid
2234 1602 2315 1625 terra
2336 1605 2445 1626 move-

1448 1644 1509 1676 tur,
1526 1637 1718 1678 quaerimus.
1736 1638 1808 1668 Hoc
1831 1637 1962 1678 quidem
1984 1638 2079 1678 igitur
2102 1638 2155 1669 sic.

1381 1682 1548 1719 Quaedam
1571 1689 1678 1712 autem
1701 1681 1763 1712 alio
1787 1682 1886 1712 modo
1910 1683 2102 1722 quaerimus,
2123 1690 2159 1714 ut
2182 1684 2207 1714 si
2231 1691 2277 1715 est
2302 1690 2357 1714 aut
2379 1695 2446 1715 non

1447 1733 1493 1758 est
1516 1734 1693 1765 centauruS,
1714 1733 1768 1757 aut
1783 1727 1879 1757 Deus.
1897 1727 1969 1757 Hoc
1985 1735 2091 1758 autem
2107 1728 2133 1758 si
2157 1735 2203 1759 est
2228 1735 2282 1759 aut
2304 1740 2370 1760 non
2386 1737 2443 1770 est,

1447 1771 1629 1812 simpliciter
1645 1771 1734 1802 dico:
1755 1772 1809 1801 sed
1824 1782 1891 1802 non
1906 1771 1932 1802 si
1954 1773 2063 1803 album
2079 1779 2124 1803 est
2147 1780 2201 1804 aut
2216 1784 2293 1805 non.
2315 1774 2444 1816 Cogno-

1447 1823 1567 1847 scentes
1595 1823 1703 1846 autem
1726 1817 1802 1857 quia
1824 1824 1889 1855 est,
1913 1816 1991 1857 quid
2014 1824 2060 1847 est
2083 1818 2278 1858 quaerimuS,
2305 1827 2340 1850 ut
2363 1821 2441 1861 quid

1447 1868 1494 1892 est
1510 1862 1609 1900 Deus,
1626 1868 1680 1891 aut
1697 1862 1776 1902 quid
1799 1869 1845 1892 est
1859 1862 1969 1892 homo.
1989 1862 2078 1899 Quae
2095 1863 2225 1903 quidem
2239 1863 2333 1903 igitur
2348 1875 2443 1906 quae-

1445 1906 1556 1946 rimus,
1574 1913 1604 1937 et
1626 1916 1708 1947 quae
1730 1906 1923 1936 invenientes
1947 1906 2075 1945 scimus,
2091 1907 2168 1938 haec
2192 1915 2222 1939 et
2244 1915 2292 1939 tot
2314 1917 2397 1941 sunt.

1379 1951 1396 1970 *
1412 1951 1602 1989 Quaerimus
1617 1958 1735 1990 autem,
1753 1961 1827 1981 cum
1843 1961 2031 1992 quaeramus
2047 1952 2133 1992 quia,
2150 1959 2205 1983 aut
2220 1953 2245 1983 si
2261 1960 2307 1984 est
2321 1955 2443 1995 simpli-

1446 1996 1531 2035 citer,
1554 2002 1662 2027 utrum
1686 1996 1725 2027 sit
1752 1996 1895 2026 medium
1924 1996 2023 2036 ipsius
2046 2003 2101 2027 aut
2124 2007 2199 2028 non.
2226 1997 2312 2028 Cum
2336 2007 2443 2030 autem

1447 2047 1672 2081 cognoscentes
1701 2048 1756 2071 aut
1778 2041 1853 2082 quia
1876 2048 1932 2079 est,
1949 2048 2003 2072 aut
2026 2041 2051 2071 si
2075 2047 2131 2079 est,
2147 2049 2202 2073 aut
2223 2042 2256 2072 in
2278 2051 2366 2082 parte
2389 2051 2444 2075 aut

1446 2086 1637 2126 simpliciter,
1663 2086 1779 2116 iterum
1801 2093 1931 2126 propter
1962 2085 2040 2127 quid
2063 2087 2263 2126 quaerimus,
2287 2095 2342 2119 aut
2364 2089 2442 2130 quid

1445 2138 1501 2170 est,
1518 2138 1594 2162 tunc
1617 2131 1798 2172 quaerimus
1821 2131 1899 2172 quid
1923 2130 1962 2161 sit
1983 2131 2138 2161 medium.

1378 2176 1458 2208 Dico
1490 2183 1598 2207 autem
1621 2175 1695 2216 quia
1720 2183 1775 2206 aut
1802 2175 1827 2206 si
1851 2182 1906 2214 est,
1931 2175 1965 2205 in
1988 2182 2076 2215 parte
2101 2182 2156 2206 aut
2184 2176 2375 2217 simpliciter.
2404 2179 2440 2209 In

1445 2228 1532 2261 parte
1556 2220 1687 2261 quidem
1716 2220 1827 2261 igitur,
1858 2227 1966 2251 utrum
1989 2219 2092 2250 deficit
2120 2220 2197 2250 luna
2219 2228 2274 2252 aut
2296 2229 2439 2263 augetur.

1444 2266 1477 2297 Si
1500 2265 1586 2296 enim
1609 2272 1655 2295 est
1677 2265 1797 2306 aliquid
1820 2271 1875 2295 aut
1904 2274 1969 2294 non
1994 2271 2040 2294 est
2063 2264 2181 2305 aliquid
2204 2265 2236 2295 in
2255 2266 2440 2298 huiusmodi

1443 2310 1643 2351 inquirimus.
1670 2309 1859 2350 Simpliciter
1887 2316 1995 2340 autem
2018 2315 2080 2348 est,
2105 2310 2131 2339 si
2154 2316 2200 2340 est
2222 2318 2278 2342 aut
2299 2321 2365 2342 non
2394 2319 2441 2343 est

1443 2356 1530 2393 luna,
1555 2361 1610 2385 aut
1632 2364 1706 2385 nox.

1377 2400 1541 2440 Contingit
1563 2399 1669 2439 itaque
1697 2399 1730 2428 in
1754 2397 1903 2428 omnibus
1933 2397 2171 2438 quaestionibus
2194 2409 2363 2440 quaerere,
2386 2408 2441 2432 aut

1438 2445 1464 2475 si
1489 2451 1535 2475 est
1564 2444 1727 2481 medium,
1753 2449 1808 2473 aut
1831 2442 1909 2483 quid
1932 2450 1978 2473 est
2000 2443 2153 2474 medium.
2170 2443 2280 2475 Causa
2310 2446 2441 2485 quidem

1443 2489 1528 2520 enim
1544 2488 1687 2519 medium
1711 2493 1765 2517 est.
1784 2487 1818 2517 In
1835 2487 1984 2517 omnibus
2008 2494 2115 2518 autem
2130 2488 2192 2519 hoc
2211 2490 2387 2530 quaeritur:
2405 2497 2441 2522 ut

1442 2541 1551 2565 utrum
1574 2533 1651 2563 luna
1683 2531 1822 2570 deficiat,
1846 2539 1955 2562 utrum
1978 2531 2018 2562 sit
2040 2532 2145 2573 aliqua
2169 2543 2262 2564 causa
2285 2542 2340 2565 aut
2361 2545 2438 2566 non.

1441 2580 1519 2610 Post
1539 2578 1617 2616 hoc,
1641 2577 1772 2607 scientes
1795 2577 1871 2617 quia
1894 2584 1950 2615 est,
1975 2577 2053 2617 quid
2076 2577 2170 2617 igitur
2191 2578 2254 2608 hoc
2277 2579 2316 2610 sit
2345 2590 2440 2620 quae-

1441 2624 1551 2655 rimus.
1582 2622 1688 2653 Causa
1710 2621 1795 2651 enim
1818 2622 1917 2661 ipsius
1941 2631 2007 2652 esse
2030 2632 2097 2652 non
2119 2622 2181 2653 hoc
2210 2630 2265 2654 aut
2286 2624 2365 2662 hoc,
2386 2625 2439 2655 sed

1442 2667 1624 2708 simpliciter
1647 2665 1870 2705 substantiam;
1887 2673 1941 2697 aut
1955 2676 2021 2696 non
2041 2666 2232 2707 simpliciter,
2250 2669 2303 2698 sed
2320 2669 2439 2709 aliquid

1442 2714 1561 2744 horum
1585 2721 1666 2752 quae
1690 2717 1764 2741 sunt
1786 2721 1842 2751 per
1865 2721 1897 2741 se
1920 2718 1975 2741 aut
1997 2713 2173 2742 secundum
2196 2712 2349 2751 accidens,
2371 2723 2437 2744 me-

1443 2758 1533 2788 dium
1557 2764 1612 2787 est.
1636 2755 1717 2786 Dico
1742 2762 1848 2786 autem
1864 2755 2045 2796 simpliciter
2067 2756 2197 2797 quidem
2220 2757 2437 2797 substantiam,

1443 2809 1479 2833 ut
1494 2803 1615 2840 lunam,
1632 2807 1686 2831 aut
1710 2806 1834 2839 terram,
1851 2807 1905 2830 aut
1927 2800 2129 2839 triangulum,
2147 2801 2225 2841 quid
2248 2809 2354 2832 autem
2371 2812 2436 2833 esse

1443 2847 1612 2884 defectum,
1624 2845 1855 2885 aequalitatem,
1869 2845 2134 2885 inaequalitatem,
2146 2845 2170 2875 si
2187 2846 2219 2875 in
2235 2846 2341 2876 medio
2358 2853 2437 2877 terra

1442 2892 1482 2922 sit
1498 2898 1552 2922 aut
1572 2901 1648 2922 non.
1675 2890 1708 2919 In
1726 2889 1874 2919 omnibus
1898 2890 1982 2919 enim
1998 2890 2046 2920 his
2065 2890 2267 2920 manifestum
2287 2898 2332 2920 est
2347 2891 2436 2930 quod

1442 2937 1528 2967 idem
1551 2935 1590 2966 sit
1613 2935 1702 2975 quod
1725 2934 1802 2974 quid
1825 2940 1871 2964 est
1895 2941 1925 2964 et
1947 2941 2075 2974 propter
2097 2934 2174 2975 quid
2200 2941 2254 2964 est.
2280 2935 2337 2972 Ut,
2358 2935 2436 2974 quid

1442 2987 1489 3011 est
1512 2977 1670 3010 defectus?
1687 2978 1818 3019 privatio
1842 2978 1970 3008 luminis
1987 2989 2004 3008 a
2019 2979 2095 3008 luna
2119 2988 2155 3008 ex
2178 2985 2275 3008 terrae
2299 2978 2434 3010 obiectu.

1441 3026 1573 3064 Propter
1588 3024 1666 3064 quid
1682 3030 1728 3054 est
1743 3022 1894 3061 defectus,
1914 3030 1968 3053 aut
1983 3030 2112 3063 propter
2127 3022 2204 3063 quid
2221 3021 2324 3053 deficit
2338 3021 2436 3053 luna?

1440 3076 1570 3110 propter
1586 3068 1745 3098 defectum
1767 3067 1907 3105 luminis,
1924 3067 2070 3107 opposita
2088 3074 2176 3097 terra.
2195 3067 2281 3103 Quid
2300 3074 2346 3097 est
2361 3077 2435 3098 con-

1440 3111 1602 3144 sonantia?
1625 3112 1704 3142 ratio
1728 3122 1935 3142 numerorum
1958 3112 1990 3141 in
2015 3118 2107 3142 acuto
2132 3118 2162 3141 et
2184 3111 2278 3150 gravi.
2303 3112 2436 3151 Propter

1441 3158 1519 3198 quid
1538 3164 1693 3187 consonat
1711 3164 1840 3187 acutum
1855 3154 1960 3196 gravi?
1981 3162 2108 3196 propter
2126 3155 2158 3185 id
2177 3156 2264 3196 quod
2280 3155 2435 3186 rationem

1440 3202 1534 3232 habet
1557 3201 1754 3231 numeralem
1777 3207 1906 3231 acutum
1930 3207 1960 3231 et
1981 3210 2084 3240 grave.
2115 3200 2230 3230 Utrum
2254 3206 2299 3230 est
2323 3210 2434 3230 conso-

1440 3256 1514 3276 nare
1538 3252 1668 3275 acutum
1684 3251 1714 3275 et
1729 3242 1841 3284 grave?
1858 3245 1973 3275 Utrum
1991 3244 2029 3275 sit
2043 3245 2076 3274 in
2092 3244 2231 3274 numeris
2247 3243 2326 3274 ratio
2349 3244 2434 3284 ipso-

1439 3287 1531 3320 rum?
1549 3289 1747 3328 Accipientes
1770 3295 1877 3319 autem
1900 3288 1975 3328 quia
1995 3295 2050 3326 est,
2068 3288 2145 3328 quid
2160 3288 2254 3328 igitur
2270 3295 2316 3318 est
2334 3286 2435 3319 ratio?

1373 3334 1471 3372 Quod
1495 3340 1601 3364 autem
1625 3333 1721 3362 medii
1745 3332 1784 3363 sit
1806 3332 1960 3373 quaestio,
1978 3332 2152 3363 ostenditur
2175 3332 2432 3373 quandocunque

1438 3378 1581 3408 medium
1605 3377 1750 3407 sensibile
1774 3384 1829 3407 est.
1850 3377 2039 3413 Quaerimus
2063 3376 2148 3407 enim
2167 3386 2232 3406 non
2256 3376 2433 3415 sentientes,

1438 3430 1474 3453 ut
1498 3421 1666 3459 defectum,
1683 3421 1708 3451 si
1728 3427 1783 3451 est.
1801 3421 1833 3451 Si
1856 3431 1931 3451 vero
1951 3431 2090 3451 essemus
2114 3430 2208 3460 super
2229 3421 2350 3459 lunam,
2367 3431 2434 3451 non

1439 3467 1549 3507 utique
1572 3475 1793 3506 quaereremus
1816 3475 1919 3505 neque
1943 3465 1968 3495 si
1991 3464 2045 3502 fit,
2066 3475 2169 3505 neque
2192 3472 2321 3505 propter
2343 3465 2432 3505 quid,

1438 3511 1492 3541 sed
1516 3510 1611 3540 simul
1633 3509 1837 3540 manifestum
1860 3515 1940 3539 esset
1962 3509 2088 3549 utique:
2110 3519 2146 3539 ex
2169 3519 2208 3539 eo
2232 3509 2317 3539 enim
2344 3509 2434 3550 quod

1439 3555 1602 3592 sentimus,
1629 3561 1659 3585 et
1681 3554 1854 3584 universale
1879 3553 1970 3583 nobis
1993 3553 2112 3583 facturn
2136 3560 2182 3584 est
2205 3553 2290 3584 scire.
2316 3553 2433 3584 Sensus

1438 3599 1570 3640 quidem
1593 3605 1639 3629 est
1668 3599 1736 3629 eius
1759 3598 1848 3639 quod
1870 3608 1956 3628 nunc
1983 3597 2146 3637 obiicitur,
2168 3604 2199 3628 et
2229 3597 2433 3629 manifestum

2473 1165 2483 1175 '
2493 1165 2550 1191 Cap.
2559 1170 2574 1186 ι.
2591 1177 2601 1181 -
2616 1165 2684 1188 Text.

2473 1197 2559 1213 comm.
2569 1198 2585 1213 ι.

2468 1965 2480 1976 ⁸
2497 1964 2554 1992 Cap.
2565 1971 2586 1987 n.
