2788 4204
91 338 103 348 ⁸
112 336 216 363 Prae'ncip.
229 336 305 357 omitt.

93 362 172 389 codd„
183 367 233 383 exc.
241 368 296 383 exo.

91 390 103 400 ¹⁸
112 388 182 409 Num.
196 395 220 414 4.

93 435 102 443 ·
114 435 188 465 Qodd.
200 441 237 456 -i>:
248 435 305 462 quia

87 466 210 518 ffugi-add.
223 498 233 503 -
244 493 288 508 rou
299 494 304 508 ε

93 513 203 540 qualiter.

93 543 306 575 'Codd.-Cf.not.†.

93 642 103 650 '
118 639 193 662 Codd.
202 641 259 665 (exe.
268 641 306 666 on)

92 672 140 688 om.
151 667 194 687 est.

95 695 103 703 “
115 692 185 714 Num.
205 698 226 720 3.

95 803 106 813 ⁸
123 802 215 823 Comm.
231 808 250 822 s.
260 801 305 833 ‘1:11.

92 828 305 881 sitientia&

93 887 124 908 ω,
139 887 162 902 n.
173 881 195 908 8,
211 887 259 908 seq.

191 962 207 986 Υ

93 988 104 998 ⁸
114 993 140 1008 c:
156 989 241 1008 autem.

94 1072 102 1079 ·
113 1070 148 1091 Eo
164 1070 238 1091 omitt.
253 1076 276 1091 A.

192 1173 206 1197 δ

93 1283 104 1293 ⁴*
123 1282 198 1303 Codd.
215 1288 286 1307 -PGQ
297 1290 302 1303 :

93 1308 180 1336 differt.

93 1553 104 1563 ⁴¹
111 1558 140 1583 ,⁰³
153 1554 246 1579 oportet
254 1558 304 1573 eum

92 1584 134 1599 stc.

90 1653 102 1663 '⁴
113 1652 203 1674 Callias
228 1653 304 1674 omitt.

92 1679 170 1705 codd„
177 1685 226 1700 exc.
235 1686 289 1701 onir.

93 1708 99 1715 ·
107 1711 283 1732 ABCDHKLNQST.
293 1717 303 1722 -

89 1739 114 1754 r:
130 1732 204 1758 em'm,·
214 1739 238 1754 a:
250 1733 303 1760 pri-

89 1765 127 1780 mo
132 1766 141 1785 ,²
155 1765 267 1806 inrergo.

193 1806 203 1816 ἲ

333 247 408 283 216

334 324 463 360 omnia
477 325 660 373 principia
670 326 691 346 ‘¹‘
703 324 934 369 communia;
946 323 1008 359 ibi:
1025 321 1314 359 Communicant
1326 332 1392 356 au-

333 382 405 412 tem
425 389 553 414 omnes
571 378 775 414 scientiae*
787 384 854 413 etc.
878 377 987 412 Circa
1004 375 1172 423 primum
1189 373 1265 410 duo
1287 373 1392 409 facit:

331 429 456 476 primo
473 430 505 477 *,
523 430 685 466 ostendit
709 430 904 478 quomodo
921 429 963 449 *²¹²
979 440 1019 464 se
1038 427 1204 464 habeant
1232 425 1395 462 demon-

335 481 510 519 strativae
525 482 700 518 scientiae
716 482 813 518 circa
826 482 901 517 hoc
918 479 1159 529 principium,
1171 478 1287 527 quod,
1300 479 1392 516 Non

334 534 516 583 contingit
539 535 651 570 simul
677 536 875 582 affirmare
902 539 938 569 et
964 533 983 553 '¹‘
1013 543 1173 582 negare;
1205 531 1391 579 secundo,

335 587 531 634 quomodo
557 599 596 622 se
615 587 780 623 habeant
808 586 906 622 circa
924 586 1033 634 ‘istud
1059 584 1305 633 principium,
1334 585 1394 621 De

333 640 495 686 quolibet
506 641 586 675 est*
597 639 802 687 affirmatio
816 639 877 675 vel
885 639 1035 688 negatio
1050 650 1142 674 vera
1149 651 1163 682 ‚·
1181 637 1250 674 ibi:
1275 637 1395 674 Omne

333 697 457 728 autem
486 692 718 739 affirmare*
738 699 806 728 etc.
838 692 944 728 Haec
973 691 1075 727 enim
1105 691 1182 728 duo
1210 690 1394 739 principia

333 751 419 780 sunt
455 744 627 780 omnium
664 744 807 792 prima,
851 752 893 781 ut
928 744 1112 793 probatur
1146 744 1184 780 in
1223 743 1274 779 IV
1307 744 1393 779 Me-

332 797 546 844 taphysicae
565 796 596 832 ²¹⁸.
748 814 751 816 ·

387 860 420 885 2.
451 848 550 885 Dicit
578 860 666 896 ergo
694 849 820 898 primo
850 849 956 898 quod
983 850 1085 886 nulla
1120 848 1392 886 demonstratio

331 901 464 949 accipit
482 902 556 938 hoc
574 902 814 951 principium,
837 903 952 951 quod,
973 903 1064 940 Non
1085 902 1268 952 contingit
1282 901 1395 938 simul

330 955 529 1002 affirmare
543 960 579 991 et
591 967 734 1005 negare
747 960 773 992 ⁷.
795 955 834 992 Si
855 956 958 992 enim
973 956 993 976 *
1009 956 1134 1004 aliqua
1153 956 1395 992 demonstra-

331 1006 382 1043 tio
404 1019 450 1043 eo
469 1014 637 1045 uteretur
665 1009 714 1046 ad
743 1009 1024 1046 ostendendum
1054 1009 1220 1057 aliquam
1241 1009 1393 1045 conclu-

331 1059 491 1108 sionem,
510 1068 702 1109 oporteret
721 1062 826 1110 quod
845 1062 898 1098 sic
917 1074 964 1098 eo
979 1062 999 1083 ’¹‘
1015 1069 1193 1108 uteretur,
1211 1061 1318 1110 quod
1332 1074 1392 1097 ac-

332 1112 472 1161 ciperet
498 1114 679 1162 primum,
700 1114 797 1152 idest
823 1115 1007 1152 maiorem
1028 1114 1314 1161 extremitatem,
1342 1115 1393 1151 af-

331 1166 475 1202 firmari
496 1166 543 1203 de
562 1167 683 1204 medio
705 1176 741 1204 et
760 1180 838 1205 non
857 1168 986 1216 negari
1001 1165 1025 1205 ⁸.
1043 1168 1144 1215 Quia
1163 1168 1192 1204 si
1208 1167 1395 1216 acciperet

332 1219 627 1256 affirmationem
647 1227 684 1257 et
702 1221 943 1269 negationem
964 1233 1009 1258 ex
1028 1228 1134 1270 parte
1154 1221 1281 1267 medii,
1302 1220 1393 1257 nihil

332 1271 498 1308 differret
515 1273 535 1294 *
550 1280 677 1309 utrum
706 1274 759 1310 sic
777 1275 839 1311 vel
869 1274 921 1310 sic
941 1282 1056 1321 esset;
1087 1282 1123 1311 et
1142 1274 1279 1311 eadem
1299 1274 1393 1311 ratio

332 1331 388 1361 est
407 1325 454 1362 de
474 1326 592 1372 tertio,
608 1326 705 1363 idest
724 1327 772 1364 de
791 1327 933 1364 minori
949 1327 1181 1365 extremitate
1200 1339 1270 1375 per
1290 1339 1393 1364 corn-

329 1378 576 1429 parationem!
588 1379 637 1416 ad
656 1380 819 1416 medium
834 1385 855 1416 ⁸.
877 1380 993 1417 Verbi
1022 1380 1154 1427 gratia:
1184 1380 1230 1416 sit
1253 1379 1393 1417 animal

325 1431 506 1479 primum,
523 1432 642 1468 homo
663 1433 838 1479 medium,
856 1440 893 1469 et
916 1432 1052 1469 Callias
1073 1433 1232 1469 tertium.
1255 1433 1294 1469 Si
1310 1433 1393 1482 quis

330 1485 444 1521 vellet
470 1485 523 1521 uti
551 1485 744 1533 praedicto
773 1485 957 1534 principio
990 1485 1028 1522 in
1058 1485 1392 1533 demonstratione,

331 1544 523 1586 oporteret
540 1538 560 1559 *
587 1538 639 1575 sic
659 1550 834 1586 arguere:
865 1538 1002 1575 Omnis
1029 1538 1149 1575 homo
1171 1546 1227 1576 est
1254 1539 1393 1576 animal

331 1597 368 1626 et
394 1603 473 1627 non
502 1598 557 1627 est
585 1602 663 1628 non
692 1591 848 1638 animal;
884 1592 1021 1628 Callias
1050 1599 1106 1629 est
1133 1592 1269 1638 homo;
1305 1604 1393 1640 ergo

332 1643 468 1679 Callias
486 1644 575 1680 *est
603 1644 742 1681 animal
772 1652 808 1681 et
832 1657 910 1682 non
931 1652 986 1682 est
1013 1657 1091 1682 non
1111 1645 1262 1682 animal.
1294 1646 1395 1682 Cum

329 1708 424 1732 vero
439 1697 460 1717 ’¹‘
483 1696 591 1744 dicat,
613 1698 735 1734 omnis
758 1694 873 1735 homo
891 1704 946 1735 est
961 1699 1116 1745 animal,
1146 1698 1236 1735 nihil
1258 1698 1394 1746 differt,

329 1756 456 1786 utrum
478 1749 591 1786 etiam
610 1751 705 1787 haec
725 1751 771 1788 sit
789 1763 893 1797 vera,
915 1764 989 1788 non
1009 1753 1121 1788 homo
1141 1757 1194 1788 est
1211 1751 1355 1788 animal
1369 1751 1394 1798 ἴ,

329 1803 391 1839 vel
420 1815 498 1839 non
527 1803 572 1839 sit
590 1816 693 1841 vera.
725 1805 774 1841 Et
793 1805 962 1842 similiter
989 1804 1028 1842 in
1054 1805 1297 1842 conclusione
1317 1817 1395 1842 non

331 1855 474 1903 differt,
514 1869 560 1893 ex
593 1869 669 1905 quo
704 1858 843 1895 Callias
876 1864 931 1895 est
955 1858 1120 1905 animal,
1157 1865 1286 1895 utrum
1320 1870 1395 1894 non

330 2066 393 2090 dum
412 2073 459 2097 pro
478 2073 526 2090 suo
546 2065 649 2089 arbitrio
668 2065 737 2097 legit,
757 2072 809 2089 non
828 2071 856 2089 se
874 2064 971 2089 habent
989 2069 1047 2095 etc„
1066 2065 1113 2090 sed
1132 2066 1244 2097 primum
1264 2064 1397 2089 divisionis

330 2101 479 2126 membrum
497 2101 538 2125 vix
557 2108 586 2125 ac
605 2108 638 2124 ne
655 2100 697 2124 vix
711 2100 817 2132 quidem
837 2108 851 2124 a
870 2100 985 2125 secundo
1004 2100 1267 2133 distinguit.—Editio
1281 2100 1314 2124 P:
1331 2107 1396 2132 qua-

330 2137 392 2161 liter
406 2136 631 2161 demonstrativae
644 2135 769 2160 scientiae
783 2135 856 2160 circa
866 2135 958 2167 prima
968 2135 1105 2167 principia
1122 2136 1192 2161 inter
1207 2135 1357 2161 communia
1370 2142 1398 2160 se

329 2172 452 2197 habeant.
472 2172 544 2196 Hanc
564 2171 699 2196 lectionem
719 2171 880 2201 retinuimus,
900 2171 1062 2203 transpositis
1082 2176 1181 2196 tantum
1199 2171 1286 2196 verbis
1304 2178 1332 2196 se
1350 2170 1397 2195 ha-

331 2208 423 2236 beant,
443 2207 502 2239 quia
521 2206 586 2231 hanc
611 2206 854 2239 transpositionem,
875 2214 928 2231 exc.
948 2206 1010 2237 GH,
1030 2206 1131 2231 codices
1150 2214 1243 2231 omnes
1269 2206 1398 2231 exhibent.

331 2243 412 2267 Codd.
428 2242 490 2267 GH:
510 2242 625 2274 qualiter
643 2242 869 2266 demonstrativae
886 2242 1012 2266 scientiae
1029 2249 1058 2266 se
1076 2242 1191 2267 habeant
1208 2242 1281 2266 circa
1299 2247 1348 2266 etc.

378 2277 410 2312 γ)
429 2278 490 2302 Νοη
509 2277 640 2310 contingit
657 2277 736 2302 simul
750 2277 889 2310 affirmare
910 2280 936 2302 et
955 2277 1135 2310 negare—lta
1154 2277 1233 2302 Pinna
1251 2282 1277 2302 et
1295 2277 1400 2307 codices,

331 2320 423 2339 omnes
443 2311 517 2347 (AC,
537 2314 577 2338 vel
596 2319 695 2346 negare
701 2320 710 2342 ‚¹
730 2313 769 2337 vel
788 2312 814 2337 in
833 2313 856 2337 G
876 2312 967 2345 corrig.
987 2312 1013 2337 in
1031 2316 1057 2338 et
1064 2320 1072 2342 ,·
1091 2313 1128 2343 Q,
1147 2316 1196 2338 aut
1214 2308 1327 2346 negare)
1347 2312 1397 2337 sub

330 2349 378 2374 hac
397 2349 480 2373 forma
499 2353 600 2381 ponunt
619 2348 727 2377 axioma,
747 2355 798 2372 non
813 2348 946 2381 contingit
964 2353 1020 2378 etc„
1041 2353 1066 2373 et
1084 2348 1190 2373 estsere
1205 2348 1294 2373 eadem
1314 2348 1398 2372 forma

332 2392 361 2409 ac
380 2384 547 2409 aristotelica:
567 2380 597 2408 τὸ
617 2381 643 2407 ’δὲ
664 2381 697 2417 μὴ
717 2388 764 2408 etc.
784 2383 850 2408 Hinc
870 2383 946 2408 etiam
966 2383 991 2408 in
1011 2383 1136 2416 superiori
1156 2391 1274 2414 numere,
1288 2383 1397 2408 auctori-

331 2425 383 2445 tate
397 2419 514 2444 codicum
531 2416 598 2454 (exc.
609 2418 696 2452 HLT)
712 2418 831 2451 legimus,
847 2426 898 2443 non
913 2419 1046 2452 contingit
1059 2419 1139 2444 simul
1151 2419 1290 2453 affirmare
1308 2422 1334 2444 et
1353 2426 1397 2443 ne-

331 2463 412 2489 gare,
433 2463 485 2479 non
504 2459 591 2479 autem
611 2462 670 2479 cum
690 2453 795 2478 PHLT:
815 2461 866 2478 non
885 2454 1018 2488 contingit
1036 2454 1105 2479 idem
1125 2454 1204 2479 simut
1223 2453 1298 2487 (LT,
1318 2454 1399 2479 simul

332 2491 417 2522 idem)
437 2490 574 2523 affirmare
593 2493 619 2514 et
638 2489 688 2521 (P,
708 2490 764 2522 vel)
784 2496 919 2522 negare-
931 2489 989 2520 Qua
1007 2490 1105 2514 ratione
1124 2489 1247 2523 principia
1264 2494 1397 2514 tran-scen-

333 2526 451 2555 dentalia‚
470 2525 525 2550 sive
544 2525 595 2549 sint
613 2525 729 2557 positiva,
743 2525 798 2549 sive
812 2525 937 2556 negativa,
953 2525 1199 2550 demonstrationem
1214 2524 1397 2558 ingrediantur,

332 2561 515 2594 explicavimus
530 2568 616 2592 supra,
631 2560 689 2585 lect.
703 2567 763 2590 xvir,
777 2564 830 2584 not.
844 2558 866 2584 δ.
875 2573 895 2579 --
904 2560 943 2584 Cf.
956 2560 1077 2592 Caietam,
1092 2561 1118 2584 in
1132 2561 1141 2585 1
1157 2561 1267 2590 Foster„
1283 2567 1338 2592 cap.
1352 2568 1398 2591 κη,

332 2597 348 2630 ξ
366 2597 444 2622 Circa
458 2595 577 2628 primam
595 2595 787 2620 conclusionem
807 2600 864 2625 etc..
883 2595 928 2620 fol.
945 2594 986 2626 55,
1001 2597 1049 2620 col.
1068 2603 1089 2627 ι,
1109 2603 1165 2628 seq.

385 2631 410 2664 δ)
431 2631 502 2656 Idest
515 2631 643 2656 maiorem
657 2630 857 2655 extremitatem
871 2630 1005 2664 affirmari
1020 2631 1161 2656 etc.—-Cod.
1176 2631 1215 2655 H:
1230 2630 1299 2656 idest
1313 2631 1397 2656 maio-

332 2675 388 2693 rem
401 2666 599 2692 extremitatem
618 2666 663 2695 sic,
679 2666 750 2698 quod
768 2673 859 2691 verum
878 2669 918 2690 est
931 2666 1065 2700 affirmari
1083 2666 1116 2690 de
1130 2666 1224 2697 medio,
1243 2669 1270 2691 et
1288 2673 1340 2691 non
1356 2673 1397 2692 ve-

332 2711 392 2728 rum
411 2702 514 2735 negari.
534 2702 607 2732 Quae
626 2707 665 2726 est
684 2701 758 2726 lectio
781 2701 892 2725 obscura
915 2707 940 2726 et
958 2701 1122 2734 seponenda,
1146 2701 1206 2733 quia
1225 2709 1238 2726 a
1258 2702 1329 2726 nullo
1348 2702 1398 2726 alio

331 2738 419 2764 codice
438 2738 519 2762 datur.
539 2737 603 2762 Cod.
623 2737 660 2762 G:
680 2737 749 2762 idest
766 2736 964 2762 maioremmet
982 2744 1034 2761 non
1054 2736 1156 2769 negari.
1177 2736 1253 2765 Dico,
1267 2736 1342 2762 canis
1359 2740 1400 2762 est

331 2774 440 2803 animal,
459 2776 486 2798 et
504 2780 555 2798 non
574 2776 614 2798 est
632 2772 747 2797 animal:
762 2772 838 2797 istud
855 2771 924 2797 enim
944 2772 1059 2797 medium
1078 2775 1118 2797 est
1136 2771 1214 2800 idem,
1235 2775 1264 2797 ut
1277 2772 1360 2804 plura
1372 2775 1399 2797 et

332 2810 438 2835 diversa
447 2808 608 2842 significans.
624 2808 698 2838 Quae
706 2807 785 2832 verba
799 2807 884 2832 addita
898 2815 912 2832 a
927 2808 983 2832 cod.
995 2807 1018 2832 G
1028 2815 1081 2832 non
1095 2811 1156 2832 sunt
1165 2807 1332 2839 acceptanda:
1347 2807 1399 2832 evi-

333 2845 422 2870 denter
434 2844 503 2869 enim
512 2843 591 2869 verba
604 2848 664 2868 sunt
677 2843 811 2868 cuiusdem
826 2843 992 2874 adnotatoris,
1005 2850 1072 2875 quae
1086 2842 1220 2875 imperitus
1234 2842 1398 2867 amanuensis

332 2880 409 2905 textui
428 2879 543 2905 inseruit.
557 2891 576 2899 —·
588 2879 625 2903 K:
644 2882 671 2904 et
689 2886 740 2904 non
760 2878 856 2912 negari
873 2879 905 2904 de
922 2878 1023 2904 eodem.
1042 2877 1092 2903 Alii
1111 2878 1213 2903 codices
1232 2877 1320 2910 legunt
1338 2885 1399 2903 cum

333 2916 425 2946 Piana;
444 2920 469 2939 et
487 2914 592 2948 optime.

387 2952 414 2976 In
433 2950 498 2975 hanc
521 2950 708 2983 expositionem
732 2957 754 2974 s.
764 2948 883 2975 Thomae
908 2954 979 2974 notat
997 2948 1134 2973 Caietanus
1159 2948 1224 2981 (loc.
1238 2948 1288 2978 cit„
1302 2949 1350 2973 col.
1367 2948 1398 2981 3)

334 2996 347 3010 ι
365 2986 435 3019 quod
453 2991 538 3010 textus
557 2986 702 3010 Aristotelis
722 2993 774 3010 non
789 2985 949 3010 uniformiter
963 2985 1064 3009 videtur
1076 2983 1248 3016 haberiapud
1266 2991 1359 3009 omnes
1374 2989 1401 3008 et

335 3031 348 3045 ›
365 3030 386 3047 s.
397 3021 536 3046 Thomam.
546 3020 644 3045 Text-us
659 3021 797 3053 siquidem,
812 3021 856 3052 qui
871 3020 948 3045 hodie
961 3019 1132 3044 communiter
1146 3020 1280 3050 invenitur,
1291 3019 1334 3044 ille
1348 3026 1400 3044 non

335 3067 348 3080 »
365 3062 404 3082 est
423 3064 502 3089 quem
522 3064 544 3080 s.
554 3056 670 3081 Thomas
690 3056 830 3088 glossavit,
849 3061 877 3080 ut
896 3056 1030 3088 diligenter
1055 3055 1161 3079 intuenti
1180 3055 1248 3079 clare
1266 3052 1360 3087 li'quet;
1375 3059 1401 3079 et

336 3102 348 3115 ›
365 3093 441 3125 longe
460 3092 551 3116 melior
565 3096 605 3116 est
620 3091 692 3116 litera
711 3099 732 3116 s.
743 3090 861 3116 Thomae
875 3091 948 3115 litera
961 3091 1093 3115 communi
1108 3090 1133 3114 in
1147 3089 1197 3114 hoc
1210 3097 1298 3122 passu,
1312 3095 1341 3114 ut
1354 3097 1399 3122 pa-

335 3137 349 3151 »
364 3127 436 3152 tebit.
455 3127 603 3151 Secundum
623 3127 691 3151 enim
711 3134 877 3151 communem
897 3127 996 3151 literam
1010 3126 1163 3150 Aristoteles
1178 3124 1287 3150 affirmat
1301 3125 1400 3158 (condi-

335 3172 349 3186 »
365 3163 492 3188 tionaliter
510 3162 612 3194 tamen)
631 3162 784 3194 principium
808 3162 921 3194 primum
940 3162 1038 3186 assumi
1057 3161 1083 3185 in
1106 3161 1333 3186 demonstratione.
1354 3161 1399 3186 Se-

336 3209 348 3221 »
364 3199 478 3223 cundum
491 3205 554 3222 vero
569 3198 669 3222 literam
683 3205 706 3222 s.
715 3197 834 3222 'rhomae
848 3197 940 3229 probat
953 3197 1111 3229 oppositum,
1121 3201 1150 3221 ut
1162 3196 1303 3221 summarie
1317 3196 1398 3221 dedu-

336 3243 349 3257 »
364 3234 448 3258 ximus
462 3233 489 3265 (ἕ
504 3233 615 3257 Summa
634 3232 711 3258 huius
725 3232 836 3264 capituIi
850 3237 907 3263 etc„
922 3232 966 3257 fol.
978 3231 1019 3263 54,
1034 3232 1083 3257 col.
1099 3231 1134 3264 3).
1148 3231 1181 3256 Et
1195 3231 1253 3256 licet
1266 3232 1398 3256 communi

336 3279 349 3292 »
364 3270 451 3294 literae
470 3269 597 3300 applicare
615 3268 733 3293 verbales
747 3268 849 3300 glossas
869 3275 891 3292 s.
901 3267 1019 3292 Thomae
1036 3268 1069 3292 sit
1082 3265 1184 3292 difficile
1198 3266 1258 3299 (nisi
1272 3266 1338 3291 forte
1357 3275 1400 3292 ex-

336 3313 350 3328 »
365 3304 530 3336 torquendo),
550 3311 565 3328 a
583 3311 662 3328 sensu
680 3308 767 3328 tamen
782 3311 829 3328 sua
847 3303 972 3335 expositio
988 3311 1040 3327 non
1054 3303 1130 3335 longe
1145 3307 1199 3327 est:
1219 3302 1342 3335 quoniam
1362 3302 1399 3327 di-

337 3350 349 3362 »
364 3340 446 3364 cimus
470 3339 541 3371 quod
560 3344 665 3371 propter
687 3338 799 3364 formam
824 3338 1009 3371 syllogisticam
1027 3338 1090 3363 illud
1109 3336 1258 3368 affirmavit,
1283 3342 1309 3362 et
1327 3338 1399 3370 quod

337 3384 350 3397 »
366 3375 541 3399 conditionalis
557 3375 599 3399 illa
614 3368 692 3406 (ἀλλ’
706 3371 721 3406 ἢ
737 3371 792 3407 ἐὰν)
807 3373 868 3398 nihil
882 3374 962 3406 ponit,
977 3374 1023 3398 sed
1036 3381 1098 3398 vera
1112 3378 1152 3398 est
1165 3378 1219 3398 tarn
1233 3373 1400 3398 antecedente

337 3419 350 3432 ›
366 3417 445 3442 quam
455 3414 630 3442 consequente
639 3410 762 3434 existente
775 3409 941 3442 impossibili;
956 3414 982 3434 et
993 3409 1064 3442 quod
1078 3409 1201 3434 brevitate
1214 3413 1300 3439 utens,
1310 3409 1399 3434 dicens

337 3453 351 3468 »
367 3445 518 3477 principium
536 3445 649 3477 primum
668 3445 816 3477 contingere
834 3445 945 3469 exerceri
965 3445 990 3469 in
1008 3444 1098 3469 maiori
1117 3444 1290 3475 extremitate,
1310 3443 1399 3469 subin-

337 3488 352 3504 »
367 3480 446 3512 telligi
464 3480 544 3504 voluit
563 3479 612 3504 hoc
631 3487 689 3505 esse
703 3479 872 3512 superfluum,
887 3485 915 3504 ut
934 3480 1007 3504 litera
1024 3487 1046 3504 s.
1056 3479 1174 3504 Thomae
1188 3479 1273 3510 habet,
1287 3480 1329 3504 vel
1343 3479 1400 3512 ipse

339 3525 352 3537 ›
368 3515 517 3547 exponendo
536 3515 639 3545 adiecit,
659 3516 782 3547 quoniam
801 3515 907 3540 evidens
927 3522 958 3539 ex
977 3522 1005 3539 se
1024 3520 1078 3545 est,
1097 3515 1155 3539 licet
1174 3515 1215 3539 alii
1234 3515 1331 3548 antiqui
1350 3514 1398 3539 sibi

339 3560 352 3572 2
369 3550 393 3574 in
412 3549 459 3574 hac
478 3550 635 3582 expositione
654 3558 705 3574 non
724 3550 892 3575 consentiant.
903 3550 1025 3574 »--Haec
1044 3550 1189 3574 Caietanus.

390 3585 416 3617 ε)
433 3585 474 3610 De
487 3585 584 3610 minori
598 3585 770 3610 extremitate
783 3590 831 3610 etc.
840 3598 859 3605 -
869 3585 943 3615 Quae
958 3585 1073 3610 dicantur
1087 3585 1169 3610 maior
1183 3589 1208 3609 et
1220 3585 1305 3610 minor
1318 3589 1399 3610 extre-

916 243 1300 282 POSTERIORUM
1327 243 1756 283 ANALYTICORUM
1783 246 1877 282 LIB.
1909 247 1922 282 1

1453 323 1591 360 Callias
1609 325 1657 361 sit
1669 325 1823 371 animal,
1839 325 1900 362 vel
1917 338 1992 362 non
2008 325 2153 362 animal
2162 326 2193 362 ²⁸.
2207 326 2256 362 Et
2270 325 2382 363 huius
2397 338 2511 363 causa

1449 383 1514 422 est,
1536 376 1624 425 quia
1645 378 1815 426 primum
1844 390 1923 414 non
1943 385 2092 426 oportet
2112 378 2183 415 dici
2204 378 2252 415 de
2272 379 2355 415 solo
2376 379 2509 425 medio,

1448 429 1516 466 sed
1533 437 1660 478 potest
1680 431 1793 467 etiam
1822 430 1895 468 dici
1920 430 1967 468 de
1997 432 2166 479 quodam
2187 431 2259 467 alio
2275 436 2300 478 η,
2331 433 2436 480 quod
2456 440 2511 468 est

1449 481 1644 519 diversum
1664 495 1686 520 a
1705 484 1839 530 medio,
1870 484 1974 532 quod
2003 483 2234 531 significatur
2256 496 2326 532 per
2344 484 2511 532 negatio-

1448 546 1539 570 nem
1567 536 1697 581 medii‚·
1723 544 1880 585 propter
1898 537 1973 573 hoc
1992 537 2097 585 quod
2119 537 2290 585 primum
2310 536 2444 574 dicitur
2464 538 2510 574 de

1446 587 1618 635 pluribus
1639 589 1871 638 quandoque
1900 602 2016 638 quam
2044 590 2221 636 medium,
2251 590 2346 626 sicut
2369 590 2513 627 animal

1449 639 1496 676 de
1523 640 1695 688 pluribus
1725 654 1841 690 quam
1869 643 2005 688 homo;
2031 643 2134 680 unde
2154 643 2289 680 dicitur
2321 643 2369 680 de
2398 655 2510 691 equo,

1449 692 1513 740 qui
1542 700 1597 729 est
1625 701 1704 731 non
1731 695 1850 731 homo
1872 695 1903 731 *.
1926 696 2037 732 Unde
2066 696 2096 732 si
2116 696 2320 745 accipiatur
2347 697 2511 733 medium

1447 744 1550 781 idem
1567 753 1603 782 et
1621 758 1699 783 non
1719 746 1834 794 idem,
1850 747 1958 795 idest,
1976 748 2005 784 si
2026 748 2229 797 accipiatur
2244 749 2408 786 medium
2423 749 2444 771 *
2460 749 2511 786 af·
2540 764 2548 773 ⁴

1447 798 1683 835 firmativum
1712 806 1749 835 et
1771 800 2008 847 negativum,
2037 808 2079 837 ut
2107 813 2196 838 cum
2225 801 2322 848 dico,
2342 803 2455 839 homo
2480 808 2516 838 et

1448 862 1522 886 non
1537 851 1650 888 homo
1666 857 1720 888 est
1731 852 1876 889 animal
1885 852 1918 899 ¹¹⁸,
1934 852 2024 889 nihil
2040 853 2126 890 facit
2144 853 2194 890 ad
2213 854 2511 897 conclusionem.

1449 903 1550 939 Cum
1583 911 1712 940 autem
1746 904 1928 954 accipitur
1961 905 2163 943 affirmatio
2193 913 2230 943 et
2254 906 2402 954 negatio
2421 905 2436 928 ⁰
2467 920 2514 944 ex

1446 963 1554 1004 parte
1581 957 1738 994 maioris
1771 957 2024 1005 extremitatis,
2055 958 2180 996 differt
2207 959 2364 1008 quidem
2393 971 2514 1009 quan-

1447 1015 1530 1046 tum
1564 1010 1613 1047 ad
1633 1010 1920 1047 conclusionem
1949 1019 1985 1048 et
2018 1011 2132 1048 etiam
2161 1019 2347 1061 quantum
2371 1013 2421 1050 ad
2446 1025 2513 1050 ve-

1448 1062 1595 1099 ritatem
1623 1063 1932 1112 praemissarum.
1969 1064 2008 1101 Si
2037 1064 2140 1102 enirn
2162 1066 2288 1102 homo
2317 1073 2417 1103 esset
2435 1078 2515 1103 non

1449 1115 1599 1163 animal,
1620 1129 1699 1153 non
1725 1123 1824 1153 esset
1840 1129 1978 1154 verum
1999 1117 2104 1166 quod
2122 1118 2242 1155 homo
2262 1126 2271 1140 ¹
2286 1126 2342 1155 est
2361 1118 2512 1167 animal,

1448 1180 1573 1217 neque
1594 1177 1815 1218 sequeretur
1843 1171 1948 1219 quod
1973 1170 2110 1208 Callias
2131 1179 2229 1208 esset
2256 1172 2408 1209 animal.
2438 1173 2515 1209 Ta-

1449 1233 1539 1258 men
1567 1222 1659 1259 nihil
1698 1223 1784 1272 plus
1823 1223 2049 1260 certificatur
2086 1236 2175 1261 eum
2211 1224 2365 1273 dicitur,
2401 1226 2514 1262 homo

1448 1280 1503 1310 est
1536 1275 1681 1312 animal
1711 1281 1748 1312 et
1782 1288 1857 1313 non
1886 1282 1941 1313 est
1975 1289 2049 1313 non
2088 1277 2397 1327 animalsquam
2427 1290 2516 1316 cum

1450 1326 1584 1364 dicitur
1611 1329 1758 1375 solum,
1787 1330 1899 1366 homo
1928 1335 1983 1366 est
2007 1330 2161 1367 animal.
2192 1330 2301 1367 Idem
2331 1330 2432 1367 enirn
2461 1331 2516 1368 in·

1448 1380 1622 1428 telligitur
1652 1393 1723 1430 per
1757 1389 1975 1431 utrumque.
2015 1383 2064 1419 Et
2101 1383 2154 1419 sic
2187 1380 2432 1420 manifestum
2462 1391 2518 1421 est

1450 1433 1554 1481 quod
1575 1433 1918 1472 demonstrationes
1946 1447 2025 1472 non
2043 1443 2201 1473 utuntur
2219 1438 2294 1474 hoe
2316 1436 2517 1486 principio,

1450 1485 1589 1523 scilicet
1607 1487 1714 1535 quod
1732 1487 1935 1525 affirmatio
1965 1495 2006 1538 et¹
2027 1489 2178 1537 negatio
2207 1502 2287 1527 non
2311 1489 2385 1527 sint
2403 1489 2516 1527 simul

1448 1551 1552 1628 vega,
1582 1551 1707 1598 neque
1737 1551 1783 1576 ex
1808 1548 1917 1589 parte
1943 1541 2162 1591 praedicati,
2191 1555 2318 1592 neque
2342 1555 2388 1580 ex
2410 1550 2516 1592 parte

1450 1604 1494 1629 su
1523 1600 1619 1630 lecti.

1531 1646 1565 1682 3.
1596 1645 1765 1692 Deinde,
1796 1658 1885 1682 cum
1905 1646 2013 1684 dicit:
2047 1647 2167 1684 Omne
2193 1653 2318 1697 autem
2346 1649 2526 1697 affirma-⁴

1449 1710 1492 1734 re
1507 1705 1588 1745 etc„
1605 1698 1769 1735 ostendit
1784 1699 1982 1747 quomodo
2004 1700 2326 1738 demonstrativae
2341 1701 2518 1739 scientiae

1449 1758 1602 1788 utantur
1620 1752 1695 1788 hoc
1712 1751 1912 1801 principio,
1927 1754 1988 1790 De
2011 1753 2175 1801 quolibet
2191 1759 2246 1791 est
2261 1754 2282 1775 '¹¹
2309 1754 2516 1804 affirmatio

1449 1804 1510 1841 vel
1522 1803 1543 1825 ¹¹¹
1559 1804 1709 1853 negatio
1728 1816 1832 1842 vera.
1850 1806 1899 1842 Et
1918 1805 2006 1843 dicit
2021 1806 2064 1827 *³¹³
2081 1807 2185 1855 quod
2200 1807 2276 1844 hoc
2287 1807 2517 1857 principium

1449 1856 1584 1906 accipit
1603 1857 1889 1905 demonstratio,
1920 1870 2018 1907 quae
2039 1866 2095 1896 est
2123 1859 2444 1909 ad‘impossibile.
2474 1861 2519 1898 In

1451 2064 1526 2089 mitas
1545 2072 1574 2090 ac
1592 2065 1708 2090 medium
1727 2066 1754 2090 in
1773 2065 1934 2098 syllogismov
1950 2066 2107 2092 declaratum
2126 2070 2166 2091 est
2184 2073 2277 2100 supra,
2297 2066 2354 2092 lect.
2372 2073 2419 2097 κν,
2443 2075 2470 2092 n.
2489 2065 2520 2098 6,

1451 2104 1477 2124 et
1490 2101 1549 2125 lect.
1561 2107 1616 2131 vm,
1629 2106 1682 2126 not.
1698 2109 1720 2134 ρ.
1733 2114 1753 2121 -
1766 2101 1814 2126 Hic
1829 2106 1915 2126 autem
1930 2106 1956 2126 et
1970 2109 2048 2134 supra
2062 2101 2112 2134 (Cf.
2126 2102 2185 2127 lect.
2199 2108 2250 2132 x1v,
2265 2109 2290 2126 a.
2305 2101 2342 2134 7),
2356 2109 2372 2126 a
2385 2109 2407 2126 s.
2417 2101 2521 2128 Thomu

1451 2143 1511 2160 cum
1523 2136 1663 2162 Aristotele
1677 2136 1759 2161 maior
1772 2135 1918 2162 extremitas
1931 2141 2038 2162 vocatur
2046 2134 2167 2168 primum
2183 2133 2225 2172 (τὸ
2240 2134 2370 2171 πρῶτον);
2389 2141 2416 2162 et
2434 2137 2521 2162 minor

1451 2171 1597 2196 extremitas
1616 2172 1760 2204 appellatur
1778 2172 1902 2197 tertium:
1921 2179 1952 2197 ex
1971 2180 2024 2204 quo
2042 2171 2128 2197 inferri
2152 2179 2234 2205 posse
2250 2172 2353 2197 videtur
2374 2172 2448 2205 quod
2466 2179 2520 2198 me-

1452 2205 1525 2231 dium
1548 2207 1634 2231 vocari
1659 2207 1736 2232 etiam
1759 2212 1850 2240 posset
1873 2207 2026 2232 secundum.
2052 2207 2174 2232 Attamen
2198 2208 2224 2232 in
2248 2207 2345 2232 scholis
2369 2207 2438 2232 haud
2456 2208 2521 2234 reci-

1451 2241 1519 2273 pitur
1537 2241 1601 2267 haec
1620 2242 1724 2272 locutio,
1740 2243 1787 2267 sed
1806 2243 1956 2275 simpliciter
1975 2243 2066 2267 dicitur
2085 2243 2329 2275 medium—Supra
2346 2250 2418 2274 vero,
2432 2250 2488 2276 cap.
2497 2250 2519 2269 11

1453 2274 1525 2312 (lect.
1535 2274 1571 2311 ιν)
1589 2277 1650 2302 dixit
1662 2277 1814 2302 Aristoteles
1831 2277 2078 2303 demonstrationem
2092 2285 2152 2303 esse
2169 2275 2228 2308 ie...
2241 2276 2381 2312 πρώτων...
2392 2274 2436 2303 καὶ
2454 2285 2519 2312 κρο-

1452 2311 1537 2345 τέρων.
1562 2321 1575 2335 α
1587 2313 1663 2338 Haud
1678 2313 1758 2344 male,
1774 2313 1860 2346 inquit
1884 2313 1980 2347 Waitz,
1994 2313 2092 2338 Preller
2103 2313 2195 2339 histor.
2209 2312 2272 2346 phil.
2285 2320 2522 2346 graeco-romanet

1452 2354 1482 2372 ex
1501 2347 1611 2373 fontium
1630 2348 1693 2373 locis
1712 2353 1844 2373 context...
1865 2358 1878 2371 ‹
1891 2346 1923 2373 τὰ
1943 2349 2032 2382 πρῶτα
2052 2353 2077 2373 et
2095 2346 2128 2374 τὰ
2150 2346 2264 2382 πρότερα
2283 2348 2318 2374 in
2335 2348 2519 2382 distinguenda

1453 2391 1467 2406 2
1488 2382 1588 2413 dixeris,
1602 2388 1631 2408 ut
1645 2383 1688 2408 illa
1701 2381 1847 2415 significent
1859 2383 2066 2417 propositionem
2079 2384 2214 2414 maiorem,
2226 2383 2291 2409 haec
2303 2383 2440 2415 minorem,
2450 2391 2520 2417 quae

1453 2426 1467 2441 ι
1488 2417 1563 2443 alicui
1576 2418 1697 2444 scientiae
1709 2419 1813 2452 propria
1832 2426 1891 2444 esse
1910 2418 2008 2444 debet»
2045 2419 2156 2444 Aristot.
2173 2419 2310 2453 Organon,
2323 2425 2432 2453 graece,
2452 2418 2482 2445 P.
2489 2417 2519 2450 11,

1452 2453 1606 2478 Posteriora
1623 2453 1775 2488 analytica,
1791 2461 1849 2487 pag.
1859 2453 1918 2486 306,
1933 2454 1973 2479 ed.
1987 2454 2028 2479 cit.
2049 2472 2055 2479 .
2074 2454 2152 2479 Forte
2167 2454 2297 2488 quispiam
2312 2454 2429 2480 dubitare
2442 2453 2519 2480 ratio-

1452 2488 1571 2513 nabiliter
1593 2494 1683 2522 posset
1702 2489 1734 2514 de
1751 2489 1858 2514 veritate
1882 2489 1959 2514 huius
1983 2489 2226 2515 animadversionis:
2246 2489 2329 2515 maior
2351 2489 2421 2516 enim
2439 2489 2520 2523 syllo-

1451 2523 1528 2556 gismi
1543 2524 1681 2557 praecipue
1694 2529 1755 2549 sunt
1766 2524 1890 2557 principia
1904 2525 1990 2558 priora
2004 2524 2254 2556 indemonswabilia;
2274 2530 2299 2549 et
2317 2529 2404 2550 tamen
2418 2531 2449 2550 ea
2461 2523 2520 2550 Ari-

1452 2559 1558 2584 stoteles
1577 2564 1652 2584 vocat
1670 2559 1746 2584 etiam
1765 2557 1797 2584 τὰ
1817 2557 1928 2594 πρότερα
1966 2559 2005 2585 Cf.
2020 2560 2078 2585 lect.
2092 2566 2119 2584 iv
2137 2564 2163 2584 et
2180 2556 2242 2594 vu).

1504 2593 1530 2626 ζ)
1553 2594 1648 2619 mrum
1666 2594 1747 2619 etiam
1766 2594 1898 2620 ete-GN
1911 2599 1995 2620 omnt.
2013 2594 2110 2623 etiam,-
2129 2594 2167 2619 G:
2191 2602 2243 2620 non
2256 2597 2297 2620 est
2309 2594 2389 2620 homo
2401 2594 2521 2624 animal;

1451 2629 1475 2654 l:
1490 2629 1568 2654 homo
1587 2637 1639 2655 non
1658 2633 1697 2655 est
1721 2629 1838 2659 animal;
1857 2630 1893 2655 N:
1913 2637 1965 2655 non
1984 2629 2063 2655 homo
2081 2633 2122 2655 est
2140 2637 2192 2655 non
2211 2629 2321 2655 animal.
2339 2629 2390 2654 Alii
2415 2629 2519 2655 codices

1452 2669 1521 2689 stant
1558 2672 1587 2689 ro
1605 2665 1635 2689 P.

1505 2699 1531 2732 η)
1539 2672 1608 2724 pSed
1620 2703 1711 2732 potest
1729 2699 1810 2726 etiam
1829 2700 1883 2725 dici
1900 2699 2133 2733 erm-Expeditior
2151 2699 2227 2724 nobis
2240 2699 2342 2724 videtur
2359 2698 2424 2725 haec
2442 2699 2519 2725 lectio

1453 2735 1528 2760 codd.
1543 2733 1607 2767 (exc.
1622 2734 1756 2767 EGHKQ)
1770 2742 1850 2768 quam
1868 2734 1947 2760 Pinna
1959 2740 1985 2760 et
1998 2735 2074 2760 codd.
2088 2735 2135 2760 ΕΗ
2144 2743 2151 2759 :
2160 2737 2252 2767 potest
2265 2734 2320 2760 dici
2331 2735 2428 2764 etim:
2441 2738 2467 2760 et
2485 2734 2520 2760 de

1452 2770 1568 2802 quodam
1587 2770 1648 2799 atio,
1661 2775 1690 2795 ut
1704 2770 1792 2802 legunt
1810 2770 1894 2801 codd„
1908 2778 1962 2795 uno
1975 2770 1999 2795 G
2011 2777 2074 2801 exc„
2091 2770 2175 2803 magis
2194 2777 2282 2803 quam,
2301 2770 2334 2796 de
2346 2769 2437 2803 aliquo
2453 2777 2520 2803 quo-

1453 2805 1525 2834 dam,
1539 2810 1568 2830 ut
1581 2805 1659 2830 Piana
1677 2804 1790 2830 habet.-
1801 2805 1837 2830 G:
1853 2805 1886 2830 de
1897 2805 1951 2831 alio
1969 2805 2093 2838 quodam,
2109 2809 2135 2830 et
2147 2812 2207 2830 cum
2222 2805 2249 2836 Q
2260 2805 2356 2830 omittit
2373 2805 2454 2830 etiam
2459 2812 2469 2834 ,·
2482 2804 2519 2830 K:

1452 2841 1499 2865 sed
1517 2840 1598 2865 etiam
1611 2843 1703 2873 potest
1721 2840 1901 2866 dici.—-Paulo
1919 2848 1998 2874 supra
2018 2837 2080 2875 (non
2099 2843 2205 2873 oportet
2223 2839 2291 2876 etc.),
2309 2841 2348 2866 H:
2362 2847 2415 2866 non
2433 2839 2519 2866 solun

1447 2879 1538 2908 potest
1556 2875 1624 2905 dici;
1642 2875 1679 2900 G:
1701 2875 1734 2901 de
1757 2883 1810 2901 uno
1827 2876 1884 2902 solo
1902 2876 1998 2901 medio.

1505 2909 1530 2944 θ)
1548 2911 1613 2936 Cum
1627 2914 1717 2936 autem
1730 2910 1861 2943 accipitur
1875 2916 1923 2937 etc.
1931 2926 1950 2930 -
1959 2911 1998 2936 Ex
2010 2910 2171 2944 praecedenti
2185 2910 2311 2936 vocabulo
2324 2909 2518 2937 conclusionem

1453 2947 1588 2972 distractus
1603 2946 1768 2971 amanuensis
1787 2946 1844 2972 cod.
1858 2947 1881 2971 A
1897 2946 1960 2972 haec
1977 2946 2056 2972 verba
2074 2946 2169 2972 omittit
2181 2952 2267 2979 usque
2285 2946 2317 2971 ad
2335 2949 2464 2979 quantum
2481 2945 2522 2972 aa

1451 2982 1645 3008 conclusionem
1657 2981 1816 3007 inclusive-
1825 2981 1943 3013 CDlKQ:
1957 2982 2106 3015 accipiatur
2111 2989 2120 3011 ,-
2133 2982 2157 3007 H
2170 2981 2265 3007 omittit
2277 2982 2385 3007 omnino
2398 2980 2448 3007 hoc
2461 2988 2520 3007 ver-

1452 3018 1523 3042 bum.
1537 3031 1556 3038 -
1567 3014 1825 3048 BCDIKLOQRST:
1839 3018 1880 3042 vel
1894 3017 2015 3051 negatio,
2035 3021 2061 3042 et
2079 3025 2138 3042 cum
2156 3017 2228 3042 EMN
2241 3016 2307 3042 infra
2319 3016 2415 3042 habent
2428 3015 2521 3051 differt

1452 3054 1510 3078 loco
1524 3054 1572 3078 τοῦ
1586 3052 1714 3086 differunt
1728 3053 1756 3077 P.
1765 3065 1785 3072 —-
1794 3053 1828 3078 L:
1841 3060 1878 3078 ex
1891 3056 1974 3085 parte
1988 3053 2111 3082 minoris,
2125 3053 2184 3078 loco
2200 3059 2239 3078 ex
2251 3055 2333 3084 parte
2352 3051 2479 3082 maior-iss
2488 3055 2520 3077 ut

1452 3089 1512 3120 legit
1522 3088 1542 3113 P
1554 3095 1614 3113 cum
1629 3088 1684 3112 aliis
1699 3088 1774 3113 codd.
1788 3087 1944 3113 omnibus.-
1953 3088 2038 3113 ABO:
2053 3091 2079 3113 et
2093 3090 2222 3121 quantum
2236 3087 2274 3113 ad
2287 3087 2426 3113 veritatem
2437 3093 2520 3120 prae-

1452 3124 1609 3153 missarum
1623 3123 1704 3154 CEQ:
1720 3131 1772 3148 non
1786 3123 1867 3148 etiam
1882 3127 2011 3156 quantum
2025 3128 2087 3154 etc.;
2102 3123 2161 3148 GL:
2177 3130 2228 3148 non
2243 3126 2372 3156 quantum
2386 3127 2444 3153 etc-3
2458 3121 2519 3147 KN:

1452 3167 1503 3184 non
1523 3162 1612 3185 autem
1634 3162 1762 3190 quantum
1777 3163 1834 3189 etc-5
1853 3159 1893 3184 M:
1913 3162 1940 3184 et
1958 3166 2010 3184 non
2029 3162 2158 3192 quantum
2179 3163 2228 3183 etc.
2247 3157 2422 3183 Amanuensia
2442 3157 2520 3183 etim

1452 3195 1508 3220 cod.
1519 3194 1542 3219 D
1557 3194 1694 3227 scripserat
1707 3199 1736 3219 ut
1754 3194 1837 3225 CEQ,
1852 3195 1898 3219 sed
1917 3199 2008 3228 postea
2027 3194 2147 3228 expunxit
2165 3198 2191 3219 et
2208 3193 2275 3219 bene
2292 3193 2444 3227 particulam
2457 3199 2521 3223 non,

1451 3238 1531 3263 quam
1549 3229 1682 3262 praecitati
1701 3229 1802 3255 codices
1821 3237 1930 3255 erronee
1948 3234 2056 3262 ponunt.

1505 3265 1524 3300 ι)
1543 3265 1604 3291 Non
1623 3268 1691 3291 esset
1710 3271 1801 3290 verum
1826 3269 1874 3290 etc.
1888 3278 1907 3284 -
1921 3266 1957 3290 A:
1979 3272 2030 3291 non
2047 3267 2119 3290 esset
2136 3271 2227 3290 verum
2245 3264 2309 3297 quia
2331 3268 2389 3295 επις
2410 3262 2447 3288 G:
2466 3268 2518 3288 non

1450 3304 1518 3327 esset
1536 3308 1627 3326 verum
1647 3300 1748 3326 dicere.-
1767 3300 1846 3326 homo
1864 3306 1926 3332 etc.;
1947 3300 1986 3326 M:
2006 3307 2059 3326 non
2077 3303 2145 3326 esset
2163 3306 2255 3325 verum
2281 3298 2368 3325 dicere
2389 3297 2476 3333 quodf
2493 3296 2519 3322 Η

1451 3337 1546 3362 omittit
1564 3335 1785 3362 verum-Ceteri
1804 3336 1906 3361 codices
1926 3335 2020 3361 habent
2038 3335 2144 3360 Pinnem
2163 3334 2308 3364 lectionem,
2328 3340 2407 3367 quam
2425 3331 2520 3359 retine-

1452 3371 1615 3397 mus.-1nfra
1625 3371 1682 3397 cod.
1696 3371 1734 3396 H:
1748 3374 1835 3396 tamen
1845 3371 1909 3404 plus
1923 3371 2088 3405 certificatur
2095 3377 2155 3397 cnm
2166 3370 2265 3396 dicitur
2273 3369 2359 3399 simul,
2369 3368 2448 3394 homo
2461 3372 2520 3393 ete:

1452 3415 1518 3440 quae
1537 3412 1577 3432 est
1591 3407 1667 3432 lectio
1681 3406 1816 3432 manifeste
1830 3413 1950 3437 erronea;
1970 3406 2006 3432 G:
2028 3413 2079 3432 non
2093 3406 2158 3439 plus
2174 3405 2364 3439 certificatur...
2373 3406 2400 3430 et
2413 3409 2465 3428 non
2479 3404 2521 3427 ene

1451 3443 1564 3472 animal,
1585 3448 1611 3468 et
1629 3447 1669 3467 est
1687 3442 1782 3475 pariter
1800 3442 1875 3467 lectio
1891 3449 1999 3467 erronea
2017 3449 2047 3467 ex
2066 3441 2209 3466 omissione
2223 3439 2363 3474 particulae
2380 3444 2432 3464 non
2446 3438 2518 3469 (non

1451 3478 1577 3510 animaI),
1593 3485 1672 3511 quam
1687 3478 1696 3502 1
1710 3477 1787 3503 etiam
1801 3477 1934 3509 omiserat,
1949 3477 1996 3503 sed
2009 3477 2088 3502 hebet
2101 3476 2213 3502 additam
2226 3475 2251 3500 in
2265 3473 2389 3507 margine.
2403 3471 2520 3513 Adopta-

1452 3521 1511 3538 mus
1531 3518 1616 3538 autem
1635 3513 1784 3544 lectionem,
1799 3513 1877 3538 homo
1895 3516 1935 3539 est
1952 3512 2054 3538 animal
2076 3515 2104 3538 et
2122 3518 2173 3536 non
2192 3514 2232 3536 est
2250 3516 2303 3536 non
2324 3508 2438 3537 animal,
2458 3514 2519 3540 quin

1452 3556 1510 3574 eam
1529 3548 1624 3574 habent
1643 3548 1752 3579 codices,
1767 3555 1821 3573 uno
1836 3547 1859 3572 R
1878 3552 1992 3581 excepto,
2007 3545 2052 3580 qui
2071 3554 2130 3572 cum
2143 3546 2163 3571 P
2176 3546 2249 3579 legit:
2265 3545 2344 3570 homo
2362 3546 2402 3570 est
2419 3542 2520 3568 animae

1453 3587 1479 3609 et
1497 3584 1575 3609 homo
1594 3591 1645 3609 non
1665 3587 1704 3609 est
1723 3590 1774 3609 non
1794 3582 1903 3609 animat.

2539 339 2548 346 ·'
2559 337 2654 358 Animal
2675 337 2751 359 omitt.

2539 363 2617 389 codd.,
2626 369 2676 385 exc.
2690 370 2729 385 sn.
2740 375 2751 380 -

2539 395 2564 410 c:
2581 389 2657 411 homo.

2636 444 2651 467 η

2539 706 2550 717 ⁴
2557 705 2645 728 Codd.·
2651 712 2697 728 roi:
2705 712 2755 728 non

2541 734 2577 753 est
2591 733 2667 754 homo.

2571 762 2647 784 Codd.
2675 763 2754 785 omitt.

2540 789 2647 816 medium,
2665 795 2715 811 exc.
2729 796 2754 811 a.

2541 870 2550 879 ·
2560 868 2605 899 Est
2617 868 2708 890 animal
2725 874 2755 890 ο-

2541 898 2601 917 mitt.
2614 901 2637 916 Α.

2639 921 2653 947 Θ

2545 1767 2555 1777 ”
2565 1766 2642 1790 codd.
2651 1773 2700 1789 om.
2714 1769 2762 1789 est.

2545 1820 2612 1841 'mn
2621 1820 2651 1846 et,
2660 1818 2700 1840 sed
2709 1825 2759 1840 ma-

2545 1847 2575 1868 le.
2586 1857 2597 1862 -
2608 1844 2644 1868 Cf.
2658 1848 2716 1867 text.

2544 1873 2604 1895 ”At
2615 1873 2639 1894 et
2648 1871 2762 1894 ostendit.
