2548 4192
920 266 975 302 IN
1006 266 1043 302 S.
1066 265 1307 302 THOMAM
1335 265 1657 312 AQUINATEM

194 347 268 378 inde
291 356 366 377 vero
391 343 592 377 confectum?
616 344 738 375 Oculos
762 351 793 375 et
816 345 913 375 animi
929 345 1100 375 candorem
1124 344 1263 385 postula-

191 391 300 421 vimus
323 391 503 430 iterumque
527 389 746 429 postulamus,
778 396 814 419 ut
842 389 978 430 quisque
1007 389 1136 429 propria
1158 389 1263 428 inspe-

194 435 300 466 ctione
324 434 519 475 proprioque
543 432 759 473 experimento
784 433 932 471 edoctus,
958 433 1035 463 ferat
1058 433 1263 471 sententiam,

193 479 272 510 nihil
295 479 376 509 inter
398 484 571 518 utrumque
595 477 697 507 simile
721 477 847 517 reperiri
871 484 926 508 aut
948 477 1061 515 verbis,
1081 484 1135 507 aut
1159 487 1265 514 sensu,

194 529 248 554 aut
271 522 453 553 substantia.
488 521 585 552 Haud
608 531 660 551 me
683 521 773 559 latet,
804 521 882 551 alios
906 522 1065 562 quosdam
1088 522 1127 551 ab
1151 522 1266 551 eodem

194 566 315 598 Lahaio
331 566 480 596 articulos
497 565 637 606 proponi
657 565 886 596 conferendos:
905 579 919 593 «
931 568 974 596 At
984 566 1009 596 si
1023 572 1154 605 gustum
1169 566 1267 595 lector

196 623 211 638 2>
233 611 348 641 habere
371 610 508 640 voluerit
537 607 651 652 (fidens
675 619 710 639 ac
734 616 822 640 tutus
850 610 968 650 loquor
992 620 1066 640 cum
1090 608 1265 652 Echardo);

197 667 212 682 ι»
234 661 407 695 utrumque
431 661 462 685 et
476 654 641 684 Thomam
662 661 692 684 et
708 654 881 684 Halensem
898 654 1054 684 conferat:
1080 654 1266 694 experietur-

198 711 213 726 »
235 709 310 740 que,
333 709 400 729 non
424 698 531 728 solum
554 697 587 728 in
611 698 689 736 aliis,
707 699 762 728 sed
778 705 808 728 et
823 698 856 728 in
873 698 932 737 his,
950 709 1031 739 quae
1048 698 1140 738 plane
1157 699 1266 728 eadem

198 755 214 771 s
236 753 370 774 asserere
394 742 532 774 Lahaius
556 743 661 780 audet,
682 752 722 772 ne
744 743 896 773 lineolam
916 743 1046 784 quidem
1069 753 1093 773 s.
1109 743 1267 780 Thomae,

198 799 214 815 ι
236 787 338 818 verbis
362 787 508 826 totidem,
533 787 619 827 apud
643 787 777 817 alterum
800 787 870 827 legi.
884 800 898 814 »

589 884 788 921 CAPUT
825 885 874 920 11.

196 981 336 1014 Perperam
350 989 380 1006 ac
398 987 496 1006 temere
515 981 623 1005 Summa
638 981 766 1013 quaedam
794 980 917 1005 virtutum
938 980 1044 1005 Halensi
1065 979 1159 1004 tributa
1182 979 1271 1003 obtru-

270 1017 344 1047 ditur,
364 1024 443 1049 quam
457 1015 574 1040 Thomas
589 1016 745 1048 expilaverit.
761 1016 800 1039 Ab
815 1016 909 1040 eodem
923 1016 1030 1040 Halensi
1045 1014 1230 1039 commentarii
1245 1014 1271 1038 in

269 1052 458 1077 Sententiarum
478 1051 558 1076 libros
578 1051 762 1075 abiudicantur.
776 1051 894 1083 Itemque
915 1052 1024 1076 Summa
1043 1058 1110 1083 quae
1130 1051 1271 1075 destructo-

270 1087 306 1112 ria
323 1087 445 1112 vitiorum
464 1085 618 1111 inscribitur.

198 1183 222 1214 1.
245 1175 474 1257 Discrimen
503 1181 598 1212 fuerit
606 1204 615 1220 ,
640 1181 783 1222 illudque
805 1181 1016 1220 latissimum,
1040 1180 1272 1220 Theologicam

327 1225 426 1256 sancti
459 1225 607 1256 Thomae
636 1225 804 1256 Summam
836 1226 917 1256 inter
946 1236 982 1256 ac
1012 1225 1273 1275 quadripartitam

198 1271 367 1302 Summam
390 1269 559 1300 Alexandri
584 1270 622 1300 de
641 1269 749 1308 Hales,
767 1276 861 1310 atque
877 1270 958 1300 inter
974 1270 1138 1310 utriusque
1159 1269 1272 1299 articu-

198 1315 248 1346 los
271 1320 302 1345 et
325 1314 543 1355 quaestiones·
568 1314 716 1345 nondum
734 1320 841 1344 tamen
860 1314 979 1354 integer
1002 1313 1097 1354 plagii
1121 1323 1157 1343 ac
1173 1323 1272 1353 purus

198 1358 353 1390 evincitur
374 1358 529 1399 Aquinas.
553 1358 715 1399 Intelligit
732 1359 848 1399 quippe
866 1358 989 1389 Gerson
1005 1356 1123 1400 (inquit
1139 1357 1272 1387 Wadin-

198 1413 258 1445 gus
281 1402 322 1434 ad
343 1412 395 1433 an.
418 1403 512 1442 1245,
531 1412 621 1433 num.
647 1401 709 1444 26)
733 1403 899 1433 Summam
924 1403 1095 1440 virtutum,
1119 1403 1271 1442 scriptam

198 1447 240 1479 ab
261 1447 384 1484 Alensi,
398 1446 605 1488 familiarem
624 1447 828 1487 potissimum
841 1446 954 1488 fuisse
975 1452 1087 1478 sancto
1116 1447 1273 1477 lemae:

198 1497 235 1523 ut
257 1501 353 1533 quam
373 1491 562 1522 verbotenus
574 1491 673 1532 plene
695 1491 863 1522 Secundae
878 1491 1045 1522 Secundae
1062 1491 1159 1521 huius
1173 1492 1272 1522 inser-

199 1541 264 1568 tam
289 1536 433 1576 excepit:
460 1535 548 1566 illam
581 1545 697 1575 nempe
721 1535 886 1566 Summam
916 1537 1090 1573 virtutum,
1123 1545 1205 1576 quae
1234 1535 1272 1565 ab

198 1579 331 1612 Halensi
342 1580 534 1618 elucubrata,
547 1579 646 1610 veluti
656 1580 916 1620 Supplementum
934 1581 1062 1610 Tertiae
1070 1581 1178 1620 partis
1195 1589 1272 1620 qua-

199 1623 379 1665 dripartitae
395 1624 547 1655 Summae
566 1623 793 1664 Theologicae,
811 1625 910 1665 ipsius
925 1625 1070 1655 auctoris
1078 1624 1151 1665 fide
1161 1623 1274 1654 dicitur

200 1666 252 1712 (ut
265 1668 333 1709 ipse
347 1668 434 1699 addit
443 1668 624 1708 Wadingus
638 1678 729 1699 num.
742 1667 796 1711 27)
812 1670 903 1699 iuxta
925 1679 974 1706 ea,
983 1679 1067 1709 quae
1077 1669 1226 1709 promisit
1234 1667 1274 1698 de

201 1712 372 1744 virtutibus
388 1712 497 1743 eadem
519 1713 627 1743 Tertia
635 1718 744 1753 parte,
761 1714 946 1753 quaestione
959 1723 1041 1750 xxvr,
1058 1723 1108 1742 1.x1
1123 1719 1154 1743 et
1167 1722 1273 1750 vam,

201 1762 232 1788 et
262 1757 376 1788 nullibi
406 1758 468 1788 nisi
497 1757 528 1787 in
558 1757 691 1787 Summa
722 1758 876 1788 virtutum
911 1757 1111 1787 exhibentur.
1145 1756 1273 1796 Superis

201 1801 325 1842 gratias.
351 1801 442 1832 Ultro
460 1800 611 1831 fatentem
626 1801 781 1831 habemus
795 1801 1005 1841 Wadingum,
1022 1800 1100 1831 nihil
1116 1801 1155 1831 ab
1172 1800 1272 1841 Aqui-

200 1851 273 1877 nate
296 1852 406 1876 nostro
430 1851 597 1884 acceptum
628 1845 666 1875 de
689 1845 822 1875 Summa
852 1845 1092 1886 quadripartita
1116 1845 1272 1875 Halensis.

201 1889 300 1920 Aliud
323 1899 406 1930 opus
429 1889 468 1920 ab
492 1889 607 1919 eodem
631 1889 744 1920 dicitur
767 1889 949 1920 confectum
972 1889 1114 1927 Halensi,
1139 1889 1273 1919 Summa

201 1934 357 1966 virtutum
380 1932 579 1973 inscriptum,
604 1934 694 1974 quod
717 1933 907 1964 verbotenus
916 1934 1015 1974 plene
1033 1934 1202 1964 Secundae
1217 1933 1272 1964 Se-

201 1977 328 2010 cundae
355 1978 492 2009 inseruit
513 1977 677 2008 Thomas:
707 1977 835 2019 quodve
863 1978 1048 2009 intellexerit
1075 1978 1148 2009 loco
1179 1977 1273 2008 citato

201 2021 386 2054 Gersonius.

267 2066 320 2097 Ad
343 2065 529 2097 Cancellarii
553 2066 735 2097 Parisiensis
765 2073 907 2097 mentem
936 2067 1025 2108 quod
1053 2066 1182 2105 attinet,
1207 2076 1274 2097 non

202 2110 287 2142 aliud
311 2110 371 2151 ipsi
395 2110 599 2141 obversatum
617 2110 713 2141 fuisse
732 2111 879 2141 Halensis
898 2121 981 2151 opus
1008 2121 1148 2152 pronum
1167 2117 1214 2142 est
1228 2111 1274 2141 in-

201 2154 351 2195 telligere,
371 2154 432 2185 nisi
454 2155 544 2196 quod
558 2154 814 2195 vulgatissimum
829 2155 1042 2196 omniumque
1058 2155 1206 2186 manibus
1222 2154 1274 2186 tri-

201 2199 362 2231 tissimum
385 2205 460 2238 erat,
493 2199 717 2240 Theologicam
746 2209 862 2240 nempe
886 2200 1157 2240 quadripartitam
1181 2199 1274 2230 Sum-

202 2253 298 2274 mam.
324 2243 422 2274 Favet
445 2243 659 2274 Gersonianae
683 2243 835 2284 epistolae
854 2254 982 2285 scopus,
998 2251 1033 2275 ut
1050 2244 1208 2275 Doctores
1224 2245 1276 2274 isti

203 2287 279 2326 duo,
303 2287 431 2318 Alensis
454 2293 485 2318 et
506 2288 751 2326 Bonaventura,
767 2287 822 2329 qui
839 2289 1031 2320 videbantur
1048 2290 1142 2329 quasi
1159 2288 1276 2329 sepulti

203 2342 276 2364 cum
301 2332 376 2369 illis,
401 2341 537 2372 quorum
563 2342 626 2363 non
651 2337 699 2363 est
720 2334 875 2363 memoria
898 2333 1048 2373 amplius,
1069 2333 1276 2363 excitarentur

205 2376 239 2407 in
262 2376 379 2407 scholis
403 2376 489 2416 apud
512 2375 620 2407 fratres
642 2376 799 2407 Minores:
824 2387 890 2417 quo
913 2377 1005 2417 plane
1025 2377 1177 2407 evincitur
1200 2377 1276 2407 Ger-

205 2420 289 2452 sonii
312 2419 483 2451 consilium
506 2420 613 2459 fuisse,
634 2427 670 2451 ut
684 2421 926 2452 Bonaventurae
950 2421 1207 2458 commentarios,
1223 2427 1277 2451 aut

207 2464 354 2495 Halensis
377 2464 596 2504 theologicum
619 2465 884 2505 quadripartitum
907 2475 1001 2505 opus,
1017 2466 1051 2495 in
1070 2465 1186 2506 quibus
1209 2475 1276 2504 gra-

205 2518 280 2539 vem
303 2515 334 2539 et
357 2508 492 2539 solidam
511 2509 658 2539 traditam
677 2509 854 2539 doctrinam
872 2509 1126 2546 commendabat,
1143 2509 1203 2548 ipsi
1218 2508 1276 2539 fra-

206 2559 268 2584 tres
291 2552 431 2583 Minores
454 2552 727 2593 amplecterentur.
752 2554 826 2584 Non
845 2553 996 2594 aquiescit
1015 2553 1213 2593 Wadingus:
1231 2553 1277 2583 in-

207 2596 428 2637 tellectamque
452 2607 471 2627 a
494 2596 651 2628 Gersonio
675 2604 766 2638 putat
791 2597 956 2628 Summam
981 2597 1155 2639 quamdam
1179 2598 1278 2628 virtu-

207 2646 294 2679 tum,
326 2651 425 2682 quam
457 2641 524 2681 ipse
553 2641 700 2671 Halensis
729 2641 975 2672 elucubraverit:
1005 2642 1142 2682 indeque
1173 2641 1278 2681 colligi

206 2695 301 2726 posse
331 2685 498 2716 arbitratur
526 2685 624 2716 hocce
656 2685 736 2716 illud
764 2696 847 2726 opus
871 2696 955 2724 esse,
979 2685 1069 2727 quod
1099 2686 1280 2726 spoliaverit

206 2729 362 2770 Aquinas,
386 2739 542 2771 suamque
565 2729 598 2760 in
617 2730 796 2768 Summam,
811 2730 1013 2771 maximeque
1027 2730 1207 2761 Secundam
1224 2730 1279 2761 Se-

208 2773 334 2805 cundae
361 2773 453 2814 plene
477 2780 508 2804 et
529 2774 720 2805 verbotenus
751 2775 923 2805 corraserit.
954 2777 1023 2814 Age
1053 2782 1144 2805 vero:
1170 2774 1279 2815 paucis

207 2817 291 2848 finiri
314 2817 352 2848 lis
375 2824 443 2849 tota
465 2824 580 2859 potest.
614 2819 650 2848 In
677 2819 822 2849 medium
852 2819 980 2849 tandem
1008 2819 1179 2860 aliquando
1203 2819 1280 2849 haec

208 2862 343 2893 humma
366 2861 552 2902 proferatur.
577 2862 775 2893 Germanum
798 2863 944 2893 Halensis
969 2863 1092 2894 foetum
1116 2873 1183 2893 esse
1207 2873 1279 2903 pro-

208 2906 316 2936 betur:
346 2906 478 2946 diligens
507 2907 650 2937 eiusdem
680 2907 861 2938 instituatur
890 2907 1018 2938 collatio
1049 2917 1124 2938 cum
1147 2907 1281 2938 Summa

210 2949 274 2980 divi
292 2949 450 3000 Thomae,
469 2951 670 3001 maximeque
689 2961 763 2982 cum
783 2951 928 2982 Secunda
938 2952 1117 2982 Secundae:
1134 2951 1280 2992 proprio-

210 3002 274 3034 que
288 2994 502 3033 experimento
518 2995 654 3036 quisque
670 2995 883 3035 deprehendat
905 3006 985 3026 num
1011 2996 1175 3026 Summam
1192 2996 1281 3026 illam

210 3037 364 3068 virtutum
389 3037 441 3078 Op
443 3038 487 3068 eri
510 3049 570 3069 suo
594 3039 776 3079 theologico
798 3040 987 3070 verbotenus
996 3041 1095 3080 plene
1117 3040 1282 3070 inseruerit

210 3079 372 3131 Aquinas?
396 3081 483 3118 Quid
511 3080 606 3113 vero?
628 3084 741 3124 Neque
770 3084 922 3114 hactenus
950 3091 1016 3114 tam
1044 3084 1216 3115 necessaria
1242 3085 1280 3114 ab

211 3125 279 3156 ullo
302 3124 379 3155 inita
402 3132 448 3156 est
462 3126 605 3157 collatio.
625 3137 730 3178 neque
750 3128 819 3178 ipsa
840 3129 994 3159 virtutum
1014 3129 1171 3159 Summa
1162 3139 1196 3159 in
1212 3138 1277 3159 me-

212 3169 302 3200 dium
326 3169 458 3209 prolata,
483 3176 519 3200 ut
542 3170 653 3200 eadem
675 3171 796 3202 institui
820 3172 947 3203 collatio
972 3179 1076 3213 queat.

279 3213 390 3244 Donec
406 3220 578 3255 utrumque
594 3221 768 3254 praestetur
782 3225 878 3257 reque
893 3217 962 3256 ipsa
983 3223 1166 3257 peragatur,
1191 3216 1283 3247 liceat

212 3257 305 3288 nobis
321 3264 376 3288 aut
391 3257 533 3288 fictitiam
549 3259 673 3289 credere
687 3259 880 3299 praedictam
893 3261 1062 3291 Summam
1082 3267 1138 3292 aut
1158 3260 1282 3291 foetum

212 3311 279 3332 esse
303 3302 471 3332 cuiusdam
494 3302 688 3341 recentioris,
715 3303 741 3333 si
764 3304 896 3345 quidem
918 3305 1046 3345 uspiam
1069 3311 1160 3335 extet.
1190 3305 1282 3334 Hanc

213 3356 246 3376 se
275 3345 390 3376 vidisse
420 3356 599 3387 numquam
627 3347 739 3377 lubens
763 3347 877 3379 fatetur
898 3349 1095 3388 Wadingus:
1125 3358 1182 3378 nec
1205 3348 1283 3378 vidit

213 3400 284 3420 eam
308 3390 440 3421 loannes
464 3390 502 3420 de
525 3390 556 3420 la
578 3391 679 3431 Haye.
703 3391 814 3422 Petrus
836 3392 904 3431 ipse
928 3392 966 3422 de
989 3392 1080 3429 Alva,
1105 3392 1161 3432 qui
1184 3401 1217 3422 se
1237 3392 1281 3422 bi-

212 3434 384 3465 bliothecas
407 3435 556 3474 Europae
580 3444 692 3465 omnes
714 3435 861 3466 lustrasse
884 3436 986 3474 iactat,
1011 3435 1124 3465 nullibi
1154 3445 1226 3465 suas
1249 3435 1282 3466 in

212 3488 327 3510 manus
349 3486 415 3510 tam
444 3479 563 3509 celebre
585 3478 708 3509 venisse
736 3489 819 3519 opus
846 3486 1013 3510 memorat.
1036 3480 1150 3516 Extat,
1179 3479 1283 3519 inquit

212 3523 405 3563 Wadingus,
426 3523 559 3553 Tolosae
577 3533 635 3554 ms.
655 3524 688 3553 in
708 3523 892 3554 bibliotheca
911 3524 1066 3553 Fuxensi.
1091 3535 1106 3551 ‹
1119 3523 1200 3560 Quis
1216 3533 1282 3553 non

215 3578 230 3594 2
253 3574 427 3608 expectarat
446 3565 588 3608 (reponit
605 3567 792 3609 Echardus)
809 3567 969 3598 dicturum
987 3566 1105 3607 passim
1121 3566 1154 3597 in
1170 3566 1282 3597 biblio-

215 3622 231 3638 »
253 3611 351 3643 thecis
381 3611 509 3643 Ordinis
541 3611 705 3642 Minorum
737 3610 873 3642 servari?
899 3615 966 3642 Aut
989 3611 1100 3642 saltem
1129 3611 1283 3642 celebrem

356 3671 426 3705 Opp.
445 3672 477 3697 D.
491 3672 606 3697 Tuom
623 3672 656 3697 T.
671 3672 689 3697 1.

2311 281 2392 306 CCIX

1321 358 1336 372 ιν
1359 345 1498 386 aliquam
1527 346 1676 386 Europae
1708 345 1990 385 bibliothecarum,
2015 346 2214 385 Vaticanam,
2240 349 2390 388 Venetas,

1322 402 1336 417 »
1359 390 1534 428 Patavinas,
1558 389 1766 428 Florenfinas,
1792 390 1923 429 Regiam
1948 397 1978 420 et
2001 391 2076 421 alias
2098 391 2300 430 Parisienses,
2325 395 2391 423 An-

1323 446 1336 461 »
1359 434 1507 473 glicanas,
1524 434 1675 474 Belgicas,
1693 434 1896 465 Germanicas
1915 433 2138 465 laudaturum?
2162 436 2224 466 Sed
2243 435 2325 478 (heu
2344 437 2390 467 in-

1323 490 1337 505 »
1361 477 1507 520 feliciter)
1531 489 1588 509 nec
1611 479 1644 508 in
1667 479 1739 516 illis,
1765 488 1822 509 nec
1845 478 1877 508 in
1901 478 1970 519 ipsa
1993 480 2144 517 Fuxensi‚
2169 490 2250 520 quae
2274 487 2340 511 tota
2358 481 2391 511 in

1323 535 1338 549 »
1361 522 1579 553 Colbertinam
1595 523 1726 561 transiit,
1743 523 1917 553 invenitur:
1942 534 2017 553 nam
2034 534 2090 554 nec
2109 524 2142 554 in
2158 534 2195 554 ea
2210 535 2227 554 a
2244 535 2276 555 se
2292 525 2392 555 visam

1324 579 1338 593 »
1361 566 1432 607 quis
1456 573 1510 597 aut
1541 577 1577 597 ex
1601 577 1637 597 ea
1666 567 1705 597 ab
1729 567 1837 607 aliquo
1868 568 2050 608 subreptam
2069 568 2214 599 meminit
2244 575 2298 599 aut
2317 579 2391 599 con-

1324 623 1338 638 »
1362 617 1492 651 questus
1517 618 1572 642 est.
1586 624 1601 638 2>

1389 655 1467 685 Esto
1487 655 1591 686 desint
1605 656 1727 686 codices
1743 665 1816 686 mss.
1829 653 1949 697 (pergit
1963 666 2054 686 suam
2064 657 2244 697 Wadingms
2264 667 2393 687 causam

1324 697 1432 741 orare)
1457 709 1494 729 ea
1514 701 1601 740 typis
1618 700 1742 740 prodiit
1756 700 1891 730 Parisiis
1907 701 1988 741 1509
2018 706 2048 731 et
2070 701 2157 732 alibi.
2182 701 2303 732 Viderit
2318 711 2393 741 ergo

1323 753 1393 774 eam
1418 743 1618 774 doctissimus
1642 744 1805 774 Minorum
1828 744 2003 783 Annalista,
2030 745 2138 784 legerit
2162 745 2393 786 contuleritque

1324 797 1398 818 cum
1414 788 1612 827 Theologica
1622 788 1876 818 sanctiThomae
1886 787 2036 819 Summa?
2055 789 2197 820 Minime.
2216 790 2392 827 Quomodo

1324 842 1398 871 ergo
1421 829 1454 862 'et
1476 832 1585 862 locum
1609 839 1761 872 typorum
1787 839 1818 862 et
1840 842 1961 862 annum
1984 832 2121 864 indicet?
2148 834 2392 872 Animadverte,

1324 876 1422 906 lector
1435 875 1679 906 humanissime:
1700 887 1725 906 1.
1741 875 1889 915 Antiquis
1913 877 2062 907 omnibus
2081 878 2235 909 librorum
2259 888 2394 908 nomen-

1325 920 1504 956 clatoribus,
1516 919 1655 949 Henrico
1666 919 1876 957 Gandavensi,
1885 920 2074 958 Trithemio,
2084 922 2235 960 Gesnero,
2247 922 2394 960 Simlero,

1326 963 1553 1003 Eyseingrenio
1583 970 1614 993 et
1642 963 1790 993 omnium
1814 964 2025 995 vetustissimo
2050 966 2182 996 Nicolao
2207 967 2336 996 Triveto
2359 966 2394 996 in

1327 1007 1504 1045 Chronico,
1530 1007 1591 1037 hoc
1614 1007 1761 1046 ignotum
1786 1007 1891 1045 fuisse,
1916 1009 2004 1048 quod
2028 1010 2222 1048 obtruditur,
2247 1010 2394 1041 Halensis

1327 1058 1424 1091 opus:
1452 1061 1480 1081 2.
1498 1051 1642 1081 Primum
1665 1051 1762 1080 videri
1786 1051 2005 1089 Possevinum‚
2030 1054 2085 1093 qui
2105 1061 2135 1084 et
2155 1064 2237 1094 opus
2257 1061 2395 1085 recenset

1327 1102 1358 1125 et
1379 1095 1452 1124 anni
1481 1096 1562 1134 1509
1587 1095 1759 1125 editionem
1783 1102 1872 1125 notat
1895 1095 1961 1125 sine
1984 1096 2057 1127 loco
2076 1104 2242 1138 typorum:
2271 1100 2298 1129 3.
2316 1099 2393 1129 Wa-

1327 1139 1460 1178 dingum
1480 1148 1557 1176 esse,
1582 1139 1637 1179 qui
1656 1139 1778 1178 primus
1796 1139 1978 1169 Par1siense
1999 1141 2124 1180 prelum
2143 1142 2277 1173 addidit:
2301 1149 2394 1183 typo—

1327 1182 1548 1222 graphumque
1573 1183 1704 1212 demum
1727 1182 1787 1222 legi
1807 1182 1962 1213 Ioannem
1981 1185 2103 1215 Parvi*
2095 1195 2127 1215 1n
2144 1185 2263 1216 Gallica
2279 1187 2316 1216 de
2333 1187 2395 1216 ori-

1327 1226 1399 1266 gine
1414 1226 1640 1267 typographiae
1651 1226 1791 1256 Historia
1806 1226 1931 1256 Ioannis
1947 1228 1985 1257 de
2000 1228 2029 1258 la
2043 1228 2152 1260 Caille.
2169 1230 2266 1260 Fama
2281 1231 2396 1261 scilicet

1328 1271 1366 1300 de
1395 1280 1491 1311 opere
1516 1271 1618 1311 deque
1638 1270 1742 1310 operis
1773 1270 1910 1301 editione
1932 1272 2027 1302 crevit
2050 1273 2175 1303 eundo:
2205 1283 2235 1313 4.
2253 1275 2395 1304 Possevi-

1328 1325 1408 1345 num
1423 1315 1622 1355 excipienteS‚
1641 1316 1794 1346 virtutum
1811 1315 1976 1346 Summam
2003 1317 2133 1347 Halensi
2159 1318 2303 1349 tribuisse
2326 1319 2395 1349 Bel-

1327 1359 1510 1397 larminum,
1534 1359 1693 1390 Pitsaeum
1717 1366 1748 1389 et
1768 1359 1934 1397 Miraeum,
1951 1370 2054 1401 neque
2074 1362 2234 1392 codicibus
2253 1373 2327 1393 mss,
2348 1363 2396 1393 in-

1329 1403 1456 1442 dicatis,
1486 1413 1589 1444 neque
1618 1403 1824 1434 editionibus:
1862 1405 1890 1434 5.
1907 1404 2060 1444 Wadingi
2084 1406 2215 1436 demum
2240 1407 2398 1447 ipsissima

1327 1448 1422 1478 verba
1445 1458 1463 1478 a
1486 1448 1615 1478 Labbeo
1635 1454 1762 1488 excepta
1786 1454 1817 1478 et
1839 1458 1857 1478 a
1881 1448 2055 1479 Guillelmo
2075 1449 2178 1480 Cave:
2203 1457 2238 1481 ut
2259 1458 2324 1482 tota
2344 1452 2397 1481 de-

1328 1502 1420 1523 mum
1439 1493 1479 1522 ad
1498 1502 1601 1522 unum
1619 1492 1829 1523 Possevinum
1848 1492 1926 1523 fides
1944 1493 2111 1533 redigatur.

1395 1536 1479 1567 Hinc
1498 1543 1553 1567 aut
1571 1536 1718 1567 fictitium
1736 1537 1816 1567 illud
1835 1547 1918 1577 opus
1937 1547 2004 1568 esse
2022 1537 2087 1568 iam
2106 1548 2202 1568 nemo
2223 1549 2288 1569 non
2307 1539 2398 1570 intel-

1328 1580 1396 1620 ligit
1411 1587 1466 1611 aut
1483 1580 1562 1611 falso
1579 1581 1734 1611 tributum
1749 1581 1929 1612 Alexandro
1948 1581 2089 1620 Halensi,
2110 1583 2135 1612 si
2153 1582 2283 1623 quidem
2307 1590 2397 1614 extet.

1329 1625 1462 1665 Dupinii
1480 1625 1635 1655 iudicium
1651 1625 1757 1665 accipe
1776 1625 1808 1655 in
1828 1626 1974 1656 eiusdum
1991 1626 2138 1657 Halensis
2155 1627 2276 1666 elogio:
2301 1628 2341 1658 Je
2359 1637 2400 1658 ne

1329 1669 1415 1700 crois
1436 1679 1502 1710 pas
1525 1669 1625 1700 meme
1648 1669 1742 1710 qu’on
1767 1670 1814 1699 lui
1836 1669 1928 1701 doive
1950 1671 2109 1701 attribuer
2139 1672 2171 1701 la
2195 1672 2322 1702 Somme
2344 1672 2400 1702 des

1330 1718 1458 1751 vertus,
1495 1714 1659 1754 imprime'e
1686 1716 1706 1743 ἀ
1732 1714 1826 1744 Paris
1854 1714 1919 1744 l'an
1950 1714 2043 1756 1509.
2076 1715 2250 1755 Negotium
2278 1716 2400 1747 facessit

1330 1757 1457 1787 nullum
1477 1757 1603 1787 loannis
1627 1758 1666 1787 de
1690 1758 1719 1787 la
1739 1757 1838 1788 Caille
1857 1757 1944 1796 fides,
1969 1759 2023 1799 qui
2048 1770 2105 1789 sua
2124 1760 2155 1790 in
2172 1761 2400 1811 typographiae

1330 1801 1470 1832 Historia
1493 1801 1749 1842 quamplurimos
1767 1802 1874 1840 libros,
1899 1812 1963 1833 non
1989 1813 2101 1834 omnes
2120 1814 2137 1834 a
2157 1814 2189 1834 se
2207 1805 2303 1843 visos,
2327 1805 2398 1845 ipso

1330 1852 1418 1883 teste,
1435 1845 1489 1876 sed
1506 1855 1543 1876 ex
1558 1846 1650 1876 variis
1670 1846 1917 1886 bibliopolarum
1936 1847 2095 1887 catalogis,
2115 1848 2169 1889 qui
2186 1849 2226 1879 ad
2242 1849 2400 1879 nundinas

1330 1890 1412 1921 mitti
1435 1890 1553 1928 solent,
1582 1890 1754 1930 descriptos
1777 1898 1925 1922 recenset.
1955 1891 2122 1932 Suppetias
2145 1893 2310 1923 validiores
2334 1903 2400 1923 non

1330 1934 1389 1965 fert
1411 1935 1613 1974 Possevinus,
1640 1934 1691 1965 cui
1715 1945 1774 1965 suo
1797 1934 1830 1964 in
1851 1938 2014 1975 Apparatu
2037 1936 2145 1976 lapsus
2164 1937 2319 1977 plurimos
2341 1947 2400 1977 pro

1330 1979 1470 2009 humana
1486 1978 1666 2010 infirmitate
1683 1979 1837 2009 admissos
1857 1986 2007 2010 notarunt
2022 1980 2079 2010 viri
2096 1981 2279 2012 doctissimi.
2300 1981 2400 2012 Com-

1331 2023 1522 2054 mentarium
1546 2024 1578 2054 in
1602 2024 1748 2054 Psalmos
1771 2023 1961 2054 adiudicavit
1983 2024 2125 2064 primum
2146 2026 2288 2064 Halensi,
2312 2026 2400 2056 abiu-

1331 2067 1508 2108 dicavitque
1532 2067 1655 2098 doctior
1678 2067 1788 2105 factus,
1813 2078 1848 2098 ac
1864 2078 2051 2109 germanum
2066 2070 2213 2110 Hugonis
2235 2070 2273 2100 de
2293 2077 2401 2101 sancto

1331 2112 1438 2143 Charo
1463 2112 1586 2142 foetum
1609 2112 1746 2152 agnovit.

1399 2157 1436 2186 11.
1461 2156 1604 2187 Fuerunt
1627 2156 1740 2194 etiam,
1769 2156 1825 2196 qui
1849 2163 1970 2196 praeter
1995 2157 2159 2188 Summam
2183 2158 2400 2198 quadriparti-

1331 2206 1396 2232 tam
1427 2200 1605 2231 tribuerunt
1636 2200 1765 2231 Halensi
1789 2200 2067 2231 Commentarium
2097 2203 2129 2231 in
2161 2202 2399 2232 Sententiarum

1332 2246 1439 2276 libros.
1472 2245 1534 2275 Sed
1562 2251 1734 2285 utrumque
1765 2254 1867 2274 unum
1893 2255 1960 2274 esse
1987 2245 2136 2286 idemque
2165 2256 2247 2286 opus
2287 2246 2400 2276 invicte

1332 2290 1445 2330 probat
1467 2289 1586 2319 Natalis
1605 2289 1791 2326 Alexander,
1816 2288 1984 2319 collatione
2008 2288 2088 2319 facta
2111 2300 2186 2320 curn
2209 2290 2335 2320 duobus
2355 2290 2400 2320 bi-

1332 2333 1507 2364 bliothecae
1517 2333 1697 2363 parisiensis
1708 2332 1886 2364 Victorinae
1901 2333 2071 2363 codicibus.
2084 2333 2194 2364 Codex
2208 2334 2285 2364 alter
2298 2334 2400 2374 ipsam

1332 2377 1479 2408 Halensis
1495 2377 1763 2417 quadripartitam
1785 2377 1950 2407 Summam
1975 2377 2098 2408 exhibet
2126 2389 2161 2408 ac
2178 2385 2335 2418 praeterea
2355 2385 2400 2409 te-

1332 2428 1422 2452 xtum
1445 2421 1584 2460 Magistri
1609 2421 1858 2452 Sententiarum:
1882 2421 1915 2451 in
1939 2421 2070 2462 eiusque
2093 2423 2176 2453 calce
2192 2422 2268 2453 haec
2283 2422 2401 2453 haben-

1333 2472 1400 2503 tur,
1423 2466 1552 2495 Primus
1575 2465 1656 2496 liber
1678 2466 1933 2503 Sententiarum,
1958 2467 2025 2496 sive
2040 2466 2192 2497 Summae
2210 2467 2402 2507 Theologiae

1333 2509 1454 2540 domini
1475 2509 1658 2540 Alexandri
1684 2510 1724 2540 de
1746 2510 1865 2547 Halis;
1892 2510 2032 2551 itemque
2065 2511 2191 2541 Tertius
2220 2511 2300 2541 liber
2322 2512 2401 2541 Sen-

1334 2555 1507 2584 tentiarum
1536 2563 1592 2584 seu
1616 2554 1768 2584 Summae
1789 2554 1998 2594 Heologiae,
2019 2564 2112 2595 quem
2136 2557 2311 2595 composuit
2333 2566 2401 2585 ma-

1327 2599 1436 2639 'gister
1457 2598 1646 2628 Alexander
1667 2598 1707 2628 de
1728 2598 1838 2629 Halis.
1862 2598 1920 2628 His
1941 2599 2110 2629 Victorinis
2134 2599 2294 2630 codicibus
2316 2600 2402 2630 addit

1335 2642 1525 2673 Sorbonicos
1556 2642 1698 2683 aliosque
1729 2643 1862 2673 Iacobus
1885 2642 2058 2673 Echardus.
2089 2643 2173 2674 Hinc
2201 2651 2402 2684 compertum

1336 2697 1402 2717 esse
1419 2686 1549 2717 adnotat
1562 2686 1682 2717 Natalis
1697 2686 1887 2717 Alexander:
1912 2700 1926 2714 ι
1940 2686 2196 2718 Commentarios
2215 2689 2247 2717 in
2262 2693 2402 2728 quatuor

1339 2743 1353 2759 ν
1376 2731 1474 2761 libros
1504 2730 1764 2769 Sententiarum,
1799 2731 1949 2770 Lugduni
1979 2732 2037 2762 sub
2068 2733 2195 2762 nomine
2220 2731 2402 2762 Alexandri

1339 2787 1353 2803 ›
1375 2775 1504 2805 Alensis
1527 2785 1659 2805 excusos
1682 2785 1767 2805 anno
1789 2776 1882 2812 1515,
1900 2782 1936 2806 ut
1954 2775 2046 2806 refert
2069 2776 2258 2806 Possevinus
2281 2776 2314 2805 in
2333 2778 2400 2815 Ap-

1338 2832 1352 2847 »
1376 2826 1498 2860 paratu,
1513 2819 1640 2850 alterius
1655 2819 1791 2850 auctoris
1808 2819 1930 2850 foetum
1946 2830 2022 2850 esse.
2037 2832 2050 2846 >
2078 2820 2168 2850 Hanc
2187 2830 2220 2850 se
2239 2820 2403 2859 diligenter

1335 2863 1483 2894 lustrasse
1507 2870 1537 2894 et
1551 2863 1734 2904 expendisse
1758 2863 1930 2894 editionem
1958 2870 2088 2894 testatur
2111 2864 2283 2894 Casimirus
2300 2863 2401 2894 Oudi-

1336 2915 1413 2938 nus:
1439 2908 1595 2948 docetque
1626 2907 1705 2937 nihil
1737 2907 1824 2938 aliud
1851 2908 1884 2937 in
1909 2918 1943 2938 ea
1967 2908 2130 2947 praestari,
2155 2908 2213 2938 nisi
2237 2908 2402 2938 Summam

1335 2952 1527 2992 ipsissimam
1550 2952 1819 2992 quadripartitam
1844 2952 2000 2982 Halensis.

1404 2997 1455 3026 111.
1481 2996 1555 3026 Fuit
1578 2997 1729 3034 demum,
1754 2996 1810 3036 qui
1833 3006 2020 3035 germanum
2044 2995 2167 3026 foetum
2190 2996 2307 3026 laudati
2330 2995 2402 3026 Ale—

1335 3040 1445 3071 xandri
1469 3040 1507 3070 de
1531 3041 1627 3070 Hales
1651 3040 1838 3070 existimavit
1861 3040 2024 3070 Summam
2045 3040 2289 3071 destructorium
2314 3041 2403 3071 vitio-

1336 3095 1421 3122 rum,
1446 3094 1527 3125 quae
1551 3084 1690 3115 Venetiis
1714 3084 1796 3114 edita
1818 3091 1939 3124 prostat
1961 3094 2045 3114 anno
2074 3084 2155 3114 1582
2181 3091 2211 3115 et
2233 3091 2324 3115 antea
2346 3084 2403 3114 Pa-

1336 3129 1416 3159 risiis
1430 3138 1486 3168 per
1499 3129 1629 3159 Petrum
1645 3129 1742 3159 Levet
1765 3128 1907 3168 expensis
1927 3128 2053 3158 Ioannis
2074 3128 2249 3166 Cohelens,
2274 3127 2403 3168 praefati

1336 3174 1434 3203 Levet
1449 3179 1480 3203 et
1493 3172 1654 3203 Michaelis
1670 3172 1785 3210 Mon'n,
1805 3172 1896 3202 tertio
1912 3172 1983 3202 idus
2002 3172 2108 3212 aprilis
2129 3182 2220 3214 1497.
2246 3173 2293 3202 Ex
2308 3172 2403 3202 huius

1337 3216 1483 3247 editionis
1498 3223 1639 3247 vetustae
1655 3216 1737 3247 calce
1753 3216 1991 3246 adnotationem
2006 3216 2124 3256 profert
2139 3216 2298 3254 Oudinus,
2322 3225 2403 3256 quae

1337 3261 1380 3291 sic
1394 3261 1504 3290 habet:
1528 3273 1543 3288 ι
1556 3260 1689 3300 Insignis
1703 3260 1914 3300 notabilisque
1929 3260 2124 3300 compilatio,
2139 3261 2224 3290 haud
2238 3260 2403 3290 modicum

1340 3318 1354 3332 »
1378 3304 1493 3344 cuique
1516 3304 1611 3334 statui
1635 3304 1810 3342 conferens,
1834 3314 1930 3335 omne
1953 3314 2053 3344 genus
2075 3304 2226 3335 vitiorum
2245 3304 2309 3334 suis
2328 3313 2404 3334 cum

1339 3361 1354 3375 ι
1377 3348 1541 3388 speciebus
1565 3348 1734 3378 clarissime
1763 3348 1984 3389 evidenterque
2013 3348 2191 3386 eradicans,
2216 3348 2257 3378 ob
2281 3348 2314 3377 id
2336 3357 2404 3378 non

1339 3405 1355 3420 a>
1377 3391 1536 3422 immerito
1549 3392 1808 3422 Destructorium
1824 3399 2016 3432 nuncupata,
2032 3403 2050 3422 a
2064 3393 2206 3432 quodam
2214 3391 2404 3422 Alexandro

1340 3448 1354 3463 ι
1378 3436 1517 3466 nationis
1539 3436 1689 3476 anglicae
1712 3442 1742 3466 et
1765 3435 1930 3465 cuiusdam
1953 3436 2031 3466 fabri
2061 3436 2182 3475 lignarii
2206 3435 2287 3474 filio,
2306 3435 2403 3465 maxi-

1340 3492 1354 3507 »
1377 3489 1464 3509 mam
1478 3479 1518 3508 ad
1531 3479 1689 3509 Ecclesiae
1703 3479 1870 3509 utilitatem
1883 3490 1970 3510 anno
1984 3480 2117 3510 Domini
2130 3485 2210 3519 1429
2227 3479 2366 3510 collecta.
2384 3492 2400 3507 2»

1336 3523 1560 3553 Animadverte
1582 3523 1734 3563 temporis
1758 3530 1878 3561 notam,
1902 3533 1984 3564 quae
2009 3533 2156 3563 praeceps
2182 3523 2269 3555 elidit
2291 3533 2404 3554 eorum

1336 3566 1501 3606 iudicium,
1525 3566 1581 3607 qui
1605 3577 1686 3607 opus
1709 3567 1795 3598 istud
1816 3567 1947 3598 Halensi
1970 3568 2188 3599 adjudicarunt
2210 3574 2265 3599 aut
2283 3567 2404 3598 adiudi-

1337 3611 1475 3642 candum
1503 3611 1672 3642 coniecere.

2299 3681 2332 3707 ²7
