2788 4204
77 466 154 490 codd.
163 477 174 482 -
186 473 198 487 r
226 472 255 487 su

53 493 132 515 nitur.

152 529 169 545 α

77 568 148 590 Num.
163 574 183 596 5.

49 897 60 907 ·
75 895 151 918 eodd.
166 907 177 913 -
191 902 218 918 r:
235 902 264 918 a-

48 923 144 952 maci.

50 1002 60 1013 ·
75 1001 152 1024 eodd.
166 1013 177 1019 ·
190 1009 217 1024 r:
235 1008 263 1024 a·

47 1031 206 1058 ‘noscantun

47 1432 59 1443 ⁶
71 1431 262 1460 umbtpsofln

45 1458 192 1482 omum:

1139 275 1250 311 CAP.
1282 276 1369 327 XlI,
1401 276 1552 312 LECT.
1582 275 1654 312 XV

498 359 547 396 ῃ,
563 359 740 400 ostquam
770 352 1028 401 Philosophus
1047 354 1211 390 ostendit
1229 355 1365 391 verita-

517 405 640 442 {stem
657 405 755 441 circa
771 405 999 443 divisionem
1020 407 1180 454 generis,
1193 420 1291 456 quae
1307 422 1363 445 as—

535 459 547 486 2
563 459 724 495 sumitur
735 460 755 480 '³‘
767 459 815 495 ad
832 459 1109 507 definiendum,
1126 461 1186 497 hic
1202 463 1366 499 excludit

361 536 382 540 --
492 549 497 552 ,
520 507 543 536 ²¹
563 512 661 549 duos
681 525 841 550 errores.
864 514 1085 550 Secundum
1102 521 1131 561 α,
1153 515 1220 552 ibi:
1246 516 1366 553 Omne

295 570 421 602 autem
437 566 600 602 incidere
612 567 630 586 '¹‘
642 572 711 603 etc.
725 566 835 603 Circa
850 567 1019 615 primum
1035 568 1103 604 tria
1119 569 1214 605 facit.
1233 570 1363 606 Primo

294 618 476 667 proponit
504 619 762 656 exclusionem
793 621 948 657 erroris:
976 629 1012 657 et
1036 621 1124 658 dicit
1152 623 1256 671 quod
1286 636 1363 660 non

295 679 351 708 est
378 672 637 709 necessarium
666 674 772 722 quod
800 674 861 711 ille
891 674 954 723 qui
982 674 1189 712 dividendo
1220 676 1363 724 definit,

295 724 388 761 sciat
416 725 546 761 omnia
575 738 673 774 quae
702 734 790 763 sunt
817 727 854 764 in
884 728 1043 765 mundo.

350 789 384 814 2.
403 778 596 825 Secundo,
613 779 680 816 ibi:
696 782 748 817 Et
759 787 883 818 tamen
901 782 1125 829 impossibile
1141 783 1294 830 quidam
1310 784 1363 819 di-

294 837 385 867 cunt
403 839 485 878 etc.‚
503 840 630 886 narrat
653 834 877 882 opinionem
903 836 1109 872 errantium
1130 835 1158 873 β.
1176 836 1365 874 Dicebant

294 884 396 921 enim
423 885 592 934 quidam,
623 888 727 935 quod
757 901 835 925 non
863 897 989 937 potest
1017 890 1236 937 cognosci*
1258 891 1363 927 diffe-

292 938 412 975 rentia
431 939 588 976 alicuius
607 940 656 977 ad
676 942 807 978 omnia
825 943 898 979 alia
918 942 1029 985 entia,
1052 943 1121 980 nisi
1141 944 1272 980 omnia
1291 945 1363 981 alia

294 991 393 1028 entia
412 1002 691 1040 cognoscantur
707 996 738 1041 *,
750 1003 791 1032 ut
812 1004 913 1045 patet
931 996 968 1032 in
987 996 1177 1046 aliquibus
1197 998 1361 1044 duobus,

293 1057 459 1094 quorum
498 1046 752 1085 differentiam
787 1062 1019 1098 cognoscere
1048 1063 1125 1087 non
1155 1063 1363 1099 possumus

292 1098 363 1135 nisi
373 1106 580 1149 utrumque
597 1114 885 1150 cognoscamus.
896 1104 1103 1141 Addebant
1117 1113 1245 1141 autern
1258 1105 1361 1152 quod

291 1164 371 1188 non
387 1160 443 1189 est
456 1155 636 1202 possibile
657 1156 762 1204 quod
782 1157 923 1206 aliquid
943 1157 1082 1194 sciatur
1101 1158 1193 1206 quid
1209 1166 1276 1203 est,
1294 1158 1363 1195 nisi

292 1215 544 1253 cognoscatur
582 1208 795 1247 differentia
832 1211 913 1247 eius
949 1211 998 1247 ad
1033 1211 1164 1247 omnia
1196 1212 1279 1249 alia.
1322 1214 1362 1250 Id

290 1259 395 1296 enim
425 1273 447 1297 a
475 1273 553 1310 quo
582 1263 723 1311 aliquid
744 1277 822 1301 non
847 1264 972 1301 differt
996 1271 1052 1300 est
1075 1264 1177 1300 idem
1196 1265 1247 1301 ei:
1273 1266 1362 1302 illud

291 1319 419 1350 autem
453 1326 476 1350 a
509 1327 586 1364 quo
617 1317 742 1354 differt
775 1325 831 1354 est
867 1318 1027 1354 alterum
1063 1318 1110 1354 ab
1140 1317 1235 1366 ipso.
1270 1320 1362 1356 Non

288 1373 643 1416 autempossumus
663 1371 759 1408 scire
779 1371 869 1420 quid
891 1371 936 1407 sit
955 1372 1274 1421 unumquodque,
1292 1373 1362 1410 nisi

291 1419 457 1458 sciamus
476 1422 568 1470 quid
588 1423 634 1460 sit
653 1424 756 1461 idern
777 1424 823 1470 ei,
845 1432 882 1461 et
901 1425 993 1474 quid
1014 1426 1175 1462 alterum
1195 1427 1243 1462 ab
1265 1439 1311 1463 eo
1329 1429 1360 1465 ³⁸.

291 1473 341 1510 Et
363 1475 577 1512 secuudum
598 1477 673 1514 hoc
698 1478 978 1515 concludebant
1005 1479 1109 1527 quod
1141 1492 1217 1516 non
1238 1488 1364 1528 potest

290 1526 432 1575 aliquid
461 1530 640 1577 cognosci
670 1531 739 1568 nisi
769 1532 900 1568 omnia
929 1540 1220 1580 cognoscantur.

314 1582 317 1585 ’
346 1581 381 1618 3.
402 1581 547 1628 Tertio,
561 1583 628 1620 ibi:
643 1586 815 1622 Primum
828 1586 976 1634 quidem
988 1586 1105 1633 igitur
1120 1594 1202 1632 etc.‚
1220 1587 1362 1636 impro-

289 1633 355 1692 bat
382 1636 488 1683 quod
517 1636 660 1675 dictum
686 1646 742 1675 est
761 1639 969 1688 dupliciter.
991 1641 1040 1677 Et
1059 1639 1184 1689 primo
1205 1641 1360 1690 quidem

288 1687 468 1726 interimit
491 1690 567 1727 hoc
595 1692 700 1740 quod
729 1692 873 1730 dictum
903 1700 973 1739 est,
1004 1694 1110 1742 quod
1130 1694 1221 1731 illud
1241 1707 1263 1731 a
1283 1708 1360 1744 quo

289 1740 432 1790 aliquid
457 1743 593 1791 differt,
616 1753 672 1782 est
695 1747 868 1784 alterum.
895 1744 1111 1797 Loquimur
1130 1748 1233 1785 enim
1259 1761 1361 1786 nunc

290 1794 338 1854 de
359 1796 499 1833 eodem
520 1805 557 1834 et
576 1798 757 1836 de.altero
773 1801 987 1838 secundum
1009 1802 1224 1846 essentiam,
1242 1814 1358 1850 quam

289 1849 476 1908 Significat
503 1851 686 1890 definitio.
722 1855 969 1892 Manifestum
1007 1863 1063 1891 est
1096 1862 1225 1892 autem
1254 1857 1360 1904 quod

289 1909 404 1939 etlam
433 1903 472 1940 in
501 1905 638 1942 eadem
667 1907 794 1956 specie
828 1916 916 1945 sunt
949 1909 1091 1945 multae
1125 1909 1360 1947 differentiae

288 1955 553 2005 accidentales,
583 1971 681 2008 quae
711 1973 789 1998 non
820 1962 1078 2000 diversificant
1110 1963 1358 2001 substantiam

256 2029 259 2033 ν
288 2009 441 2057 speciei,
458 2023 574 2059 quam
591 2013 777 2061 significat
797 2016 980 2062 definitio,
997 2029 1068 2053 nec
1083 2029 1152 2065 per
1166 2029 1206 2053 se
1223 2017 1360 2055 insunt.

44 2287 260 2318 ἵσςμόὸαι-ηε

43 2319 76 2336 ea
89 2320 161 2343 quae.

288 2062 401 2100 Unde
422 2076 662 2115 consequens
689 2076 745 2105 est
768 2069 873 2117 quod
898 2083 976 2107 non
1001 2071 1127 2107 omnis
1148 2070 1362 2108 differentia

288 2116 376 2153 facit
398 2118 512 2155 talem
534 2120 755 2158 alteritatem
769 2152 777 2167 ,
808 2135 924 2172 quam
955 2123 1213 2161 necessarium
1234 2125 1280 2162 sit
1299 2137 1361 2161 co-

288 2182 473 2218 gnoscere
502 2173 551 2210 ad
581 2174 857 2214 definiendum.

341 2235 380 2271 4.
398 2225 590 2274 Secundo,
602 2228 670 2265 ibi:
682 2231 815 2267 Postea
826 2242 912 2267 cum
924 2232 1087 2280 accipiat
1098 2232 1267 2280 opposita
1279 2238 1361 2277 etc.‚

289 2277 482 2337 improbat
498 2281 518 2302 *
533 2293 633 2330 quae
658 2283 756 2320 dicta
776 2292 864 2321 sunt
883 2284 957 2321 alio
977 2285 1110 2322 modo.
1137 2286 1238 2322 Cum
1260 2285 1362 2321 enirn

289 2331 350 2391 ille
369 2333 435 2380 qui
453 2335 537 2371 vult
561 2335 721 2373 definire
744 2337 965 2382 dividendo,
983 2339 1142 2388 accipiat
1167 2339 1363 2387 oppositas

291 2384 523 2424 d1fferentias
538 2389 613 2425 hoc
628 2390 760 2437 modo,
778 2392 883 2440 quod
899 2404 1015 2429 omne
1031 2393 1136 2442 quod
1149 2392 1365 2429 continetur

291 2439 361 2475 sub
383 2440 524 2487 diviso,
547 2443 657 2480 cadat
676 2445 747 2481 sub
767 2446 842 2482 hoc
871 2446 1050 2483 membro
1081 2446 1278 2483 divisionis
1301 2446 1364 2482 vel

291 2492 363 2528 sub
383 2494 458 2541 illo,
489 2502 526 2532 et
545 2497 705 2546 accipiat
733 2499 804 2535 sub
833 2499 950 2536 altero
981 2500 1247 2536 membrorum
1275 2499 1365 2536 illud

291 2545 400 2605 cuius
415 2548 585 2586 definitio
606 2552 810 2600 quaeritur,
829 2552 860 2588 si
879 2553 955 2589 hoc
974 2554 1078 2602 quod
1099 2553 1258 2590 intendit
1273 2553 1365 2590 defi-

291 2611 383 2648 mre,
405 2612 612 2650 cognoscat
631 2606 703 2642 sub
723 2605 786 2642 illo
816 2607 995 2644 membro
1022 2607 1219 2644 divisionis
1249 2606 1366 2643 conti-

346 2750 374 2784 α)
391 2751 523 2777 Ere-ludit
536 2753 604 2777 duos
618 2760 733 2778 errores.
749 2754 900 2779 Secundum
916 2755 1047 2779 etc.-Est
1062 2755 1137 2779 lectio
1152 2755 1181 2785 P,
1197 2754 1255 2779 edd.
1270 2755 1364 2783 Venn„

292 2790 318 2811 et
331 2786 385 2811 fere
399 2788 516 2812 omnium
532 2788 633 2813 codd.-
642 2789 679 2813 A:
696 2789 763 2814 duos
777 2796 891 2814 errores.
907 2790 999 2815 Primo
1013 2796 1070 2820 etc.;
1091 2790 1116 2820 Q
1132 2791 1190 2814 loco
1204 2790 1364 2819 Secundum,

292 2821 371 2847 habet
388 2823 497 2848 Primus
510 2824 630 2849 est—G:
649 2825 771 2850 excludit
788 2825 855 2850 duos
869 2832 982 2850 errores.
1003 2826 1039 2850 Et
1057 2826 1130 2851 circa
1149 2826 1198 2850 hoc
1212 2826 1265 2850 duo
1277 2825 1365 2858 facit.-

288 2857 380 2889 primo
399 2859 522 2884 excludit
537 2860 672 2891 primum;
691 2861 814 2888 secundo,
834 2862 995 2890 secundum;
1015 2861 1065 2886 ibi.-
1088 2861 1172 2886 Omne
1191 2866 1240 2886 etc.

348 2892 373 2927 β)
385 2893 491 2918 Narrat
500 2895 651 2926 opinionem
662 2896 841 2920 errantium.—
849 2906 861 2920 α
871 2897 994 2927 Fuerunt,
1002 2897 1089 2929 inquit
1099 2897 1121 2922 b.
1128 2897 1252 2921 Albertus
1261 2896 1365 2930 Magn„

296 2938 308 2950 »
329 2929 450 2953 Heracliti
471 2930 589 2962 discipuli
609 2936 634 2955 et
653 2939 793 2963 sequaces,
818 2932 861 2964 qui
881 2933 998 2956 dixerunt
1016 2932 1177 2964 impossibile
1196 2940 1255 2956 esse
1273 2940 1366 2956 omnes

295 2973 309 2986 ιι
330 2964 484 2989 differentias
505 2973 591 2990 rerum
616 2965 819 2991 definiendamm
845 2975 1003 3000 cognoscere
1029 2967 1111 3000 (quae
1131 2967 1286 2992 differentiae
1306 2973 1367 2992 sunt

296 3008 310 3021 ι
329 2999 538 3033 uniuscuiusque
552 3001 584 3025 ad
598 3001 831 3036 unumquodque),
851 3003 899 3027 nisi
917 3004 975 3035 quis
990 3009 1131 3036 cognoscat
1143 3003 1366 3036 unumquodque:

295 3043 310 3058 ι»
331 3040 357 3059 et
369 3035 486 3060 dixerunt
499 3037 570 3068 quod
584 3044 636 3061 non
649 3042 689 3061 est
703 3038 911 3070 unumquodque
924 3038 997 3068 scire,
1011 3039 1059 3062 nisi
1071 3044 1260 3071 cognoscantur
1274 3046 1367 3063 omnes

296 3079 311 3094 ι»
331 3070 488 3095 differentiae
501 3079 567 3104 quas
580 3073 714 3104 quodlibet
728 3072 806 3097 habet
818 3074 850 3098 ad
860 3074 996 3106 quodlibet
1005 3083 1018 3097 »
1033 3074 1106 3105 (1n11
1117 3074 1229 3104 Foster„
1239 3074 1366 3104 Tract.1V,

295 3114 351 3139 cap.
360 3113 403 3136 ιιι,
422 3114 480 3138 pag.
491 3106 553 3138 646,
572 3108 621 3132 col.
636 3108 702 3140 1).-
716 3108 825 3133 Videtur
848 3114 935 3134 autem
954 3109 1100 3141 Philopono
1125 3110 1196 3141 quod
1216 3110 1367 3134 Aristoteles

296 3142 391 3166 directe
413 3147 547 3175 oppugnet
571 3144 745 3175 Speusippum
754 3162 760 3173 ,
786 3144 858 3168 cuius
878 3145 990 3169 rationes
1015 3144 1056 3169 hic
1079 3145 1216 3169 recitantur
1240 3149 1266 3169 et
1284 3152 1367 3177 oppu-

295 3182 406 3210 gnantur
421 3177 464 3209 (In
475 3178 495 3202 ll
506 3178 616 3207 Poster„
632 3179 647 3211 ξ
659 3179 749 3211 Neque
761 3183 850 3204 autem
865 3183 971 3211 oportet
985 3180 1152 3213 definientem
1168 3185 1224 3208 etc.‚
1236 3188 1294 3211 pac.
1311 3180 1367 3211 137;

296 3213 338 3237 ed.
353 3220 437 3245 graec.
451 3221 511 3246 pag.
523 3213 572 3238 235
580 3214 598 3246 ).
613 3214 645 3238 Et
660 3215 831 3247 Anonymus:
852 3215 1001 3247 Speusippi,
1022 3215 1112 3248 inquit,
1132 3215 1201 3240 hanc
1216 3215 1367 3246 opinionem

298 3248 434 3273 Eudemus
446 3255 502 3274 esse
516 3249 582 3274 dicit
596 3249 639 3281 (ln
654 3250 673 3274 11
690 3250 800 3279 Foster„
814 3250 830 3283 ἓ
844 3250 920 3275 Nihil
937 3254 1026 3275 autem
1045 3253 1151 3283 oportet
1165 3255 1223 3280 etc.‚
1236 3258 1294 3283 pag.
1310 3249 1368 3280 128,

296 3284 347 3308 col.
358 3291 387 3314 23
406 3284 454 3308 Ed.
465 3292 547 3316 graec.
562 3293 621 3317 pag.
634 3284 705 3319 283).

350 3319 377 3352 γ)
398 3319 435 3343 Et
451 3320 582 3352 accipiam
597 3321 767 3352 propositum
787 3322 942 3346 etc.-Haec
960 3321 1051 3350 verba,
1071 3328 1156 3353 usque
1175 3320 1207 3344 ad
1221 3320 1254 3345 de
1273 3321 1367 3352 quibus

297 3354 456 3379 irrationale
474 3355 607 3386 inclusive,
627 3356 780 3382 omittuntur
793 3365 807 3381 a
822 3357 878 3381 cod.
893 3356 1164 3381 H.—ABEG1LNOT
1183 3361 1208 3380 et
1226 3363 1252 3388 p.
1269 3364 1303 3380 rn.
1323 3356 1367 3380 CD

297 3390 379 3414 KMS:
399 3393 426 3415 et
443 3391 573 3422 accipiam
593 3392 732 3416 contineri.
753 3392 803 3416 Sed
822 3392 847 3416 in
862 3391 910 3416 hac
929 3392 1038 3416 lectione
1057 3400 1108 3416 non
1125 3391 1216 3415 dicitur
1235 3392 1367 3423 quodnam

298 3426 331 3450 sit
345 3425 488 3450 subiectum
505 3427 576 3458 quod
591 3427 714 3459 accipitur
726 3427 850 3451 contineri
866 3427 914 3451 sub
929 3427 1058 3451 rationali:
1072 3427 1142 3451 unde
1155 3426 1295 3450 retinemus
1311 3426 1367 3450 Pia-

298 3469 372 3491 nam,
392 3469 452 3486 cum
472 3469 523 3494 qua
542 3462 589 3494 ipsi
610 3462 684 3486 codd.
704 3462 768 3486 infra
787 3463 888 3495 legunt:
908 3466 934 3487 et
947 3463 1102 3494 accipiendo
1116 3462 1295 3493 propositum.
1314 3462 1368 3486 Du-

297 3497 370 3521 bium
390 3502 476 3521 tamen
496 3497 565 3521 subit
584 3506 646 3522 num
666 3494 696 3522 τὸ
716 3498 765 3527 sic,
786 3499 856 3530 quod
876 3506 927 3530 qua
946 3498 1045 3522 rati0ne
1069 3502 1179 3530 ponatur
1197 3504 1240 3521 me
1260 3505 1368 3529 prorsus

298 3532 368 3562 latet,
379 3532 455 3556 fuerit
469 3540 541 3557 error
555 3533 761 3562 amanuensium,
773 3539 797 3557 et
808 3534 947 3565 legendum
962 3533 994 3557 sit
1006 3533 1113 3563 scilicet,
1126 3538 1155 3557 ut
1169 3532 1227 3557 hab.
1239 3540 1260 3557 s.
1269 3541 1303 3557 m.
1312 3533 1368 3557 K.—

298 3569 319 3593 F
333 3573 358 3592 et
371 3576 392 3592 s.
403 3575 438 3592 m.
451 3568 508 3592 MS:
521 3572 548 3593 et
559 3569 688 3600 accipiam
701 3569 833 3593 hominem
846 3569 991 3597 contineri;
1003 3569 1028 3599 Q
1037 3573 1061 3592 et
1074 3577 1095 3593 s.
1107 3576 1142 3593 m.
1156 3568 1189 3592 C:
1204 3567 1229 3592 εἳ
1238 3568 1368 3599 accipiam

294 3603 464 3636 propositum
484 3604 616 3629 contineri
622 3611 630 3631 ,·
649 3605 671 3629 D
689 3612 711 3628 s.
722 3612 761 3628 m:
779 3607 805 3629 et
823 3604 952 3636 accipiam
973 3600 1019 3628 tua
1032 3611 1099 3636 quae
1113 3604 1207 3629 debent
1225 3603 1356 3628 contineri
1361 3610 1370 3631 ,·

298 3639 323 3663 K
335 3647 357 3664 s.
368 3647 416 3664 m.:
430 3642 456 3664 et
467 3639 597 3672 accipiam
612 3639 642 3674 (ἲ)
658 3640 757 3665 scilicet
770 3640 902 3664 hominem
916 3639 1055 3664 contineri.
1075 3639 1124 3664 Ubi
1142 3639 1369 3672 interrogationem

2417 278 2486 313 381

1420 354 1516 401 neri,
1529 367 1608 392 non
1625 355 1749 392 differt
1768 355 1817 392 ad
1837 355 2076 404 propositum
2092 362 2221 392 utrum
2241 355 2333 392 sciat
2346 357 2408 393 vel
2424 369 2488 394 ne-

1421 409 1513 445 sciat
1541 409 1588 445 de
1617 405 1909 458 quibuscunque
1931 410 1950 430 *
1975 409 2055 445 aliis
2081 410 2194 446 rebus
2222 409 2489 457 praedicentur

1421 462 1619 510 oppositae
1641 463 1887 499 differentiae.
1906 464 2001 499 Puta
2021 463 2052 499 si
2069 462 2239 499 dividam
2259 464 2400 500 animal
2420 477 2489 512 per

1421 516 1602 552 rationale
1631 524 1668 553 et
1692 516 1917 563 irrationale,
1949 524 1984 552 et
2009 516 2194 564 accipiam
2214 517 2454 564 propositum
2474 523 2489 544 ⁷

1420 569 1472 605 sic
1488 569 1687 606 hominem
1704 570 1886 606 contineri
1902 571 1973 606 sub
1990 570 2172 615 rationali,
2189 582 2267 606 non
2290 571 2489 618 requiritur

1420 622 1525 670 quod
1545 622 1662 659 sciam
1687 623 1734 659 de
1754 623 1892 672 quibus
1912 623 2125 659 irrationale
2144 623 2395 671 praedicetur,
2417 637 2489 661 nec

1420 676 1680 723 qualiterssilla
1702 676 1750 713 ad
1770 676 1935 713 invicem
1957 676 2142 713 differant.
2167 677 2412 714 Manifestum
2434 685 2489 714 est

1421 729 1521 765 enirn
1539 730 1644 778 quod
1655 730 1684 766 si
1700 729 1833 778 aliquis
1849 730 1902 766 sic
1916 730 2109 778 procedat,
2123 730 2262 767 scilicet
2279 731 2486 767 dividendo

1419 794 1538 829 genus
1567 795 1636 830 per
1663 783 1806 831 primas
1836 783 2066 819 differentias
2087 783 2179 829 eius,
2210 791 2246 820 et
2265 784 2487 833 accipiendo

1419 836 1660 884 propositum
1685 837 1755 872 sub
1785 837 1902 872 altero
1928 837 2126 883 membro,
2153 837 2327 874 dividens
2354 835 2367 859 δ
2393 850 2487 886 quo-

1419 901 1541 937 usque
1565 889 1810 937 perveniatur
1830 890 1867 925 in
1889 889 1949 925 illa
1976 901 2073 937 quae
2093 891 2249 927 ulterius
2270 891 2388 927 dividi
2409 904 2487 928 non

1418 950 1579 990 possunt
1615 942 1874 979 essentialibus
1910 942 2149 989 differentii83
2187 943 2240 980 sic
2274 945 2487 992 procedens

1418 996 1574 1032 habebit
1602 995 1865 1032 definitionem
1900 996 2151 1043 substantiae,
2186 1009 2303 1045 quarn
2328 1010 2486 1046 quaere-

1419 1049 1493 1085 bat.
1516 1049 1814 1097 Decipiebantur
1833 1061 1923 1096 ergo
1943 1050 2124 1097 praedicti
2144 1050 2319 1086 homines
2342 1063 2387 1087 ex
2408 1063 2454 1087 eo
2468 1053 2487 1073 '⁴‘

1419 1102 1523 1149 quod
1553 1114 1631 1138 non
1660 1102 1937 1150 distinguebant
1965 1102 2060 1138 inter
2089 1115 2319 1150 cognoscere
2348 1104 2488 1152 aliquid

1419 1154 1456 1190 in
1487 1154 1685 1191 communi
1715 1163 1751 1192 et
1779 1155 1816 1192 in
1851 1155 2014 1204 speciali.
2055 1156 2216 1204 Oportet
2251 1157 2353 1193 enim
2383 1158 2487 1206 quod

1419 1207 1637 1256 quicunque
1667 1208 1735 1244 scit
1763 1209 1854 1256 quid
1875 1212 1931 1245 est
1950 1209 2103 1257 aliquid,
2126 1218 2330 1256 cognoscat
2357 1211 2488 1248 omnia

1419 1261 1491 1297 alia
1518 1261 1556 1297 in
1591 1262 1810 1307 communi,
1850 1274 1927 1298 non
1961 1270 2090 1298 autem
2119 1262 2157 1298 in
2187 1263 2350 1311 speciali.
2391 1265 2487 1301 Puta

1418 1314 1483 1362 qui
1512 1315 1580 1351 scit
1598 1315 1691 1363 quid
1717 1322 1771 1351 est
1790 1316 1923 1361 homo,
1945 1323 2095 1363 oportet
2121 1317 2224 1364 quod
2247 1317 2338 1353 sciat
2364 1317 2488 1353 homi-

1418 1380 1508 1404 nem
1528 1380 1597 1416 per
1616 1370 1691 1405 hoc
1710 1369 1815 1417 quod
1841 1377 1896 1405 est
1919 1369 2076 1415 animal,
2093 1369 2268 1417 distingui
2293 1371 2340 1406 ab
2367 1370 2488 1406 omni-

1418 1422 1489 1458 bus
1525 1434 1622 1470 quae
1660 1434 1739 1459 non
1769 1429 1855 1458 sunt
1883 1422 2082 1468 animalia;
2114 1429 2149 1458 et
2176 1435 2245 1471 per
2277 1423 2352 1459 hoc
2384 1423 2488 1472 quod

1418 1483 1474 1512 est
1493 1475 1692 1522 rationale,
1714 1475 1890 1523 distingui
1910 1477 1958 1512 ab
1978 1476 2159 1512 omnibus
2188 1488 2286 1524 quae
2306 1489 2384 1513 non
2404 1484 2490 1513 sunt

1418 1529 1624 1566 rationalia.
1648 1530 1738 1565 Non
1759 1530 1861 1566 enim
1883 1537 2033 1578 oportet
2058 1530 2164 1578 quod
2183 1530 2245 1566 illa
2266 1538 2485 1577 cognoscat,

1417 1583 1487 1619 nisi
1507 1583 1720 1620 secundum
1750 1583 1824 1619 hoc
1854 1595 2062 1620 commune
2091 1583 2198 1632 quod
2223 1590 2279 1619 est
2307 1595 2381 1620 non
2408 1584 2488 1620 ani-

1417 1636 1511 1682 mal,
1540 1638 1602 1673 vel
1632 1636 1852 1673 irrationale
1870 1642 1892 1672 ¹.

1474 1691 1506 1727 5.
1528 1690 1678 1727 Deinde
1703 1702 1793 1726 curn
1809 1689 1911 1726 dicit:
1942 1690 2062 1726 Omne
2075 1695 2200 1726 autem
2221 1690 2384 1726 incidere
2403 1697 2486 1737 etc.‚

1417 1744 1580 1780 excludit
1607 1743 1821 1780 secundum
1851 1755 2033 1779 errorem.
2064 1744 2200 1793 Posset·
2222 1743 2323 1780 enim
2354 1743 2486 1792 aliquis

1417 1797 1573 1834 credere
1603 1797 1708 1846 quod
1737 1797 1955 1845 quicunque
1982 1797 2098 1833 utitur
2127 1796 2314 1833 divisione
2343 1797 2391 1834 ad
2422 1797 2485 1833 de-

1417 1851 1646 1897 finiendum,
1677 1851 1841 1898 indigeat
1868 1858 1996 1898 petere
2026 1850 2130 1899 quod
2163 1858 2285 1886 totum
2321 1850 2486 1887 divisum

1417 1904 1654 1941 contineatur
1673 1905 1743 1940 sub
1760 1904 1945 1940 membris
1960 1903 2198 1949 divisionis*;
2220 1903 2288 1940 sed
2303 1903 2383 1952 ipse
2400 1904 2488 1940 dicit

1418 1959 1522 2007 quod
1551 1959 1626 1995 hoc
1645 1970 1723 1994 non
1744 1965 1800 1994 est
1819 1957 2088 2003 necessarium,
2119 1957 2149 1993 si
2170 1959 2189 1978 ‘³⁵
2210 1957 2397 2005 opposita,
2418 1970 2487 2005 per

1418 2024 1516 2060 quae
1536 2012 1579 2048 fit
1598 2011 1750 2057 divisio,
1772 2011 1845 2048 sint
1865 2013 1885 2033 ²¹⁵
1905 2011 2142 2054 immediata;
2164 2010 2252 2059 quia
2273 2012 2485 2048 secundum
2514 2027 2524 2038 υ

1418 2067 1493 2102 hoc
1530 2065 1788 2102 necessarium
1823 2073 1878 2102 est
1915 2064 2020 2113 quod
2054 2072 2178 2100 totum
2216 2064 2382 2100 divisum
2416 2065 2486 2101 sub

1419 2121 1536 2156 altero
1557 2119 1823 2168 oppositorum
1845 2118 2091 2162 contineatur,
2114 2118 2207 2154 dum
2229 2119 2248 2138 ³⁸
2277 2125 2405 2154 tamen
2427 2130 2487 2154 ac·
2513 2129 2524 2139 ⁸

1420 2173 1604 2221 cipiantur
1623 2172 1770 2221 primae
1795 2171 2030 2208 differentiae
2050 2171 2207 2207 alicuius
2227 2171 2385 2219 generis.
2408 2171 2486 2207 Dif-

1420 2227 1599 2263 ferentiae
1629 2226 1731 2262 enim
1761 2238 1859 2274 quae
1889 2232 1976 2261 sunt
2003 2224 2247 2261 immediatae
2276 2225 2306 2261 si
2332 2237 2488 2273 compa-

1421 2288 1549 2317 rentur
1577 2279 1626 2316 ad
1656 2292 1774 2327 genus
1803 2279 1976 2324 inferius,
2007 2291 2084 2315 non
2120 2285 2207 2314 sunt
2243 2277 2488 2315 immediatae

1420 2334 1450 2370 si
1471 2336 1492 2356 ²¹*
1518 2341 1789 2382 comparentur
1807 2333 1856 2370 ad
1876 2345 1997 2380 genus
2016 2332 2190 2380 superius
2211 2332 2254 2353 ἧς*
2298 2331 2402 2368 Sicut
2420 2344 2489 2380 par

1421 2395 1457 2424 et
1485 2388 1608 2436 impar
1632 2394 1719 2423 sunt
1746 2386 1968 2423 immediata
1996 2387 2025 2422 si
2047 2393 2316 2433 comparentur
2344 2385 2393 2422 ad
2421 2397 2489 2421 nu-

1421 2454 1585 2487 merum,
1607 2440 1713 2477 cuius
1734 2447 1821 2476 sunt
1839 2439 2017 2488 propriae
2042 2438 2292 2484 differentiae3
2323 2451 2401 2475 non
2421 2451 2486 2475 au-

1421 2503 1499 2532 tem
1528 2494 1559 2531 si
1588 2501 1859 2542 comparentur
1887 2493 1934 2530 ad
1965 2493 2223 2541 quantitatem.

1476 2550 1512 2585 6.
1543 2548 1693 2585 Deinde
1722 2560 1810 2584 curn
1841 2547 1943 2584 dicit:
1964 2547 2027 2582 Ad
2044 2545 2334 2583 construendum
2363 2550 2489 2582 autem

1422 2602 1624 2639 terminum
1659 2608 1746 2647 etc.‚
1783 2607 1988 2649 postquam
2023 2600 2178 2636 exclusit
2207 2611 2251 2635 ea
2284 2611 2382 2648 quae
2412 2610 2490 2634 non

1420 2753 1566 2785 posuimus,
1577 2756 1707 2776 corrector
1720 2750 1822 2783 scripsit
1835 2750 1939 2783 aliquid,
1953 2750 2023 2782 quod
2038 2757 2090 2774 non
2104 2749 2236 2781 potuimus
2251 2748 2444 2780 interpretari.—
2453 2749 2491 2773 Ex

1421 2789 1479 2813 edd.
1495 2787 1608 2817 Venetis,
1622 2794 1639 2811 a
1652 2787 1743 2811 habet:
1757 2790 1783 2811 et
1795 2786 1924 2818 accipiam
1943 2786 2075 2810 contineri
2081 2794 2089 2814 ;
2103 2785 2166 2809 aliae
2179 2789 2246 2809 stant
2260 2792 2318 2808 cum
2334 2784 2361 2809 Ρ.

2519 418 2528 428 “
2538 416 2625 438 Codd.-
2634 423 2659 438 r:
2670 416 2736 444 quod

2517 443 2547 464 de
2594 443 2733 470 quibusdam

2517 470 2573 491 aliis
2589 470 2630 494 ici.
2649 473 2704 491 text.
2712 472 2732 494 );

2517 496 2654 523 quibusdam
2663 497 2731 518 etiam

2517 528 2530 544 c

2615 560 2631 585 Υ

2516 683 2525 691 ·
2541 688 2569 713 ¹2¹2
2580 688 2676 710 quara·
2684 689 2729 704 AN:

2515 709 2579 733 alta,
2601 715 2642 736 pro
2657 709 2708 730 illa.
2718 720 2728 725 -

2614 838 2628 863 δ

2514 1052 2616 1077 ⁸Codd..
2625 1059 2728 1075 excsci:

2516 1085 2545 1100 ex
2553 1080 2632 1105 hom-1
2641 1086 2729 1101 omer.

2513 1911 2523 1922 ⁶
2536 1911 2571 1932 Cf.
2583 1911 2674 1938 lect.1v,
2684 1918 2729 1939 n.4

2514 1946 2535 1963 et
2551 1946 2599 1963 not.
2614 1939 2635 1964 δ.

2514 1974 2525 1984 ⁴¹
2535 1980 2618 1995 iterim«
2630 1978 2651 1995 et
2661 1980 2684 2001 p.
2695 1980 2728 1996 m.

2514 2006 2540 2021 n:
2556 2000 2606 2021 sed.

2540 2033 2712 2048 aebroini-nusi*
2721 2035 2727 2048 ε

2514 2056 2575 2075 sunt.
2583 2065 2592 2070 -
2602 2060 2622 2075 L:
2632 2056 2655 2075 et
2661 2054 2728 2082 quia.

2539 2135 2559 2149 Fi
2569 2137 2573 2150 ζ
2590 2135 2647 2150 cum.

2514 2341 2525 2351 ⁵
2540 2347 2567 2361 r1:
2583 2341 2607 2361 si
2620 2342 2697 2362 tamen

2517 2373 2589 2394 comp.

2516 2394 2539 2405 ⁸⁸
2553 2401 2580 2415 A:
2599 2400 2675 2421 genus
2690 2399 2728 2415 se-

2517 2420 2614 2441 cundum
2642 2426 2710 2448 supe-

2516 2447 2575 2468 rius.

1480 2822 1506 2855 δ)
1527 2823 1581 2848 Sub
1600 2823 1686 2848 altero
1706 2823 1830 2851 membro,
1852 2822 1973 2846 dividens
1993 2821 2112 2846 etc—G:
2131 2821 2179 2845 sub
2197 2821 2283 2845 altero
2302 2820 2489 2844 membrorum.
2532 2826 2537 2829 *

1421 2860 1472 2884 Pro
1491 2859 1625 2888 dividens,
1645 2859 1716 2891 quod
1736 2858 1831 2882 habent
1845 2857 1959 2885 FlKMT,
1974 2856 2099 2886 BGHOQ
2115 2856 2203 2888 legunt
2218 2855 2363 2884 divisionis,
2381 2855 2446 2879 sicut
2460 2855 2489 2880 P.

1421 2895 1509 2919 AELS
1537 2899 1563 2918 et
1580 2903 1605 2926 p.
1626 2902 1660 2918 m.
1681 2893 1748 2917 CDN
1772 2893 1867 2917 habent
1894 2893 1996 2921 dicens,
2022 2897 2142 2924 corrupte
2167 2899 2214 2923 pro
2239 2891 2374 2920 dividens;
2399 2890 2490 2915 dicens

1422 2931 1447 2954 in
1463 2931 1484 2955 N
1498 2938 1622 2962 expung.;
1641 2929 1667 2953 in
1682 2930 1704 2953 D
1719 2929 1811 2961 corrig.
1831 2929 1855 2952 in
1875 2928 2009 2957 dividens,·
2028 2927 2052 2951 in
2073 2927 2094 2951 C
2113 2934 2191 2958 super
2211 2933 2242 2950 eo
2261 2926 2379 2950 scribitur
2397 2926 2433 2951 al.
2449 2926 2490 2950 di-

1422 2966 1524 2990 videns.

1476 3002 1498 3033 ε)
1520 3001 1599 3031 Quod
1622 3003 1662 3025 est
1681 3007 1732 3024 non
1756 2999 1870 3027 animal,
1891 2999 1932 3023 vel
1951 2998 2117 3022 irrationale.
2129 3010 2148 3016 -
2162 2998 2234 3021 Hanc
2259 2997 2396 3021 lectionem
2415 2997 2490 3021 codd.

1423 3037 1575 3068 adoptamus
1591 3037 1648 3060 loco
1663 3036 1696 3059 P:
1716 3035 1787 3068 quod
1799 3037 1839 3059 est
1851 3034 1961 3062 animal,
1976 3034 2017 3058 vel
2030 3033 2177 3058 rationale.-
2191 3040 2258 3064 quae
2271 3033 2354 3062 lectio,
2370 3032 2490 3064 quamvis

1423 3078 1494 3096 recto
1513 3079 1592 3096 sensu
1612 3071 1691 3103 accipi
1710 3070 1807 3102 possit,
1827 3070 1913 3094 minus
1932 3075 2018 3094 tamen
2037 3074 2162 3093 consonat
2180 3068 2312 3100 processui
2327 3073 2490 3100 argumenta-

1423 3108 1476 3132 tivo
1489 3115 1510 3131 s.
1520 3107 1646 3131 Thomae.
1658 3107 1719 3130 Vult
1730 3106 1798 3130 enirn
1814 3114 1835 3129 s.
1846 3106 1942 3129 Doctor
1955 3105 2026 3137 quod
2041 3105 2072 3128 ad
2083 3103 2255 3128 definiendum
2272 3103 2334 3135 quid
2349 3108 2389 3127 est
2401 3103 2490 3133 homo,

1423 3150 1531 3167 necesse
1550 3147 1590 3166 est
1608 3147 1636 3166 ut
1655 3146 1827 3173 cognoscatur
1846 3141 1907 3173 quid
1927 3140 1959 3164 sit
1977 3141 2070 3164 animal
2086 3145 2111 3164 et
2125 3139 2187 3171 quid
2201 3139 2338 3168 rationale;
2358 3143 2383 3163 et
2397 3139 2490 3163 deinde

1423 3178 1448 3202 in
1468 3186 1522 3210 quo
1541 3177 1674 3202 rationale
1692 3177 1791 3201 differat
1810 3176 1842 3200 ab
1863 3176 2023 3201 irrationali.
2040 3181 2064 3199 et
2080 3175 2182 3199 animal
2201 3183 2215 3199 a
2234 3174 2419 3199 non-animali.
2439 3171 2503 3198 Sed·

1423 3213 1473 3237 hoc
1492 3213 1549 3237 sciri
1569 3213 1660 3244 nequit
1678 3212 1726 3236 nisi
1746 3217 1873 3244 quatenus
1897 3216 1953 3235 tum
1972 3211 2130 3235 irrationale
2148 3216 2204 3234 tum
2224 3210 2391 3234 non-animal
2409 3209 2491 3241 perci-

1422 3248 1525 3280 piantur
1543 3248 1630 3280 aliquo
1645 3247 1732 3276 modo,
1747 3247 1784 3271 uti
1805 3247 1836 3271 de
1855 3254 1884 3271 se
1899 3252 1939 3270 est
1952 3247 2126 3271 manifestum.
2146 3246 2330 3270 Verumtamen
2350 3250 2491 3277 utrumque

1423 3283 1519 3316 percipi
1535 3288 1622 3315 potest
1640 3282 1780 3314 dupliciter,
1800 3282 1827 3306 in
1846 3282 1955 3313 speciali
1974 3287 1999 3306 et
2017 3282 2043 3306 in
2062 3281 2203 3306 communi.
2223 3281 2250 3305 ln
2270 3280 2386 3312 speciali,
2402 3285 2442 3304 est
2461 3288 2490 3304 o—

1423 3326 1549 3350 gnoscere
1573 3319 1673 3350 species
1697 3317 1920 3342 non-animalium
1944 3322 1970 3341 et
1994 3317 2204 3345 irrationalium,
2229 3316 2384 3348 assignando
2407 3323 2491 3348 genus

1423 3362 1512 3379 earum
1527 3354 1661 3386 proprium
1674 3358 1700 3378 et
1713 3353 1869 3385 respectivas
1880 3352 2042 3376 differentias.
2055 3353 2110 3376 Hoc
2123 3357 2209 3376 autem
2222 3359 2236 3376 a
2246 3351 2371 3376 s.Th0ma
2385 3356 2492 3384 negatur

1423 3390 1517 3422 requiri
1537 3395 1565 3413 ut
1584 3390 1690 3413 alicuius
1710 3388 1803 3420 speciei
1828 3388 1967 3412 essentiam
1991 3387 2151 3412 definiamus.
2170 3387 2197 3411 In
2217 3387 2363 3416 communi,
2390 3391 2429 3411 est
2448 3394 2491 3410 so-

1423 3425 1558 3449 lummodo
1578 3431 1736 3456 cognoscere
1752 3424 1822 3456 quod
1842 3424 2010 3447 non-animal
2025 3428 2049 3447 et
2064 3423 2222 3447 irrationale
2237 3423 2287 3446 sint
2301 3423 2365 3446 tales
2385 3427 2492 3446 naturae

1423 3468 1491 3492 quae
1509 3465 1596 3484 carent
1614 3460 1655 3483 vel
1675 3466 1754 3483 sensu
1769 3460 1810 3483 vel
1825 3458 1932 3483 ratione.
1952 3459 1984 3482 Et
1997 3458 2046 3482 hoc
2061 3457 2201 3482 affirmatur
2216 3458 2325 3490 requiri:
2341 3459 2400 3489 quia
2415 3465 2491 3482 secus

1424 3503 1475 3520 non
1495 3496 1694 3526 distingueretur
1719 3502 1761 3519 res
1785 3493 1888 3518 definita
1913 3494 1944 3518 ab
1968 3494 2024 3518 aliis
2048 3494 2139 3524 rebus,
2165 3501 2232 3526 quae
2252 3501 2303 3517 non
2328 3493 2423 3517 habent
2448 3498 2492 3517 aut

1424 3531 1606 3555 animalitatem
1631 3535 1674 3554 aut
1692 3530 1896 3554 rationalitatem.
1921 3529 1978 3559 Qua
1998 3530 2030 3553 de
2049 3537 2126 3553 causa
2151 3529 2289 3560 legendum
2309 3533 2348 3553 est
2367 3528 2491 3553 non-ani-

1425 3567 1491 3596 mal,
1507 3567 1548 3591 vel
1567 3566 1737 3595 irrationale,
1758 3571 1786 3589 ut
1805 3565 1845 3589 hic
1864 3573 1942 3596 supra
1955 3563 2211 3589 affirmavimus—O
2227 3564 2288 3596 legit
2307 3572 2366 3588 cum
2381 3564 2401 3588 P
2420 3564 2492 3596 quod

1423 3605 1462 3627 est
1479 3602 1589 3630 animal,
1610 3607 1635 3626 at
1653 3609 1713 3625 cum
1732 3601 1788 3625 aliis
1804 3601 1879 3625 codd.
1894 3600 1971 3624 habet
1985 3601 2026 3625 vel
2040 3600 2212 3630 irrationale‚·
2227 3600 2264 3624 H:
2285 3600 2325 3624 vel
2339 3599 2492 3625 non-ratio-

1424 3638 1485 3662 nale
1491 3644 1500 3666 ,·
1519 3637 1557 3667 Q:
1576 3640 1603 3662 et
1622 3637 1787 3662 irrationale.
