2548 4192
912 273 967 310 IN
999 273 1037 310 S.
1060 273 1303 311 THOMAM
1331 277 1654 323 AQUINATEM

188 355 293 385 Immo
317 363 403 391 sana,
427 351 528 382 solida
551 358 582 382 et
605 352 737 391 probata
758 352 926 393 Aquinatis
945 352 1088 383 doctrina
1107 359 1164 390 est,
1184 363 1261 393 ope-

186 399 343 430 rationem
365 396 564 436 Angelorum
591 395 671 426 illud
702 406 768 426 esse
792 396 1038 428 fundamentum
1060 396 1260 437 proximum,

186 442 398 484 quamobrem
420 440 481 481 ipsi
505 450 682 481 eorumque
706 441 879 472 substantia
901 441 967 472 sint
985 441 1018 471 in
1042 441 1126 472 loco.

252 496 285 527 4.
309 485 593 516 Animadversione
609 485 724 525 dignus
743 492 790 516 est
810 486 960 516 articulus
978 492 1096 516 Lxxvn:
1125 485 1219 522 Quod
1234 486 1263 516 si

187 536 269 562 esset
283 531 394 570 aliqua
409 529 588 560 substantia
607 535 771 569 separata,
791 540 875 570 quae
891 540 954 561 non
974 535 1115 561 moveret
1130 530 1263 570 aliquod

187 584 303 615 corpus
320 575 352 604 in
367 574 427 605 hoc
441 573 562 604 mundo
577 574 729 611 sensibili,
747 584 811 604 non
828 575 1036 606 clauderetur
1049 575 1081 605 in
1099 575 1263 605 universo:

133 651 138 656 ,
186 619 242 650 ubi
257 618 450 650 substantiae
469 624 628 658 separatae
647 618 790 658 operatio
811 618 891 650 circa
909 619 979 650 loca
998 619 1037 649 ad
1056 629 1155 650 unam
1172 618 1262 649 illam

187 670 362 696 coarctatur
384 662 585 693 efficientiam
608 673 690 703 quae
714 669 852 702 motum,
876 663 994 694 scilicet
1016 663 1162 702 localem,
1193 673 1261 694 cor-

186 708 318 749 poribus
349 707 513 747 imprimit.
544 707 619 737 Non
647 707 691 738 ita
719 707 842 738 Doctor
864 707 1055 748 Angelicus,
1089 708 1144 749 qui
1169 707 1203 738 in
1227 708 1260 746 1,

186 752 256 783 dist.
277 762 391 790 xxxvn,
410 758 521 792 quaest
537 762 581 789 111,
606 758 662 782 art.
683 762 693 781 1
713 752 929 791 operationem
950 752 1136 792 Angelicam
1154 752 1262 783 statuit

187 803 370 828 causantem
394 796 444 826 vel
467 801 598 834 motum,
624 796 674 826 vel
697 796 816 834 lumen,
849 797 899 827 vel
921 797 1045 838 aliquid
1066 797 1260 827 huiusmodi.

185 841 387 882 Ampliorem
403 840 597 880 operationis
613 839 799 870 huiusmodi
818 841 985 871 notionem
1001 841 1121 872 tradere
1137 841 1261 872 videtur

186 892 218 916 et
233 885 399 926 explanare
416 884 569 922 Quodlib.
591 885 614 923 1,
635 891 690 915 art.
715 892 760 915 1v:
781 884 817 914 Si
832 887 904 925 quis
922 886 1008 923 velit,
1023 885 1181 926 inquiens,
1197 887 1260 916 vir-

187 931 265 961 tutis
296 934 477 961 contactum
510 930 727 969 operationem
759 939 895 967 vocare,
921 935 1058 970 propter
1087 931 1147 961 hoc
1175 930 1262 971 quod

187 975 320 1015 operari
342 979 390 1004 est
406 974 563 1014 proprius
586 973 719 1014 effectus
742 974 888 1011 virtutis;
910 975 1056 1012 dicatur,
1086 975 1172 1015 quod
1193 975 1262 1005 An-

185 1019 352 1060 gelus-est
374 1019 407 1048 in
432 1019 501 1049 loco
523 1027 588 1058 per
614 1019 848 1058 operationem,
878 1020 924 1048 ita
954 1024 1060 1049 tamen
1091 1019 1177 1060 quod
1197 1029 1261 1059 per

186 1064 403 1104 operationem
419 1072 482 1093 non
498 1062 703 1103 intelligatur
715 1063 785 1092 sola
800 1063 896 1093 motio
913 1061 1095 1105 (damnatus
1110 1064 1260 1094 articulus

184 1108 328 1138 innuitur
341 1104 572 1148 reiiciturque),
591 1106 648 1137 sed
660 1116 879 1147 quaecumque
898 1108 1011 1144 unitio,
1031 1117 1095 1148 qua
1114 1118 1175 1139 sua
1195 1109 1260 1139 vir-

185 1157 253 1183 tute
274 1161 310 1182 se
332 1152 460 1191 corpori
483 1151 565 1187 unit,
584 1150 802 1191 praesidendo
826 1151 876 1183 vel
898 1151 1089 1182 continendo
1113 1153 1164 1183 vel
1181 1162 1259 1193 quo-

184 1205 320 1236 cumque
342 1196 407 1225 alio
431 1194 534 1225 modo.
554 1194 616 1224 Pro
636 1194 695 1225 hac
713 1195 922 1235 amplitudine
946 1196 1139 1236 operationis
1154 1199 1259 1236 Ange-

183 1240 279 1278 licae,
309 1240 374 1270 sive
401 1249 484 1280 quae
514 1238 701 1269 exteriorem
731 1239 878 1270 effectum
905 1240 1053 1280 producit
1082 1241 1148 1272 sive
1177 1251 1259 1282 quae

183 1285 347 1325 Angelum
362 1283 512 1324 peculiari
531 1283 671 1324 quadam
686 1283 811 1323 imperii
827 1284 954 1324 practici
973 1284 1156 1323 directione,
1176 1295 1258 1326 quo-

185 1329 471 1371 cumqpedemum
485 1327 656 1368 explicetur
671 1328 784 1366 modo,
800 1328 840 1358 ad
853 1328 950 1359 huius
964 1329 1102 1360 universi
1113 1340 1258 1370 corpora,

147 1379 155 1381 ⁴
184 1373 225 1405 ad
246 1374 328 1411 loca,
353 1373 392 1403 ad
415 1371 527 1413 spatia,
551 1372 671 1413 absque
694 1372 762 1403 ullo
786 1372 897 1403 effectu
922 1373 1083 1412 exteriore,
1110 1374 1258 1415 adplicat,

184 1425 245 1451 stat
267 1417 457 1449 Dominicus
479 1416 608 1447 Bannez
630 1416 664 1447 in
687 1416 929 1448 Commentario
958 1417 1013 1448 ubi
1037 1418 1080 1449 sic
1104 1419 1161 1449 ait:
1190 1433 1204 1448 ι
1222 1419 1258 1450 In

184 1474 200 1491 »
221 1463 282 1494 hac
301 1461 466 1502 opinione,
485 1460 616 1491 nomine
635 1462 831 1501 operationis
848 1461 1029 1502 intelligunt
1047 1473 1114 1494 non
1133 1470 1259 1494 tantum

185 1519 200 1535 »
223 1514 352 1538 motum
374 1505 516 1546 aliquem
538 1505 655 1535 realem
684 1512 848 1546 receptum
876 1506 910 1536 in
938 1517 1071 1547 corpore
1098 1508 1163 1538 sive
1186 1518 1257 1538 mu-

185 1564 201 1580 »
223 1551 378 1584 tationem
401 1550 558 1591 aliquam;
590 1549 646 1580 sed
668 1550 843 1591 quemlibet
867 1550 962 1581 etiam
986 1558 1169 1583 contactum
1191 1554 1257 1583 An-

185 1607 201 1624 »
222 1595 340 1636 gelicae
354 1594 490 1633 virtutis,
500 1594 556 1635 qui
572 1604 606 1624 se
622 1594 715 1625 habet
729 1605 785 1635 per
799 1595 935 1626 modum
952 1596 1145 1636 operationis
1161 1604 1193 1628 et
1201 1608 1259 1638 per

184 1652 200 1668 ι
222 1641 360 1671 modum
384 1645 472 1670 actus
495 1638 641 1669 secundi:
661 1649 690 1669 v.
705 1649 735 1679 g.
755 1639 831 1680 quia
852 1640 994 1680 Angelus
1011 1642 1178 1681 praesidet
1199 1642 1258 1672 tali

185 1696 200 1712 ³
223 1685 304 1722 loco,
320 1685 396 1724 quia
420 1683 567 1720 custodit,
592 1684 668 1723 quia
693 1685 833 1714 continet
855 1689 886 1715 et
908 1684 1070 1726 defendi&
1086 1686 1124 1716 'ut
1142 1685 1168 1716 si
1183 1697 1213 1717 v.
1225 1696 1254 1726 g.

184 1741 200 1756 ι
222 1729 375 1760 detineret
389 1727 529 1768 lapidem
543 1727 576 1757 in
587 1727 727 1767 sublimi,
745 1728 899 1759 diceretur
914 1739 981 1759 esse
997 1729 1030 1759 in
1045 1729 1150 1770 lapide
1166 1737 1197 1761 et
1211 1737 1256 1761 ta-

184 1785 200 1801 »
223 1783 298 1804 men
314 1773 437 1804 nullam
460 1771 673 1803 mutationem
689 1772 806 1803 realem
821 1780 975 1804 exerceret
988 1773 1068 1804 circa
1082 1774 1252 1814 lapidem.»

182 1818 250 1848 Has
273 1827 333 1858 ego
359 1817 529 1847 doctorum
545 1816 715 1856 opiniones
737 1816 771 1846 in
789 1817 897 1847 medio
916 1817 1073 1859 relinquo,
1094 1818 1256 1859 Colligen-

182 1862 263 1893 dum
271 1869 358 1892 vero:
374 1872 384 1892 1
392 1860 648 1901 .0perationem,
659 1870 758 1901 quam
773 1861 936 1892 constituit
946 1862 1090 1893 Thomas
1101 1863 1256 1894 rationem

180 1906 362 1947 proximam
389 1911 426 1936 ut
447 1904 562 1944 Angeli
585 1903 775 1935 definiantur
796 1905 888 1944 loco,
912 1906 1059 1937 latiorem
1086 1917 1153 1938 esse
1183 1918 1256 1938 mu-

180 1950 300 1982 tatione
324 1950 488 1980 dumtaxat
509 1949 615 1986 locali,
639 1959 737 1990 quam
753 1949 892 1980 thesium
907 1950 1129 1982 damnatarum
1153 1952 1255 1983 adser-

180 2001 265 2029 tores
281 2004 380 2026 unam
396 1993 577 2024 enunciant.
594 1992 837 2033 colligendum:
860 2004 889 2026 2.
906 1995 1003 2026 Haud
1019 1996 1148 2036 Angelis
1164 2004 1255 2037 pote-

180 2046 294 2071 statem
316 2039 419 2070 inesse
442 2044 477 2069 ut
500 2037 563 2068 sint
592 2037 712 2079 ubique
739 2039 790 2069 vel
813 2049 846 2069 se
876 2039 916 2070 ad
940 2040 1050 2071 omnia
1077 2041 1177 2081 spatia
1200 2049 1256 2072 aut

178 2084 252 2115 loca
279 2083 390 2115 sistant
418 2089 613 2123 praesentes:
642 2089 809 2122 propterea
838 2083 927 2124 quod
958 2094 1071 2115 eorum
1099 2086 1254 2126 operatio,

179 2138 279 2170 quam
307 2128 492 2158 virtualiter
518 2132 737 2158 transeuntem
765 2135 896 2166 vocant,
928 2128 993 2159 sive
1016 2139 1098 2170 quae
1127 2137 1255 2161 motum

179 2179 236 2204 aut
258 2172 470 2203 mutationem
498 2170 609 2209 infert,
633 2171 698 2202 sive
726 2181 808 2212 quae
830 2173 863 2203 in
887 2173 999 2204 actuali
1029 2174 1253 2214 praesidentia,

180 2217 335 2254 custodia,
355 2216 550 2253 defensione,
569 2215 751 2246 detentione
770 2224 825 2247 aut
843 2217 938 2247 simili
957 2218 1134 2259 quoppiam
1153 2220 1253 2250 modo

179 2261 338 2299 consistit,
361 2260 478 2292 limites
500 2259 594 2291 habet
617 2260 698 2290 intra
720 2268 837 2291 certam
856 2272 892 2292 ac
915 2261 1077 2296 definitam
1096 2264 1253 2304 quodam-

178 2306 280 2339 modo
303 2305 481 2345 sphaeram.
505 2304 590 2335 Hinc
613 2304 744 2335 fortasse
772 2306 939 2336 reiicienda
967 2307 1102 2338 omnino
1129 2308 1254 2339 videtur

178 2350 422 2388 nonnullorum,
441 2348 496 2390 qui
513 2348 687 2380 Cartesiani
706 2350 850 2388 audiunt,
870 2351 1015 2391 opinatio
1037 2362 1120 2393 quae
1146 2353 1254 2384 statuit

177 2395 319 2434 Angelos
342 2394 416 2425 loco
438 2393 490 2424 vel
507 2393 610 2434 spatio
634 2393 703 2424 sola
725 2404 839 2426 eorum
857 2397 1053 2436 cogitatione
1073 2396 1139 2427 sisti
1162 2407 1252 2437 prae-

179 2446 282 2471 sentes
305 2445 336 2470 et
358 2439 477 2469 adesse.

249 2484 277 2514 5.
297 2483 401 2514 Verba
419 2488 495 2513 sunt
510 2481 573 2518 divi
589 2481 737 2512 Thomae
752 2482 785 2512 in
801 2483 829 2519 1,
846 2483 916 2514 dist.
931 2494 1046 2523 xxxyn,
1065 2492 1185 2525 quaest.
1205 2495 1252 2524 111,

177 2533 234 2559 art.
265 2538 274 2557 1
304 2527 344 2558 ad
367 2534 403 2566 4:
428 2527 502 2557 Non
521 2531 635 2566 reputo
654 2527 891 2566 inconveniens,
911 2529 997 2568 quod
1013 2529 1161 2570 Angelus
1182 2531 1253 2560 sine

178 2572 248 2603 loco
265 2572 368 2612 possit
390 2580 459 2602 esse
481 2575 512 2600 et
535 2580 599 2601 non
623 2571 655 2600 in
681 2571 750 2602 loco
773 2569 852 2612 (leg.
877 2577 908 2602 et
924 2574 1028 2612 possit
1047 2583 1110 2603 non
1131 2583 1199 2604 esse
1218 2575 1251 2605 in

178 2616 276 2658 loco),
300 2615 430 2656 quando
454 2615 577 2645 nullam
597 2616 813 2655 operationem
833 2617 920 2647 circa
937 2617 1040 2648 locum
1060 2618 1162 2649 habet.
1182 2619 1252 2650 Nec

177 2665 225 2692 est
247 2661 474 2691 inconveniens
497 2664 532 2689 ut
555 2664 633 2690 tunc
656 2669 814 2700 nusquam
846 2661 896 2691 vel
924 2662 956 2692 in
977 2662 1067 2692 nullo
1090 2663 1160 2693 loco
1183 2673 1252 2694 esse

176 2705 322 2736 dicatur:
342 2705 427 2735 sicut
449 2705 544 2734 etiam
569 2713 632 2734 non
657 2709 704 2735 est
727 2705 953 2736 inconveniens
977 2706 1063 2746 quod
1088 2707 1177 2737 nullo
1201 2718 1251 2738 co-

176 2749 247 2781 lore
269 2749 433 2780 coloratus
450 2748 589 2779 dicatur.
609 2748 673 2779 Sed
690 2749 750 2780 hoc
772 2754 879 2780 tamen
899 2760 963 2780 non
978 2756 1026 2781 est
1044 2752 1252 2792 imaginabile

177 2791 248 2836 (seu
272 2799 398 2824 nostrae
424 2792 660 2832 imaginationis
688 2793 755 2823 vim
778 2792 927 2836 excedit);
955 2796 1031 2835 quia
1059 2796 1251 2837 imaginatio

177 2839 364 2869 continuum
393 2835 439 2879 (et
466 2835 638 2879 sensibilia)
668 2847 731 2867 non
761 2839 946 2869 trascendit.
971 2839 1038 2870 Cur
1062 2840 1147 2870 enim
1176 2841 1250 2871 loco

179 2889 210 2912 et
225 2882 340 2922 spatio,
357 2891 439 2922 quae
454 2882 494 2912 ad
510 2888 636 2912 extensa
655 2891 790 2922 corpora
805 2883 972 2922 pertinent,
989 2884 1119 2914 obnoxii
1136 2884 1252 2915 fuerint

179 2925 306 2965 Angeli,
329 2926 385 2966 qui
406 2935 540 2965 corpore
563 2932 595 2956 et
617 2925 758 2966 partibus
787 2933 819 2957 et
841 2927 1078 2958 conditionibus
1106 2929 1251 2959 materia-

180 2969 264 3000 libus
287 2967 411 3000 carent?
429 2970 590 3009 Angelum
612 2970 692 3000 velle
712 2971 889 3001 obnoxium
911 2971 996 3010 loco,
1016 2972 1146 3012 perinde
1171 2973 1252 3004 foret

180 3023 216 3044 ac
246 3013 353 3053 ipsum
383 3013 492 3053 aliquo
521 3013 602 3043 velle
631 3014 739 3044 colore
768 3015 956 3046 coloratum.
989 3016 1087 3054 Quod
1118 3017 1143 3048 si
1175 3027 1251 3057 ergo

181 3058 304 3088 nullam
328 3058 544 3097 operationem
568 3058 656 3088 circa
680 3058 783 3089 locum
807 3059 943 3090 habeant
965 3061 1096 3100 Angeli,
1124 3061 1250 3092 miratio

180 3102 292 3132 subeat
315 3101 418 3138 nulla,
436 3102 465 3132 si
483 3111 640 3141 nusquam
668 3103 719 3132 vel
741 3104 773 3133 in
798 3104 888 3134 nullo
911 3114 979 3135 esse
997 3105 1066 3136 loco
1087 3106 1248 3136 dicantur.

179 3149 231 3177 An
255 3155 330 3185 ergo
353 3145 427 3176 inde
450 3146 612 3185 exsculpas
642 3156 705 3176 non
730 3156 784 3178 eos
811 3149 843 3178 in
868 3149 1019 3179 universo
1042 3150 1178 3180 claudi?
1201 3151 1250 3180 ln-

179 3200 294 3221 sanum
313 3190 543 3220 consectarium
561 3196 608 3220 est
629 3190 718 3230 quod
740 3190 774 3221 in
789 3192 922 3222 articulo
942 3193 1092 3224 damnato
1111 3194 1249 3224 elicitur:

179 3245 198 3265 a
221 3244 287 3275 quo
318 3234 414 3273 longe
436 3233 583 3264 abhorret
612 3241 739 3265 sanctus
762 3235 916 3267 Thomas.
949 3237 1073 3268 Annuit
1101 3238 1154 3268 ille
1183 3248 1250 3268 non

180 3285 347 3319 operantes
366 3278 506 3316 Angelos
525 3287 592 3307 non
611 3278 714 3308 claudi
737 3279 885 3310 universo
908 3281 958 3311 vel
983 3281 1089 3322 aliqua
1113 3282 1248 3312 universi

178 3330 278 3363 parte,
301 3330 455 3362 tanquam
476 3321 566 3352 loco:
591 3322 750 3362 simulque
774 3323 866 3354 docet
888 3325 993 3355 claudi
1014 3325 1173 3363 universo,
1193 3336 1248 3356 seu

179 3368 219 3398 ad
248 3367 432 3397 universum
460 3366 614 3406 pertinere
642 3372 795 3407 tanquam
824 3375 944 3408 partes,
975 3379 1058 3409 quae
1085 3379 1160 3399 curn
1188 3370 1250 3400 sint

180 3411 333 3452 spiritales
353 3418 383 3441 et
402 3410 597 3447 inextensae,
613 3409 677 3440 loci
702 3411 819 3441 extensi
843 3412 1025 3442 necessitate
1048 3423 1084 3443 ac
1106 3413 1175 3451 lege
1196 3414 1249 3443 de-

179 3456 255 3486 bent
269 3465 335 3486 esse
358 3455 528 3485 immunes.
544 3455 665 3485 Verum
681 3455 805 3485 tametsi
828 3455 964 3496 denique
984 3457 1064 3486 nihil
1080 3457 1250 3496 prohibeat

178 3500 323 3540 Angelos
351 3509 413 3530 non
444 3509 513 3529 esse
540 3500 572 3529 in
597 3499 666 3529 loco
692 3500 721 3530 si
744 3499 904 3530 voluerint
936 3497 1051 3541 (verba
1079 3507 1153 3530 sunt
1182 3501 1248 3531 Do-

181 3544 275 3574 ctoris
289 3543 432 3583 Angelici
449 3550 569 3583 quaest.
586 3553 619 3573 m
636 3543 684 3574 De
703 3550 836 3583 potent„
853 3550 908 3574 art.
919 3553 969 3573 xix
985 3544 1025 3574 ad
1045 3542 1098 3585 2):
1122 3554 1250 3584 semper

179 3594 286 3618 tamen
309 3594 385 3619 sunt
408 3589 440 3618 in
466 3588 534 3618 loco
551 3593 688 3627 propter
710 3587 866 3624 ordinem,
891 3598 954 3628 quo
977 3593 1128 3619 creatura
1153 3590 1249 3628 spiri-

179 3632 254 3663 talis
270 3632 437 3672 praesidet
459 3632 621 3672 corporali
649 3632 824 3663 secundum
846 3633 1064 3673 Augustinum
1089 3632 1170 3663 libro
1193 3633 1254 3663 III

322 3692 393 3725 Opp.
411 3693 444 3717 D.
462 3693 577 3717 Tuom
595 3692 627 3717 T.
642 3693 660 3717 1.

2238 298 2389 326 CCLXXXI

1316 355 1368 385 De
1396 357 1569 395 Trinitate,
1595 360 1699 398 capite
1726 370 1766 390 rv.
1791 361 1879 391 Haec
1909 367 1983 391 sunt
2005 361 2151 393 innoxiae
2174 364 2389 397 Thomisticae

1319 399 1478 431 doctrinae
1503 402 1662 441 dogmata.

1386 445 1416 474 6.
1441 445 1686 486 Theologorum
1710 448 1852 489 plerique
1871 449 1951 479 illud
1975 450 2069 480 etiam
2088 450 2121 481 in
2140 451 2295 483 damnatis
2318 455 2389 485 arti-

1319 488 1396 517 culis
1416 489 1549 528 dignum
1567 492 1810 530 reprehensione
1830 493 2017 532 existimant,
2037 496 2126 535 quod
2144 495 2176 525 in
2196 496 2314 528 eisdem
2331 499 2388 529 du-

1317 531 1407 571 plicis
1418 533 1616 572 Angelorum
1632 536 1694 566 loci
1710 538 1927 576 praetermissa
1943 546 1998 569 aut
2016 539 2129 570 reiecta
2145 540 2234 571 notio
2251 542 2388 573 videtur:

1317 575 1445 606 alterius
1468 580 1701 617 connaturalis,
1722 581 1762 610 ad
1785 591 1882 621 quem
1906 592 1961 622 per
1980 584 2198 623 operationem
2221 595 2280 625 pro
2299 587 2388 617 liberi

1317 620 1434 650 arbitrii
1465 628 1545 652 nutu
1577 633 1643 653 sese
1674 625 1831 664 adplicant
1861 636 1896 656 ac
1920 626 2034 658 sistunt
2057 635 2235 668 praesentes
2258 631 2389 670 Angeli;

1317 671 1348 695 et
1371 665 1502 695 violenti
1524 666 1661 705 alterius,
1686 669 1736 698 cui
1761 670 1962 709 possibilibus
1987 672 2109 702 divinae
2137 674 2388 714 omnipotentiae

1317 708 1422 739 modis
1456 709 1623 749 alligantur
1658 712 1829 743 daemones
1867 715 2070 757 damnatique
2098 717 2235 757 spiritus.
2269 719 2303 748 ln
2331 719 2387 749 illo

1317 753 1562 784 fundamentum
1590 755 1699 786 localis
1729 758 1920 796 praesentiae
1944 766 1990 790 est
2012 761 2169 800 operatio:
2198 762 2230 792 in
2254 762 2315 793 isto
2343 763 2388 793 vi-

1317 797 1409 828 detur
1431 797 1553 837 passio,
1573 809 1671 839 quam
1690 800 1813 831 silentio
1834 810 1983 841 premunt
2011 811 2065 835 aut
2083 805 2229 836 reiectam
2248 807 2389 838 indicant

1316 842 1542 872 damnatorum
1565 843 1770 874 articulorum
1793 853 1936 876 auctores

1384 897 1416 928 7.
1441 886 1634 918 Commenta
1657 888 1721 918 iam
1750 889 1840 928 plura
1869 890 2088 931 innotescunt,
2117 893 2150 923 in
2179 904 2215 924 ea
2242 894 2384 934 philoso-

1316 930 1458 971 phorum
1476 941 1532 961 seu
1552 931 1779 971 theologorum
1799 935 2009 965 controversia
2021 959 2029 973 ,
2049 947 2130 977 quae
2150 938 2188 968 de
2205 938 2298 969 locali
2319 942 2384 970 An-

1316 975 1463 1015 gelorum
1490 976 1665 1015 praesentia
1694 977 1802 1015 agitari
1831 978 1926 1016 solet,
1956 980 1994 1009 ab
2023 980 2174 1021 imperitis
2202 983 2387 1014 hominibus

1317 1019 1501 1059 excogitata,
1518 1030 1536 1050 a
1552 1027 1661 1050 sancto
1681 1021 1810 1051 Thoma
1830 1023 1981 1053 convulsa
2000 1034 2034 1054 ac
2054 1025 2234 1056 Parisiensis
2255 1028 2387 1058 demum

1317 1074 1466 1094 censurae
1495 1064 1620 1095 decreto
1650 1065 1808 1095 damnata.
1834 1066 1928 1096 Hisce
1958 1067 2040 1098 vitiis
2070 1069 2241 1108 immunis,
2273 1072 2387 1102 cortice

1316 1115 1427 1146 tenus,
1450 1108 1575 1139 videtur
1593 1109 1744 1139 articulus
1768 1117 1850 1140 ccxv:
1880 1111 1973 1147 Quod
1995 1113 2191 1144 substantiae
2217 1122 2387 1155 separatae

1315 1158 1391 1184 sunt
1413 1153 1532 1184 alicubi
1548 1163 1612 1194 per
1634 1155 1851 1194 operationem
1876 1160 1906 1184 et
1924 1156 2009 1195 quod
2028 1167 2089 1187 non
2108 1165 2244 1197 possunt
2266 1162 2387 1191 moveri

1315 1197 1356 1228 ab
1379 1203 1523 1228 extremo
1538 1198 1570 1228 in
1587 1203 1766 1228 extremum
1791 1208 1850 1229 nec
1865 1200 1897 1229 in
1914 1200 2063 1238 medium,
2082 1203 2144 1232 nisi
2157 1204 2231 1242 quia
2249 1210 2387 1243 possunt

1316 1242 1397 1272 velle
1421 1243 1552 1282 operari
1569 1247 1628 1273 aut
1649 1244 1681 1272 in
1705 1242 1809 1273 medio
1833 1248 1890 1273 aut
1910 1244 1941 1274 in
1962 1246 2122 1276 extremis.
2143 1246 2208 1276 Sub
2228 1257 2304 1278 sano
2324 1249 2384 1279 uti-

1315 1296 1378 1326 que
1395 1286 1510 1317 cortice
1529 1287 1625 1317 caries
1644 1294 1675 1317 et
1689 1287 1825 1327 putredo
1845 1287 1929 1318 latet.
1947 1288 2053 1318 Unam
2071 1289 2186 1320 scilicet
2213 1291 2386 1323 adsertores

1315 1330 1437 1361 articuli
1460 1332 1677 1371 operationem
1701 1331 1927 1371 intelligebant,
1948 1342 2030 1373 quae
2048 1339 2165 1364 motum
2186 1335 2316 1366 localem
2336 1337 2383 1367 in-

1315 1374 1374 1406 fert
1396 1382 1432 1406 ut
1455 1375 1600 1416 superius
1623 1386 1703 1406 num
1726 1385 1748 1415 4
1772 1376 2009 1407 adnotavimus:
2033 1378 2083 1408 vel
2106 1378 2148 1408 ita
2177 1379 2250 1409 loco
2278 1381 2386 1411 adesse

1314 1419 1476 1459 Angelum
1492 1426 1679 1460 operantem
1697 1420 1942 1459 constituebant,
1959 1428 1994 1452 ut
2009 1423 2151 1462 operatio
2167 1423 2296 1463 quidem
2312 1425 2384 1456 loco

1315 1463 1444 1495 definita
1458 1464 1549 1502 foret,
1564 1465 1638 1495 loco
1653 1471 1759 1495 tamen
1774 1475 1904 1505 prorsus
1918 1465 2071 1496 immunis
2083 1467 2196 1506 Angeli
2209 1469 2386 1500 substantia

1315 1508 1492 1548 persisteret
1515 1515 1546 1540 et
1569 1519 1726 1550 nusquam
1751 1515 1848 1547 esset,
1879 1517 1915 1540 ut
1942 1520 2032 1541 num.
2060 1511 2076 1541 3
2102 1512 2302 1542 observatum
2330 1520 2385 1544 est.

1315 1553 1407 1590 Quae
1435 1563 1510 1584 cum
1538 1553 1580 1584 ita
1611 1564 1644 1584 se
1672 1554 1825 1592 habeant,
1856 1554 1955 1584 nimia
1985 1561 2067 1585 certe
2097 1555 2286 1586 confidentia
2315 1557 2386 1587 illos

1315 1597 1414 1637 egisse
1437 1604 1561 1629 constat
1583 1598 1639 1639 qui
1658 1598 1865 1629 Parisiensem
1884 1598 2034 1639 Stephani
2053 1599 2205 1640 Tempier
2223 1610 2387 1632 censuram

1315 1642 1496 1680 adhibuere,
1517 1649 1552 1673 ut
1570 1642 1604 1672 in
1621 1642 1775 1673 invidiam
1798 1642 1927 1674 innoxia
1945 1644 2102 1684 quaedam
2126 1644 2303 1684 theologica
2332 1652 2389 1676 aut

1314 1686 1537 1727 philosophica
1565 1687 1604 1717 ab
1633 1687 1792 1728 Aquinate
1820 1687 1932 1718 tradita
1961 1688 2153 1719 documenta
2180 1689 2386 1720 traducerent.

1314 1730 1474 1761 Steterunt
1501 1731 1534 1761 in
1562 1741 1712 1762 censurae
1742 1731 1874 1770 cortice,
1902 1742 2001 1773 pravo
2030 1732 2184 1773 penitiore
2214 1743 2307 1764 sensu
2331 1744 2387 1765 ne-

1313 1774 1417 1815 glecto
1441 1775 1491 1806 vel
1515 1782 1616 1806 astute
1640 1776 1871 1816 praetermisso.

1381 1819 1434 1850 111.
1454 1819 1543 1857 Quid
1561 1830 1637 1850 vero
1656 1826 1723 1850 tam
1740 1820 1899 1860 integrum
1918 1820 2012 1851 fuerit
2031 1827 2061 1851 et
2079 1821 2246 1851 innoxium
2265 1829 2295 1852 et
2313 1832 2386 1853 can-

1314 1863 1437 1901 didum,
1461 1863 1494 1894 in
1518 1874 1584 1904 quo
1603 1864 1720 1895 lividus
1740 1865 1853 1895 oculus
1876 1864 1966 1903 vitia,
1993 1875 2110 1895 naevos
2134 1866 2303 1907 sordesque
2319 1877 2386 1897 non

1312 1906 1436 1939 videat?
1449 1908 1652 1939 Praeiudiciis
1666 1916 1839 1949 occupatae
1853 1909 1968 1940 mentis
1983 1909 2222 1940 allucinationes
2236 1911 2386 1942 hactenus

1313 1962 1379 1983 non
1398 1962 1516 1993 paucas
1535 1953 1830 1984 animadvertimus:
1847 1954 1902 1984 sed
1921 1953 1982 1984 alia
1998 1961 2122 1994 praesto
2140 1961 2214 1985 sunt
2232 1956 2384 1996 exempla.

1368 2023 1415 2053 Ex
1439 2033 1571 2054 censura
1593 2023 1770 2054 Parisiensi.

1356 2140 1456 2161 cxxiv.
1485 2130 1581 2167 Quod
1597 2131 1824 2162 inconveniens

1311 2180 1358 2205 est
1369 2184 1494 2215 ponere
1507 2175 1632 2215 aliquos
1647 2176 1827 2206 intellectus

1311 2220 1483 2250 nobiliores
1492 2219 1584 2250 aliis:
1593 2221 1669 2260 quia
1680 2230 1751 2250 cum
1763 2221 1823 2251 ista

1309 2264 1480 2294 diversitas
1503 2273 1566 2294 non
1585 2265 1689 2304 possit
1711 2274 1779 2295 esse
1801 2274 1822 2294 a

1302 2313 1401 2348 parte
1411 2318 1593 2348 corporum,
1608 2314 1731 2348 oportet
1740 2309 1826 2349 quod

1307 2354 1349 2383 sit
1366 2363 1387 2383 a
1401 2358 1499 2393 parte
1522 2353 1825 2393 intelligentiarum;

1309 2402 1340 2427 et
1352 2398 1400 2427 sic
1413 2398 1542 2427 animae
1557 2397 1677 2428 nobiles
1691 2403 1721 2428 et
1731 2398 1822 2438 igno-

1309 2441 1386 2472 biles
1402 2447 1507 2472 essent
1523 2443 1703 2472 necessario
1719 2442 1823 2473 diver-

1308 2495 1419 2516 sarum
1443 2487 1639 2526 specierum,
1668 2487 1751 2517 sicut
1773 2488 1822 2517 in-

1309 2531 1516 2571 telligentiae.
1537 2544 1550 2559 «
1563 2531 1675 2561 Error:
1691 2531 1766 2572 quia
1780 2531 1824 2562 sic

1309 2574 1414 2605 anima
1433 2574 1550 2606 Christi
1573 2585 1640 2606 non
1662 2582 1742 2606 esset
1764 2586 1822 2606 no-

1308 2619 1402 2649 bilior
1424 2619 1531 2650 anima
1554 2619 1660 2651 ludae.
1678 2632 1693 2647 ›

1349 3114 1502 3135 ctxxxvn.
1531 3105 1626 3142 Quod
1641 3114 1699 3135 nos
1720 3106 1815 3145 peius

1304 3154 1363 3179 aut
1377 3150 1492 3179 melius
1513 3150 1737 3189 intelligimus,
1759 3150 1819 3179 hoc

1297 3194 1450 3233 provenit
1459 3193 1499 3223 ab
1510 3194 1670 3224 intellectu
1674 3194 1814 3233 passivo.

1307 3251 1321 3265 ι
1340 3237 1447 3273 Quem
1470 3237 1545 3267 dicit
1560 3247 1627 3267 esse
1642 3237 1818 3277 potentiam

1303 3281 1495 3311 sensitivam.
1520 3281 1629 3311 Error:
1659 3281 1734 3321 quia
1756 3282 1818 3311 hoc

1303 3325 1395 3364 ponit
1426 3335 1529 3354 unum
1558 3325 1753 3356 intellectum
1783 3325 1815 3355 in

1304 3368 1454 3398 omnibus
1471 3375 1525 3398 aut
1539 3369 1761 3409 aequalitatem
1783 3369 1816 3398 in

1303 3412 1453 3442 omnibus
1476 3412 1651 3442 animabus.
1672 3424 1686 3439 >

1874 2024 1922 2054 Ex
1941 2034 1965 2054 S.
1983 2024 2112 2054 Thoma
2131 2034 2162 2064 p.
2183 2024 2207 2063 1,
2227 2035 2257 2065 q.
2275 2035 2385 2064 mxxv,

2060 2075 2116 2099 art.
2140 2078 2192 2098 vn.

1903 2131 2083 2162 Dicendum
2094 2132 2210 2171 quod...
2224 2142 2308 2163 unus
2318 2134 2384 2164 alio

1865 2181 1973 2215 potest
2000 2176 2142 2206 eamdem
2173 2186 2240 2207 rem
2272 2178 2385 2208 melius

1870 2221 2063 2260 intelligere,
2085 2221 2161 2260 quia
2181 2227 2227 2251 est
2242 2223 2384 2252 melioris

1869 2265 1998 2295 virtutis
2012 2266 2044 2294 in
2058 2265 2298 2305 intelligendo...
2309 2266 2384 2297 Hoc

1869 2314 1976 2339 autem
1993 2310 2080 2340 circa
2100 2310 2292 2340 intellectum
2310 2321 2383 2341 con-

1869 2354 1967 2394 tingit
1994 2353 2172 2393 dupliciter.
2210 2354 2281 2384 Uno
2313 2356 2381 2395 qui—

1868 2397 1938 2428 dem
1947 2398 2039 2428 modo
2047 2403 2185 2437 exparte
2192 2399 2380 2436 intellectus,

1869 2443 1925 2482 qui
1954 2447 2001 2472 est
2025 2442 2212 2482 perfectior.
2239 2443 2381 2483 Alanife-

1867 2491 1952 2518 stum
1977 2491 2023 2517 est
2046 2487 2129 2517 enim
2153 2487 2238 2526 quod
2260 2493 2380 2527 quanto

1870 2540 1986 2571 corpus
2001 2536 2047 2561 est
2057 2531 2170 2561 melius
2183 2531 2379 2571 dispositum,

1869 2581 1958 2606 tanto
1975 2576 2137 2605 meliorem
2153 2577 2288 2605 sortitur
2310 2577 2380 2605 ani-

1868 2628 1971 2650 mam:
1993 2619 2078 2659 quod
2096 2619 2265 2659 manifeste
2283 2630 2380 2659 appa-

1867 2669 1917 2694 ret
1940 2665 1972 2693 in
1997 2665 2046 2694 his
2068 2673 2150 2703 quae
2172 2669 2248 2693 sunt
2265 2674 2377 2694 secun-

1868 2708 1944 2738 dum
1963 2709 2097 2748 speciem
2117 2708 2253 2737 diversa.
2280 2708 2380 2738 Cuius

1866 2753 1951 2782 ratio
1966 2757 2022 2789 est,
2034 2753 2109 2792 quia
2124 2757 2215 2781 actus
2228 2757 2258 2782 et
2261 2751 2377 2792 forma

1866 2797 2021 2836 recipitur
2043 2797 2075 2825 in
2104 2797 2238 2826 materia
2266 2805 2377 2826 secun-

1865 2840 1941 2871 dum
1972 2841 2127 2870 materiae
2152 2841 2378 2879 capacitatem:

1866 2885 1951 2914 unde
1965 2894 2035 2914 cum
2047 2885 2140 2914 etiam
2152 2885 2184 2913 in
2199 2884 2378 2914 hominibus

1864 2929 1992 2968 quidam
2017 2928 2154 2958 habeant
2179 2937 2294 2967 corpus
2313 2938 2376 2958 me-

1864 2974 1927 3003 lius
1958 2973 2163 3012 dispositum,
2195 2973 2377 3002 sortiuntur

1863 3018 2004 3047 animam
2029 3017 2161 3046 maioris
2191 3017 2318 3046 virtutis
2342 3017 2374 3046 in

1864 3060 2103 3100 intelligendo...
2114 3060 2187 3089 Alio
2198 3060 2290 3090 modo
2300 3070 2375 3090 con-

1861 3106 1956 3145 tingit
1979 3105 2038 3134 hoc
2060 3114 2102 3134 ex
2118 3109 2217 3143 parte
2239 3104 2374 3144 inferio-

1863 3159 1935 3178 rum
1961 3150 2124 3185 virtutum,
2148 3148 2262 3188 quibus
2285 3149 2375 3179 intel-

1863 3194 1963 3223 lectus
1987 3193 2110 3232 indiget
2127 3193 2170 3222 ad
2191 3194 2244 3222 sui
2262 3203 2374 3232 opera—

1863 3238 1998 3267 tionem:
2028 3237 2076 3266 illi
2099 3238 2181 3266 enim
2206 3238 2238 3266 in
2262 3237 2375 3277 quibus

1863 3282 1966 3311 virtus
1976 3282 2197 3321 imaginativa,
2210 3287 2239 3310 et
2253 3282 2374 3321 cogita-

1861 3326 1938 3362 tiva,
1948 3330 1976 3355 et
1987 3326 2194 3355 memorativa
2205 3330 2251 3354 est
2261 3325 2375 3356 melius

1861 3370 2024 3408 disposita,
2044 3374 2120 3398 sunt
2138 3369 2252 3398 melius
2269 3369 2373 3409 dispo-

1860 3414 1914 3443 siti
1936 3413 1980 3443 ad
2007 3412 2259 3453 intelligendum.

1628 3482 2045 3513 ANIMADVERSIONES.

1375 3554 1401 3574 1.
1426 3544 1537 3583 Pugna
1560 3550 1607 3574 est
1629 3544 1795 3574 manifesta
1812 3544 1959 3574 Thomae
1983 3544 2157 3575 doctrinam
2177 3545 2257 3575 inter
2275 3551 2307 3575 et
2324 3556 2372 3576 ar-

1303 3587 1438 3618 ticulum
1452 3598 1552 3618 cxxiv.
1583 3589 1618 3618 ln
1646 3588 1707 3618 isto
1737 3588 1834 3618 veluti
1865 3590 2089 3619 inconveniens
2114 3589 2267 3620 adseritur
2288 3591 2374 3630 quod

1303 3633 1406 3672 aliqui
1422 3637 1593 3672 ponantur
1615 3633 1794 3664 intellectus
1816 3633 1986 3664 nobiliores
2013 3634 2103 3664 aliis:
2125 3634 2272 3664 Thomae
2294 3644 2370 3665 vero

2195 3695 2228 3720 36
