2548 4192
171 269 299 295 CCLXVI

172 351 187 366 2
210 345 372 369 naturam:
398 338 453 368 sed
475 347 516 368 ne
539 337 789 378 disputationem
812 337 991 376 longiorem
1014 335 1244 375 ingrediamur,

171 395 187 410 w
209 382 301 413 libuit
317 382 393 413 haec
409 389 574 422 tamquam
589 381 744 422 apertiora
758 381 956 418 subnectere;
975 390 1011 410 ex
1026 379 1143 420 quibus
1158 380 1245 420 quis-

172 439 187 454 »
210 437 273 468 que
296 426 419 457 facilius
442 426 579 456 iudicare
606 426 707 466 possit
730 425 867 456 auctoris
891 424 1066 464 ingenium.
1098 424 1244 465 Denique

172 483 187 499 »
209 478 246 502 ut
261 471 301 501 de
317 471 378 501 isto
396 470 603 510 suspicemur,
628 470 700 500 facit
724 469 813 510 quod
836 469 898 498 hoc
917 468 1003 498 idem
1019 475 1245 507 argumentum

171 527 186 542 ›
210 526 247 546 ex
269 515 435 556 proposito
464 515 502 544 ab
527 514 642 544 eodem
664 513 823 554 Aquinate
852 512 1072 552 copiosissime
1095 519 1245 544 tractatur

171 572 186 587 »
208 560 242 590 in
265 559 432 599 Opusculo
455 559 507 589 De
529 563 601 588 ente
623 563 654 588 et
677 558 823 588 essentia.
838 568 853 584 »

236 604 274 635 11.
291 602 495 634 Barbavarius
512 602 627 642 pergit:
651 614 665 629 α
679 602 836 638 Quatuor,
847 610 929 641 quae
945 607 1124 641 sequuntur
1137 599 1242 642 (Opu-

171 661 186 676 »
209 646 309 690 scula)
333 648 384 677 De
399 647 554 687 potentiis
576 646 715 683 animae,
740 646 792 675 De
811 650 961 684 tempore,
986 645 1037 674 De
1049 644 1244 684 pluralitate

171 705 186 720 ι»
200 692 389 733 formarum
415 697 445 721 et
459 691 511 720 De
530 695 650 720 natura
669 690 948 730 syllogismorum,
974 699 992 719 a
1013 688 1087 719 divo
1103 688 1243 719 Doctore

170 749 185 763 2
208 735 346 766 subtrahi
371 735 445 765 citra
468 734 616 764 iniuriam
640 743 697 764 nec
721 739 867 774 possunt,
891 742 949 763 nec
973 733 1097 763 debent.
1112 745 1126 760 x
1155 733 1242 770 Qua-

166 780 335 820 lecumque
363 778 549 808 huiusmodi
573 777 815 817 Opusculorum
843 777 981 818 pretium
1011 777 1125 815 fuerit,
1156 777 1241 808 haud

167 823 269 854 ausim
293 833 352 863 ego
377 833 412 852 ea
431 822 583 863 Aquinati
607 822 796 861 adiudicare,
821 831 962 862 quorum
978 829 1121 852 veterum
1145 831 1241 852 nemo

166 867 292 908 uspiam
315 866 470 897 meminit.
502 866 636 907 Antiqui
663 866 758 897 etiam
789 866 913 897 codices
942 866 1177 904 desiderantur,
1208 866 1242 896 in

166 912 282 953 quibus
314 921 389 942 cum
419 912 547 942 nomine
580 911 719 941 Thomae
747 911 919 951 Aquinatis
949 917 1101 951 prostent.
1133 910 1240 942 Veluti

166 956 261 987 dubia
277 955 408 986 minutis
425 955 654 986 characteribus
670 955 781 986 excudi
798 955 911 986 eadem
925 955 1084 986 iusserunt
1101 955 1239 986 Romani

165 1000 308 1031 editores.

232 1045 283 1075 III.
309 1044 525 1085 Opusculum,
542 1044 632 1085 quod
647 1043 827 1075 inscribitur
849 1044 900 1075 De
916 1045 1012 1075 totius
1029 1044 1155 1085 logicae
1166 1044 1239 1074 Ari-

164 1089 286 1120 stotelis
307 1099 445 1126 summa,
470 1095 614 1119 veterum
637 1098 734 1119 nemo
757 1095 907 1119 recenset.
931 1088 1110 1119 Barbavarii
1130 1098 1239 1119 censu-

165 1143 233 1164 ram
249 1133 366 1164 refero:
395 1147 409 1162 «
423 1133 511 1164 Licet
525 1133 565 1164 sit
579 1133 637 1163 viri
655 1133 869 1174 undequaque
884 1133 1008 1171 eruditi,
1024 1133 1119 1163 habet
1133 1139 1238 1163 tamen

167 1190 182 1205 ³»
205 1178 322 1219 aliqua,
346 1184 476 1218 propter
499 1187 580 1218 quae
604 1177 791 1208 Thomistae
812 1178 845 1207 in
861 1177 1110 1208 controversiam
1125 1177 1238 1208 merito

166 1234 182 1249 >
204 1222 284 1253 illud
307 1228 464 1253 revocent.
491 1222 594 1259 Quale
617 1222 697 1252 illud
721 1228 783 1260 est,
807 1222 897 1263 quod
913 1222 1056 1253 doctrina
1070 1221 1125 1252 illa
1140 1222 1238 1252 Prae-

167 1278 182 1293 »
204 1266 388 1297 dicabilium
413 1272 443 1297 et
465 1266 804 1297 Praedicamentorum
834 1264 907 1308 (sex
943 1267 994 1296 vel
1024 1272 1146 1306 septem
1165 1273 1238 1296 ›tra-

166 1323 183 1337 »
205 1311 338 1342 ctatibus
354 1309 602 1353 comprehensa)
626 1317 692 1341 tota
712 1310 967 1351 metaphysicalis
983 1317 1030 1341 est
1046 1317 1076 1341 et
1091 1310 1131 1340 ad
1148 1310 1238 1340 novi-

166 1367 181 1382 »
204 1356 266 1386 tios
281 1355 473 1386 imbuendos
497 1355 631 1385 omnino
647 1355 784 1386 inutilis:
809 1365 906 1395 quare
923 1354 956 1384 in
973 1354 1238 1395 opportuniorem

166 1411 181 1425 ²
204 1400 314 1431 locum
337 1410 388 1430 eas
405 1399 671 1430 considerationes
684 1399 838 1440 Aquinas
859 1399 1023 1429 reiecisset.
1050 1399 1129 1430 Item
1149 1399 1238 1439 quod

166 1456 182 1471 ν
205 1444 306 1485 capite
321 1455 355 1475 111
377 1443 645 1474 Praedicabilium
670 1444 729 1474 ait:
754 1444 889 1474 Animas
911 1448 1080 1483 separatas
1103 1443 1137 1473 di
1165 1452 1238 1473 erre

167 1500 181 1515 »
205 1498 350 1527 numero,
369 1499 431 1519 non
450 1498 514 1529 per
529 1489 697 1518 materiam
714 1497 810 1528 quam
836 1497 899 1518 non
924 1487 1040 1518 habent
1056 1492 1087 1518 et
1103 1488 1156 1517 cui
1172 1496 1236 1517 non

167 1545 181 1559 »
204 1534 460 1574 coniunguntur,
486 1542 545 1563 nec
561 1542 624 1573 per
639 1533 827 1563 relationem
845 1532 889 1562 ad
904 1533 1074 1562 materiam
1094 1532 1147 1562 cui
1163 1541 1236 1562 con-

167 1589 181 1604 »
205 1578 376 1618 iungibiles
398 1583 493 1614 sunt,
525 1587 596 1607 cum
621 1577 735 1607 relatio
758 1577 801 1607 sit
822 1577 987 1617 posterior
1015 1577 1083 1616 ipso
1112 1576 1237 1606 relato:

166 1633 181 1648 ›
205 1631 279 1652 cum
302 1628 407 1652 tamen
432 1621 551 1662 ubique
575 1621 686 1651 doceat
705 1620 796 1651 divus
813 1621 957 1651 Thomas
977 1627 1008 1651 et
1026 1620 1163 1650 maxime
1185 1620 1237 1651 De

166 1678 182 1693 ›
204 1672 276 1697 ente
298 1671 329 1696 et
351 1667 487 1696 essentia
516 1665 617 1706 capite
640 1675 686 1702 vr,
716 1675 768 1695 eas
786 1665 976 1695 individuari
1000 1675 1056 1705 per
1079 1664 1236 1695 habitudi-

165 1722 181 1738 ι»
202 1720 279 1741 nem
302 1710 341 1741 ad
365 1720 491 1750 corpus,
516 1720 599 1750 quae
615 1709 768 1740 habitudo
793 1720 860 1740 non
885 1715 931 1740 est
946 1709 1067 1748 relatio,
1091 1709 1147 1739 sed
1163 1708 1235 1739 fun-

163 1766 178 1781 »
202 1755 388 1785 damentum
408 1754 576 1785 relationis.
596 1754 630 1784 In
647 1754 762 1784 eodem
786 1754 882 1785 etiam
905 1753 1006 1795 capite
1029 1753 1131 1794 ponit,
1151 1753 1236 1794 prin-

163 1810 180 1825 >
202 1799 323 1839 cipium
354 1798 614 1829 individuationis
648 1799 680 1828 in
713 1798 839 1839 formis
871 1808 940 1829 esse
965 1798 1236 1839 potentialitatem

163 1855 179 1870 ι»
201 1843 384 1884 quamdam,
410 1853 447 1874 ex
465 1853 530 1884 qua
552 1843 679 1882 habent,
697 1848 734 1874 ut
747 1844 813 1874 sint
829 1848 944 1883 partes
967 1843 1131 1883 compositi
1154 1849 1185 1873 et
1200 1849 1237 1874 ut

163 1899 178 1914 1·
201 1887 324 1928 possint
347 1887 435 1927 iungi
464 1887 630 1918 materiae:
662 1897 737 1918 cum
761 1894 867 1918 tamen
898 1898 922 1918 S.
939 1887 1083 1928 Aquinas
1113 1897 1238 1927 semper

163 1943 178 1958 ›
201 1931 313 1963 referat
335 1932 622 1963 individuationem
644 1932 678 1962 in
699 1932 865 1963 materiam
881 1932 1048 1972 signatam,
1072 1938 1237 1972 tamquam

164 1987 179 2002 ν
201 1976 235 2006 in
259 1976 396 2007 radicem
420 1984 450 2007 et
473 1976 638 2016 originem.
663 1977 698 2007 In
717 1976 874 2017 principio
897 1976 1236 2007 Praedicamentorum

165 2032 180 2047 »
202 2031 406 2062 nequaquam
429 2021 532 2061 placet
553 2021 607 2051 illa
629 2020 751 2052 locutio
775 2018 891 2063 (capite
915 2015 961 2063 1);
985 2021 1097 2058 Nunc,
1122 2020 1237 2062 inquit,

165 2078 180 2093 »
202 2066 371 2096 dicendum
396 2071 442 2096 est
464 2065 504 2096 de
522 2066 815 2096 Praedicamentis:
839 2071 869 2096 et
891 2066 967 2106 quia
990 2065 1237 2096 Praedicamen-

167 2122 181 2136 »
205 2115 271 2140 tum
288 2110 365 2141 dicit
381 2110 538 2150 quaedam
549 2110 774 2151 predicabilia,
792 2110 943 2140 ordinata
960 2111 992 2140 in
1009 2109 1123 2140 ordine
1138 2119 1238 2150 prae-

167 2166 183 2181 »
205 2154 422 2192 dicamentali,
447 2155 618 2185 videndum
638 2160 695 2192 est,
720 2160 796 2196 quot
815 2154 917 2185 modis
938 2154 1007 2195 fiat
1023 2154 1236 2194 praedicatio.

167 2210 182 2225 >
204 2199 316 2239 Neque
340 2198 431 2236 illud,
451 2199 540 2240 quod
563 2199 596 2229 in
620 2209 642 2229 11
658 2199 758 2239 capite
782 2199 1121 2230 Praedicamentorum
1147 2198 1239 2239 ponit

165 2255 180 2269 2·
204 2250 419 2284 conceptuum
449 2243 595 2274 ordinem
625 2243 802 2274 intellectus
833 2243 948 2281 talem;
980 2250 1016 2274 ut
1039 2244 1150 2284 primo
1181 2253 1238 2274 ens

165 2300 180 2315 »
203 2288 432 2328 apprehendat,
458 2288 571 2318 deinde
594 2297 651 2328 per
673 2288 818 2318 ordinem
842 2297 924 2329 quae
943 2294 1121 2329 sequuntur
1136 2287 1237 2328 magis

166 2346 181 2360 2>
203 2332 401 2370 universalia,
425 2332 604 2363 substantia
629 2332 785 2370 videlicet,
810 2331 926 2363 deinde
949 2341 1066 2372 corpus
1090 2338 1148 2363 etc.
1175 2331 1237 2363 Hic

165 2389 180 2404 a·
204 2376 290 2407 enim
313 2377 392 2407 ordo
416 2376 449 2406 in
473 2377 654 2417 cognitione
679 2377 812 2408 confusa
835 2387 952 2415 rerum,
977 2376 1016 2407 de
1037 2386 1100 2417 qua
1117 2386 1235 2407 sermo-

165 2434 181 2448 »
203 2430 278 2451 nem
293 2421 337 2451 ibi
352 2431 418 2451 esse
435 2427 567 2459 constat,
583 2421 690 2452 minus
707 2428 847 2452 servatur
862 2431 880 2451 a
895 2421 969 2451 divo
985 2420 1130 2452 Thoma:
1147 2421 1236 2462 quod

166 2478 183 2492 ›
205 2465 326 2505 optime
355 2472 444 2495 notat
467 2465 638 2496 Caietanus
666 2466 698 2496 in
722 2466 866 2506 quaesito
895 2465 935 2496 de
952 2466 1062 2505 primo
1085 2466 1236 2506 cognito;

166 2522 181 2537 ι
204 2515 326 2550 praeter
348 2509 409 2540 hoc
426 2510 515 2550 quod
533 2509 600 2550 ipsa
616 2510 805 2550 experientia
827 2517 977 2549 testatur,
1002 2520 1062 2540 nos
1078 2510 1166 2550 prius
1183 2520 1235 2541 co-

167 2566 182 2582 »
204 2563 354 2594 gnoscere
369 2554 458 2594 quod
472 2553 615 2584 Socrates
631 2554 670 2585 sit
685 2554 797 2592 homo,
813 2564 912 2595 quam
926 2554 1015 2595 quod
1029 2554 1068 2585 sit
1084 2554 1232 2585 animal.»

233 2598 285 2629 lv.
310 2598 460 2639 Sequitur
483 2598 660 2629 Barbavarii
686 2605 836 2629 censura:
871 2599 1057 2636 ‹Quatuor,
1081 2608 1164 2639 quae
1188 2609 1234 2630 se-

167 2655 183 2670 »
204 2649 348 2683 quuntur
371 2642 550 2682 opuscula,
567 2643 618 2674 De
633 2652 728 2674 sensu
745 2648 890 2683 respectu
906 2643 1125 2683 singularium
1143 2648 1174 2674 et
1188 2644 1234 2673 in-

167 2700 184 2715 »
205 2687 332 2718 tellecta
349 2692 494 2727 respectu
519 2688 763 2725 universalium,
787 2687 838 2718 De
861 2688 1043 2718 inventione
1058 2687 1164 2725 medii,
1184 2687 1236 2718 De

166 2744 183 2759 ι
205 2737 325 2762 natura
349 2732 480 2762 luminis
503 2737 533 2762 et
555 2732 606 2762 De
627 2737 747 2763 natura
771 2732 843 2770 loci,
862 2741 950 2761 veras
974 2731 1120 2762 adferunt
1143 2738 1235 2762 notas

166 2788 180 2803 »
203 2775 421 2806 Thomisticae
438 2775 637 2816 disciplinae:
661 2786 766 2817 neque
786 2776 866 2806 adeo
883 2775 921 2806 de
944 2775 1006 2805 illis
1022 2776 1108 2816 apud
1124 2785 1235 2816 quem-

167 2832 182 2847 »
204 2820 302 2860 piam,
310 2820 399 2861 quod
416 2820 524 2858 sciam,
535 2821 726 2852 dubitatur.»
744 2820 850 2851 Dubia
865 2819 919 2850 illa
933 2825 1040 2850 tamen
1058 2819 1236 2851 habuerunt

164 2865 299 2895 editores
309 2864 458 2902 Romani,
469 2865 525 2906 qui
542 2865 668 2896 minuto
680 2865 855 2896 charactere
865 2864 1048 2895 excudenda
1060 2864 1234 2895 iusserunt:

164 2909 339 2950 eademque
363 2909 487 2940 silentio
515 2909 734 2949 praetermissa
762 2916 836 2940 sunt
859 2909 946 2949 apud
968 2915 1087 2939 veteres
1111 2918 1233 2939 omnes.

230 2954 269 2984 V.
295 2953 383 2984 Idem
405 2954 580 2984 Barbavara
596 2960 717 2984 censet:
746 2966 761 2982 «
774 2953 980 2994 Opusculum
1002 2953 1054 2984 De
1073 2953 1235 2984 intellectu

166 3010 181 3025 »
204 3003 235 3028 et
257 2998 452 3039 intelligibili
467 2997 682 3038 fragmentum
697 2998 863 3039 quoddam
882 3007 948 3028 esse
972 3007 1007 3028 ac
1031 3007 1152 3028 meram
1171 2998 1235 3028 col-

166 3054 182 3069 »
204 3042 373 3073 lectionem
402 3052 535 3080 eorum,
566 3053 648 3084 quae
677 3042 769 3073 divus
793 3042 938 3073 Thomas
966 3041 1040 3072 alibi
1069 3040 1121 3085 (in
1145 3041 1235 3082 Opu-

166 3098 180 3112 »
204 3087 293 3117 sculo
307 3085 399 3128 XIV)
416 3087 467 3117 De
483 3087 578 3118 verbo
597 3087 747 3118 edisserit.
773 3087 879 3124 Quare
901 3084 1042 3129 (inquit)
1063 3086 1127 3117 sive
1146 3086 1236 3117 locus

167 3142 181 3157 »
204 3130 250 3160 illi
273 3130 364 3161 detur
386 3131 467 3162 inter
489 3141 638 3171 germana
662 3131 805 3162 eiusdem
829 3131 943 3172 scripta
966 3130 1031 3161 sive
1054 3131 1137 3162 inter
1160 3140 1236 3171 apo-

167 3186 182 3201 »
205 3174 323 3215 crypha
354 3175 528 3214 reiiciatur;
562 3185 666 3216 neque
689 3175 831 3214 auctori,
864 3185 968 3217 neque
999 3175 1088 3216 operi
1114 3175 1178 3206 ulla
1201 3175 1237 3206 fit

166 3230 181 3245 2·
203 3218 328 3250 iniuria.
342 3231 356 3246 ›
384 3219 536 3250 Veterum
551 3229 646 3250 nemo
663 3220 731 3251 eius
747 3220 902 3251 meminit.
926 3233 941 3248 ‹
954 3219 1170 3260 Opusculum,
1186 3220 1237 3250 De

167 3275 182 3290 >
204 3273 267 3304 quo
290 3268 338 3294 est
360 3269 391 3294 et
413 3264 498 3304 quod
520 3269 582 3302 est,
607 3264 727 3304 indiget
750 3264 858 3304 potius
886 3262 1083 3307 (correctore
1107 3271 1138 3295 et
1160 3274 1236 3305 sup-

167 3319 181 3334 »
204 3306 344 3350 pletore)
368 3318 467 3348 quam
491 3308 625 3347 arbitro,
654 3309 710 3350 qui
733 3309 814 3339 illud
836 3309 869 3339 in
893 3315 1010 3340 certam
1034 3309 1167 3339 classem
1190 3318 1236 3339 re-

167 3363 181 3378 »
204 3351 298 3392 digat.
317 3363 332 3379 »
370 3352 490 3383 Notam
517 3353 686 3393 appinxere
710 3353 845 3384 editores
875 3353 1013 3384 Romani
1036 3353 1085 3383 his
1113 3353 1235 3384 verbis:

164 3395 266 3434 Nota,
291 3396 376 3437 quod
398 3397 458 3428 hoc
476 3397 674 3438 Opusculum
696 3403 743 3428 est
759 3397 980 3439 imperfectum
1004 3402 1036 3428 et
1058 3397 1152 3429 ualde
1167 3407 1235 3428 cor-

165 3445 305 3480 ruptum,
323 3447 450 3481 utputo
467 3443 542 3473 vitio
559 3443 797 3482 impressorum,
815 3443 871 3483 qui
889 3442 971 3473 illud
994 3443 1026 3473 in
1042 3442 1236 3473 Alemannia

166 3484 403 3524 impresserunt.
429 3486 510 3517 Illud
534 3487 621 3517 solus
651 3486 795 3527 Pignon,
824 3487 988 3518 silentibus
1013 3487 1160 3526 caeteris,
1189 3496 1235 3518 re-

167 3535 280 3559 censet.
1128 3539 1130 3541 '

234 3572 286 3602 Vl.
311 3572 551 3613 opusculorum
570 3575 702 3605 classem
726 3575 791 3606 duo
816 3575 978 3614 claudunt,
1002 3575 1054 3606 De
1069 3577 1235 3606 universa-

168 3614 250 3645 libus
273 3617 436 3657 inscripta.
460 3619 581 3650 Mentio
605 3628 719 3649 eorum
741 3620 828 3659 apud
850 3626 969 3650 veteres
993 3620 1091 3651 nulla.
1122 3619 1235 3650 Barba-

895 256 1355 294 DISSERTATIONES
1386 257 1633 294 CRITICAE

1301 336 1379 367 varii
1395 346 1561 367 censuram
1577 335 1692 366 affero:
1720 349 1735 365 ‹
1747 336 1953 377 Opusculum
1966 337 2055 377 prius
2070 337 2123 367 De
2137 337 2380 368 universalibus

1303 392 1318 407 2
1341 381 1397 421 qui
1414 381 1488 411 divo
1503 381 1534 411 T
1535 381 1652 411 homae
1675 380 1912 412 attribuendum
1934 381 2081 420 voluerit,
2102 381 2210 422 ipsum
2229 382 2373 413 onerabit

1303 436 1318 451 »
1341 425 1460 465 potius,
1484 435 1583 465 quam
1598 425 1777 456 honorabit.
1802 425 1971 456 Distinctio
1987 426 2041 456 illa
2057 425 2252 464 universalis,
2276 433 2375 466 prout

1302 480 1317 495 »
1340 469 1472 500 refertur
1494 470 1538 499 ad
1558 469 1774 510 operationem
1799 475 1938 500 naturae
1961 470 2013 501 vel
2032 470 2076 501 ad
2091 471 2297 501 intentionem
2316 480 2372 501 na-

1302 524 1317 539 »
1340 518 1444 551 turae,
1462 513 1587 553 gravior
1601 520 1647 544 est
1663 513 1791 544 auribus
1807 514 2060 545 Thomistarum.
2086 515 2166 545 Item
2182 514 2304 555 phrasis
2319 515 2374 545 illa

1302 568 1317 584 ιν
1339 557 1513 599 plusquam
1527 558 1667 596 barbara,
1682 567 1764 598 quae
1778 564 1910 589 testatur
1930 565 2094 589 auctorem
2115 559 2242 590 arabem
2264 559 2372 599 potius

1302 613 1317 628 ³>
1339 611 1437 642 quam
1457 602 1603 633 latinum.
1627 602 1769 640 Animal,
1794 602 1909 643 inquit,
1933 607 1964 633 et
1977 603 2082 633 simile
2097 603 2258 644 quodlibet
2281 603 2374 634 aliud

1301 657 1316 672 »
1340 646 1534 684 universale,
1560 652 1607 677 est
1629 647 1753 676 animal
1775 647 1879 677 solum
1904 652 1934 677 et
1957 652 2004 677 est
2020 647 2137 688 forma
2161 648 2373 689 intelligibilis

1301 701 1316 716 »
1338 690 1514 721 secundum
1529 690 1691 730 formam,
1708 700 1804 731 quam
1821 691 1975 722 dicimus:
1990 697 2021 722 et
2037 697 2084 722 est
2099 697 2230 730 natura,
2251 692 2292 722 de
2306 702 2371 733 qua

1300 745 1315 760 »
1331 739 1440 774 potest
1462 734 1541 771 dici,
1566 735 1651 775 quod
1674 744 1742 765 esse
1765 736 1835 766 eius
1858 740 1905 765 est
1921 737 2038 775 prius,
2064 746 2160 776 quam
2185 746 2254 767 esse
2277 742 2371 767 natu-

1300 789 1314 803 »
1338 778 1418 808 rale.
1445 778 1540 808 Item:
1566 779 1705 809 Possunt
1728 784 1834 809 tamen
1858 780 1983 810 animal
2005 785 2036 810 et
2057 780 2150 810 homo
2167 790 2231 820 per
2245 790 2280 811 se
2295 790 2370 811 con-

1300 833 1314 847 »
1337 822 1488 860 siderari,
1505 823 1652 862 quamvis
1666 824 1708 853 sit
1723 833 1795 854 cum
1811 824 1877 853 alio
1892 833 1913 853 a
1928 833 1972 854 se.
1997 823 2061 854 Sed
2076 825 2200 855 animal
2218 826 2251 856 in
2267 835 2371 866 quan·

1299 877 1314 892 »
1337 871 1405 896 tum
1430 867 1623 904 universale,
1650 876 1713 897 non
1738 873 1785 897 est
1807 867 1932 897 animal
1953 868 2073 905 solum,
2098 868 2155 898 sed
2178 874 2225 900 est
2247 870 2371 900 animal

1299 921 1314 936 »
1337 916 1368 941 et
1390 911 1483 941 aliud
1506 921 1568 941 non
1593 911 1726 942 animal.
1760 911 2007 942 Consideratum
2032 913 2064 942 in
2088 921 2123 942 se
2146 918 2194 943 est
2217 914 2369 951 medium,

1299 966 1314 982 »
1337 955 1423 996 quod
1446 965 1516 986 cum
1533 955 1644 996 fuerit
1666 955 1791 986 animal
1813 961 1844 986 et
1867 955 1959 986 aliud
1980 955 2066 996 quod
2089 966 2152 986 non
2173 961 2220 987 est
2234 958 2369 995 animal,

1299 1010 1313 1025 ³>
1337 1005 1414 1030 tunc
1429 1000 1491 1030 erit
1506 1000 1630 1030 animal
1646 1000 1679 1030 in
1695 1000 1764 1038 hoc,
1783 1005 1946 1041 tamquam
1960 1010 2045 1040 pars
2066 1001 2144 1031 eius.
2171 1000 2260 1031 Dura
2276 1001 2371 1032 nimis

1299 1056 1313 1071 »
1336 1050 1431 1085 atque
1454 1044 1629 1084 impropria
1655 1044 1822 1085 loquutio:
1854 1044 1932 1085 quin
1956 1044 2060 1075 verius
2087 1044 2239 1084 dixerim,
2270 1046 2371 1076 mani-

1298 1100 1312 1114 »
1337 1088 1434 1119 festus
1451 1098 1548 1126 error,
1572 1089 1662 1129 quod
1678 1088 1796 1119 animal
1812 1089 1990 1119 secundum
2013 1095 2160 1120 naturam
2184 1100 2276 1120 suam
2296 1099 2372 1121 con-

1297 1146 1314 1162 »
1335 1133 1507 1164 sideratum
1531 1133 1570 1163 sit
1592 1133 1625 1163 in
1650 1133 1789 1171 animali,
1813 1133 1903 1174 quod
1926 1133 2103 1164 universale
2123 1140 2180 1173 est,
2204 1141 2371 1176 tamquam

1298 1191 1312 1206 »
1335 1187 1406 1218 pars
1430 1177 1513 1208 eius:
1543 1184 1574 1208 et
1596 1177 1686 1218 quod
1709 1177 1827 1207 animal
1851 1177 2085 1208 consideratum
2113 1178 2146 1208 in
2170 1188 2202 1209 se
2226 1179 2370 1210 medium

1296 1235 1312 1250 ι
1334 1222 1499 1263 quoddam
1516 1222 1555 1252 sit
1570 1222 1651 1252 inter
1673 1222 1848 1262 ipsummet
1870 1222 1989 1252 animal
2012 1229 2048 1253 ut
2071 1229 2118 1253 est
2140 1223 2316 1254 universale
2339 1231 2374 1255 et

1297 1279 1312 1295 2>
1334 1273 1371 1297 ut
1394 1266 1567 1307 spoliatum
1591 1266 1832 1298 universalitate.
1858 1267 1930 1297 Hoc
1954 1266 2041 1297 enim
2064 1267 2123 1297 sibi
2138 1267 2254 1298 volunt
2275 1268 2372 1299 verba·

1297 1324 1311 1339 »
1333 1311 1402 1341 illa:
1426 1311 1672 1342 Consideratum
1697 1312 1729 1341 in
1753 1320 1788 1341 se
1811 1316 1858 1342 est
1880 1311 2031 1349 medium,
2063 1310 2149 1352 quod
2172 1321 2244 1342 cum
2259 1311 2371 1353 suerit

1296 1367 1311 1383 :v
1333 1356 1458 1386 animal
1481 1361 1511 1386 et
1533 1355 1625 1386 aliud
1648 1365 1711 1386 non
1728 1355 1862 1386 animal.
1888 1355 1943 1385 Illa
1961 1355 2058 1386 etiam
2074 1355 2223 1396 loquutio
2239 1356 2369 1397 indigna

1297 1412 1311 1426 ι
1334 1406 1381 1430 est
1403 1399 1580 1440 Aquinate:
1605 1400 1681 1437 Alii,
1698 1399 1812 1441 inquit,
1823 1405 1983 1440 ponentes
1999 1401 2231 1432 universalia...
2250 1410 2368 1442 posue-

1296 1456 1310 1471 »
1334 1444 1413 1474 ru'nt
1428 1453 1466 1474 ea
1484 1453 1552 1474 esse
1575 1450 1606 1475 et
1625 1444 1798 1475 subsistere
1814 1450 1951 1485 praeter
1973 1445 2159 1486 singularia
2183 1450 2214 1476 et
2232 1451 2369 1486 praeter

1296 1500 1311 1516 x>
1334 1487 1551 1525 intellectum;
1573 1493 1605 1519 et
1620 1489 1673 1519 isti
1682 1488 1827 1529 filerunt
1849 1489 2027 1527 Platonici,
2057 1499 2215 1530 quorum,
2245 1489 2369 1531 inquit,

1295 1545 1310 1560 »
1334 1537 1432 1572 caput
1437 1531 1511 1573 fiss'!
1525 1532 1639 1570 Plato,·
1654 1542 1694 1563 ne
1708 1532 1790 1563 forte
1807 1533 2005 1564 crederemus
2015 1533 2255 1564 Platonicorum
2271 1540 2369 1575 caput

1295 1588 1310 1604 »
1333 1575 1430 1607 fuisse
1453 1576 1636 1607 Homerum
1657 1576 1708 1607 vel
1731 1577 1918 1617 Epicurum.

1362 1633 1378 1648 ‹
1402 1621 1436 1651 In
1459 1620 1627 1661 posteriori
1642 1620 1811 1661 Opusculo
1826 1621 1878 1651 De
1897 1621 2134 1653 universalibus
2152 1622 2244 1662 plura
2262 1622 2378 1654 adhuc‘

1295 1678 1310 1693 »
1333 1672 1417 1703 sunt,
1434 1675 1517 1706 quae
1540 1675 1606 1696 non
1630 1665 1764 1696 obscure
1787 1665 1927 1696 indicant
1949 1672 2114 1696 auctorem
2137 1666 2248 1705 alium,
2269 1676 2369 1708 quam

1295 1722 1310 1738 x
1332 1709 1538 1751 Aquinatem.
1556 1709 1681 1740 Phrasis
1704 1710 1834 1740 barbara
1852 1709 1903 1740 vel
1926 1709 1959 1740 in
1983 1709 2054 1750 ipso
2079 1710 2184 1750 operis
2207 1710 2366 1751 ingressu:

1295 1767 1310 1782 »
1331 1755 1414 1785 Dico
1429 1764 1519 1796 ergo,
1532 1754 1652 1795 inquit,¹
1663 1754 1749 1795 quod
1764 1755 1963 1792 universale,
1986 1754 2162 1785 secundum
2186 1755 2273 1796 quod
2295 1757 2367 1786 uni-

1295 1811 1309 1826 »
1333 1799 1470 1836 versate,
1487 1798 1726 1839 comprehendit
1739 1799 1882 1839 primam
1902 1808 1982 1836 rem,
1999 1808 2084 1840 quae
2105 1798 2146 1830 de
2167 1808 2203 1830 se
2226 1804 2304 1831 nata
2319 1805 2368 1832 est

1295 1856 1310 1871 x·
1333 1845 1365 1874 in
1377 1843 1530 1884 pluribus
1549 1852 1617 1874 esse
1634 1843 1810 1874 secundum
1831 1844 2037 1874 intentionem
2059 1843 2244 1875 secundam.
2270 1841 2382 1876 Item}

1295 1900 1310 1915 ›
1332 1888 1438 1919 Debes
1459 1888 1564 1925 scire,
1598 1887 1684 1928 quod
1708 1888 1801 1918 homo
1832 1897 1896 1918 non
1920 1887 2040 1918 dicitur
2069 1889 2281 1927 uniuersalis,
2306 1889 2387 1920 nisi-

1295 1945 1310 1960 »
1332 1933 1408 1973 quia
1433 1932 1659 1963 consideratur
1686 1932 1925 1963 universaliter.
1949 1931 2118 1972 Egregium
2141 1932 2368 1964 consideratio-

1296 1990 1310 2005 »
1333 1976 1423 2007 nem!
1441 1977 1537 2008 Item:
1559 1976 1751 2007 Universale
1759 1976 1951 2017 praedicari
1959 1981 2067 2018 potest
2080 1977 2256 2008 secundum
2274 1982 2367 2009 natu-

1296 2034 1311 2049 »
1333 2031 1405 2052 ram
1422 2022 1554 2059 realm,
1572 2030 1668 2062 quam
1689 2020 1826 2052 includit
1847 2021 2062 2052 materialiter
2069 2028 2083 2059 ;
2105 2030 2181 2052 cum
2196 2021 2369 2053 dicendum

1296 2079 1310 2093 >v
1333 2065 1444 2096 fuisset
1459 2065 1636 2096 universale
1651 2064 1852 2096 materialiter
1867 2071 2045 2106 acceptum,
2053 2065 2172 2096 scilicet
2186 2075 2246 2106 pro
2256 2072 2368 2097 natura

1295 2123 1310 2138 »
1333 2109 1419 2149 reali,
1443 2109 1642 2151 praedicatur
1663 2115 1722 2140 etc.
1752 2111 1795 2140 At
1817 2109 1943 2150 gravius
1969 2116 2016 2140 est
2038 2109 2138 2148 illud,
2163 2110 2254 2151 quod
2276 2109 2370 2151 ponit

1295 2168 1310 2182 »
1334 2154 1502 2185 discrimen
1532 2154 1613 2185 inter
1643 2153 1807 2185 scientiam
1843 2154 2044 2185 naturalium
2085 2158 2116 2184 et
2145 2153 2367 2196 artificialium

1296 2213 1310 2228 »
1333 2209 1430 2240 penes
1454 2199 1533 2230 hoc:
1563 2199 1653 2240 quod
1675 2198 1847 2230 destructis
1875 2198 2080 2229 naturalibus
2107 2198 2218 2237 rebus,
2239 2199 2370 2240 pariter

1295 2257 1310 2272 ›
1333 2253 1445 2275 eorum
1469 2244 1603 2275 scientia
1626 2243 1826 2281 destruitur,
1853 2252 1919 2274 non
1943 2243 1987 2274 sic
2014 2251 2092 2273 vero
2114 2242 2154 2273 de
2179 2242 2367 2282 artificietis3

1295 2302 1309 2317 »
1332 2298 1400 2319 non
1425 2288 1621 2328 distinguens
1644 2287 1725 2318 inter
1749 2294 1856 2318 actum
1890 2293 1921 2318 et
1944 2286 2131 2328 potentiam.
2161 2287 2246 2318 Nam
2268 2287 2368 2330 siqui*

1294 2347 1309 2361 ι
1332 2333 1406 2364 dem
1430 2332 1509 2363 nihil
1533 2332 1727 2364 naturalium
1750 2338 1831 2363 esset
1853 2338 1936 2370 actu,
1957 2331 2099 2372 potentia
2114 2338 2222 2363 tamen
2245 2331 2367 2364 forent:

1295 2392 1309 2406 »
1332 2383 1414 2408 esset
1443 2377 1482 2408 de
1510 2376 1572 2407 illis
1601 2376 1748 2415 scientia,
1779 2376 1883 2417 qualis
1906 2376 2007 2407 modo
2031 2382 2087 2407 est.
2118 2376 2265 2418 Denique
2287 2376 2368 2408 illud

1294 2436 1308 2451 »
1332 2422 1468 2453 omnino
1493 2421 1676 2459 ridiculum,
1702 2421 1792 2462 quod
1817 2421 1878 2452 ait:
1912 2420 2112 2461 Impossibile
2135 2429 2204 2452 esse
2226 2421 2367 2463 logicam

1294 2480 1308 2495 ι
1330 2468 1425 2504 scire,
1445 2467 1507 2497 nisi
1529 2467 1602 2507 quis
1617 2465 1728 2507 fuerit
1749 2466 1855 2496 sciens
1879 2470 1911 2496 et
1934 2470 2087 2506 expertus
2110 2466 2143 2496 in
2168 2465 2244 2497 aliis
2265 2466 2368 2497 scien·

1293 2525 1308 2540 »
1331 2512 1401 2549 tiis,
1427 2516 1458 2542 et
1479 2510 1663 2551 specialiter
1685 2511 1717 2541 in
1740 2510 1977 2551 Metaphysica.
2001 2510 2042 2541 Et
2065 2509 2127 2541 hoc
2143 2509 2266 2552 inquit:
2290 2509 2367 2552 quia

1294 2569 1308 2584 ιι
1330 2555 1506 2586 intellectus
1539 2564 1707 2596 nunquam
1736 2554 1828 2585 sciret
1856 2554 2024 2585 attribuere
2051 2554 2264 2586 intentionem
2295 2563 2367 2596 spe-

1293 2614 1307 2629 »
1331 2600 1389 2631 ciei
1412 2599 1472 2640 ipsi
1489 2599 1633 2636 homini,
1658 2598 1718 2630 nisi
1743 2598 1835 2630 sciret
1857 2599 1948 2640 quod
1962 2598 2064 2630 homo
2083 2599 2262 2630 secundum
2277 2599 2368 2640 quod

1293 2658 1307 2673 2·
1330 2644 1518 2681 intellectus,
1545 2650 1591 2674 est
1618 2643 1842 2684 participabilis
1867 2653 1886 2673 a
1906 2643 2050 2684 pluribus
2069 2642 2284 2674 differentibus
2306 2651 2367 2674 nu-

1293 2702 1307 2717 »
1330 2698 1430 2719 mero.
1457 2687 1604 2718 Profecto
1630 2687 1656 2717 si
1679 2687 1722 2718 ita
1746 2693 1804 2725 est,
1829 2686 1996 2727 imperitus
2025 2686 2135 2718 artifex
2161 2686 2284 2727 logicae
2306 2685 2368 2718 fuit

1293 2746 1308 2761 »
1330 2732 1526 2770 Aristoteles,
1551 2731 1607 2772 qui
1631 2731 1754 2772 regulas
1777 2737 1859 2762 recte
1882 2730 2111 2772 sylloggizandi
2135 2740 2202 2761 non
2221 2729 2367 2762 fueritin

1294 2790 1307 2805 »
1335 2776 1463 2807 caeteris
1486 2775 1623 2806 scientiis
1647 2775 1850 2816 periclitatus,
1876 2775 1932 2806 sed
1954 2774 1988 2806 in
2011 2774 2109 2806 mutis
2137 2774 2302 2806 elementis
2324 2777 2365 2814 A,

1293 2835 1308 2849 »
1330 2821 1368 2858 Β,
1383 2820 1421 2851 C.
1439 2820 1647 2860 Quamquam
1661 2819 1754 2856 venia
1770 2819 1874 2850 danda
1898 2825 1945 2850 est
1959 2819 2092 2859 auctori,
2109 2819 2166 2860 qui
2189 2818 2296 2850 statim
2315 2819 2367 2850 sui

1294 2879 1309 2894 >
1331 2864 1468 2902 oblitus,
1495 2865 1607 2895 doceat
1629 2864 1784 2906 Logicam
1809 2873 1878 2895 esse
1894 2865 1991 2904 prius
2013 2864 2089 2895 aliis
2110 2865 2253 2895 scientiis
2274 2863 2365 2895 addi-

1293 2922 1308 2938 »
1330 2909 1501 2940 scendum:
1519 2915 1550 2939 et
1572 2908 1636 2939 hoc
1658 2908 1773 2950 inquit,
1789 2909 1866 2949 quia
1891 2913 2003 2939 nostra
2019 2909 2162 2950 cognitio
2184 2913 2291 2939 ortum
2307 2908 2366 2939 ha-

1294 2967 1309 2982 »
1331 2954 1382 2985 bet
1403 2963 1424 2984 a
1447 2963 1556 2990 sensu,
1574 2954 1667 2984 cuius
1688 2953 1843 2984 obiectum
1867 2957 1944 2983 sunt
1965 2953 2156 2991 accidentia,
2173 2962 2257 2994 quae
2276 2952 2368 2984 nobis

1294 3011 1309 3026 »
1332 2998 1459 3029 notiora
1483 3003 1570 3035 sunt,
1588 3002 1619 3028 et
1641 2998 1718 3038 quia
1741 2997 1963 3029 communiora
1985 3002 2063 3028 sunt
2085 2998 2192 3039 magis
2216 3002 2292 3028 nota
2308 3005 2368 3028 no-

1295 3055 1310 3071 »
1331 3043 1402 3080 bis‚·
1419 3042 1581 3073 declarans
1604 3051 1661 3082 per
1690 3041 1768 3073 haec
1790 3042 1905 3080 verba,
1932 3051 1965 3072 se
1989 3051 2093 3083 neque
2116 3041 2289 3082 intelligere
2311 3040 2381 3072 ina·

1295 3099 1310 3115 »
1333 3086 1530 3125 communia,
1554 3096 1591 3117 ex
1614 3085 1732 3127 quibus
1754 3086 1898 3128 procedit
1929 3085 2069 3127 logicus:
2089 3095 2194 3128 neque
2217 3085 2365 3122 omnino,

1295 3145 1309 3160 »
1332 3131 1498 3173 quodnam
1521 3131 1560 3162 sit
1583 3130 1747 3162 obiectum
1769 3130 1900 3171 logicae.
1920 3143 1935 3158 »

1359 3175 1426 3207 VII.
1447 3175 1537 3206 Aliae
1560 3181 1635 3206 sunt
1650 3184 1717 3206 non
1740 3184 1871 3216 paucae,
1887 3184 1970 3216 quae
1989 3181 2074 3206 extra
2097 3174 2244 3215 Operum
2266 3173 2365 3206 saneti

1292 3220 1439 3251 Thomae
1461 3219 1615 3250 editiones
1634 3219 1780 3251 feruntur
1800 3219 1994 3250 adulterinae
2017 3219 2264 3258 lucubrationes,
2280 3217 2368 3261 tufi!

1292 3274 1423 3295 excusae
1439 3264 1575 3305 aliquae,
1591 3263 1670 3295 aliae
1685 3263 1719 3294 in
1743 3263 1906 3295 codicibus
1922 3273 1997 3295 mss.
2015 3263 2120 3294 adhuc
2135 3263 2278 3302 latentes,
2294 3270 2364 3294 ean-

1292 3309 1422 3340 ctissimi
1446 3308 1594 3340 Doctoris
1617 3307 1827 3350 praeferentes
1850 3317 1980 3339 nomen.
2007 3307 2088 3339 Satis
2111 3317 2163 3338 eas
2187 3314 2364 3338 memorare

1292 3353 1396 3392 fuerit,
1414 3359 1449 3384 ut
1471 3353 1626 3394 quisque,
1647 3352 1673 3383 si
1697 3351 1777 3384 forte
1800 3352 1967 3386 inciderint
1994 3352 2054 3383 sub
2084 3351 2218 3390 oculos,
2238 3350 2363 3382 reiieeoe

1291 3408 1358 3428 non
1380 3404 1533 3428 vereatur.
1552 3398 1706 3428 Recenset
1728 3406 1862 3436 omnes,
1885 3402 2048 3439 quotquot
2069 3395 2304 3437 deprehendere
2325 3393 2362 3424 li-

1291 3442 1366 3481 cuit,
1383 3441 1642 3482 diligentissimus
1664 3441 1838 3472 Echardus.

1363 3497 1389 3517 1.
1409 3486 1670 3527 Breviloquium‚
1695 3485 1853 3527 quomodo
1875 3486 1909 3516 in
1939 3486 2062 3517 unitate
2089 3482 2288 3515 substantiae
2315 3487 2363 3514 est

1296 3531 1439 3562 Trinitas
1456 3540 1685 3571 personarum.

1359 3585 1388 3606 2.
1412 3574 1528 3606 Utrum
1539 3575 1736 3615 principium
1753 3574 2019 3606 individuationis
2031 3573 2075 3604 sit
2088 3571 2227 3603 materia
2241 3571 2273 3601 in
2290 3579 2364 3602 cor-

1284 3619 1464 3660 poralibus.
