2548 4192
175 274 329 301 CCLXVIII

809 530 1454 596 DISSERTATIO
1518 531 1744 594 XXV.

178 707 243 746 De
278 703 502 751 censuris,
535 713 650 753 quae
689 701 878 741 Parisiis
914 703 959 740 et
995 699 1163 740 Oxonii
1197 700 1320 740 latae
1354 699 1559 739 feruntur
1591 675 1818 740 adversus
1850 699 2071 739 nonnulla
2104 698 2152 740 S.
2173 697 2377 739 Thomae

257 776 514 826 theologica
550 777 597 814 et
633 772 949 824 philosophica
986 772 1219 822 dogmata:
1258 771 1400 821 deque
1437 771 1646 811 vindiciis
1680 771 1915 811 adornatis
1950 783 2005 811 ac
2041 782 2265 811 censurae
2299 770 2379 810 Pa-

257 848 467 889 risiensis
495 845 803 887 revocatione.

587 1258 786 1294 CAPUT
822 1258 848 1293 Ι.

378 1348 380 1359 Ι

180 1372 307 1398 Thesium
322 1379 446 1396 censurae
466 1378 512 1403 per
526 1369 670 1402 Episcopos
685 1368 853 1397 Parisienses,
869 1368 1039 1394 Guillelmum
1055 1372 1080 1392 et
1094 1366 1256 1399 Stephanum

252 1407 376 1440 Tempier
399 1407 471 1436 latae,
491 1405 709 1437 confirmataeque
728 1412 742 1428 a
761 1403 876 1428 Roberto
895 1404 928 1428 de
948 1402 1104 1427 Kildwardbi
1123 1401 1256 1434 Archiepi-

254 1451 336 1476 scopo
360 1441 535 1467 Cantuan'ensi
560 1441 585 1465 in
609 1440 703 1472 Anglia
727 1444 902 1464 recensentur.
933 1438 1062 1463 Nonnulla
1087 1437 1217 1462 doctrinae
1243 1444 1257 1461 a

255 1487 276 1503 s.
291 1478 394 1503 Thoma
413 1477 518 1502 traditae
533 1476 615 1509 capita
633 1483 680 1508 per
695 1475 799 1500 easdem
821 1474 903 1498 notari
918 1474 1000 1498 audax
1015 1479 1039 1498 et
1058 1472 1178 1505 imperita
1193 1479 1259 1504 quo-

255 1511 375 1538 rumdam
390 1513 491 1546 opinio:
508 1511 637 1545 praecipui
657 1511 707 1535 divi
722 1510 841 1535 Thomae
855 1509 978 1538 vindices,
993 1517 1025 1533 an
1040 1508 1117 1533 etiam
1133 1507 1258 1539 Aegidius

256 1550 287 1574 de
306 1550 442 1574 Columna.
458 1548 594 1581 Specimen
610 1546 704 1579 Operis
723 1545 793 1578 quod
812 1545 965 1574 inscribitur,
988 1544 1185 1569 Cor-rectoriam
1199 1550 1257 1568 cor-

257 1585 380 1617 ruptor-ii.

486 1803 503 1827 ἱ
514 1785 728 1823 vindicamus,
754 1784 850 1815 dubia
869 1794 1055 1815 revocamus
1071 1784 1111 1814 ad
1128 1793 1259 1814 examen

515 1829 738 1870 reiicimusque
755 1828 938 1869 supposita;
955 1839 1021 1859 non
1037 1828 1081 1859 ita
1096 1828 1189 1858 nobis
1206 1838 1259 1858 an-

505 1881 624 1915 :gustos
641 1873 770 1914 praefigi
792 1873 948 1904 cancellos
971 1872 1165 1914 putavimus,
1183 1879 1219 1903 ut
1234 1872 1260 1903 si

345 1969 358 1976 -ι

431 1955 478 1977 ‘³‘
515 1963 618 2004 ipsam
628 1962 775 1993 Thomae
793 1962 980 2000 doctrinam,
991 1961 1107 1992 intacta
1124 1968 1260 2002 praeter-

186 2007 320 2046 mittere,
331 2007 408 2037 inita
425 2006 511 2037 nulla
527 2007 733 2046 discussione,
745 2007 941 2038 deberemus.
954 2006 1170 2046 Pugnavimus
1185 2015 1260 2046 ergo

187 2052 220 2082 in
231 2051 456 2082 Dissertatione
481 2051 519 2082 de
544 2051 785 2083 Commentario
810 2052 842 2081 in
866 2051 1029 2092 Epistolas
1061 2051 1127 2081 divi
1149 2050 1256 2088 Pauli,

188 2102 296 2127 contra
310 2096 480 2126 Erasmum
498 2103 528 2127 et
542 2096 737 2126 Richardum
753 2096 947 2134 Simonium,
959 2095 1015 2137 qui
1031 2095 1186 2126 nonnulla
1202 2095 1259 2126 do-

190 2140 306 2171 ctrinae
323 2140 362 2170 ab
385 2139 545 2180 Aquinate
564 2140 694 2171 traditae
711 2140 812 2180 capita
829 2140 967 2171 nimium
982 2140 1092 2170 acerba
1108 2146 1139 2171 et
1153 2138 1263 2181 iniqua

188 2191 339 2215 notarunt
355 2192 502 2215 censura:
523 2185 693 2225 pluresque
714 2195 817 2215 sacrae
832 2184 1010 2225 Scripturae
1026 2183 1210 2225 interpretes
1226 2194 1263 2216 ac

187 2229 425 2269 bibliographos
449 2228 608 2269 insequuti
633 2228 665 2259 in
689 2239 725 2259 ea
749 2239 871 2268 sumus,
889 2239 970 2270 quae
991 2229 1030 2259 de
1054 2228 1262 2260 Commenta-

187 2273 240 2304 riis
265 2274 296 2304 in
321 2273 442 2304 Isaiam
465 2279 495 2304 et
519 2273 689 2304 Ieremiam
707 2273 902 2311 inscribitur;
928 2273 1119 2304 methodum
1145 2274 1183 2304 ab
1207 2283 1262 2304 eo-

188 2318 262 2348 dem
285 2317 443 2358 Aquinate
468 2324 621 2349 servatam
645 2317 677 2348 in
702 2317 906 2358 explanandis
929 2317 1043 2349 veteris·
1064 2317 1261 2348 Testamenti

189 2362 363 2403 prophetiis
387 2368 482 2402 atque
506 2362 588 2404 typis
611 2369 748 2393 tutantes
772 2369 802 2393 et
825 2362 1030 2393 vindicantes.
1048 2362 1172 2393 Similes
1194 2372 1261 2392 non

190 2416 305 2447 paucas
330 2406 495 2437 occasione
512 2407 583 2437 data
607 2413 746 2447 peractas
766 2406 918 2437 vindicias
942 2407 1020 2437 aliae
1045 2407 1262 2447 complectun-

189 2458 241 2481 tur
263 2450 514 2482 Dissertationes.
532 2451 709 2481 Adversarii
734 2451 923 2489 succedunt,
948 2451 1003 2492 qui
1028 2458 1137 2492 aperto
1161 2458 1262 2482 marte

191 2495 341 2535 dogmata
364 2495 474 2535 plura,
508 2505 589 2536 quae
622 2495 807 2535 theologicis
831 2495 863 2526 in
888 2495 1047 2536 Operibus
1079 2495 1143 2531 suis
1168 2495 1261 2526 tradit

191 2539 356 2577 Thomas,
379 2540 540 2571 traducere
564 2539 596 2569 in
620 2539 772 2569 invidiam
806 2540 910 2570 conati
939 2547 1028 2571 sunt:
1049 2540 1262 2582 adhibentque

193 2593 339 2614 censuras
371 2584 526 2624 quasdam
558 2583 745 2614 Parisienses
776 2590 806 2614 et
839 2584 1055 2623 Oxonienses,
1085 2594 1120 2615 ac
1149 2584 1175 2614 si
1209 2591 1263 2615 aut

193 2636 312 2658 errores
336 2637 391 2667 per
415 2638 465 2658 eas
490 2628 655 2658 damnatos
679 2627 897 2659 instauraverit
920 2628 1064 2658 Thomas
1094 2635 1149 2659 aut
1172 2628 1262 2659 Tho-

194 2682 264 2702 mae
288 2672 459 2703 sententiae
483 2672 640 2713 quaedam
664 2682 720 2712 per
743 2672 870 2702 easdem
887 2671 1027 2703 confixae
1052 2671 1177 2703 fuerint.
1194 2672 1263 2703 Pia—

194 2716 303 2748 culum
324 2715 406 2747 foret
427 2717 503 2747 haec
520 2716 614 2746 surda
637 2726 711 2747 aure
728 2723 759 2747 et
774 2716 912 2747 immoto
933 2717 1055 2747 calamo
1072 2716 1247 2757 praeterire.

261 2761 452 2792 Memor-atas
485 2761 590 2802 primo
619 2760 693 2791 loco
727 2771 873 2791 censuras
910 2770 1056 2792 recenseo
1090 2770 1263 2802 earumque

193 2811 352 2836 auctores:
373 2816 408 2836 ac
432 2813 577 2846 tempora
601 2804 730 2843 definio,
747 2805 863 2846 quibus
882 2805 968 2845 ipsae
992 2805 1071 2836 latae
1095 2811 1179 2836 sunt.
1199 2805 1264 2836 Pri-

193 2859 265 2880 mus
290 2849 376 2880 adest
400 2850 591 2881 Guillelmus
610 2849 791 2880 Parisiensis
807 2849 998 2890 EpiscopuS,
1016 2849 1071 2890 qui
1095 2859 1181 2880 anno
1197 2850 1263 2880 Do-

193 2895 272 2924 mini
294 2899 375 2931 1240
400 2895 432 2925 in
457 2899 570 2925 octava
587 2893 788 2934 Epiphaniae
811 2891 876 2936 (die
905 2894 940 2924 13
965 2892 1111 2936 ianuarii)
1137 2903 1265 2925 errores

193 2938 398 2979 quamplures
422 2938 622 2970 detestabiles
645 2943 758 2969 contra
787 2938 975 2969 catholicam
1005 2939 1188 2977 veritatem,
1214 2948 1264 2969 re-

187 2988 300 3023 pertos
323 2984 355 3013 in
380 2983 569 3024 quibusdam
593 2983 740 3023 scriptis,
758 2982 848 3023 nigro
873 2982 957 3013 theta
981 2982 1102 3013 notavit
1135 2982 1265 3013 damna-

193 3027 311 3068 vitque.
336 3027 364 3057 Is
389 3034 434 3058 est
458 3027 669 3066 Guillelmus,
695 3026 791 3058 huius
815 3026 954 3057 nominis
984 3028 1098 3058 tertius
1125 3026 1157 3057 in
1181 3027 1264 3058 Pari-

196 3071 349 3102 siensibus
373 3071 506 3109 tabulis,
531 3071 632 3103 dictus
660 3072 837 3102 Arvernus.
859 3073 972 3102 Annus
995 3071 1047 3102 ille
1077 3081 1158 3111 1240
1182 3071 1265 3113 stylo

195 3122 309 3153 vetere,
326 3116 541 3147 numerandus
565 3123 610 3147 est
634 3116 717 3157 stylo
738 3126 824 3146 novo
848 3115 1018 3156 insequens
1050 3125 1125 3156 1241
1148 3116 1186 3146 ab
1212 3117 1265 3147 ka-

195 3159 296 3190 lendis
312 3159 459 3190 ianuariis
475 3160 651 3191 inchoatus.
663 3160 783 3191 Theses
800 3160 1025 3191 condemnatas
1045 3160 1138 3191 refert
1154 3170 1266 3191 omnes

197 3203 333 3234 Carolus
356 3204 520 3244 Duplessis
552 3205 755 3244 d’Argentre‚
786 3204 979 3235 Sorbonicus
1003 3204 1115 3235 doctor
1137 3211 1167 3236 et
1190 3205 1265 3245 Epi-

197 3258 313 3288 scopus
337 3248 527 3287 Tutelensis,
549 3248 580 3279 in
606 3248 803 3280 Collectione
827 3248 1019 3280 iudiciorum
1043 3249 1082 3280 de
1105 3249 1196 3280 novis
1221 3259 1266 3280 er-

198 3292 320 3323 roribus
344 3299 435 3323 tomo
460 3293 493 3331 1,
517 3303 587 3334 pag.
612 3293 680 3324 186.
698 3293 843 3324 Nimium
867 3293 925 3323 sibi
949 3293 1155 3334 indulgebant
1177 3293 1266 3324 lasci-

197 3336 312 3367 vientia
324 3337 555 3368 nonnullorum
565 3337 830 3368 Academicorum
841 3337 976 3378 ingenia,
987 3348 1128 3379 quorum
1142 3337 1267 3369 licentia

198 3390 401 3412 censurarum
426 3381 514 3412 freno
539 3381 677 3412 cohiberi
702 3381 819 3413 debuit.
847 3382 894 3412 De
918 3382 1061 3423 quodam
1084 3392 1188 3413 errore
1212 3392 1268 3423 per

198 3424 278 3456 hanc
302 3435 466 3456 censuram
490 3426 660 3465 damnato,
687 3436 784 3467 quem
808 3426 1017 3457 instauratum
1041 3418 1093 3457 ab·
1108 3426 1267 3468 Aquinate

199 3475 350 3508 putarunt
365 3470 443 3500 olim
459 3470 635 3509 adversarii,
647 3471 806 3511 agendum
821 3471 854 3501 in
868 3470 1094 3502 Dissertatione
1105 3478 1266 3512 sequente.

266 3513 409 3553 segetem
433 3525 575 3545 errorum
592 3515 831 3555 amplissimam,
849 3515 905 3556 qui
923 3515 961 3546 ab
985 3515 1182 3546 Academicis
1197 3515 1267 3546 vul-

199 3557 371 3596 gabantur,
397 3558 482 3589 haud
515 3559 587 3590 satis
620 3566 837 3600 amputaverat
860 3559 1052 3590 Guillelmus
1084 3559 1267 3591 Parisiensis

201 3600 348 3632 Antistes.
366 3601 467 3633 Curas
491 3603 702 3643 diligentiores
726 3603 869 3634 adhibuit
892 3603 1070 3644 Stephanus
1094 3604 1266 3644 Tempier,

1311 1254 1455 1284 eiusdem
1478 1254 1635 1284 Ecclesiae
1651 1254 1842 1294 Episcopus,
1859 1253 1915 1295 qui
1931 1253 2069 1284 Romani
2089 1252 2250 1284 Pontificis
2273 1252 2382 1284 litteris
2436 1246 2445 1252 “

1311 1298 1494 1329 admonitus
1518 1305 1757 1339 permotusque,
1774 1298 1876 1329 theses
1893 1297 2046 1339 plurimas
2063 1297 2196 1336 notavit,
2214 1297 2381 1328 novemde-

1311 1343 1371 1373 cim
1396 1353 1436 1373 ac
1457 1342 1614 1373 ducentas
1637 1343 1675 1373 ab
1699 1343 1857 1384 aliquibus
1882 1349 2073 1381 numeratas,
2094 1343 2132 1373 ab
2157 1342 2224 1372 aliis
2246 1341 2330 1373 duas
2352 1347 2384 1372 et

1313 1387 1429 1427 viginti
1450 1397 1551 1427 supra
1574 1387 1757 1425 ducentum,
1775 1397 1854 1428 quas
1877 1387 2089 1427 imposterum
2117 1386 2383 1418 Academicorum

1312 1441 1409 1461 nemo
1433 1431 1567 1462 traderet
1587 1442 1624 1462 ac
1647 1438 1783 1462 teneret:
1810 1431 2001 1472 easdemque
2020 1431 2195 1462 Oxoniensi
2211 1430 2244 1461 in
2267 1430 2383 1471 Anglia

1312 1475 1496 1513 Academia,
1520 1485 1555 1506 ac
1584 1475 1714 1516 insuper
1737 1475 1842 1516 plures
1866 1476 1942 1506 alias
1966 1475 2091 1506 exulare
2113 1475 2204 1506 iussit
2226 1476 2384 1506 Robertus

1314 1519 1352 1548 de
1383 1518 1578 1549 Kildwardbi
1613 1519 1882 1560 Archiepiscopus
1913 1519 2148 1551 Cantuariensis
2194 1529 2231 1550 ex
2263 1518 2384 1551 Ordine

1314 1562 1571 1593 Praedicatorum
1594 1564 1793 1604 adsumptus,
1818 1574 1903 1595 sacra
1927 1564 2020 1595 etiam
2044 1565 2189 1604 Purpura
2212 1564 2360 1594 donatus.

1380 1607 1458 1638 Post
1484 1607 1601 1638 initum
1629 1607 1875 1649 confectumque
1905 1618 2047 1647 examen,
2079 1618 2188 1639 coram
2216 1608 2388 1649 palamque

1313 1651 1440 1691 vulgata
1463 1651 1596 1682 demum
1619 1659 1666 1683 est
1689 1661 1820 1683 censura
1842 1652 2035 1690 Parisiensis,
2060 1652 2140 1683 datis
2163 1652 2202 1683 ab
2225 1652 2387 1693 Stephano

1314 1695 1423 1727 litteris
1453 1706 1540 1726 anno
1570 1697 1703 1727 Domini
1735 1695 1817 1738 1276
1852 1696 1904 1727 die
1931 1696 2109 1734 dominica,
2139 1706 2203 1738 qua
2236 1702 2390 1728 cantatur

1315 1741 1444 1771 Laetare
1467 1740 1648 1779 Ierusalem,
1673 1742 1705 1771 in
1728 1741 1830 1772 Curia
1853 1741 2049 1772 Parisiensi:
2068 1741 2221 1782 dataeque
2240 1741 2389 1781 leguntur

1315 1784 1445 1815 Roberti
1469 1785 1507 1815 de
1531 1785 1726 1815 Kildwardbi
1749 1785 1868 1816 litterae
1891 1786 1943 1816 die
1966 1786 2046 1816 iovis
2062 1787 2217 1826 proxima
2243 1790 2319 1816 ante
2331 1784 2389 1827 fe-

1314 1834 1398 1860 stum
1417 1830 1522 1860 sancti
1543 1829 1708 1860 cuthberti
1727 1831 1759 1860 in
1780 1830 2041 1871 Quadragesima
2060 1840 2148 1861 anno
2157 1830 2290 1861 Domini
2298 1828 2387 1870 1276.

1315 1873 1448 1904 Litteras
1463 1873 1638 1914 praedictas
1657 1884 1840 1915 erroresque
1865 1874 2042 1912 damnatos,
2063 1874 2204 1914 diligenti
2224 1874 2306 1905 facta
2324 1873 2389 1905 col-

1314 1917 1433 1948 latione
1464 1928 1539 1949 cum
1571 1918 1793 1959 manuscriptis
1825 1918 1986 1949 codicibus
2017 1918 2219 1957 Sorbonicis‚
2250 1924 2390 1949 recenset

1314 1962 1388 1993 loco
1405 1962 1500 1993 citato
1516 1962 1662 1994 laudatus
1678 1963 1919 2003 Dargentraeus.
1936 1965 2069 1994 Annum
2090 1963 2170 2005 1276
2187 1962 2270 2004 stylo
2286 1969 2390 1994 vetere

1315 2006 1466 2047 intellige,
1492 2014 1715 2048 computatum
1738 2007 1776 2038 ab
1802 2007 2019 2038 Incarnatione
2042 2007 2092 2038 vel
2116 2017 2134 2038 a
2152 2007 2314 2046 Paschate,
2333 2006 2390 2048 qui

1316 2050 1415 2082 civilis
1439 2057 1470 2082 et
1492 2051 1632 2082 lulianus
1656 2061 1742 2082 novo
1767 2051 1849 2092 stylo
1882 2052 2099 2082 numerandus
2123 2058 2169 2082 est
2193 2061 2286 2094 1277.
2317 2051 2391 2082 Hoc

1316 2105 1413 2134 anno,
1432 2095 1535 2126 littera
1553 2095 1735 2127 dominicali
1753 2095 1780 2127 C
1797 2095 1960 2136 insignito,
1979 2095 2090 2127 incidit
2108 2102 2255 2127 sanctum
2272 2095 2392 2127 Pascha

1316 2139 1367 2170 die
1393 2139 1433 2170 28
1457 2139 1572 2179 martii.
1597 2140 1682 2171 Hinc
1706 2140 1756 2170 die
1780 2151 1799 2182 7
1825 2139 1969 2171 eiusdem
1991 2139 2107 2179 martii,
2131 2140 2291 2171 dominica
2309 2139 2392 2171 Lae-

1315 2189 1398 2222 tare,
1423 2184 1575 2225 Stephani
1598 2184 1779 2215 Parisiensis
1811 2194 1943 2215 censura
1965 2185 2092 2225 vulgata
2115 2191 2178 2215 est:
2208 2191 2239 2215 et
2269 2184 2319 2215 die
2353 2183 2391 2215 18

1317 2227 1431 2267 martii,
1451 2238 1507 2260 seu
1526 2229 1579 2260 die
1598 2230 1677 2260 iovis
1696 2236 1769 2270 post
1794 2228 1989 2260 dominicam
2008 2229 2041 2260 in
2060 2229 2222 2268 passione,
2236 2229 2392 2270 proxima

1315 2278 1393 2304 ante
1405 2272 1532 2314 festum
1561 2274 1666 2305 sancti
1691 2273 1874 2311 Cuthberti‚
1905 2274 1994 2315 quod
2023 2273 2203 2315 insequenti
2232 2273 2283 2304 die
2310 2272 2407 2318 cele-g

1315 2317 1433 2356 bratur‚
1453 2327 1546 2348 suam
1560 2317 1678 2349 Oxonii
1698 2317 1770 2349 tulit
1789 2328 1955 2349 censuram
1971 2318 2129 2349 Robertus
2144 2317 2391 2349 Cantuariensis.

1316 2361 1400 2393 Hinc
1419 2361 1515 2393 etiam
1534 2362 1567 2393 in
1586 2362 1700 2403 prioris
1719 2372 1868 2393 censurae
1884 2362 2066 2394 parisiensis
2082 2362 2205 2403 epocha
2223 2361 2391 2393 dissidium

1316 2406 1443 2439 nullum
1466 2406 1499 2437 in
1519 2407 1692 2445 codicibus,
1716 2417 1857 2448 quorum
1876 2406 1927 2437 alii
1947 2407 2033 2448 apud
2058 2407 2309 2447 Dargentraeum
2331 2415 2389 2438 no·

1316 2457 1383 2482 tant
1406 2461 1528 2482 annum
1557 2452 1638 2493 1276
1670 2451 1723 2482 alii
1757 2461 1849 2493 ¹277·
1883 2451 2010 2492 Stylum
2032 2458 2171 2482 veterem
2202 2460 2390 2492 novumque

1316 2495 1544 2535 animadverte,
1565 2506 1600 2527 ac
1623 2495 1774 2536 antilogia
1793 2495 1951 2527 evanescit
1972 2495 2088 2528 omnis.
2109 2495 2170 2527 Sed
2194 2496 2305 2527 eadem
2323 2494 2390 2527 Ste-

1316 2539 1413 2580 phani
1437 2550 1568 2571 censura
1591 2550 1758 2581 perperam
1780 2536 1871 2571 editis
1894 2540 2054 2581 aliquibus
2072 2540 2105 2571 in
2125 2539 2288 2581 exemplis,
2307 2549 2390 2582 quae

1317 2583 1455 2615 referunt
1477 2584 1624 2615 laudatus
1647 2584 1783 2616 Carolus
1806 2584 1971 2625 Duplessis
2000 2591 2030 2616 et
2052 2584 2236 2616 Franciscus
2266 2583 2392 2626 Sylvius

1317 2627 1350 2658 in
1381 2627 1534 2659 Oratione
1562 2629 1761 2669 apologetica
1790 2639 1849 2669 pro
1878 2639 1902 2659 s.
1935 2628 2065 2666 Thema
2094 2629 2255 2670 Aquinate
2285 2627 2392 2659 habita

1318 2671 1418 2702 Duaci
1442 2682 1527 2702 anno
1557 2673 1640 2712 1624
1663 2672 1714 2703 die
1734 2683 1752 2714 7
1773 2672 1888 2711 martii,
1911 2672 1974 2703 lata
1992 2672 2106 2713 legitur
2129 2682 2214 2703 anno
2240 2672 2321 2703 1226
2336 2677 2392 2703 aut

1323 2725 1416 2757 1227.
1441 2718 1508 2747 Aut
1522 2716 1607 2747 enim
1631 2716 1726 2747 altera
1749 2716 1824 2747 cifra
1841 2726 1858 2746 2
1875 2726 1934 2757 pro
1954 2727 1974 2758 7
1993 2723 2072 2758 typo
2102 2722 2222 2747 errante
2241 2715 2391 2747 substitu-

1318 2766 1349 2791 ta
1365 2759 1438 2790 fuit:
1455 2767 1510 2791 aut
1523 2760 1556 2790 in
1573 2770 1657 2791 anno
1676 2760 1816 2791 romanis
1831 2759 1971 2791 numeris
1987 2770 2132 2802 expresso
2152 2760 2196 2791 M.
2208 2759 2276 2792 CC.
2286 2759 2390 2792 XXVI

1317 2803 1418 2835 littera
1434 2804 1460 2834 L
1479 2804 1605 2835 excidit:
1622 2811 1677 2835 aut
1693 2814 1895 2846 quacumque
1915 2805 2047 2835 demum
2063 2815 2100 2836 ex
2116 2814 2211 2836 causa
2229 2803 2390 2845 prodierit,

1319 2848 1543 2888 corrigendum
1561 2849 1716 2879 mendum
1736 2856 1791 2880 est.
1812 2849 1903 2887 Quae
1925 2849 2018 2880 libuit
2036 2849 2098 2880 hoc
2117 2849 2190 2880 loco
2210 2848 2390 2889 diligentius

1319 2892 1480 2931 adnotare,
1496 2900 1531 2924 ut
1553 2893 1742 2933 dogmatum
1765 2893 1829 2924 divi
1847 2893 1995 2924 Thomae
2018 2893 2159 2924 vindices
2183 2893 2310 2924 elumbe
2333 2902 2390 2924 no-

1318 2936 1420 2968 verint
1442 2944 1678 2978 argumentum,
1698 2938 1787 2979 quod
1810 2937 1877 2978 ipse
1896 2937 2022 2979 Sylvius
2041 2937 2157 2979 aliique
2180 2943 2335 2979 promunt
2355 2947 2392 2968 ex

1319 2981 1441 3022 epocha
1470 2981 1554 3013 illius
1582 2981 1656 3012 anni
1690 2983 1770 3012 1226
1796 2989 1850 3013 aut
1879 2991 1973 3024 1227,
1997 2992 2064 3024 quo
2087 2982 2232 3013 Thomas
2248 2981 2392 3023 Aquinas

1320 3035 1385 3056 non
1418 3026 1518 3057 modo
1542 3025 1621 3056 nihil
1649 3026 1813 3067 scripserat
1841 3026 2055 3068 docueratque
2090 3027 2179 3068 quod
2202 3025 2391 3058 Parisienses

1320 3076 1350 3101 et
1366 3069 1564 3101 Oxonienses
1580 3071 1726 3102 doctores
1745 3077 1905 3109 notarent3
1929 3071 1984 3102 sed
2002 3070 2035 3102 in
2055 3071 2136 3102 hanc
2154 3070 2268 3102 mundi
2286 3071 2392 3102 lucem

1318 3114 1370 3145 vix
1393 3125 1478 3146 anno
1502 3115 1662 3156 praedicto
1687 3115 1820 3146 emissus
1843 3115 1896 3146 ille
1924 3115 2035 3146 fuerat.

1387 3159 1425 3190 11.
1443 3160 1585 3190 lamvero
1605 3159 1750 3191 «circiter
1773 3159 1916 3190 decimus
1939 3161 1977 3191 ab
2000 3160 2171 3201 Aquinatis
2194 3159 2284 3191 obitu
2306 3159 2391 3190 labe-

1323 3216 1338 3231 »
1358 3204 1450 3235 batur
1465 3214 1567 3235 annus
1584 3203 1703 3246 (aerae
1723 3204 1870 3245 vulgaris
1889 3209 1970 3242 1224
1987 3204 2083 3236 verba
2102 3209 2178 3236 sunt
2198 3203 2304 3245 Sylvii
2322 3203 2390 3235 loco

1323 3260 1338 3275 »
1357 3247 1474 3290 citato)
1499 3258 1574 3280 cum
1597 3258 1668 3279 ecce
1690 3248 1925 3279 lucubrationes
1949 3248 2016 3279 eius
2038 3248 2212 3280 audaculus
2232 3246 2392 3290 quispiam

1323 3304 1338 3320 ι·
1357 3292 1397 3323 ad
1421 3303 1518 3324 suum
1546 3292 1703 3332 tribunal,
1727 3299 1892 3334 tamquam
1916 3303 2047 3331 censor,
2077 3292 2199 3324 citavit:
2225 3298 2256 3324 et
2277 3291 2391 3332 insigni

1323 3349 1338 3364 »
1358 3337 1474 3377 pariter
1496 3336 1617 3368 inscitia
1647 3343 1678 3368 et
1707 3337 1881 3377 petulantia
1913 3338 2075 3375 correxit,
2101 3343 2137 3368 ut
2164 3336 2295 3378 quidem
2323 3335 2391 3376 ipse

1324 3394 1338 3408 »
1358 3381 1566 3423 loquebatur:
1582 3381 1764 3422 librumque
1788 3381 1885 3412 edidit
1919 3381 2158 3413 Correctorium
2187 3381 2326 3412 Romae
2343 3379 2391 3410 in-

1324 3438 1339 3453 »
1359 3426 1528 3466 scriptum:
1542 3438 1556 3454 »
1578 3435 1788 3467 censurasque
1812 3432 2014 3465 memoratas,
2038 3435 2117 3467 quas
2141 3423 2332 3456 Guillelmus
2361 3430 2392 3454 et

1322 3477 1352 3500 et
1375 3470 1554 3511 Stephanus
1586 3470 1774 3501 Parisienses
1806 3470 1961 3509 tulerant,
1985 3469 2152 3501 adhibebat
2180 3475 2216 3500 ut
2242 3468 2392 3508 dogmata

1322 3514 1478 3545 nonnulla
1501 3515 1538 3545 ab
1562 3514 1721 3556 Aquinate
1745 3514 1856 3545 tradita
1874 3524 1931 3555 pro
1949 3514 2104 3545 damnatis
2119 3511 2263 3544 habenda
2287 3518 2391 3542 osten-

1322 3558 1417 3590 deret.
1435 3559 1464 3589 ls
1488 3565 1535 3590 est
1558 3558 1750 3590 Guillelmus
1773 3559 1806 3589 la
1824 3559 1932 3596 Mare,
1957 3558 2008 3589 vel
2029 3558 2070 3589 de
2091 3558 2199 3594 Mare,
2223 3555 2274 3586 vel
2296 3556 2336 3587 de
2359 3556 2391 3586 Ia

1322 3603 1429 3641 Mare,
1454 3602 1566 3643 anglus
1589 3602 1728 3641 natione,
1748 3602 1860 3633 doctor
1883 3600 2091 3633 Oxoniemis:
2109 3600 2147 3631 de
2171 3610 2237 3641 quo
2256 3599 2390 3631 Wadin-
