2788 4204
833 533 1918 696 PRAEFATIO

302 1184 315 1201 z
391 1162 486 1202 ff«
522 1165 556 1187 <2
575 1148 715 1188 ibrum
742 1147 850 1188 Peri
864 1146 1134 1187 hermeneias
1165 1144 1358 1199 sequitur
1389 1143 1665 1184 immediate
1656 1157 1698 1183 m
1737 1144 1915 1197 Organo
1936 1145 2179 1186 Aristotelis
2201 1153 2400 1189 tractatus
2423 1149 2476 1190 de

325 1244 329 1256 ,
369 1192 558 1286 Εῇἷῗζξῖζζ
574 1208 802 1250 Prioribus
822 1207 1058 1260 analyticis,
1084 1220 1239 1261 nempe
1262 1206 1316 1247 de
1338 1205 1606 1261 syllogismo
1631 1205 1802 1245 Etenim
1822 1207 2014 1275 operatio
2038 1207 2271 1249 intellectus
2298 1223 2476 1266 compo-

301 1263 325 1312 ;;’
414 1274 447 1314 ’4
490 1260 562 1308 ,εἶ’
607 1271 716 1311 entis
750 1276 792 1311 et
827 1269 1074 1317 dividentis,
1108 1282 1186 1309 seu
1220 1267 1474 1316 enunciatio,
1499 1267 1553 1308 de
1618 1281 1673 1308 ua
1706 1267 1866 1308 dictum
1901 1274 1965 1308 est
1987 1269 2028 1309 in
2052 1269 2160 1309 libro
2183 1271 2289 1311 Peri
2310 1272 2391 1312 her
2458 1296 2477 1303 -

304 1307 329 1369 ’ἵ
369 1231 549 1404 Y&
575 1285 713 1380 zeias,
749 1331 970 1372 ordinatur
1006 1331 1049 1371 in
1082 1330 1208 1371 nobis
1242 1330 1298 1370 ad
1330 1330 1496 1371 tertiam
1527 1281 1840 1383 opgrationem,
1874 1330 2035 1371 scilicet
2070 1331 2366 1381 ratiocinandi,
2390 1286 2479 1388 ἴξι-

318 1387 329 1402 '
429 1352 550 1422 δ’»
577 1408 708 1449 quam
731 1393 838 1434 ratio
859 1392 1055 1461 procedit
1076 1406 1102 1432 a
1123 1392 1236 1432 notis
1259 1391 1315 1432 ad
1337 1391 1658 1446 inquisitionem
1680 1391 1928 1446 ignotorum
1952 1392 2030 1445 (Cf.
2046 1393 2191 1433 Perih
2209 1394 2279 1434 lib
2297 1395 2326 1442 Ι,
2342 1395 2434 1436 lect
2450 1408 2476 1443 1,

291 1473 330 1500 n.
362 1460 416 1513 1).
453 1456 708 1524 Syllogisrni
739 1461 881 1496 autem
916 1454 1059 1495 variae
1098 1454 1371 1509 assignantur
1406 1454 1571 1508 species
1610 1467 1635 1493 a
1672 1453 1940 1508 philosophis
1975 1454 2138 1495 ratione
2169 1456 2368 1496 materiae
2402 1470 2478 1497 seu

291 1526 466 1561 naturae
502 1517 866 1587 propositionum,
908 1529 961 1557 ex
999 1516 1157 1570 quibus
1194 1516 1394 1556 coalescit
1426 1522 1468 1556 et
1498 1515 1711 1570 procedit:
1753 1521 1818 1556 est
1846 1516 1959 1556 enim
1987 1516 2265 1571 syllogismus
2297 1517 2478 1558 demon-

290 1582 505 1630 strativus,
529 1580 602 1635 qui
626 1579 888 1621 necessarias
910 1578 1229 1633 propositiones
1251 1578 1432 1618 assumit
1454 1583 1495 1618 et
1516 1577 1572 1618 ad
1595 1583 1730 1618 certas
1754 1578 2052 1619 conclusiones
2073 1578 2265 1627 deducit;
2290 1580 2481 1633 sequitur

291 1642 570 1699 syllogismus
604 1641 869 1688 dialecticus,
909 1640 1004 1694 qui,
1038 1646 1208 1680 servata
1245 1640 1435 1695 legitima
1468 1639 1747 1680 ratiocinandi
1781 1639 1935 1688 forma,
1975 1653 2028 1680 ex
2061 1641 2356 1694 probabilibus
2393 1655 2480 1682 non

242 1753 246 1757 ,
291 1711 407 1749 ,certa
428 1704 506 1745 sed
538 1703 778 1758 probabilia
815 1702 957 1751 infert;
996 1708 1061 1743 est
1093 1702 1279 1755 denique
1313 1701 1591 1757 syllogismus
1630 1701 1908 1755 sophisticus,
1947 1702 2020 1755 qui
2054 1708 2127 1742 aut
2159 1703 2397 1758 syllogismi
2420 1704 2481 1744 le-

292 1767 422 1823 gibus
456 1765 730 1821 posthabitis,
766 1770 840 1804 aut
871 1764 986 1804 falsis
1019 1764 1088 1804 vel
1128 1763 1378 1817 aequivocis
1421 1763 1792 1817 propositionibus
1832 1764 2082 1818 assumptis,
2123 1778 2263 1818 neque
2306 1771 2479 1814 certum,

293 1841 435 1882 neque
463 1827 687 1882 probabile
725 1825 961 1873 concludit,
999 1825 1076 1866 sed
1110 1825 1192 1866 sub
1227 1825 1475 1879 apparentia
1507 1825 1695 1865 veritatis
1733 1838 1932 1866 erroneas
1966 1826 2150 1866 insinuat
2183 1827 2479 1868 conclusiones

293 1890 373 1944 (Cf.
397 1890 415 1930 I
436 1890 615 1935 Foster„
649 1889 741 1928 lect.
766 1899 877 1935 xxn,
913 1901 952 1928 n.
979 1888 1032 1941 2).
1069 1887 1159 1927 Sed
1191 1887 1298 1927 ratio
1330 1887 1560 1927 scientifica
1589 1887 1777 1941 postulat
1803 1893 1864 1935 ut,
1895 1893 2125 1942 antequam
2166 1888 2219 1928 de
2254 1889 2479 1943 speciebus

291 1950 532 2006 syllogismi
557 1963 700 1990 sermo
727 1949 811 1997 fiat,
836 1948 891 1989 de
924 1949 1180 2004 syllogismo
1214 1949 1256 1989 in
1289 1962 1466 2004 genere,
1499 1962 1576 1989 seu
1611 1949 1664 1989 de
1698 1949 1953 2004 syllogismo
1988 1949 2224 1990 secundum
2247 1964 2369 1991 suam
2403 1965 2478 1992 na-

290 2019 430 2054 turam
469 2011 720 2053 disseratur:
764 2011 853 2051 fieri
894 2010 1007 2051 enim
1040 2011 1188 2064 nequit
1220 2017 1266 2051 ut
1298 2011 1455 2051 habeat
1487 2011 1583 2065 quis
1617 2011 1854 2065 specierum
1897 2011 2132 2059 scientiam,
2169 2012 2247 2052 nisi
2286 2019 2478 2054 naturam

290 2074 462 2130 generis
495 2074 577 2114 sub
612 2086 701 2127 quo
735 2073 900 2127 species
930 2072 1024 2112 illae
1059 2072 1308 2113 ordinantur
1348 2073 1494 2113 intime
1531 2079 1796 2127 praenoscat.
1841 2073 1940 2125 Qua
1973 2073 2026 2114 de
2061 2087 2188 2114 causa
2225 2075 2478 2116 Aristoteles

291 2135 607 2177 Posterioribus
638 2135 875 2187 analyticis,
900 2134 1080 2188 aliisque
1114 2134 1230 2175 libris
1274 2135 1317 2174 T
1309 2135 1525 2189 opicorum
1566 2140 1607 2175 et
1636 2135 1948 2183 Elenchorum,
1983 2136 2211 2190 praemittit
2242 2142 2476 2186 tractatum,

294 2198 367 2253 qui
397 2204 462 2238 est
490 2197 544 2238 de
566 2196 792 2237 Prioribus
813 2196 1050 2248 analyticis,
1074 2196 1157 2236 hoc
1191 2203 1266 2245 est,
1292 2196 1346 2236 de
1368 2197 1623 2251 syllogismo
1647 2197 1891 2251 simpliciter
1913 2197 2039 2237 dicto.
2063 2198 2307 2238 Posteriora
2334 2205 2476 2239 autem

292 2259 502 2313 analytica
535 2258 590 2299 de
621 2258 982 2299 demonstratione
1013 2264 1158 2313 agunt,
1194 2264 1236 2298 et
1267 2265 1366 2298 sunt
1398 2264 1624 2312 propterea
1657 2259 1752 2298 finis
1786 2259 1958 2299 ultimus
1991 2259 2121 2298 totius
2155 2259 2354 2300 scientiae
2387 2261 2477 2300 Lo-

292 2321 427 2377 gicae.
462 2321 530 2361 Eo
554 2320 667 2361 enirn
690 2320 785 2375 ipso
819 2320 940 2373 quod
967 2320 1225 2374 paucissima
1257 2326 1356 2360 sunt
1388 2320 1606 2374 principia,
1643 2333 1753 2374 quae
1788 2321 1914 2360 unico
1940 2321 2092 2360 mentis
2115 2321 2265 2361 intuitu
2288 2335 2391 2362 vera
2411 2322 2477 2362 vi-

294 2382 458 2431 dentur,
484 2388 526 2423 et
548 2395 699 2423 omnes
732 2382 864 2422 ferme
897 2381 1118 2430 veritates,
1152 2395 1263 2435 quae
1288 2395 1384 2422 cum
1409 2381 1657 2422 certitudine
1679 2382 1910 2431 scientifica
1935 2382 2176 2430 retinentur,
2201 2383 2370 2424 nonnisi
2393 2397 2476 2437 ope

293 2444 533 2499 syllogismi
572 2443 896 2484 demonstrativi
923 2443 1222 2484 'ratiocinando
1258 2443 1386 2496 (unde
1421 2443 1655 2484 rationales
1697 2443 1893 2498 dicimur)
1932 2444 2242 2485 concluduntur
2274 2459 2299 2485 a
2332 2445 2476 2494 nobis;

293 2506 349 2547 ad
387 2506 628 2561 syllogismi
668 2505 991 2546 demonstrativi
1032 2510 1224 2545 naturam
1263 2505 1558 2559 aperiendam,
1600 2511 1847 2559 rectumque
1881 2506 1971 2546 eius
2010 2519 2135 2546 usum
2182 2506 2475 2555 indicandum,

293 2568 495 2608 universa
526 2567 693 2622 Logica
726 2567 970 2607 destinatur

417 2629 576 2670 Libros
609 2629 904 2670 Posteriorum
937 2628 1246 2682 analyticorum
1279 2629 1426 2669 multis
1448 2629 1786 2676 obscuritatibus,
1812 2642 1900 2669 non
1922 2643 2046 2670 secus
2067 2643 2116 2670 ac
2140 2630 2294 2670 librum
2316 2614 2474 2678 Pcrih„

293 2705 384 2732 esse
414 2691 626 2731 involutos
658 2690 746 2744 (Cf.
771 2691 904 2744 Epist.
924 2703 1106 2744 nuncup.
1144 2703 1177 2730 S.
1195 2690 1297 2744 Th.)
1334 2690 1516 2731 fatentur
1551 2691 1834 2731 communiter
1870 2692 2149 2759 expositores.
2194 2692 2476 2743 «Quomodo

295 2753 420 2801 enim,
443 2753 585 2806 inquit
612 2753 653 2792 T
644 2752 877 2799 hcmzstzus,
913 2752 1117 2806 pleraque
1150 2752 1295 2792 omnia
1328 2752 1572 2793 Aristotelis
1599 2753 1765 2806 scripta,
1790 2753 1912 2806 quasi
1937 2752 1990 2794 de
2014 2753 2267 2807 composito,
2299 2753 2478 2809 caligine

295 2814 483 2868 quadam
516 2814 656 2855 offusa
688 2814 948 2868 oppletaque
980 2814 1201 2861 habentur,
1236 2813 1338 2854 illud
1370 2814 1642 2868 potissimum
1672 2809 1802 2868 opere
1836 2814 1918 2854 hoc
1951 2816 2140 2866 (Foster.
2165 2815 2389 2867 analytic.)
2413 2816 2476 2856 in-

295 2875 506 2931 telligitur,
542 2889 639 2916 curn
673 2877 732 2916 ob
766 2876 906 2930 ipsum
939 2888 1078 2931 genus
1112 2875 1376 2924 elocutionis,
1412 2876 1543 2930 quod,
1579 2876 1614 2916 si
1637 2876 1803 2923 alicubi,
1828 2876 2012 2916 maxime
2035 2890 2230 2930 pressum
2252 2876 2330 2924 hic,
2353 2890 2475 2930 prae-

297 2936 519 2991 cisumque
553 2943 628 2985 est,
662 2944 752 2977 turn
786 2937 844 2977 ob
880 2937 1027 2991 capita,
1062 2950 1174 2991 quae
1206 2937 1322 2977 nullo
1353 2937 1503 2978 ordine
1525 2937 1720 2978 visuntur
1747 2937 1953 2991 disposita
1978 2955 1992 2974 »
2022 2938 2315 2991 (Paraphras.
2338 2938 2382 2978 in
2405 2938 2473 2979 lib.

295 2998 674 3052 Poster.-Praef.).
709 2999 834 3050 Quae
868 2998 1124 3047 obscuritas,
1160 2998 1214 3039 de
1247 3012 1332 3052 qua
1366 3000 1639 3053 conqueritur
1671 2999 1932 3040 Themistius
1970 2999 2041 3053 qui
2075 3012 2276 3054 graecum
2312 3005 2474 3040 textum

296 3072 450 3114 graece
484 3060 739 3114 exponebat,
774 3060 908 3100 multo
943 3060 1081 3115 magis
1116 3060 1325 3100 existebat
1356 3074 1434 3115 pro
1469 3061 1548 3100 illis
1573 3061 1847 3109 scholasticis,
1872 3061 1944 3114 qui
1967 3067 2040 3101 aut
2061 3061 2230 3100 nonnisi
2252 3061 2475 3102 versiones

297 3134 351 3162 ex
383 3121 553 3161 arabica
585 3121 732 3176 lingua
763 3121 997 3169 habebant,
1032 3127 1105 3161 aut
1137 3122 1359 3162 versiones
1392 3122 1542 3162 latinas
1577 3136 1672 3162 cum
1696 3129 1812 3163 textu
1835 3135 1991 3177 graeco
2016 3135 2262 3176 comparare
2285 3136 2371 3163 non
2393 3136 2473 3177 po-

295 3188 443 3223 terant.
478 3182 591 3222 Hinc
623 3183 806 3223 Ioannes
849 3182 1179 3223 sarisburiensis
1213 3183 1328 3237 apud
1361 3184 1414 3223 A.
1437 3183 1643 3235 Jourdain
1678 3184 1975 3235 (Recherches
2012 3184 2211 3236 critiques
2249 3197 2330 3223 sur
2365 3183 2477 3237 lage

297 3246 341 3284 et
376 3257 457 3284 sur
486 3242 678 3296 loergme
715 3243 790 3284 des
830 3244 1096 3284 traductions
1136 3244 1290 3284 latinos
1326 3244 1577 3291 d'Aristotc,
1613 3245 1655 3284 N
1658 3256 1772 3285 OTEs
1805 3245 1943 3296 (h)).·
1989 3263 2004 3281 ‹
2043 3245 2334 3285 Posteriorum
2367 3259 2473 3286 vero

297 3305 617 3358 analyticorum,
651 3305 798 3358 inquit,
833 3305 999 3345 subtilis
1033 3305 1208 3359 quidem
1241 3306 1416 3346 scientia
1449 3311 1523 3353 est,
1559 3312 1600 3345 et
1632 3306 1778 3359 paucis
1811 3306 1992 3360 ingeniis
2025 3307 2182 3361 pervia.
2218 3306 2350 3358 Quod
2378 3307 2473 3360 qui-

299 3367 398 3408 dem
433 3380 486 3407 ex
519 3366 659 3407 causis
697 3366 890 3420 pluribus
933 3367 1104 3407 evenire
1134 3367 1406 3421 perspicuum
1449 3373 1523 3407 est.
1566 3366 1769 3407 Continet
1808 3367 1920 3407 enim
1963 3373 2096 3408 artem
2138 3367 2471 3416 demonstrandi,

298 3422 410 3483 quae
442 3441 544 3482 prae
578 3427 754 3468 caeteris
788 3428 1023 3468 rationibus
1051 3427 1292 3468 disserendi
1325 3427 1458 3468 ardua
1492 3434 1603 3468 est...
1638 3427 1710 3468 Ad
1743 3428 1863 3476 haec,
1898 3428 2004 3468 liber
2026 3442 2113 3482 quo
2137 3429 2473 3470 demonstrativa

297 3490 475 3531 traditur
507 3489 739 3543 disciplina,
763 3489 938 3529 caeteris
971 3489 1101 3543 longe
1133 3489 1341 3529 turbatior
1373 3495 1453 3537 est,
1490 3495 1531 3529 et
1562 3489 1892 3543 transpositione
1931 3503 2193 3539 sermonum,
2227 3491 2472 3532 traiectione

297 3552 540 3600 litterarum,
577 3550 857 3592 desuetudine
890 3551 1204 3604 exemplorum,
1248 3563 1359 3604 quae
1392 3564 1417 3591 a
1451 3550 1630 3591 diversis
1669 3550 1898 3605 disciplinis
1938 3557 2128 3592 mutuata
2159 3558 2268 3596 sunt.
2303 3553 2359 3594 Et
2390 3566 2471 3607 po-
