2788 4204
52 511 64 522 '
73 510 148 533 Codd.
156 511 265 541 lenzani:

51 544 97 565 per
110 536 228 558 accidens.

152 673 167 702 ζ

154 792 170 816 η

53 1312 158 1334 ⁸¹:81.

55 1361 201 1383 ἰειιιεεηι.

1111 265 1223 302 CAP.
1252 265 1357 312 VIII,
1389 265 1540 302 LECT.
1570 265 1659 302 XVI

291 359 361 398 per
392 345 468 383 dici
501 346 546 382 de
582 345 696 382 omni.
733 344 910 381 Secunda
943 343 1134 380 conclusio
1170 352 1225 381 est
1256 345 1360 392 quod

293 412 417 449 neque
447 398 733 445 demonstratio,
762 409 888 445 neque
917 397 1071 434 scientia
1099 404 1154 433 est
1182 398 1362 447 corrupti-

293 453 447 499 bilium,
481 452 675 502 loquendo
708 450 940 500 simpliciter,
970 450 1038 487 sed
1070 452 1196 488 solum
1230 464 1362 488 secun-

295 507 388 544 dum
406 506 427 527 *
446 506 633 543 accidens,

351 561 385 597 3.
416 559 565 599 Deinde
600 570 688 594 cum
723 557 830 594 dicit:
873 557 983 600 Quod
1013 562 1138 594 autem
1173 558 1363 594 universa-

295 613 378 650 liter
397 618 500 658 etc.‘,
516 611 658 649 inducit
677 610 863 648 rationem
893 610 940 647 ad
959 610 1204 659 probandum
1223 623 1363 659 propo-

296 666 384 703 sitas
400 665 677 702 conclusiones:
693 676 791 712 quae
802 664 884 701 talis
900 672 965 700 est.
983 663 1246 700 Conclusionis
1257 662 1272 690 ἶ
1283 676 1364 700 cor-

296 717 491 767 ruptibilis,
521 725 558 754 et
585 730 664 754 non
692 717 962 766 sempiternae,
984 729 1062 753 non
1083 725 1139 754 est
1156 717 1195 754 in
1214 729 1254 753 se
1276 730 1364 754 con-

296 772 414 808 tinere
429 771 535 819 quod
555 778 610 807 est
622 770 895 817 universaliter,
916 770 985 807 sed
1004 770 1208 818 aliquando
1226 778 1261 807 et
1276 771 1328 807 sic
1337 776 1362 807 ¹¹.

296 824 452 862 Dictum
481 832 537 861 est
565 824 666 862 enim
696 837 810 872 supra
844 824 948 872 quod
983 823 1058 860 dici
1083 825 1128 861 de
1156 824 1260 860 omni
1287 824 1364 861 duo

298 877 474 924 continet,
505 877 643 914 scilicet
671 878 777 926 quod
804 890 883 914 non
911 878 949 914 in
977 877 1148 925 quodam
1181 877 1244 914 sic·
1263 885 1299 914 et
1326 877 1365 914 in

296 930 468 979 quodam
488 943 583 978 non,
620 939 655 968 et
674 931 831 978 iterum,
862 931 967 979 quod
987 943 1065 967 non
1085 931 1288 978 aliquando
1313 930 1364 967 sic

299 991 335 1021 et
353 984 557 1032 aliquando
586 997 665 1021 non
679 985 709 1021 *.
732 986 774 1021 In
794 984 972 1021 omnibus
992 992 1121 1020 autem
1143 983 1364 1032 corruptibi-

297 1037 395 1074 libus
413 1034 426 1058 ⁰
445 1037 634 1075 invenitur
662 1037 866 1086 aliquando
896 1037 948 1074 sic
978 1045 1014 1074 et
1041 1037 1245 1085 aliquando
1274 1048 1364 1073 non.

297 1089 409 1128 Unde
427 1097 531 1139 patet
548 1090 654 1138 quod
681 1090 720 1127 in
749 1090 1052 1139 corruptibilibus
1076 1102 1154 1126 non
1177 1089 1367 1126 invenitur

297 1143 373 1180 dici
389 1143 434 1180 de
453 1143 571 1189 omni,
593 1143 673 1180 sive
694 1143 799 1191 quod
824 1151 880 1180 est
902 1142 1173 1180 universaliter.
1205 1142 1282 1179 Sed
1301 1141 1367 1178 ubi

298 1195 490 1232 conclusio
506 1203 562 1232 est
575 1208 655 1232 non
664 1196 898 1242 universalis,
915 1203 1064 1244 oportet
1079 1195 1245 1243 aliquam
1258 1206 1366 1243 prae-

297 1248 500 1285 missarum
530 1261 612 1286 esse
640 1261 719 1286 non
746 1249 1015 1286 universalem.
1042 1248 1247 1285 Conclusio
1277 1259 1366 1295 ergo

299 1301 549 1350 corruptibilis
581 1309 733 1350 oportet
760 1302 865 1351 quod
879 1302 900 1323 *
914 1309 1093 1349 sequatur
1121 1313 1166 1338 ex
1184 1300 1367 1349 praemis-

297 1353 358 1403 sis,
379 1367 543 1403 quarum
572 1355 689 1392 altera
707 1367 786 1392 non
805 1355 850 1392 sit
868 1354 1102 1391 universalis.
1126 1354 1227 1391 Cum
1248 1354 1368 1402 ergo*

254 1412 260 1414 “
294 1406 385 1444 huic
414 1407 722 1445 coniunxerimus
750 1407 855 1456 quod
885 1407 1157 1445 demonstratio
1191 1407 1367 1456 simplici-

56 1688 156 1712 ’Euan
163 1694 212 1711 om.
219 1694 243 1710 ο.

296 1467 354 1498 ter
380 1472 533 1510 semper
551 1461 664 1499 debet
692 1467 796 1498 esse·
811 1473 857 1498 ex
883 1461 1171 1508 universalibus,
1202 1461 1369 1509 sequitur

297 1513 401 1563 quod
431 1514 703 1551 demonstratio
736 1527 816 1551 non
842 1514 962 1563 possit
989 1515 1129 1551 habere
1159 1514 1367 1551 conclusio-

297 1579 388 1604 nem
417 1567 716 1617 corruptibilem,
747 1568 813 1605 sed
843 1567 1126 1616 sempiternam.

349 1631 388 1667 4.
417 1620 566 1658 Deinde
596 1633 685 1658 cum
720 1621 824 1658 dicit:
855 1621 1032 1658 Similiter
1065 1633 1106 1657 se
1141 1621 1253 1657 habet
1279 1627 1365 1666 etc.,

298 1673 462 1710 ostendit
489 1673 594 1722 quod
623 1673 738 1711 etiam
756 1675 777 1695 '¹'
797 1674 966 1711 definitio
996 1681 1052 1711 est
1078 1686 1156 1711 non
1186 1673 1367 1722 corrupti-

298 1725 442 1774 bilium,
472 1727 541 1764 sed
569 1727 900 1776 sempiternorum,
929 1727 992 1764 tali
1012 1727 1166 1764 ratione.
1197 1728 1368 1764 Demon-

299 1779 426 1817 stratio
455 1787 642 1829 quantum
671 1780 718 1818 ad
745 1780 930 1830 principia
959 1787 996 1817 et
1023 1780 1285 1817 conclusiones
1314 1787 1370 1816 est

351 1988 374 2024 ε)
394 1989 498 2015 Deinde
515 1997 575 2015 cum
595 1990 674 2015 dicit:
691 1990 765 2023 quod
782 1993 870 2015 autem
887 1990 1073 2016 uniuersaliter
1091 1990 1270 2016 ete—Notata
1290 1991 1366 2023 digna

298 2029 360 2050 mut
377 2033 445 2058 quae
458 2025 536 2050 habet
550 2025 687 2051 Caietanus
701 2025 727 2050 in
741 2026 750 2050 1
764 2026 876 2055 Foster„
892 2034 948 2058 cap.
963 2034 987 2051 tx
1001 2026 1026 2050 in
1047 2026 1153 2059 princip.
1169 2026 1223 2058 (fol.
1240 2025 1273 2050 50
1286 2034 1364 2057 vers„

298 2060 348 2086 ool.
364 2061 405 2094 2):
425 2069 440 2085 α
450 2061 572 2091 Adverte,
591 2061 684 2094 inquit,
704 2061 769 2086 circa
783 2061 883 2086 literam
903 2062 990 2086 duo.-
1005 2062 1121 2086 Primum
1141 2067 1181 2086 est
1198 2062 1269 2094 quod
1283 2066 1366 2086 textus

298 2104 313 2120 a
329 2096 460 2128 glossatus
470 2104 485 2121 a
495 2101 584 2121 sancto
593 2096 696 2121 Thoma
710 2095 861 2122 affirmative
871 2097 964 2129 legitur
973 2097 1006 2121 ibi
1018 2097 1111 2128 (Quod
1125 2100 1214 2122 autem
1229 2097 1365 2122 universa-

299 2141 312 2155 »
329 2131 391 2156 liter
403 2139 455 2157 non
471 2132 553 2164 ipsius
566 2132 632 2164 est):
646 2132 704 2157 dico
716 2136 803 2157 autem
818 2132 874 2163 hoc,
890 2133 950 2165 quia
964 2133 1073 2157 aliorum
1087 2138 1170 2157 textus
1186 2133 1275 2157 habet:
1288 2133 1367 2163 Quod

299 2177 313 2190 ›
328 2170 418 2192 autem
438 2167 624 2192 universaliter
638 2167 729 2200 (ipsius
744 2167 794 2200 est)
813 2173 861 2192 etc.
875 2182 896 2187 -
911 2168 1059 2193 Secundum
1074 2173 1115 2193 est
1127 2169 1198 2201 quod
1209 2176 1269 2193 curn
1284 2169 1365 2193 multa

299 2211 314 2226 »
329 2202 434 2235 antiqua
447 2203 632 2228 commentaria
645 2211 666 2228 s.
677 2203 795 2228 Thomae
808 2203 925 2234 viderim,
940 2204 966 2228 in
980 2204 1052 2228 nullo
1066 2203 1151 2228 inveni
1162 2204 1276 2235 glossam
1286 2204 1318 2228 ab
1333 2212 1364 2229 eo

298 2246 314 2261 ν
328 2238 408 2263 verba
425 2242 508 2263 textus
526 2238 675 2263 immediate
696 2238 830 2271 sequentia
850 2237 895 2272 (ly,
914 2246 997 2272 quare
1015 2242 1042 2264 et
1059 2239 1259 2269 conclusionem,
1279 2247 1365 2272 usque

299 2282 313 2296 »
329 2273 362 2298 ad
375 2273 410 2306 ly,
424 2273 548 2299 similiter
564 2280 592 2298 se
610 2273 689 2299 habet
707 2273 775 2308 etc.).
794 2274 874 2299 Miror
892 2279 978 2299 autem
998 2275 1029 2299 de
1048 2274 1110 2304 hoc,
1130 2275 1189 2307 quia
1208 2275 1234 2299 in
1253 2275 1364 2307 antiquis

299 2317 314 2332 >v
329 2312 413 2334 textus
427 2309 603 2341 (Aristotelis)
622 2309 812 2342 exemplaribus
830 2309 910 2334 verba
929 2310 971 2335 illa
985 2310 1158 2341 inveniuntur,
1174 2315 1199 2335 et
1213 2315 1273 2335 sunt
1286 2310 1364 2335 haec:

299 2354 313 2367 2
331 2344 397 2369 Cum
415 2344 458 2373 sit,
474 2352 527 2369 non
547 2345 721 2370 universalem
740 2347 838 2373 autem,
857 2345 930 2378 quod
947 2346 996 2370 hoc
1010 2346 1115 2378 quidem
1135 2346 1194 2374 erit,
1208 2346 1257 2371 hoc
1274 2350 1364 2371 autem

299 2389 314 2403 ι
329 2387 381 2404 non
395 2379 508 2408 erit,·ex
519 2379 613 2412 quibus
627 2382 680 2408 est,·
698 2387 782 2413 quare
800 2387 851 2406 non
870 2384 910 2407 est
927 2381 1090 2414 syllogizare
1109 2381 1302 2410 universaliter,
1317 2381 1366 2406 sed

299 2423 314 2438 a
328 2415 453 2447 quoniam
473 2422 543 2440 nunc
559 2418 608 2441 est.
627 2416 701 2446 Quae
719 2416 792 2440 salvo
811 2415 910 2440 meliori
924 2416 1017 2441 iudicio
1039 2422 1149 2449 possunt
1168 2416 1204 2441 sic
1223 2417 1364 2441 continuari

299 2459 314 2474 ι
329 2458 389 2475 cum
401 2450 562 2483 expositione
579 2458 601 2475 s.
611 2451 867 2481 Thomae:-Quare
880 2456 906 2476 et
919 2451 1113 2476 conclusionem
1130 2459 1237 2476 necesse
1252 2458 1291 2477 est
1305 2460 1364 2477 esse

298 2494 314 2510 ι
329 2486 526 2519 sempiternam,
546 2494 606 2511 cum
626 2486 659 2510 sit
676 2486 819 2519 praemissa
840 2486 1006 2511 universalis:
1026 2495 1079 2512 non
1091 2488 1264 2512 universalem
1277 2493 1363 2512 autem

299 2531 312 2544 ι
328 2521 499 2554 praemissam
519 2522 584 2552 dico,
603 2521 676 2554 quod
693 2522 742 2547 hoc
760 2522 865 2554 quidem
880 2522 943 2551 erit,
963 2522 1012 2547 hoc
1025 2526 1114 2548 autem
1134 2530 1186 2548 non
1209 2523 1268 2551 erit,
1289 2523 1364 2554 idest,

299 2565 314 2580 ²
329 2557 435 2589 quando
453 2557 479 2581 in
497 2556 547 2582 hoc
558 2557 600 2582 vel
615 2565 683 2582 nunc
697 2557 834 2589 continget,
849 2562 875 2582 et
892 2558 919 2582 in
937 2557 987 2582 hoc
1005 2558 1055 2582 alio
1068 2559 1110 2583 vel
1125 2564 1186 2583 tunc
1200 2566 1252 2582 non
1265 2558 1363 2583 contin-

298 2600 314 2616 »
329 2596 373 2624 get
386 2592 506 2624 coniungi
529 2592 668 2622 terminos,
694 2600 724 2617 ex
743 2593 839 2625 quibus
862 2597 914 2623 est;
939 2598 964 2618 et
988 2599 1124 2626 propterea
1147 2601 1206 2618 cum
1229 2593 1271 2618 tali
1290 2601 1363 2627 prae-

298 2635 314 2651 >
329 2627 409 2652 missa
422 2635 474 2652 non
486 2630 527 2653 est
539 2628 710 2661 syllogizare,
724 2628 791 2653 idest
805 2629 958 2653 concludere
975 2629 1161 2659 universaliter,
1177 2629 1224 2653 sed
1237 2629 1362 2662 quoniam

299 2671 314 2687 ι
329 2670 399 2688 nunc
416 2666 464 2688 est.
476 2671 490 2686 »

352 2698 445 2729 Quoad
471 2699 582 2731 primam
607 2703 707 2731 partem
734 2699 964 2724 animadversionis
989 2699 1101 2725 Caietani
1126 2700 1263 2725 dicendum
1293 2700 1364 2733 quod

298 2733 591 2759 diversitasffectionum
610 2734 636 2759 in
653 2734 816 2759 versionibus
835 2735 919 2759 latinis
939 2742 969 2759 ex
987 2739 1056 2760 textu
1075 2735 1133 2768 ipso
1147 2743 1240 2767 graeco
1260 2736 1364 2760 derivat.

297 2768 378 2794 Teste
396 2769 466 2794 enim
484 2769 630 2803 Philopono
642 2770 668 2794 in
682 2770 811 2800 IPoster.,
830 2770 855 2802 g.
868 2770 1042 2804 Manifestum
1056 2774 1096 2796 est
1114 2776 1174 2795 etc.:
1195 2781 1207 2793 ι
1223 2771 1365 2804 Dupliciter

300 2813 314 2827 ι»
334 2809 422 2830 autem
441 2804 522 2830 fertur
535 2805 672 2838 scriptura:
694 2805 805 2838 plurima
820 2805 889 2830 enim
906 2806 1088 2831 commentaria
1110 2805 1213 2837 habent,
1231 2806 1363 2837 Quoniam

301 2849 314 2862 »
335 2839 521 2866 universaliter
534 2840 616 2873 ipsius
630 2844 684 2870 est‚·
704 2841 832 2873 quaedam
847 2846 946 2871 autem,
963 2841 1094 2872 Quoniam
1109 2849 1161 2867 non
1179 2842 1365 2868 universaliter

301 2884 314 2898 »
335 2874 418 2907 ipsius
435 2878 475 2901 est
485 2886 499 2899 ι
514 2875 583 2909 (pag.
596 2875 637 2907 35,
652 2876 702 2901 col.
714 2876 749 2908 2).
768 2877 883 2908 Vestigia
897 2877 1013 2901 lectionis
1034 2877 1133 2910 primae
1151 2876 1260 2902 affirmat
1279 2878 1362 2902 Waitz

299 2909 362 2942 (Op.
368 2910 418 2940 eit„
428 2911 492 2944 p.11‚
501 2911 596 2942 Schol„
609 2919 667 2944 pag.
675 2911 736 2944 322)
747 2911 835 2936 haberi
846 2912 872 2936 in
882 2912 969 2937 codice
980 2913 1153 2937 Laurentiano
1164 2921 1206 2945 72,
1215 2912 1238 2937 5.
1249 2914 1365 2938 Alteram

298 2952 362 2970 vero
380 2945 465 2978 prodit
483 2946 621 2971 Boethius:
641 2947 678 2972 Et
696 2954 748 2972 non
768 2947 924 2972 universalis
943 2948 1025 2980 ipsius
1043 2951 1095 2977 est,
1115 2948 1163 2973 sed
1175 2949 1319 2981 aliquando
1338 2952 1365 2974 et

298 2980 338 3006 sic
355 2980 446 3014 (Opp.,
464 2981 587 3011 Basileae,
608 2982 676 3015 apud
692 2982 851 3007 Henrichum
866 2983 979 3014 Petrum,
997 2982 1071 3014 1516,
1086 2991 1144 3016 pag.
1165 2983 1235 3016 528),
1254 2989 1280 3008 et
1297 2984 1364 3009 hanc

299 3016 463 3048 amplectitur
473 3015 570 3048 Waitz,
585 3022 610 3041 et
622 3017 740 3050 sequitur
753 3017 838 3047 Didot‚
853 3023 882 3042 ut
895 3018 921 3042 in
936 3023 1006 3043 textu
1024 3019 1112 3043 videre
1131 3024 1207 3044 est.-
1220 3019 1363 3052 Utramque

299 3051 438 3076 lectionem
455 3051 636 3084 interpretatur
649 3057 726 3085 atque
740 3053 766 3076 in
779 3053 877 3077 bonum
891 3060 998 3078 sensum
1011 3053 1088 3078 trahit
1099 3054 1271 3087 Philoponus:
1291 3064 1306 3078 ι
1318 3056 1363 3080 Se-

301 3095 315 3110 »
335 3086 418 3111 cunda
432 3086 547 3119 quidem,
562 3087 661 3120 inquit,
681 3087 807 3120 scriptura
821 3088 908 3113 dicens
923 3096 974 3113 non
992 3089 1184 3118 universaliter,
1205 3090 1365 3115 manifestior

301 3130 315 3146 a
335 3121 391 3152 erit,
405 3121 479 3153 idest,
488 3122 613 3154 quoniam
629 3130 681 3147 non
697 3123 845 3148 universale
858 3127 898 3148 est
912 3123 1049 3149 Socratem
1064 3132 1119 3150 esse
1132 3125 1247 3150 animal:
1260 3126 1364 3150 univer-

301 3167 314 3180 ›
335 3157 390 3181 sale
409 3157 477 3182 enim
496 3162 550 3182 erat
563 3158 638 3190 'quod
651 3158 743 3190 primo
757 3163 783 3183 et
801 3159 874 3183 omni
894 3164 919 3183 et
936 3166 1040 3192 semper
1057 3160 1174 3185 subiecto
1192 3161 1292 3185 inest...
1306 3161 1364 3185 Alia

301 3202 314 3216 ›
335 3197 422 3217 autem
436 3192 561 3225 scriptura
575 3192 671 3224 dicens,
685 3194 810 3226 quoniam
828 3194 1013 3220 universaliter
1026 3195 1109 3227 ipsius
1122 3199 1169 3225 est,
1184 3204 1232 3229 pro
1247 3204 1278 3221 eo
1293 3197 1363 3229 quod

301 3238 314 3251 ›
335 3231 375 3252 est
394 3228 426 3252 de
444 3227 516 3252 omni
534 3228 590 3253 vult
607 3228 744 3259 declarare,
762 3229 837 3260 idest,
852 3230 974 3262 quoniam
993 3231 1079 3255 omnis
1098 3230 1177 3255 homo
1196 3231 1289 3255 animal
1309 3236 1362 3262 est,

301 3273 314 3286 ›
334 3267 441 3296 propter
457 3262 508 3288 hoc
526 3267 552 3288 et
570 3264 688 3288 Socrates
703 3264 796 3288 animal
812 3270 862 3290 est:
881 3265 953 3289 omni
967 3265 1036 3290 enim
1050 3266 1149 3290 homini
1161 3266 1228 3291 inest
1241 3264 1360 3290 animal»

299 3298 362 3331 (Op.
382 3303 407 3323 et
425 3299 475 3324 loc.
489 3298 550 3330 cit.).
564 3311 585 3319 —-·
599 3299 639 3323 Ad
659 3307 681 3324 s.
695 3298 826 3324 Thomam
850 3304 935 3324 autem
959 3301 1031 3333 quod
1056 3301 1157 3331 attinet,
1182 3301 1244 3325 mihi
1262 3301 1364 3326 videtur

297 3338 395 3359 textum
414 3333 606 3359 Aristotelicum
625 3334 657 3359 ab
676 3342 708 3359 eo
727 3335 818 3367 exponi
833 3343 886 3359 non
900 3343 975 3360 secus
989 3344 1019 3361 ac
1033 3337 1168 3369 exponitur
1186 3344 1200 3360 a
1219 3336 1363 3369 Philopono

298 3369 325 3395 ln
339 3377 419 3394 sensu
439 3369 567 3394 secundae
586 3369 702 3394 lectionis
717 3370 920 3404 manifestioris:
938 3371 968 3395 In
987 3371 1208 3403 corruptibilibus,
1228 3371 1263 3395 ait
1277 3372 1363 3403 Ange-

299 3404 373 3435 licus,
388 3405 413 3429 in
432 3412 527 3437 genere
541 3404 659 3438 loquens,
675 3413 726 3430 non
742 3405 876 3430 invenitur
889 3406 943 3431 dici
956 3406 989 3431 de
1005 3407 1085 3435 omni,
1099 3406 1154 3431 sive
1167 3407 1239 3438 quod
1252 3410 1291 3431 est
1306 3407 1363 3431 uni-

298 3440 437 3466 versale.—-
448 3440 580 3470 Quoniam
600 3447 652 3465 non
669 3441 830 3470 universale,
850 3441 934 3474 inquit
948 3441 1107 3474 Philoponus
1126 3440 1316 3474 exemplificans
1332 3442 1363 3466 de

299 3476 411 3506 Socrate,
431 3479 471 3500 est
490 3475 628 3501 Socratem
646 3482 702 3501 esse
719 3476 829 3501 animal.

351 3511 439 3537 Altera
461 3519 521 3544 pars
546 3510 774 3536 animadversionis
798 3511 910 3536 Caietani
933 3511 1036 3545 respicit
1054 3512 1180 3541 lacunam,
1204 3520 1282 3544 quarn
1307 3512 1364 3545 ipse

298 3546 391 3571 retinet
408 3554 468 3571 esse
486 3546 512 3571 in
525 3546 683 3580 expositione
702 3554 725 3572 s.
738 3546 864 3576 Thomae,
879 3548 952 3580 quasi
967 3547 1046 3572 verba
1061 3547 1103 3572 illa
1121 3552 1217 3572 textus:
1240 3548 1304 3572 Cum
1319 3548 1361 3577 sit,

299 3589 351 3607 non
367 3582 541 3607 universalem
562 3587 609 3607 etc.
624 3581 680 3606 sine
699 3582 884 3607 commentario
898 3582 1081 3615 relinquantur.
1101 3583 1152 3607 Sed
1171 3590 1233 3615 pace
1250 3583 1297 3607 viri
1317 3583 1363 3607 do-

299 3617 407 3642 ctissimi
427 3617 532 3642 dixerim
555 3617 617 3642 nihil
642 3617 704 3642 mihi
723 3617 803 3642 videri
822 3625 836 3642 a
855 3625 876 3643 s.
891 3618 993 3643 'I‘homa
1012 3626 1070 3643 esse
1089 3618 1215 3643 relictum.
1241 3617 1318 3649 Quod
1336 3624 1364 3643 ut

441 3671 510 3704 Opp.
530 3671 561 3696 D.
576 3671 690 3696 Tnouas
709 3671 741 3696 T.
761 3672 779 3696 Ι.

2410 278 2480 303 201

1418 345 1740 394 sempiternorum
1774 351 1811 381 et
1838 357 1917 381 non
1951 344 2266 393 corruptibilium3
2299 345 2367 382 sed
2395 346 2487 382 defi-

1418 398 1508 435 nitio
1527 399 1590 435 vel
1611 406 1666 435 est
1683 397 1923 447 principium,
1952 398 2015 434 vel
2036 398 2228 435 conclusio
2253 398 2487 435 demonstra-

1418 451 1542 498 tionis,
1562 452 1625 488 vel
1642 451 1916 488 demonstratio
1931 451 1952 472 '¹‘
1969 450 2156 499 positione
2179 451 2376 497 differens;
2399 464 2487 499 ergo

1420 504 1589 541 definitio
1618 517 1697 541 non
1735 512 1790 541 est
1827 504 2148 553 corruptibilium,
2189 505 2256 541 sed
2294 505 2488 553 sempiter-

1418 570 1570 594 norum.

1477 612 1509 648 5.
1538 610 1601 647 Ad
1634 610 1864 647 intellectum
1903 617 2031 647 autem
2065 610 2178 647 huius
2206 610 2333 647 literae
2371 610 2489 647 scien-

1421 663 1514 700 dum
1544 671 1599 700 est
1618 663 1723 711 quod
1753 663 1932 711 contingit
1960 663 2199 700 definitiones
2220 663 2388 701 diversas
2409 664 2488 701 dari

1421 717 1592 754 eiusdem
1617 716 1686 763 rei,
1716 724 1887 765 sumptas
1911 728 1957 753 ex
1985 716 2143 753 diversis
2173 717 2304 754 causis.
2341 717 2489 754 Causae

1420 777 1550 806 autern
1576 770 1624 806 ad
1644 770 1810 806 invicem
1839 769 2014 806 ordinem
2038 770 2198 806 habent:
2228 783 2318 807 nam
2349 782 2394 806 ex
2412 783 2490 808 una

1421 823 1581 860 sumitur
1613 822 1707 859 ratio
1741 823 1903 859 alterius.
1943 823 2001 859 Ex
2034 823 2157 859 forma
2191 823 2292 860 enim
2330 824 2491 861 sumitur

1421 876 1514 912 ratio
1544 875 1747 912 materiae:
1777 876 1891 912 talem
1930 875 2032 912 enim
2066 884 2215 925 oportet
2253 889 2334 913 esse
2369 885 2487 914 mate-

1421 929 1528 975 riam,
1558 930 1711 977 qualem
1740 929 1863 965 forma
1884 928 2046 977 requirit.
2078 929 2257 967 Efficiens
2282 938 2409 967 autem
2435 938 2491 967 est

1421 982 1514 1018 ratio
1544 982 1712 1018 formae:
1743 981 1831 1030 quia
1861 981 1963 1018 enim
1997 993 2111 1029 agens
2146 983 2219 1030 agit
2247 983 2318 1019 sibi
2346 984 2487 1030 simile,

1421 1042 1571 1083 oportet
1589 1034 1694 1082 quod
1713 1033 1926 1070 secundum
1945 1034 2107 1071 modum
2136 1036 2278 1083 agentis
2302 1037 2347 1073 sit
2375 1037 2489 1074 etiam

1420 1087 1561 1124 modus
1589 1087 1748 1133 formae,
1779 1099 1877 1134 quae
1907 1099 1953 1123 ex
1981 1087 2128 1124 actione
2149 1090 2401 1138 consequitur.
2431 1091 2490 1126 Ex

1421 1140 1498 1176 fine
1527 1147 1655 1176 autem
1680 1140 1841 1176 sumitur
1860 1140 1953 1176 ratio
1983 1141 2176 1178 efficientis
2192 1143 2233 1178 =¹⁸:
2263 1155 2353 1179 nam
2373 1155 2489 1180 omne

1422 1205 1537 1240 agens
1566 1192 1640 1240 agit
1666 1201 1822 1241 propter
1849 1194 1980 1230 finem.
2012 1194 2173 1242 Oportet
2192 1207 2281 1243 ergo
2301 1197 2404 1244 quod
2426 1196 2489 1233 de-

1421 1245 1554 1292 finitio,
1575 1257 1674 1294 quae
1699 1245 1859 1282 sumitur
1878 1258 1900 1283 a
1919 1247 2008 1293 fine,
2038 1247 2083 1283 sit
2103 1247 2195 1284 ratio
2217 1256 2252 1285 et
2272 1261 2384 1286 causa
2402 1262 2489 1298 pro-

1422 1299 1549 1336 bativa
1578 1298 1738 1336 aliarum
1772 1299 2057 1347 definitionum,
2092 1312 2189 1348 quae
2218 1311 2418 1339 sumuntur
2446 1315 2491 1340 ex

1422 1352 1502 1390 aliis
1532 1352 1665 1389 causis.
1696 1353 1893 1389 Ponamus
1922 1365 2011 1400 ergo
2041 1353 2135 1390 duas
2156 1354 2393 1392 definitiones
2423 1356 2488 1393 do-

1423 1418 1525 1452 mus,
1547 1418 1710 1454 quarum
1729 1418 1807 1442 una
1826 1414 1997 1443 sumatur
2011 1419 2033 1443 a
2051 1419 2164 1444 causa
2182 1408 2376 1454 materiali,
2393 1421 2490 1457 quae

1422 1459 1468 1496 sit
1486 1459 1506 1480 *
1525 1458 1623 1495 talis:
1652 1460 1800 1495 Domus
1823 1465 1878 1495 est
1904 1460 2220 1508 cooperimentum
2255 1462 2489 1499 constitutum

1422 1525 1472 1549 ex
1489 1512 1684 1560 lapidibus,
1704 1518 1870 1549 cemento
1890 1513 1910 1533 *
1938 1518 1975 1549 et
1999 1513 2122 1563 lignis.
2152 1513 2236 1550 Alia
2256 1523 2426 1552 sumatur
2445 1528 2490 1552 ex

1424 1577 1537 1602 causa
1556 1565 1671 1611 finali,
1688 1577 1786 1613 quae
1802 1565 1847 1602 sit
1866 1565 1963 1603 talis:
1992 1567 2140 1603 Domus
2159 1573 2214 1604 est
2238 1569 2489 1620 cooperimen-

1422 1625 1500 1655 tum
1517 1619 1752 1667 *prohibens
1784 1631 1852 1655 nos
1880 1631 1904 1655 a
1926 1619 2086 1668 pluviis,
2103 1620 2263 1670 frigore
2290 1627 2326 1657 et
2351 1622 2487 1658 calore.

1422 1673 1553 1709 Potest
1573 1683 1661 1719 ergo
1686 1671 1809 1720 prima
1829 1672 1997 1709 definitio
2023 1673 2272 1710 demonstrari
2294 1686 2337 1710 ex
2358 1687 2489 1712 secun-

1424 1725 1485 1771 da,
1506 1725 1582 1762 hoc
1601 1725 1720 1762 modo
1735 1725 1772 1761 *z
1790 1725 1918 1762 Omne
1939 1726 2268 1774 cooperimentum
2282 1728 2489 1776 prohibens

1424 1790 1495 1815 nos
1515 1791 1537 1815 a
1556 1777 1706 1827 pluviiS,
1736 1777 1873 1826 frigore
1902 1786 1938 1815 et
1965 1780 2088 1816 calore
2109 1787 2258 1828 oportet
2281 1781 2385 1829 quod
2411 1782 2490 1819 sit*

1421 1990 1524 2015 brevius
1545 1991 1722 2015 demonstrem
1746 1995 1912 2015 assumantur
1930 1998 1996 2023 quae
2016 1991 2151 2016 caietanus
2171 1992 2281 2024 profert,
2305 1993 2421 2019 addenda
2440 2002 2489 2019 suo

1421 2026 1515 2051 iudicio
1538 2026 1690 2058 expositioni
1709 2033 1730 2050 s.
1743 2025 1875 2050 Thomae:
1899 2028 1934 2056 ι’,
1956 2026 2046 2056 Quare
2070 2030 2097 2051 et
2120 2028 2311 2053 conclusionem
2331 2036 2432 2054 necesse
2450 2033 2490 2055 est

1420 2069 1476 2087 esse
1490 2062 1686 2093 sempiternam,
1699 2069 1759 2086 cum
1774 2061 1810 2086 sit
1818 2061 1970 2093 praemissa
1985 2062 2148 2087 universalis.
2168 2064 2218 2087 Sed
2238 2063 2300 2088 haec
2319 2064 2445 2089 habentur
2463 2066 2489 2090 in

1421 2105 1442 2122 s.
1453 2097 1564 2127 Thoma‚
1580 2105 1639 2122 cum
1655 2097 1702 2121 ait:
1728 2097 1794 2122 Cum
1809 2104 1903 2130 ergo...
1918 2097 2109 2122 demonstratio
2123 2098 2278 2130 simpliciter
2296 2107 2399 2132 semper
2413 2101 2490 2126 debet

1420 2140 1475 2158 esse
1493 2140 1531 2158 ex
1550 2133 1753 2160 universalibus,
1773 2133 1893 2165 sequitur
1916 2133 1988 2165 quod
2011 2133 2202 2159 demonstratio
2221 2142 2272 2159 non
2287 2136 2374 2167 possit
2392 2136 2488 2161 habere

1420 2168 1613 2194 conclusionem
1631 2168 1842 2200 corruptibilem,
1862 2168 1910 2193 sed
1927 2168 2124 2200 sempiternam.
2145 2171 2184 2199 α’,
2204 2169 2371 2203 Prosequitur
2390 2172 2488 2196 Caieta-

1420 2212 1482 2228 nus:
1502 2204 1562 2228 Non
1583 2203 1756 2228 universalem
1776 2207 1864 2228 autem
1879 2204 2056 2235 praemissam
2070 2204 2136 2230 dico.
2158 2205 2229 2237 quod
2241 2205 2289 2230 hoc
2302 2206 2407 2238 quidem
2427 2207 2486 2236 erit,

1420 2239 1469 2265 hoc
1487 2242 1575 2264 autem
1596 2247 1646 2264 non
1666 2239 1725 2267 erit,
1741 2239 1810 2264 idest
1827 2239 1935 2271 quando
1954 2239 1980 2264 in
1999 2240 2048 2264 hoc
2063 2240 2102 2264 vel
2116 2247 2185 2265 nunc
2198 2241 2341 2274 continget,
2357 2245 2383 2266 et
2397 2242 2423 2266 in
2438 2242 2489 2267 hoc

1419 2275 1473 2300 alio
1493 2275 1534 2299 vel
1551 2277 1614 2299 tunc
1633 2282 1684 2299 non
1704 2275 1841 2307 continget
1854 2274 1981 2307 coniungi
1999 2275 2138 2304 terminos,
2153 2282 2190 2300 ex
2203 2276 2296 2308 quibus
2314 2280 2366 2305 est,·
2385 2282 2411 2302 et
2420 2285 2487 2309 pro-

1414 2314 1510 2343 pterea
1523 2318 1582 2335 cum
1602 2310 1652 2335 tali
1664 2310 1815 2342 praemissa
1830 2317 1881 2335 non
1896 2313 1935 2335 est
1948 2310 2117 2343 syllogizare,
2133 2310 2201 2336 idest
2213 2312 2368 2337 concludere
2383 2313 2487 2338 univer-

1418 2346 1523 2375 saliter,
1542 2346 1590 2370 sed
1605 2345 1730 2378 quoniam
1745 2353 1814 2370 nunc
1827 2349 1904 2370 est.-·
1918 2346 1969 2370 Sed
1984 2351 2027 2370 aut
2045 2346 2119 2370 fallor
2132 2354 2189 2378 ego,
2211 2352 2254 2371 aut
2273 2355 2340 2380 quae
2360 2348 2400 2372 hic
2414 2349 2486 2373 Caie-

1418 2387 1494 2407 tanus
1513 2381 1604 2411 habet,
1624 2381 1790 2405 manifestiori
1811 2381 1926 2405 oratione
1943 2382 2063 2413 leguntur
2085 2382 2208 2414 explicata
2226 2390 2240 2406 a
2259 2390 2279 2407 s.
2294 2383 2404 2414 Thoma,
2426 2391 2486 2408 cum

1419 2417 1491 2442 dicit:
1513 2416 1693 2442 Conclusionis
1708 2416 1895 2448 corruptibilis,
1910 2419 1937 2441 et
1951 2424 2002 2441 non
2017 2417 2200 2449 sempiternae,
2221 2425 2271 2443 non
2287 2422 2326 2443 est
2340 2418 2365 2443 in
2380 2426 2407 2444 se
2425 2426 2486 2444 con-

1419 2453 1503 2478 tinere
1521 2452 1593 2485 quod
1610 2455 1651 2477 est
1675 2452 1873 2482 universaliter,
1893 2452 1941 2477 sed
1963 2452 2108 2484 aliquando
2126 2456 2153 2477 et
2175 2453 2227 2481 sic‚·
2251 2458 2343 2486 atque,
2363 2455 2488 2479 elucidata

1418 2488 1562 2513 Aristotelis
1576 2487 1804 2519 argumentatione,
1819 2487 1961 2512 concludit:
1981 2488 2036 2512 Sed
2048 2488 2092 2512 ubi
2105 2488 2238 2513 conclusio
2257 2492 2296 2514 est
2315 2497 2366 2514 non
2382 2490 2486 2514 univer-

1418 2524 1490 2554 salis,
1509 2526 1615 2555 oportet
1633 2523 1750 2555 aliquam
1765 2523 1977 2555 praemissarum
1997 2530 2052 2548 esse
2071 2531 2122 2548 non
2143 2524 2327 2551 universalem.
2349 2525 2486 2550 Conclusio

1418 2567 1484 2592 ergo
1503 2558 1683 2590 corruptibilis
1701 2562 1807 2590 oportet
1820 2558 1893 2591 quod
1905 2562 2033 2591 sequatur
2045 2566 2083 2584 ex
2092 2559 2256 2591 praemissis,
2271 2568 2384 2592 quarum
2400 2561 2487 2585 altera

1418 2602 1470 2620 non
1484 2595 1520 2620 sit
1539 2593 1704 2619 universalis.
1723 2594 1780 2618 Non
1796 2602 1858 2626 ergo
1872 2594 1969 2627 aliquid
1981 2594 2075 2619 omittit
2093 2602 2115 2620 s.
2125 2595 2249 2626 Thomas,
2265 2596 2382 2628 quamvis
2397 2596 2423 2620 in
2437 2604 2484 2621 sua

1418 2630 1579 2663 expositione
1597 2637 1648 2654 non
1666 2629 1754 2654 omnia
1772 2629 1851 2654 verba
1874 2633 1973 2662 repetat
1990 2630 2143 2655 Aristotelis.

1471 2665 1496 2698 ζ)
1518 2665 1698 2691 Conclusionis
1717 2670 1764 2690 etc.
1778 2679 1797 2684 -
1811 2665 1885 2690 Unus
1900 2665 1957 2690 cod.
1972 2665 2007 2690 N:
2026 2665 2116 2697 ipsius,
2131 2666 2199 2691 idest
2221 2667 2394 2692 conclusionis
2412 2673 2488 2692 etc.-

1418 2701 1476 2726 Non
1496 2701 1613 2734 displicet
1630 2700 1694 2725 haec
1713 2701 1802 2731 lectio,
1828 2701 1888 2733 quia
1905 2701 2014 2725 verbum
2034 2701 2116 2732 ipsius
2135 2706 2175 2725 est
2192 2701 2218 2726 in
2237 2707 2305 2726 textu
2324 2702 2487 2727 Aristotelico

1419 2734 1471 2769 (ὅτι
1491 2733 1522 2761 οὗ
1542 2734 1656 2761 καθόλου
1677 2732 1770 2768 αὑτοῦ)
1791 2741 1816 2761 et
1834 2744 1856 2761 s.
1867 2736 1983 2760 Thomas
2003 2736 2066 2761 illud
2085 2737 2162 2761 refert
2181 2737 2212 2761 ad
2231 2738 2440 2768 conclusionem,
2458 2743 2488 2762 ut

1418 2777 1458 2797 est
1477 2771 1642 2796 manifestum
1668 2778 1699 2796 ex
1717 2771 1951 2805 argumentatione,
1977 2779 2057 2804 quam
2082 2773 2166 2804 ponit:
2189 2773 2370 2798 Conclusionis
2393 2781 2486 2798 corru-

1413 2807 1519 2840 ptibilis
1538 2812 1586 2832 etc.
1934 2832 1941 2834 .

1470 2843 1498 2875 η)
1515 2843 1570 2868 Sed
1582 2842 1728 2875 aliquando
1746 2845 1773 2867 et
1790 2843 1908 2868 sia—Ita
1927 2842 2037 2872 codices,
2057 2850 2109 2867 exc.
2129 2843 2187 2873 MR,
2202 2843 2246 2875 qui
2261 2842 2354 2867 habent
2373 2851 2433 2868 cum
2452 2844 2484 2868 P:

1417 2879 1465 2904 sed
1478 2878 1623 2911 aliquando
1637 2878 1682 2903 sic.
1697 2879 1784 2903 Lectio
1799 2879 1918 2910 adoptata
1932 2886 1962 2903 ex
1978 2878 2052 2902 codd.
2067 2878 2222 2902 conformior
2236 2883 2275 2902 est
2289 2879 2366 2903 textui
2380 2887 2485 2911 graeco:

1419 2909 1490 2938 ἀλλὰ
1509 2910 1574 2938 ποτὲ
1593 2911 1636 2938 καὶ
1655 2915 1718 2942 πῶς.

1472 2947 1496 2981 θ)
1517 2949 1547 2974 In
1561 2949 1681 2974 omnibus
1699 2952 1823 2974 autem...
1838 2948 1982 2981 aliquando
1997 2956 2086 2973 non.-
2099 2949 2169 2973 Haec
2183 2953 2223 2973 est
2237 2949 2324 2973 minor
2342 2950 2485 2981 argumenti

1418 2985 1450 3009 ad
1465 2985 1675 3009 concludendum
1690 2985 1760 3017 quod
1775 2985 1801 3009 in
1815 2984 2022 3017 corruptibilibus
2042 2992 2093 3008 non
2109 2984 2237 3008 invenitur
2250 2984 2304 3009 dici
2318 2985 2351 3009 de
2364 2985 2445 3014 omni,
2460 2989 2486 3009 et

1419 3025 1609 3052 consequenter
1627 3020 1698 3052 quod
1718 3020 1749 3044 de
1768 3019 1976 3052 corruptibilibus
1996 3028 2047 3044 non
2067 3019 2150 3052 possit
2163 3026 2215 3051 per
2228 3026 2255 3044 se
2274 3019 2360 3044 haberi
2376 3020 2486 3044 demon—

1418 3056 1516 3080 stratio.
1535 3056 1678 3080 Mendosus
1697 3063 1760 3087 ergo
1779 3060 1819 3080 est
1837 3055 1886 3079 hoc
1906 3056 1964 3079 loco
1983 3055 2040 3079 cod.
2059 3055 2081 3079 N
2100 3055 2242 3079 omittendo
2262 3059 2341 3079 totam
2356 3054 2421 3079 hanc
2435 3055 2484 3080 mi—

1419 3090 1622 3116 norem.—Infra
1646 3098 1709 3115 vero
1735 3090 1793 3122 (sed
1811 3091 1855 3115 ubi
1873 3091 1932 3122 etc.)
1957 3090 2135 3123 adoptavimus
2161 3090 2297 3114 lectionem
2323 3091 2397 3115 codd.
2422 3098 2484 3123 prae

1418 3126 1528 3151 lectione
1547 3126 1606 3151 PM:
1625 3126 1673 3151 sed
1692 3126 1736 3150 ubi
1747 3126 1879 3151 conclusio
1899 3133 1950 3151 non
1965 3129 2004 3150 est
2023 3125 2186 3154 universalis,
2207 3125 2282 3150 debet
2299 3126 2389 3158 aliqua
2402 3133 2483 3158 prae-

1418 3161 1559 3186 missarum
1578 3169 1634 3186 esse
1652 3169 1703 3186 non
1724 3161 1889 3186 universalis.

1472 3197 1491 3229 ι)
1511 3197 1713 3221 Demonstratio
1729 3196 1885 3228 simpliciter
1897 3203 2000 3228 semper
2013 3196 2088 3221 debet
2101 3203 2156 3220 esse
2170 3203 2207 3221 ex
2221 3200 2268 3220 etc.
2277 3196 2386 3228 -Magis
2400 3197 2484 3228 placet

1417 3231 1480 3256 haec
1500 3232 1575 3256 lectio
1590 3232 1663 3256 codd.
1678 3231 1989 3262 ABCDEKLMNORST,
2009 3239 2087 3263 quam
2102 3231 2191 3255 Piana:
2212 3231 2403 3256 demonstratio
2417 3239 2484 3256 sem-

1412 3274 1464 3299 per
1483 3267 1559 3291 debet
1576 3274 1632 3292 esse
1649 3266 1804 3298 simpliciter
1822 3274 1860 3291 ex
1873 3272 1930 3296 etc.,
1944 3267 2004 3299 quia
2018 3267 2100 3298 magis
2115 3267 2254 3299 respondet
2272 3267 2421 3298 praemissis
2440 3275 2484 3291 su-

1417 3301 1510 3334 periori
1525 3310 1552 3329 n.
1567 3309 1591 3332 2,
1605 3302 1648 3326 ubi
1669 3302 1765 3326 dictum
1780 3306 1821 3326 est
1834 3301 1874 3326 hic
1889 3302 1928 3333 agi
1944 3302 1975 3326 de
1990 3302 2207 3326 demonstratione
2222 3301 2370 3334 simpliciter
2383 3302 2456 3327 dicta.
2466 3315 2485 3323 —-

1418 3338 1451 3362 GI
1468 3337 1589 3362 omittunt
1607 3336 1770 3368 simpliciter5
1789 3337 1813 3361 H
1832 3337 1927 3361 omittit
1943 3344 2046 3369 semper
2065 3342 2090 3361 et
2107 3337 2274 3369 simpliciter;
2299 3338 2345 3361 NR
2364 3338 2484 3362 omittunt

1417 3379 1529 3405 semper.
1555 3372 1606 3397 Sed
1630 3377 1690 3396 sunt
1712 3373 1868 3396 omissiones
1893 3373 2074 3398 mendosae.—
2088 3373 2228 3396 Mendosus
2254 3377 2294 3396 est
2317 3373 2380 3397 infra
2406 3373 2483 3398 etiam

1417 3409 1474 3432 cod.
1494 3408 1527 3438 M,
1547 3407 1590 3440 qui
1613 3407 1745 3439 proposita
1764 3407 1830 3431 thesi
1849 3408 1919 3440 quod
1940 3407 2058 3440 definitio
2071 3411 2110 3432 est
2129 3415 2180 3432 non
2198 3408 2417 3439 corruptibilium,
2437 3409 2485 3434 sed

1416 3443 1644 3475 sempiternorum,
1664 3442 1752 3466 omnia
1771 3450 1836 3475 quae
1855 3447 2012 3474 sequuntur,
2036 3450 2121 3475 usque
2140 3443 2172 3466 ad
2191 3442 2269 3467 finem
2290 3444 2390 3468 numeri
2409 3451 2426 3475 4
2445 3444 2484 3468 in-

1417 3478 1512 3502 clusive
1526 3478 1633 3502 omittit:
1647 3478 1765 3502 videlicet
1783 3477 1877 3502 thesim
1893 3478 2017 3507 enunciat,
2038 3478 2093 3502 eius
2108 3478 2232 3502 rationem
2248 3478 2372 3510 promittit
2386 3479 2483 3511 (osten-

1418 3514 1459 3538 dit
1482 3513 1553 3546 quod
1578 3513 1651 3545 etc.);
1677 3513 1723 3537 sed
1743 3513 1829 3537 statim
1854 3512 1979 3537 rationem
2005 3513 2088 3545 ipsam
2107 3514 2235 3545 praeterit.
2255 3514 2332 3544 Quod
2358 3514 2379 3539 si
2405 3514 2482 3540 huius

1417 3549 1566 3573 oscitantiae
1584 3555 1690 3573 causam
1709 3555 1833 3580 quaeras,
1859 3548 1901 3572 illa
1919 3553 1959 3572 est
1978 3548 2060 3579 solita,
2079 3556 2173 3581 nempe
2191 3557 2311 3574 recursus
2331 3550 2483 3575 eorumdem

1417 3584 1566 3615 verborum,
1581 3591 1648 3616 quae
1667 3584 1823 3616 praecedunt
1841 3588 1867 3608 et
1885 3589 2029 3616 sequuntur
2047 3591 2077 3609 ea
2095 3591 2162 3616 quae
2180 3584 2279 3610 omissa
2297 3590 2369 3610 sunt:
2388 3586 2484 3618 sempi—

1417 3622 1563 3644 ternorum.

2285 3674 2339 3699 26*

2515 460 2526 472 ⁸
2536 467 2563 482 u:
2575 463 2624 482 tota
2635 461 2730 483 demon-

2517 487 2614 509 stratio.
2630 500 2645 504 -
2659 488 2695 510 Cf.
2706 495 2731 510 n.

2517 521 2567 542 seq.

2517 1157 2529 1168 ⁴
2544 1162 2594 1182 AQ:
2612 1156 2729 1184 efficiens,

2518 1184 2558 1204 sed
2576 1190 2622 1205 non
2641 1183 2707 1204 bene.

2519 1476 2530 1487 ⁸
2541 1476 2615 1497 Codd.
2628 1488 2637 1492 -
2649 1483 2675 1498 r:
2695 1479 2732 1499 est

2519 1506 2540 1524 et
2558 1503 2587 1524 ita
2602 1503 2667 1525 infra.

2517 1533 2529 1544 ⁸
2544 1533 2618 1555 Codd.
2630 1545 2640 1550 -
2655 1541 2684 1556 r:
2708 1537 2731 1556 et

2520 1563 2647 1582 cemento...
2655 1567 2670 1582 a
2679 1567 2731 1583 cau-

2518 1592 2546 1607 sa
2552 1586 2636 1613 finali.

2520 1644 2528 1651 '¹
2544 1643 2633 1665 Codd.·
2648 1651 2687 1666 1²13:
2703 1651 2729 1666 ο-

2513 1670 2675 1697 perimentum.

2517 1745 2529 1756 ·
2539 1745 2613 1767 Codd.
2622 1758 2632 1762 -
2646 1753 2670 1767 p:
2685 1747 2728 1768 ric.

2517 1799 2528 1810 ⁴
2536 1805 2557 1820 L:
2566 1801 2660 1826 oportet
2668 1805 2728 1821 esse.
