2548 4192
193 335 320 361 CCXCVI

197 415 213 430 πυ
236 403 297 433 lem
322 403 438 442 accepi.
458 415 473 431 »
499 402 742 438 Animadverte,
767 400 799 430 in
829 399 966 429 editione
989 397 1165 428 Mabillonii
1187 397 1266 437 legi:

200 448 242 478 Ut
264 448 486 487 Episcopalem
509 446 650 487 gradum
676 445 753 475 mihi
772 443 944 483 conferret.
974 441 1163 481 Argumenti
1188 441 1267 471 ratio

199 492 359 531 exposcit,
384 498 420 521 ut
442 491 552 531 gratia
586 490 644 519 ista
673 488 874 528 Episcopalis
896 497 955 527 pro
979 486 1050 525 ipso
1074 486 1193 525 gradu,
1218 486 1269 515 vel

196 536 339 573 honore,
363 535 414 564 vel
437 534 606 574 dignitate,
630 532 680 562 vel
708 539 861 571 potestate
895 530 1074 570 accipiatur.
1101 530 1186 560 Hinc
1215 530 1270 560 illa

197 580 292 610 etiam
315 580 471 609 habentur
493 578 605 607 verba:
625 576 711 606 Caro
734 577 872 615 suscepit
894 575 1085 615 dignitatem
1110 579 1140 604 et
1158 575 1268 604 anima

190 624 335 665 perdidit
358 624 552 653 honestatem
640 630 699 650 nec
720 620 899 659 Episcopus
915 618 1055 658 fuissem
1079 618 1266 655 ordinatus,

197 670 226 699 si
242 668 400 708 pecunias
424 676 486 696 non
511 665 676 695 dedissem.
690 686 697 694 .
711 687 719 694 .
735 664 915 704 Episcopus
934 664 1040 693 initiat
1060 662 1214 693 Ordinem
1239 668 1270 693 et

197 713 287 742 Deus
310 711 420 741 tribuit
442 709 644 750 dignitatem.
669 708 894 738 Theodoretus
917 707 997 737 libro
1015 708 1057 737 IV
1074 707 1156 737 Hist.
1179 706 1267 744 eccl.,

198 756 298 796 capite
314 765 387 785 xxm
403 760 523 783 narrat:
541 753 770 783 Saracenorum
789 753 879 782 Duce
903 752 1085 792 postulante
1109 758 1145 782 ut
1160 753 1269 782 Moses

197 800 327 840 quidam
345 798 519 828 monachus
542 796 628 836 genti
652 807 727 827 suae
750 796 902 827 sacerdos
918 797 1138 834 ordinaretur,
1161 796 1269 826 induci

197 844 283 874 haud
306 852 449 883 unquam
473 841 627 881 potuisse,
652 848 688 871 ut
712 851 729 871 a
753 841 854 871 Lucio
878 841 997 871 Ariano
1031 851 1145 871 manus
1164 840 1268 880 impo-

197 888 345 918 sitionem
369 886 557 926 susciperet:
587 886 630 916 Te
658 887 742 916 enim
767 887 946 923 invocante,
971 885 1179 926 inquientem,
1205 895 1268 915 non

195 932 379 972 supervenit
394 931 505 972 gratia
521 930 662 970 Spiritus
676 931 791 966 sancti,
808 937 938 970 propter
954 930 1138 970 contagium
1153 939 1268 969 nempe

196 975 434 1007 communionis
458 984 533 1005 cum
548 974 744 1005 heterodoxo
762 974 936 1014 Episcopo.
961 975 1169 1005 Probandum
1189 974 1270 1004 foret

195 1020 391 1051 monachum
414 1019 508 1049 illum
530 1018 595 1049 iam
618 1026 709 1049 antea
736 1020 969 1060 presbyteratus
997 1019 1118 1050 Ordine
1141 1018 1269 1058 insigni-

195 1072 265 1096 tum
293 1064 400 1102 fuisse,
429 1064 532 1104 deque
564 1073 627 1094 una
657 1063 839 1103 Episcopali
863 1064 1099 1094 consecratione
1120 1063 1218 1094 hocce
1237 1063 1270 1093 in

194 1110 267 1139 loco
298 1109 358 1148 agi.
395 1108 457 1139 Sed
484 1108 570 1138 hunc
600 1107 736 1148 denique
769 1108 879 1138 locum
912 1119 947 1139 ac
977 1108 1064 1148 paria
1093 1108 1183 1148 plura
1212 1108 1269 1138 Pa—

196 1161 281 1184 trum
305 1153 387 1183 dicta
409 1152 667 1192 interpretantem
700 1152 864 1182 Thomam
892 1153 1073 1183 audivimus
1102 1153 1140 1183 de
1172 1152 1270 1192 gratia

196 1197 330 1238 Spiritus
353 1196 452 1227 sancti
475 1206 518 1227 ex
540 1207 636 1236 opere
658 1198 823 1237 operantis
846 1197 970 1235 collata,
987 1207 1070 1238 quae
1092 1197 1136 1227 ad
1158 1207 1268 1238 quam-

196 1242 281 1279 libet,
307 1248 343 1272 ut
365 1241 479 1282 inquit,
504 1242 708 1271 eminentiam
732 1246 837 1272 status
855 1242 963 1279 datur,
990 1243 1052 1273 nisi
1074 1243 1115 1272 sit
1138 1242 1269 1281 impedi-

195 1291 336 1317 mentum
370 1296 413 1316 ex
434 1291 532 1325 parte
563 1286 784 1326 suscipientis,
810 1295 882 1316 cum
910 1287 953 1317 sit
981 1287 1024 1317 ibi
1052 1287 1268 1317 necessarium

195 1331 334 1371 speciale
356 1330 516 1361 auxilium
540 1331 688 1371 gratiae,
713 1331 796 1361 sicut
819 1331 852 1360 in
877 1332 1117 1362 consecratione
1140 1340 1267 1371 regum,

198 1381 229 1406 et
244 1375 486 1412 monachorum,
512 1379 542 1404 et
566 1375 764 1405 monialium.

264 1419 409 1450 Concilia
432 1425 463 1449 et
486 1419 591 1449 Patres
616 1418 803 1457 afferuntur,
828 1428 969 1459 quorum
1002 1418 1120 1459 dogma
1143 1426 1190 1450 est
1221 1418 1269 1448 in-

196 1463 363 1494 delebilem
388 1473 454 1493 esse
478 1469 667 1503 potestatem
689 1463 930 1503 Episcopalem;
954 1473 989 1493 ac
1013 1463 1115 1493 valide
1139 1463 1268 1503 presby-

196 1515 281 1539 teros
305 1515 335 1538 et
359 1507 520 1537 ministros
553 1507 690 1538 ordinari
714 1508 752 1537 ab
777 1507 959 1547 Episcopo,
983 1507 1039 1548 qui
1063 1508 1136 1538 loco
1168 1514 1199 1537 et
1222 1507 1269 1537 di-

196 1553 314 1592 gnitate
331 1552 455 1582 cesserit
475 1558 531 1581 aut
549 1552 647 1591 gradu
668 1561 727 1581 suo
747 1561 803 1591 per
817 1551 1057 1582 ecclesiasticam
1081 1551 1269 1582 sententiam

198 1597 336 1627 deiectus
348 1596 438 1626 foret.
455 1596 538 1626 Hinc
559 1596 701 1636 plerique
724 1595 864 1626 inferunt
883 1596 1119 1627 consecratione
1134 1596 1268 1636 Episco—

197 1648 290 1681 patus
313 1640 454 1680 imprimi
478 1640 698 1677 characterem,
715 1640 868 1680 illamque
884 1640 916 1670 id
936 1650 1034 1671 omne
1050 1641 1164 1671 habere
1180 1641 1270 1681 quod

197 1686 236 1715 ad
253 1684 446 1716 Sacramenti
462 1684 618 1714 rationem
634 1684 812 1725 requiritur.
833 1685 1036 1715 Indelebilem
1051 1685 1165 1716 fatetur
1180 1685 1269 1715 Tho-

196 1739 264 1759 mas
289 1728 514 1769 Episcopalem
537 1736 738 1768 potestatem,
763 1729 973 1770 eamdemque
992 1730 1060 1760 iure
1083 1730 1191 1761 divino
1215 1740 1270 1760 an-

196 1783 309 1804 nexam
333 1783 400 1803 esse
423 1773 652 1803 consecrationi
675 1783 730 1804 seu
748 1773 939 1804 ordinationi
956 1774 1210 1815 Episcoporum:
1231 1775 1270 1805 si-

196 1818 330 1859 mulque
362 1816 519 1847 inficiatur
552 1827 622 1848 eam
656 1818 718 1848 dici
750 1825 897 1858 oportere
930 1819 1152 1850 characterem.
1185 1820 1270 1850 Loca

196 1863 263 1892 eius
287 1862 379 1903 plura
407 1871 496 1892 num.
520 1872 529 1891 1
558 1862 651 1892 allata
674 1869 765 1893 sunt:
790 1872 987 1904 omnemque
1015 1863 1115 1894 elevat
1137 1863 1270 1894 difficul-

195 1914 293 1937 tatem
326 1906 509 1937 characteris
542 1906 653 1945 notio,
678 1906 703 1937 si
737 1914 818 1937 recte
851 1917 886 1938 ac
919 1908 1019 1948 probe
1048 1908 1269 1939 constituatur.

195 1951 363 1992 Aquinatis
396 1951 490 1980 verba
507 1973 515 1988 ,
548 1961 629 1991 quae
668 1951 824 1982 habentur
856 1951 888 1982 in
924 1952 1057 1983 Summa
1090 1953 1271 1993 theologica

194 2002 282 2036 parte
307 1995 364 2032 111,
388 2005 419 2035 q.
445 2004 543 2033 thu,
560 2002 616 2026 art.
633 2005 643 2025 1
672 2002 703 2026 et
726 2006 813 2037 seqq.
836 1996 948 2028 affero:
973 2010 987 2025 α
1001 1996 1207 2038 Quicumque
1230 1998 1271 2028 ad

198 2052 212 2067 »
236 2039 355 2080 aliquid
380 2046 502 2069 certum
525 2040 705 2079 deputatur,
728 2040 892 2072 consuevit
915 2041 955 2071 ad
978 2041 1057 2072 illud
1080 2042 1268 2081 consignari:

198 2097 212 2112 ι
236 2084 316 2115 sicut
339 2083 472 2120 milites,
498 2084 554 2124 qui
577 2084 812 2115 ascribebantur
835 2085 875 2115 ad
905 2085 1070 2124 militiam,
1095 2086 1269 2127 antiquitus

198 2141 212 2156 >›
236 2128 380 2159 solebant
402 2127 596 2168 quibusdam
619 2128 849 2160 characteribus
874 2130 1091 2170 corporalibus
1115 2131 1268 2171 insigniri,

197 2186 211 2200 s
235 2183 273 2203 eo
297 2172 386 2213 quod
406 2172 638 2212 deputabantur
657 2173 696 2203 ad
715 2173 836 2214 aliquid
855 2175 1034 2214 corporale;
1055 2182 1085 2205 et
1104 2175 1176 2205 ideo
1196 2181 1270 2206 cum

197 2229 211 2244 ι
234 2216 381 2247 homines
398 2226 454 2256 per
469 2216 669 2247 Sacramenta
684 2217 868 2259 (Baptismi,
883 2219 1146 2260 Confirmafionis
1160 2225 1190 2250 et
1209 2220 1268 2251 Or-

197 2274 212 2288 »
234 2262 329 2298 dinis,
348 2261 428 2291 idest
445 2261 694 2302 presbyteratus
717 2267 748 2292 et
769 2263 961 2294 diaconatus
979 2262 1053 2305 etc.)
1078 2264 1271 2304 deputentur

198 2318 212 2334 ›
236 2306 275 2336 ad
298 2305 418 2346 aliquid
441 2305 602 2345 spirituale
621 2306 781 2346 pertinens
805 2308 845 2337 ad
864 2308 986 2338 cultum
1004 2308 1063 2339 Dei
1087 2307 1154 2350 (vel
1169 2319 1269 2350 agen-

198 2363 212 2377 »
235 2351 311 2381 dum
336 2350 386 2380 vel
409 2349 667 2391 recipiendum),
689 2361 887 2392 consequens
912 2359 958 2383 est
981 2353 1070 2393 quod
1094 2363 1150 2393 per
1172 2364 1209 2384 ea
1232 2353 1268 2384 fi-

198 2407 212 2422 »
236 2394 319 2424 deles
343 2394 451 2434 aliquo
475 2394 629 2434 spirituali
653 2395 829 2426 charactere
852 2396 1071 2436 insigniantur.
1091 2410 1105 2425 ›
1125 2397 1269 2429 Consule

195 2449 277 2480 quae
295 2438 405 2468 latiore
423 2438 544 2468 calamo
560 2448 650 2469 num.
668 2449 685 2469 2
704 2447 887 2480 pertractata
903 2448 987 2472 sunt.
1005 2442 1054 2472 Ad
1070 2442 1269 2483 Episcopum

195 2483 340 2523 pertinet,
365 2482 462 2512 veluti
487 2482 526 2512 ad
549 2483 736 2523 principem,
761 2485 937 2524 obsignare,
962 2486 1124 2526 deputare,
1149 2487 1268 2518 manci-

196 2537 270 2568 pare
294 2526 400 2556 fideles
424 2526 463 2556 ad
487 2527 678 2567 obsequium
703 2535 733 2558 et
760 2529 882 2559 cultum
911 2530 1076 2567 divinum,
1101 2532 1268 2572 praecipue

196 2571 397 2611 maximeque
421 2570 563 2610 positum
584 2572 616 2601 in
631 2572 857 2604 Eucharistiae
880 2574 1090 2605 Sacramento
1113 2581 1144 2606 et
1166 2578 1267 2607 sacri-

185 2616 268 2657 ficio
283 2615 473 2656 peragendo
489 2620 547 2645 aut
563 2616 764 2655 recipiendo:
780 2617 863 2648 unde
888 2628 943 2658 per
959 2618 1169 2656 Sacramenta,
1185 2630 1267 2660 quae

196 2659 341 2690 fidelibus
365 2658 571 2698 administrat,
597 2659 806 2691 characterem
830 2661 994 2702 imprimit,
1020 2673 1085 2693 non
1109 2663 1176 2703 ipse
1193 2665 1266 2695 cha-

195 2711 312 2735 ractere
329 2713 411 2744 opus
427 2703 556 2740 habens,
575 2704 702 2735 altioris
725 2706 892 2736 cuiusdam
912 2708 1082 2737 ministerii
1094 2713 1264 2747 potestate,

194 2749 262 2779 iure
286 2747 395 2778 divino
418 2747 625 2786 irrevocabili,
649 2756 744 2790 atque
765 2751 992 2781 consecrationi
1010 2751 1191 2791 Episcopali
1211 2763 1265 2783 an-

194 2802 273 2824 nexa
288 2792 466 2832 insignitus.
484 2793 575 2822 Hanc
599 2802 674 2833 ergo
698 2801 887 2834 potestatem
912 2795 1079 2836 ipsamque
1104 2806 1264 2827 consecra-

194 2837 316 2868 tionem
340 2843 371 2867 et
393 2836 627 2868 ordinationem
651 2844 687 2869 ut
709 2838 842 2877 amittat,
867 2838 933 2870 fieri
957 2840 1097 2870 humana
1121 2840 1186 2871 ulla
1208 2851 1264 2872 au-

195 2881 336 2912 ctoritate
361 2890 426 2911 non
451 2888 564 2921 potest.

261 2926 299 2956 V.
311 2926 475 2956 Postrema
487 2925 721 2956 adversantium
736 2927 905 2958 doctorum
921 2927 1057 2958 obiectio
1070 2928 1131 2958 illis
1145 2928 1265 2960 innitur

194 2977 226 3001 et
240 2970 414 3001 Canonum
437 2977 467 3000 et
485 2970 616 3000 Patrum
639 2971 740 3009 dictis,
755 2981 837 3012 quae
861 2972 1036 3010 enuntiant,
1053 2973 1262 3005 Sacerdotum

198 3014 351 3045 Ordinem
367 3014 551 3054 bipartitum
568 3024 647 3052 esse,
663 3016 763 3046 alium
780 3016 1011 3056 Episcoporum
1027 3023 1058 3048 et
1071 3018 1172 3048 alium
1189 3028 1263 3058 pre-

193 3059 415 3099 sbyterorum:
438 3065 469 3089 et
484 3058 679 3099 Episcopatu
700 3059 831 3100 quidem
855 3061 1007 3091 contineri
1032 3061 1263 3101 plenitudinem

194 3110 225 3134 et
240 3113 404 3133 summum
424 3102 594 3142 imperium
614 3104 812 3135 sacerdotalis
831 3104 971 3136 Ordinis.
988 3105 1092 3144 Digna
1110 3113 1184 3137 sunt
1199 3107 1264 3137 ani-

195 3147 413 3177 madversione
437 3147 546 3187 Optati
570 3148 743 3179 Milevitani
774 3150 868 3179 verba
892 3149 1001 3180 librol
1026 3150 1073 3181 De
1097 3151 1264 3182 schismate

195 3191 368 3229 Donatist.‚
386 3201 475 3222 num.
506 3193 562 3222 13:
591 3193 677 3229 Quid
709 3203 969 3224 commemorem.
1055 3195 1207 3227 diaconos
1230 3197 1262 3227 in

194 3237 299 3272 tertio,
316 3236 394 3276 quid
402 3236 611 3276 presbyteros
630 3238 662 3267 in
682 3238 821 3268 secundo
836 3239 1014 3269 sacerdotio
1029 3241 1225 3271 constitutos.
1236 3263 1244 3271 .
1255 3264 1262 3271 .

193 3280 367 3320 Episcopos
389 3281 496 3320 apices
527 3286 558 3311 et
581 3282 745 3321 principes
776 3283 946 3313 omnium?
968 3284 1200 3315 Ambrosiaster
1231 3285 1264 3315 in

194 3331 289 3364 caput
304 3335 334 3354 iv
352 3324 514 3364 Epistolae
524 3325 563 3355 ad
574 3325 741 3365 Ephesios,
758 3336 836 3357 vers.
860 3334 907 3357 12:
924 3327 963 3358 In
980 3328 1138 3369 Episcopo
1153 3339 1264 3360 omnes

198 3368 336 3399 Ordines
351 3374 437 3406 sunt,
449 3370 525 3409 quia
536 3371 665 3410 primus
674 3371 825 3402 sacerdos
841 3377 898 3409 est,
914 3372 973 3403 hoc
988 3378 1045 3410 est,
1056 3374 1210 3414 princeps
1218 3379 1266 3405 est

194 3414 407 3444 sacerdotum.
425 3413 513 3443 Paria
533 3421 676 3454 prostant
694 3415 831 3455 plurima
848 3416 933 3456 apud
949 3416 1201 3448 Thomassinum
1216 3418 1264 3448 De

195 3457 290 3487 veteri
314 3465 344 3488 et
368 3468 451 3487 nova
482 3458 638 3489 Ecclesiae
662 3459 838 3500 disciplina,
863 3467 949 3501 parte
974 3461 997 3499 Ι,
1021 3461 1102 3492 libro
1127 3462 1151 3500 1,
1167 3472 1236 3502 cap.
1252 3472 1263 3492 1

196 3507 226 3531 et
248 3511 284 3539 ιι,
309 3502 424 3542 quibus
449 3502 585 3533 invicem
616 3503 737 3534 collatis
768 3504 849 3535 hanc
878 3505 931 3535 ille
954 3506 1142 3537 sententiam
1171 3506 1264 3537 effor-

196 3552 262 3574 mat
286 3555 373 3576 num.
393 3557 411 3586 9
429 3546 522 3586 primi
546 3547 673 3586 capitis:
697 3561 710 3575 α
725 3548 936 3589 Episcopatus
956 3549 1028 3580 fons
1044 3557 1075 3581 et
1098 3550 1188 3590 origo
1205 3557 1263 3588 est,

200 3600 214 3615 »
237 3590 393 3628 inquiens,
420 3591 568 3620 omnium
584 3591 743 3622 Ordinum
766 3600 797 3623 et
818 3600 1011 3633 potestatum
1040 3594 1262 3634 spiritualium.

199 3644 214 3659 »
238 3633 375 3663 Emicuit
399 3634 474 3664 haec
499 3634 639 3674 primum
663 3636 874 3676 Episcopatus
906 3637 1067 3668 inexausta
1098 3638 1263 3678 plenitudo

199 3688 214 3703 ι»
236 3676 269 3706 in
293 3676 419 3707 Christo
432 3700 439 3707 .
451 3700 458 3707 .
471 3700 479 3707 .
501 3678 678 3709 Exundavit
702 3679 734 3709 in
765 3681 959 3720 Apostolos.
972 3704 980 3712 .
994 3704 1001 3712 .
1019 3682 1264 3722 Apostolorum-

925 317 1384 356 DISSERTATIONES
1415 317 1663 354 CRITICAE

1325 409 1340 423 >
1363 407 1426 437 que
1445 407 1641 428 successores
1660 397 1859 438 Episcopos.
1871 420 1879 429 .
1892 421 1900 429 .
1918 398 1968 428 Ab
1985 397 2044 428 hac
2068 398 2207 428 scatebra
2230 405 2401 430 manarunt

1326 453 1340 468 s
1364 441 1523 481 deinceps,
1548 441 1727 472 rivulorum
1749 441 1857 480 instar,
1882 442 2047 482 dignitates
2072 449 2102 472 et
2125 442 2262 473 Ordines
2286 453 2401 473 omnes

1326 497 1340 512 ⁷>
1363 485 1546 525 Episcopali
1580 486 1667 526 apice
1697 485 1922 517 inferiores...
1949 487 2089 524 Quando
2119 486 2216 526 igitur
2240 487 2403 527 presbyter

1326 541 1340 556 »
1364 527 1468 571 (num.
1501 528 1552 572 ιο)
1576 530 1610 560 in
1625 530 1851 571 Episcopalem
1874 530 2030 561 Ordinem
2049 541 2135 561 sacra
2157 530 2402 570 inauguratione

1326 585 1340 600 »
1364 574 1566 612 adsciscitur,
1590 584 1657 605 non
1681 574 1768 614 prior
1791 574 1858 605 eius
1883 575 2017 615 dignitas
2041 575 2235 613 extenditur3
2256 575 2311 606 sed
2334 582 2402 606 tota

1326 630 1340 645 »
1363 617 1408 648 illi
1432 618 1598 658 plenitudo
1623 619 1897 659 superinfunditur
1920 619 2105 657 sacerdotii,
2125 619 2215 650 cuius
2242 630 2312 650 rore
2333 627 2401 650 tan-

1326 675 1340 689 »
1363 669 1434 692 tum
1463 662 1572 703 aliquo
1603 663 1690 703 prius
1721 663 1869 703 perfusus
1900 663 2060 695 fuerat...
2081 664 2209 695 Poterat
2238 665 2402 705 presbyter

1327 719 1340 733 »
1362 706 1433 736 Deo
1457 706 1539 737 filios
1567 707 1696 747 gignere
1726 718 1782 748 per
1803 708 2022 748 Baptismum:
2047 714 2079 739 at
2109 718 2212 739 novae
2242 715 2401 739 creaturae

1326 763 1340 777 »
1363 750 1507 790 vigorem
1536 752 1697 792 roburque
1725 759 1874 792 vegetum
1905 752 1985 794 (per
2008 752 2254 783 Sacramentum
2274 752 2400 794 Confir-

1327 807 1340 822 »
1363 794 1535 836 mationis)
1561 805 1628 825 non
1658 803 1782 836 poterat
1809 796 1927 827 indere.
1957 797 2088 827 Peccata
2122 796 2278 828 dimittere
2308 804 2400 837 pote-

1327 852 1340 866 »
1364 846 1420 876 rat,
1438 839 1493 869 sed
1511 840 1593 870 hanc
1612 839 1680 870 eius
1699 847 1890 880 potestatem
1913 851 1972 881 pro
1992 841 2120 871 arbitrio
2139 851 2200 872 suo
2220 841 2402 882 Episcopus

1326 897 1340 911 »
1364 883 1551 914 coarctabat.
1569 883 1689 915 Offerre
1708 885 1778 915 Deo
1795 884 1994 915 incruentam
2008 885 2171 915 victimam
2187 892 2326 925 poterat:
2345 886 2401 916 sed

1327 941 1340 956 »
1364 938 1400 958 ea
1437 928 1487 958 lex
1520 928 1695 959 invaluerat
1733 929 1923 969 Apostolico
1961 929 2026 959 iam
2064 939 2143 959 aevo
2160 951 2168 967 ‚
2202 935 2239 960 ut
2273 929 2402 960 nonnisi

1326 986 1340 1000 »
1362 972 1413 1002 vel
1437 971 1600 1003 deficiente
1623 973 1674 1003 vel
1696 973 1824 1003 absente
1848 973 2023 1013 Episcopo,
2043 983 2146 1013 eoque
2164 973 2304 1011 iubente,
2319 974 2402 1005 hanc

1327 1030 1340 1045 ›>
1364 1024 1486 1057 partem
1515 1017 1593 1048 sacri
1622 1017 1764 1048 muneris
1792 1017 1956 1058 impleret3
1987 1028 2045 1048 nec
2072 1017 2132 1048 nisi
2161 1017 2300 1058 templis,
2325 1018 2402 1048 alta-

1327 1075 1340 1089 »
1364 1061 1449 1092 ribus
1466 1068 1496 1092 et
1511 1061 1593 1092 vasis
1609 1061 1714 1100 sacris,
1731 1072 1812 1103 quae
1827 1061 2007 1103 Episcopus
2022 1069 2242 1093 consecrasset.
2253 1062 2401 1103 Denique

1327 1119 1340 1133 »
1363 1107 1460 1136 verbo
1484 1106 1543 1137 Dei
1563 1113 1686 1146 poterat
1709 1106 1850 1147 populos
1878 1117 2015 1147 pascere,
2048 1106 2103 1137 sed
2134 1106 2304 1137 mandante
2323 1107 2402 1147 Epi-

1326 1163 1339 1177 »
1363 1161 1474 1191 scopo,
1500 1157 1692 1192 tempusque
1721 1151 1767 1181 illi
1798 1157 1828 1181 et
1857 1151 1966 1182 locum
1994 1150 2194 1192 praefigente.
2226 1151 2402 1191 permagna

1326 1207 1340 1221 »
1363 1194 1459 1235 igitur
1491 1202 1556 1226 erat
1580 1196 1657 1226 haec
1683 1195 1855 1236 presbyteri
1881 1202 2031 1236 potestas,
2046 1196 2100 1226 sed
2125 1195 2264 1236 precaria
2295 1202 2326 1226 et
2344 1196 2400 1226 ob-

1329 1251 1342 1265 »
1366 1239 1461 1270 noxia
1479 1239 1541 1279 legi
1561 1246 1591 1270 et
1615 1240 1751 1280 imperio
1771 1240 1964 1280 Episcopali.
1984 1252 1998 1267 »
2018 1241 2106 1271 Haec
2132 1239 2295 1271 disserenti
2310 1235 2401 1271 Ttio-

1324 1284 1464 1314 massino
1488 1284 1552 1314 iam
1578 1284 1751 1324 praeiverat
1766 1285 1876 1315 Petrus
1899 1284 2061 1324 Aurelius,
2077 1294 2176 1325 quem
2204 1284 2273 1324 ipse
2291 1284 2401 1316 laudat

1323 1328 1557 1358 Thomassinus
1591 1329 1691 1369 capite
1716 1339 1749 1367 11,
1781 1339 1871 1359 num.
1894 1338 1942 1368 14.

1390 1373 1478 1402 Haec
1508 1373 1620 1404 eadem
1651 1373 1744 1404 docet
1773 1373 1882 1404 omnia
1911 1384 1936 1404 s.
1957 1373 2112 1411 Thomas,
2137 1372 2216 1414 quin
2237 1372 2276 1404 ab
2299 1383 2335 1404 ea
2354 1383 2401 1404 re·

1324 1416 1413 1447 cedat
1442 1417 1615 1456 opinione,
1635 1428 1718 1458 quae
1746 1417 1978 1458 Episcopatum
2001 1418 2135 1458 denegat
2160 1418 2401 1449 Sacramentum

1324 1471 1391 1491 esse
1422 1467 1452 1491 et
1481 1461 1663 1501 imprimere
1695 1462 1915 1493 characterem.
1940 1462 2118 1493 Docentem
2141 1462 2250 1502 ipsum
2278 1461 2402 1493 audivi-

1323 1515 1396 1535 mus
1411 1505 1444 1534 in
1462 1505 1515 1543 lv,
1527 1505 1597 1536 dist.
1609 1515 1693 1543 xxxv,
1712 1516 1766 1547 qu.
1782 1517 1827 1544 111,
1843 1514 1899 1537 art.
1916 1514 1952 1537 11:
1970 1507 2192 1547 Episcopalem
2206 1511 2399 1546 potestatem

1325 1559 1387 1579 non
1417 1559 1485 1580 esse
1513 1555 1638 1580 tantum
1665 1551 1905 1588 iurisdictionis,
1934 1551 1991 1582 sed
2020 1553 2115 1582 etiam
2134 1550 2286 1582 Ordinis:
2307 1550 2401 1582 Ordi-

1324 1603 1399 1624 nem
1422 1603 1490 1624 esse
1515 1594 1766 1634 Episcopatum,
1791 1596 1820 1625 si
1851 1594 1940 1626 Ordo
1959 1596 2200 1633 consideretur,
2223 1596 2400 1627 secundum

1324 1637 1409 1678 quod
1436 1643 1483 1669 est
1513 1638 1656 1679 qsficium
1688 1639 1848 1679 quoddam
1877 1645 2023 1680 respectu
2053 1639 2269 1680 quarumdam
2301 1641 2401 1671 actio·

1325 1692 1401 1712 num
1416 1693 1598 1714 sacrarum.
1627 1683 1829 1714 Sacerdotem
1848 1690 2080 1724 repraesentare
2099 1683 2265 1715 Christum
2283 1683 2318 1714 in
2334 1683 2400 1715 hoc

1325 1727 1415 1767 quod
1442 1737 1498 1767 per
1525 1727 1667 1768 seipsum
1695 1728 1825 1769 aliquod
1842 1728 2055 1759 ministerium
2078 1727 2233 1768 implevit,
2251 1728 2309 1759 sed
2321 1728 2401 1769 Epi-

1324 1781 1454 1811 scopum
1486 1772 1518 1802 in
1548 1772 1608 1803 hoc
1641 1772 1726 1813 quod
1760 1773 1843 1804 alios
1879 1774 2043 1804 ministros
2073 1773 2211 1804 instituit
2235 1777 2267 1804 et
2288 1772 2400 1804 Eccle-

1324 1817 1406 1846 siam
1428 1815 1608 1855 sundavit:
1637 1817 1677 1847 ad
1707 1817 1906 1857 Episcopum
1936 1817 2090 1858 pertinere
2113 1817 2301 1858 mancipare
2318 1817 2403 1849 alios

1325 1860 1442 1891 divinis
1468 1861 1636 1902 obsequiis,
1661 1862 1756 1902 quasi
1778 1862 1900 1892 cultum
1924 1862 2068 1892 divinum
2094 1861 2139 1892 ad
2157 1861 2401 1902 similitudinem

1328 1904 1449 1935 Christi
1480 1910 1673 1936 statuentem
1705 1911 1737 1936 et
1759 1916 1823 1946 per
1849 1907 1909 1937 hoc
1935 1906 2119 1947 specialiter
2153 1905 2219 1936 dici
2247 1915 2400 1947 sponsum

1324 1949 1500 1980 Ecclesiae.
1511 1950 1552 1981 Et
1575 1950 1656 1980 libro
1671 1950 1714 1982 lv
1731 1949 1852 1981 Contra
1870 1957 1966 1990 gent„
1987 1950 2088 1991 capite
2103 1957 2205 1980 Lxxvt:
2225 1950 2400 1991 Episcopa-

1325 1994 1386 2024 lem
1406 1999 1595 2034 potestatem
1622 2004 1690 2026 esse
1715 1995 1814 2026 altius
1838 1995 1998 2036 quoddam
2023 1996 2056 2025 in
2086 1994 2234 2026 Ecclesia
2260 1995 2401 2026 ministe-

1325 2039 1431 2075 rium,
1463 2039 1553 2079 quod
1583 2039 1709 2070 excedit
1739 2040 1955 2070 sacerdotium
1985 2041 2018 2070 in
2047 2039 2098 2070 his
2126 2048 2210 2080 quae
2233 2039 2401 2079 pertinent

1325 2082 1368 2113 ad
1380 2083 1512 2124 fideles:
1528 2088 1558 2114 et
1573 2084 1674 2124 ipsam
1696 2084 1929 2115 sacerdotalem
1941 2089 2132 2124 potestatem
2150 2093 2192 2114 ex
2214 2083 2401 2124 Episeopali

1324 2127 1485 2158 derivari:
1500 2128 1656 2168 quidquid
1668 2128 1808 2159 arduum
1825 2129 1912 2159 circa
1921 2129 2080 2169 populum
2084 2128 2220 2169 fidelem
2237 2133 2284 2159 est
2299 2137 2401 2169 agen-

1324 2171 1412 2209 dum,
1429 2172 1596 2213 Episcopis
1619 2178 1818 2203 reservatum
1843 2183 1922 2210 esse,
1942 2182 2079 2213 quorum
2095 2173 2289 2204 auctoritate
2303 2173 2401 2205 dian

1323 2217 1506 2247 sacerdotes
1523 2222 1662 2257 possunt
1686 2217 1772 2258 quod
1794 2218 1840 2248 εἰς
1862 2217 2026 2259 agendum
2051 2217 2279 2248 committitur:
2297 2217 2330 2247 in
2349 2217 2400 2248 his

1324 2260 1451 2292 demum
1483 2271 1566 2302 quae
1594 2262 1778 2293 sacerdotes
1805 2268 1922 2303 agunt,
1950 2262 2023 2293 illos
2051 2263 2098 2293 uti
2125 2261 2222 2292 rebus
2240 2269 2304 2302 per
2321 2261 2400 2303 Epi-

1323 2314 1453 2346 scopum
1469 2307 1674 2343 consecratis,
1692 2311 1727 2337 ut
1750 2307 1782 2337 in
1800 2307 2028 2337 Eucharistiae
2042 2306 2283 2338 consecratione
2305 2310 2401 2339 utun-

1325 2355 1380 2380 tur
1393 2352 1589 2382 consecratis
1606 2361 1670 2391 per
1687 2351 1881 2392 Episcopum
1898 2351 2009 2388 calice,
2029 2351 2130 2382 altari
2148 2355 2179 2381 et
2192 2350 2304 2391 pallis.
2319 2352 2400 2382 Am-

1324 2394 1425 2435 pliora
1449 2402 1480 2426 et
1499 2395 1724 2435 praestantiora
1746 2396 1785 2426 de
1802 2395 1968 2436 Episcopis
1992 2405 2058 2426 non
2081 2395 2186 2426 dixere
2207 2395 2325 2434 Patres,
2341 2403 2402 2427 nec

1324 2436 1434 2470 Petrus
1458 2439 1619 2478 Aurelius,
1644 2449 1702 2470 nec
1725 2439 1970 2471 Thomassinus.

1391 2484 1512 2514 Verum
1535 2494 1611 2515 cum
1634 2483 1702 2524 ipse
1732 2484 1944 2525 Episcopatus
1969 2484 2083 2516 dicitur
2110 2493 2278 2515 summum
2301 2492 2401 2515 sacer-

1324 2527 1450 2558 dotium
1474 2536 1505 2559 et
1528 2528 1693 2559 sacerdotii
1710 2529 1889 2569 plenitudo,
1906 2529 1955 2560 vel
1974 2528 2016 2560 ita
2035 2528 2278 2569 intelligendum
2293 2527 2327 2558 id
2341 2533 2400 2566 est,

1323 2579 1359 2603 ut
1381 2573 1551 2604 sacerdotis
1568 2580 1759 2613 potestatem
1783 2583 1855 2613 erga
1879 2584 1994 2614 corpus
2011 2572 2128 2605 Christi
2152 2572 2325 2614 mysticum
2343 2581 2399 2605 au-

1321 2623 1392 2656 geat
1408 2617 1631 2657 Episcopatus,
1656 2627 1692 2648 ac
1716 2617 1844 2658 plenam
1867 2617 1982 2649 efficiat
2009 2617 2123 2648 collata
2146 2617 2265 2648 altioris
2294 2615 2400 2647 cuius·

1322 2661 1396 2690 dam
1420 2661 1583 2692 ministerii
1603 2668 1771 2701 potestate,
1786 2662 1836 2692 vel
1852 2662 1948 2692 etiam
1963 2669 1998 2693 ut
2020 2660 2220 2702 Episcopalis
2239 2659 2398 2691 ordinatio

1320 2704 1353 2734 id
1391 2705 1523 2743 habeat,
1557 2712 1592 2736 ut
1624 2705 1732 2746 ipsum
1764 2705 1978 2736 sacerdotium
2010 2715 2066 2736 seu
2099 2711 2289 2745 potestatem
2321 2713 2395 2745 erga

1321 2747 1438 2779 Christi
1463 2748 1591 2789 Corpus
1614 2759 1746 2787 verum,
1770 2749 1830 2780 nisi
1853 2749 1941 2790 prius
1971 2750 2119 2780 collatam
2143 2748 2313 2786 inveniret,
2338 2757 2395 2789 per

1300 2824 1304 2827 ,
1320 2802 1386 2823 sese
1406 2793 1570 2824 conferret.
1587 2793 1730 2824 Priorem
1752 2793 2045 2834 interpretationem
2068 2793 2250 2824 communis
2274 2792 2395 2833 ample—

1319 2836 1413 2868 ctitur
1435 2837 1661 2877 theologorum
1676 2847 1860 2875 consensus,
1876 2838 2130 2879 amplioremque
2147 2837 2236 2868 illam
2254 2843 2393 2878 potesta-

1319 2888 1383 2912 tem
1407 2891 1479 2922 erga
1502 2892 1618 2922 corpus
1642 2882 1759 2913 Christi
1783 2882 1955 2924 mysticum
1974 2882 2186 2913 characterem
2204 2891 2271 2912 esse
2290 2888 2321 2912 et
2339 2881 2395 2912 Sa-

1319 2933 1480 2957 cramento
1505 2926 1651 2965 conferri,
1676 2926 1766 2958 aiunt
1788 2927 1906 2967 plures,
1930 2926 2087 2958 inficiatur
2109 2926 2271 2964 Thomas,
2295 2935 2396 2967 quam

1319 2969 1466 3011 frequens
1490 2971 1716 3011 theologorum
1740 2978 1771 3002 et
1794 2971 2031 3002 canonistarum
2057 2980 2171 3011 agmen
2195 2970 2348 3012 sequitur.

1385 3017 1428 3046 At
1451 3015 1546 3045 etiam
1579 3015 1726 3046 nonnulli
1749 3015 1897 3047 videntur
1919 3015 2036 3055 fuisse,
2060 3015 2116 3057 qui
2140 3025 2196 3056 per
2218 3014 2395 3056 Episcopa-

1318 3059 1381 3089 lem
1405 3059 1652 3098 ordinationem,
1669 3059 1695 3090 si
1715 3059 1854 3100 cuipiam
1878 3060 2024 3092 nondum
2049 3060 2232 3101 presbytero
2259 3059 2394 3100 inaugu-

1318 3110 1386 3134 rato
1410 3104 1620 3142 adhiberetur,
1644 3104 1748 3144 ipsam
1771 3104 1906 3135 conferri
1930 3104 2051 3145 opinati
2070 3104 2133 3136 sint
2151 3110 2340 3144 potestatem
2358 3102 2393 3135 in

1319 3147 1446 3188 Corpus
1461 3148 1578 3180 Christi
1601 3158 1713 3179 verum
1729 3156 1760 3180 et
1775 3149 1903 3189 plenam
1927 3149 2023 3180 simul
2047 3158 2178 3180 ornnem
2202 3154 2393 3189 potestatem

1318 3192 1351 3223 in
1375 3203 1492 3233 corpus
1515 3192 1632 3224 Christi
1656 3193 1838 3234 mysticum.
1862 3193 2068 3225 Mabillonius
2092 3191 2335 3224 Commentario
2357 3191 2393 3223 in

1319 3236 1474 3268 Ordinem
1497 3247 1680 3275 romanum,
1706 3237 1808 3278 capite
1831 3248 1881 3268 xvi
1910 3237 1987 3269 haec
2010 3238 2120 3268 habet:
2148 3250 2163 3266 ι
2192 3237 2309 3269 Utrum
2326 3235 2392 3267 din-

1321 3293 1335 3308 »
1359 3281 1431 3312 coni
1455 3282 1495 3312 ad
1519 3281 1749 3322 Episcopatum
1773 3282 1863 3313 electi
1886 3292 1944 3323 per
1967 3282 2084 3314 saltum
2110 3282 2197 3323 apud
2225 3281 2392 3312 Romanos

1321 3337 1335 3352 »
1359 3325 1494 3357 ordinati
1518 3325 1580 3357 sint
1603 3325 1745 3367 (omisso
1773 3327 1894 3358 scilicet
1916 3325 2193 3368 presbyteratu),
2221 3335 2290 3356 non
2311 3323 2393 3356 levis

1322 3382 1336 3398 xv
1359 3370 1515 3401 momenti
1539 3370 1684 3411 quaestio
1709 3378 1765 3402 est.
1786 3371 1912 3402 Partem
1935 3370 2146 3402 affirmantem
2161 3370 2322 3401 adstruere
2343 3367 2390 3398 vi-

1322 3427 1335 3441 »
1359 3415 1450 3446 detur
1482 3414 1608 3446 libellus
1642 3422 1749 3446 noster
1779 3415 1882 3456 prior:
1907 3416 2019 3446 eadem
2051 3415 2138 3446 enim
2170 3414 2238 3445 eius
2266 3412 2322 3454 qui
2353 3421 2391 3443 ex

1322 3471 1335 3487 :v
1358 3459 1506 3497 diacono,
1530 3466 1626 3501 atque
1649 3459 1735 3490 illius
1759 3459 1815 3501 qui
1838 3470 1876 3491 ex
1899 3461 2082 3502 presbytero
2106 3458 2289 3495 ordinatur,
2313 3466 2390 3488 con-

1321 3515 1334 3530 »
1358 3503 1500 3534 secretio.
1527 3504 1687 3535 Nimirum
1711 3503 1843 3535 fortasse
1866 3504 1962 3545 quia,
1987 3511 2023 3535 ut
2054 3502 2149 3535 sentit
2171 3501 2392 3542 Hieronymus

1321 3560 1334 3574 »
1359 3548 1493 3588 epistola
1507 3558 1607 3578 cxxxv
1622 3547 1682 3590 (ad
1692 3548 1874 3590 Evagrium
1884 3558 1941 3580 seu
1951 3545 2173 3589 Evangelum)
2185 3547 2217 3576 in
2228 3545 2388 3586 Episcopo

1321 3605 1335 3620 »
1358 3597 1389 3623 et
1396 3593 1572 3633 presbyter
1587 3594 1779 3624 continetur.
1791 3593 1883 3623 Hanc
1897 3591 2086 3624 sententiam
2101 3589 2268 3622 confirmat
2281 3589 2388 3620 Photii

1321 3649 1335 3663 »
1359 3637 1507 3667 adversus
1522 3637 1688 3667 Romanos
1705 3637 1763 3667 ista
1782 3636 1932 3675 obiectio,
1950 3645 2011 3668 cur
2028 3635 2144 3666 levitae
2162 3634 2312 3675 Episcopi
2323 3634 2390 3675 fie-

1321 3692 1335 3706 »
1358 3685 1441 3717 rent,
1460 3680 1660 3721 presbyterii
1682 3680 1792 3721 gradu
1820 3690 1885 3711 non
1904 3681 2002 3720 prius
2026 3679 2182 3719 accepto?
2204 3678 2296 3710 Hanc
2319 3677 2390 3719 qui-
