2548 4192
766 516 1853 630 PRAEFATIO

1070 772 1551 788 ——w—

434 1182 448 1213 ἐ.
471 1178 576 1213 uae
615 1172 738 1214 suerit
774 1186 806 1213 5.
834 1172 1031 1213 Thomae
1069 1172 1240 1212 occasio
1281 1171 1582 1226 interpretandi
1620 1171 1703 1212 hoc
1742 1171 1984 1212 Aristotelis
2026 1186 2134 1227 opus
2170 1173 2223 1213 de
2256 1174 2401 1228 primis

404 1216 470 1271 ἵ
458 1231 688 1290 Logicae
728 1235 947 1276 elementis
989 1234 1224 1275 declaratur
1256 1234 1298 1274 in
1336 1234 1532 1289 Epistola
1571 1234 1892 1288 nuncupatoria,
1929 1248 2058 1288 quam
2084 1235 2402 1276 Commentario

401 1293 415 1315 θ
462 1296 816 1352 [praemittimus.
851 1298 976 1337 Hanc
1009 1296 1269 1351 Epistolam,
1309 1310 1420 1351 quae
1454 1297 1497 1337 in
1538 1296 1753 1337 nonnullis
1798 1296 2108 1350 antiquioribus
2147 1297 2402 1338 editionibus

495 1360 650 1415 legitur
673 1359 770 1413 (ut
759 1373 803 1399 1n
825 1359 994 1399 Veneta
1023 1359 1131 1399 Peri
1153 1359 1424 1400 hermeneias
1452 1365 1494 1399 et
1520 1359 1813 1399 Posteriorum
1840 1359 2087 1411 analyticor.
2125 1357 2259 1407 1526,
2286 1360 2403 1400 iussu

495 1435 545 1462 ac
584 1421 788 1476 impensis
824 1421 980 1462 nobilis
1019 1421 1097 1461 viri
1131 1422 1276 1462 Lucae
1310 1421 1489 1462 Antonii
1524 1422 1646 1461 Iunta
1679 1421 1909 1469 florentini,
1948 1426 1989 1461 et
2025 1421 2067 1461 in
2107 1421 2235 1461 altera
2277 1422 2403 1462 etiam

209 1481 379 1522 Veneta
414 1482 541 1537 1557,
571 1483 687 1538 apud
718 1484 1035 1538 Hieronymum
1063 1483 1281 1538 Scotum),
1317 1483 1539 1524 Echardus
1570 1489 1672 1524 tom.
1705 1484 1722 1523 I
1752 1483 2021 1537 Scriptorum
2059 1482 2235 1524 Ordinis
2265 1484 2401 1524 Prae-

208 1542 384 1585 dicator.
416 1545 472 1586 ad
505 1559 664 1586 annum
694 1557 820 1600 1274,
843 1560 941 1601 pag.
961 1548 1062 1595 283,
1080 1547 1158 1587 col.
1184 1559 1218 1594 1,
1244 1551 1421 1586 testatur
1440 1546 1482 1586 in
1508 1546 1709 1587 omnibus
1730 1545 1855 1586 codd.
1874 1558 1974 1586 mss.
2000 1559 2025 1585 a
2049 1559 2096 1587 se
2119 1545 2223 1585 visis
2249 1551 2401 1586 extare.

209 1604 381 1647 Revera
416 1613 530 1648 extat
562 1608 605 1648 in
639 1608 860 1649 codicibus
898 1609 1227 1658 Parisiensibus,
1262 1608 1399 1649 Vatic.
1425 1607 1566 1657 2115,
1599 1614 1641 1648 et
1674 1608 1893 1649 Urbinate.
1930 1608 2039 1648 Eam
2076 1607 2135 1648 uti
2173 1607 2403 1662 genuinam

209 1667 341 1709 habet
369 1669 566 1711 laudatus
595 1670 835 1711 Echardus:
866 1684 945 1711 nec
973 1670 1167 1711 dissentit
1199 1672 1269 1712 De
1290 1670 1467 1719 Rubeis,
1503 1670 1682 1710 Dissert.
1717 1670 1879 1719 XXIII,
1916 1683 2035 1725 capp.
2065 1683 2079 1710 1
2113 1675 2154 1710 et
2185 1682 2246 1718 111,
2282 1684 2320 1711 n.
2345 1683 2370 1711 1.

304 1731 432 1772 Hunc
465 1738 608 1773 autem
644 1733 1011 1774 Commentarium
1046 1733 1159 1773 docti
1193 1733 1272 1773 viri
1306 1746 1467 1788 magno
1501 1732 1544 1772 in
1577 1732 1713 1787 pretio
1748 1745 1919 1786 semper
1950 1732 2139 1772 habuere
2164 1745 2251 1772 non
2277 1745 2401 1772 secus

209 1805 259 1832 ac
282 1792 401 1842 alios,
437 1807 550 1848 quos
583 1794 626 1835 in
659 1795 818 1835 altioris
852 1795 1149 1850 philosophiae
1183 1794 1427 1835 Aristotelis
1461 1795 1593 1835 libros
1627 1808 1659 1835 s.
1681 1794 1875 1835 Thomas
1906 1794 2166 1849 conscripsit.
2190 1794 2402 1850 Aegidius

211 1854 426 1896 Columna
460 1855 512 1910 (†
541 1856 681 1911 1316)
720 1870 923 1898 romanus
967 1870 1020 1898 ex
1054 1857 1218 1898 Ordine
1257 1858 1398 1898 Erem.
1434 1871 1466 1898 5.
1492 1856 1746 1912 Augustini,
1787 1856 1829 1896 in
1868 1857 2182 1897 commentariis
2217 1869 2327 1909 quos
2362 1862 2403 1896 et

209 1915 301 1970 ipse
322 1917 490 1972 scripsit
512 1918 555 1958 in
584 1918 739 1959 librum
763 1919 870 1959 Peri
893 1919 1182 1968 hermeneias,
1218 1932 1348 1974 saepe
1371 1920 1507 1960 verba
1540 1933 1573 1960 5.
1591 1919 1789 1959 Thomae
1818 1919 2012 1967 recitans,
2048 1919 2124 1959 ait:
2158 1918 2280 1960 Dicit
2305 1919 2402 1958 Ex-

199 1979 379 2033 positor.
403 1980 515 2020 Hinc
539 1980 790 2022 Ludovicus
821 1981 874 2022 de
898 1982 1161 2022 Valle-Oleti
1184 1982 1288 2023 Ord.
1313 1981 1502 2022 Praedic.
1529 1982 1571 2022 in
1600 1981 1721 2022 brevi
1745 1981 1930 2030 historia,
1959 1995 2089 2035 quarn
2109 1981 2275 2035 scripsit
2299 1994 2401 2021 con-

208 2047 364 2082 ventus
397 2042 648 2083 Parisiensis
684 2043 812 2097 (eruit
845 2057 898 2084 ex
932 2044 1026 2085 cod.
1063 2058 1139 2085 ms.
1167 2044 1391 2085 Victorino
1426 2045 1619 2085 Martene
1652 2038 1934 2099 vulgavitque
1968 2049 2070 2085 tom.
2106 2044 2166 2083 VI
2201 2044 2402 2084 Veterum

206 2104 466 2158 scriptorum
508 2107 552 2145 et
589 2109 959 2147 monumentorum
1002 2110 1037 2158 §-
1066 2119 1162 2155 vm,
1199 2107 1277 2148 col.
1314 2106 1437 2161 549),
1480 2112 1712 2161 postquam
1756 2107 2000 2162 catalogum
2039 2105 2251 2146 ordinavit
2289 2106 2399 2160 Opp.

209 2178 242 2206 s.
265 2166 484 2215 Thomae,
526 2166 579 2207 de
614 2167 944 2209 Commentariis
988 2169 1181 2210 eiusdem
1220 2169 1263 2210 in
1302 2169 1547 2210 Aristotelis
1580 2169 1712 2209 libros
1742 2169 1846 2209 haec
1874 2169 2033 2223 profert
2061 2174 2208 2208 notatu
2239 2168 2400 2223 dignis-

208 2227 337 2269 sima:
384 2246 398 2264 <c
422 2228 607 2270 Sanctus
640 2230 809 2271 Doctor
845 2231 1012 2286 scripsit
1049 2232 1181 2272 multa
1214 2230 1268 2272 de
1305 2232 1492 2272 scientiis
1530 2231 1836 2286 philosophicis
1867 2237 1908 2271 et
1941 2231 2148 2272 habemus
2181 2230 2398 2279 videlicet,

216 2307 231 2326 »
259 2290 403 2345 Super
433 2290 591 2331 librum
623 2292 982 2334 Perilzermenias.
1015 2294 1133 2343 Item,
1168 2294 1312 2350 Super
1335 2294 1493 2335 librum
1519 2294 1863 2334 Posteriorum...
1889 2295 1937 2334 In
1972 2293 2228 2348 exponendo
2257 2298 2399 2333 autem

216 2370 231 2388 »
258 2352 488 2394 litteraliter
511 2353 790 2395 Aristotelem
824 2369 911 2396 non
945 2356 1094 2396 habuit
1126 2357 1368 2410 aequalem;
1403 2356 1518 2397 unde
1547 2370 1572 2396 a
1604 2356 1871 2410 philosophis
1904 2356 2142 2410 Expositor
2163 2369 2237 2410 per
2261 2355 2400 2395 excel-

217 2415 430 2455 »lentiam
460 2415 704 2456 nominatur
728 2434 742 2452 »
783 2417 867 2471 (Ib.
900 2418 978 2459 col.
1013 2417 1130 2472 561).
1158 2418 1290 2470 Quod
1324 2418 1607 2459 Valleoletani
1641 2418 1844 2459 iudicium
1878 2419 2014 2474 prima
2046 2417 2272 2458 medietate
2305 2430 2399 2457 sae-

208 2476 290 2516 culi
320 2477 405 2516 XV
446 2478 659 2531 prolatum
701 2480 962 2532 posteriores
999 2480 1214 2534 sapientes
1256 2481 1510 2521 unanimiter
1548 2481 1862 2522 confirmarunt.
1909 2481 2129 2522 Scrutatur
2162 2480 2398 2535 Angelicus

208 2543 372 2579 textum
406 2539 668 2588 Aristotelis,
696 2547 738 2581 et
761 2541 803 2581 in
835 2548 1105 2583 antecessum
1130 2543 1344 2584 succincta
1368 2557 1417 2584 ac
1442 2543 1658 2598 perlucida
1686 2544 1849 2597 analysi
1884 2549 2183 2598 argumentum
2219 2543 2396 2595 eiusque

208 2606 349 2654 partes
374 2601 626 2656 principales
651 2616 700 2643 ac
725 2603 1045 2645 subdivisiones
1076 2605 1134 2645 ob
1160 2606 1310 2646 oculos
1334 2606 1476 2660 ponit;
1512 2606 1668 2647 deinde
1693 2606 1748 2646 ad
1772 2612 1914 2660 partes
1930 2605 2174 2660 singillatim
2198 2605 2399 2658 interpre-

207 2663 360 2703 tandas
393 2664 603 2717 procedit:
639 2665 785 2705 necin
815 2666 970 2707 cortice
1004 2667 1165 2708 litterae
1194 2668 1318 2717 sistit,
1359 2668 1436 2709 sed
1470 2667 1525 2708 ad
1559 2668 1789 2709 medullam
1819 2674 2030 2723 penetrat;
2060 2667 2117 2708 ita
2150 2673 2195 2707 ut
2228 2667 2399 2706 miretur

207 2724 342 2765 lector
373 2730 511 2766 tantas
551 2726 720 2768 divitias
758 2728 800 2768 in
838 2729 1104 2784 Philosopho
1141 2743 1253 2779 esse,
1299 2744 1410 2785 quae
1448 2731 1584 2785 prima
1621 2731 1757 2771 fronte
1790 2730 1905 2771 haud
1948 2729 2272 2784 conspiciuntur
2309 2728 2398 2768 Ve-

208 2786 303 2827 ru'm
333 2800 421 2827 non
446 2788 690 2829 Aristotelis
722 2796 909 2831 mentem
935 2792 1075 2832 solum
1100 2793 1246 2833 recitat
1268 2793 1515 2848 Angelicus,
1542 2793 1619 2833 sed
1646 2793 1699 2833 de
1730 2793 1930 2833 thesauro
1958 2805 2037 2832 suo
2061 2792 2191 2832 multa
2219 2782 2394 2844 profert,

209 2848 438 2904 Stagiritae
463 2849 701 2891 doctrinam
735 2852 910 2894 mirifice
943 2854 1256 2908 amplificando,
1292 2855 1548 2911 corrigendo
1583 2856 1655 2896 ubi
1691 2869 1800 2910 opus
1836 2861 1909 2903 est,
1940 2852 2187 2894 illustrando
2217 2865 2394 2905 semper,

208 2909 267 2950 ita
299 2923 454 2964 nempe
488 2918 534 2952 ut
568 2913 803 2967 Expositor
835 2915 1068 2956 Aristotele
1102 2917 1335 2971 sapientior
1366 2917 1573 2958 videatur.

304 2972 428 3026 Opus
452 2973 566 3014 istud
591 2975 687 3015 Peri
702 2975 980 3026 hermeneias,
1004 2978 1124 3047 quod
1145 2979 1260 3033 apud
1293 2993 1474 3034 graecos
1497 2979 1623 3019 unico
1651 2979 1759 3019 libro
1790 2978 2037 3025 continetur,
2062 2977 2104 3016 in
2132 2976 2241 3016 duos
2263 2975 2395 3015 libros

208 3047 236 3073 a
269 3033 408 3073 latinis
441 3034 740 3089 interpretibus
779 3038 966 3079 divisum
1003 3041 1164 3094 passim
1202 3041 1423 3095 reperitur:
1463 3055 1647 3095 quorum
1677 3041 1837 3095 primus
1874 3039 2014 3093 priora
2047 3051 2206 3078 novem
2244 3037 2391 3091 capita,

211 3094 374 3148 reliqua
421 3096 612 3165 quinque
666 3098 748 3152 (X-
729 3100 860 3154 -X1v)
910 3101 1015 3141 alter
1063 3103 1366 3156 complectitur
1415 3104 1538 3143 Hanc
1582 3103 1838 3143 divisionem
1885 3106 2091 3155 sequutus
2137 3113 2170 3140 5.
2205 3099 2397 3139 Thomas

210 3157 424 3212 integrum
462 3158 646 3212 primum
685 3161 840 3202 librum
875 3163 1093 3217 exposuit,
1129 3164 1206 3204 sed
1244 3165 1286 3204 in
1324 3165 1502 3204 alterum
1541 3165 1710 3205 nonnisi
1750 3163 1855 3204 duas
1898 3163 2101 3203 lectiones
2135 3161 2299 3215 scripsit
2331 3174 2397 3201 su-

210 3232 287 3273 per
319 3219 500 3272 primam
533 3227 696 3274 partem
737 3224 884 3277 capitis
909 3237 950 3265 Χ.
972 3248 991 3255 -
1012 3225 1131 3265 Piani
1166 3226 1352 3266 editores
1386 3226 1494 3266 hanc
1528 3226 1569 3266 in
1603 3226 1687 3266 fine
1721 3232 1868 3266 notam
1905 3230 2089 3279 ponunt:
2130 3223 2395 3264 Commenta-

212 3281 377 3321 riorum
418 3281 457 3321 d.
493 3282 681 3324 Thomae
711 3285 949 3337 Aquinatis
962 3319 971 3333 ,
1016 3300 1127 3339 quae
1159 3287 1209 3327 ob
1242 3288 1333 3327 eius
1369 3290 1547 3327 mortem
1580 3288 1834 3341 incompleta
1875 3288 2148 3332 manserunt,
2180 3285 2301 3338 finis.
2338 3285 2398 3324 At

211 3349 394 3383 mortem
420 3357 507 3384 non
537 3344 668 3385 fuisse
691 3346 734 3386 in
760 3360 888 3387 causa
912 3361 986 3387 cur
1010 3361 1119 3401 opus
1144 3362 1232 3388 non
1262 3349 1539 3403 compleverit
1569 3362 1601 3389 5.
1623 3350 1790 3389 Doctor
1823 3348 2041 3389 contendit
2073 3346 2304 3394 Echardus‚
2340 3346 2396 3386 in-

211 3405 376 3458 quiens,
393 3406 461 3446 vel
492 3406 611 3460 quod
633 3407 788 3448 nimiae
809 3409 1112 3462 occupationes
1135 3410 1399 3457 obstiterunt,
1421 3410 1490 3450 vel
1511 3410 1652 3463 potius
1673 3410 1838 3450 iuvenis
1864 3410 1932 3449 ille
1958 3415 1999 3449 et
2018 3409 2187 3462 sapiens
2208 3409 2397 3462 Praepo-

211 3467 318 3507 situs
351 3467 494 3508 forsan
527 3482 730 3523 praesens
755 3470 874 3523 plura
907 3484 995 3510 non
1028 3471 1270 3524 postulavit,
1301 3471 1582 3525 religionique
1606 3471 1753 3511 habuit
1777 3471 2010 3511 maioribus
2034 3471 2241 3511 intentum
2266 3470 2308 3509 in
2332 3470 2396 3511 his

211 3534 413 3582 tyronum
438 3531 619 3585 propriis
645 3530 802 3571 diutius
828 3531 1070 3573 distinere·
1086 3532 1222 3572 Addit
1250 3534 1318 3572 De
1343 3533 1507 3572 Rubeis
1533 3532 1651 3586 quod
1676 3535 1782 3587 opus
1804 3532 2102 3586 incompletum
2125 3532 2299 3579 mansit,
2322 3545 2398 3572 nec

210 3590 266 3631 ab
299 3591 386 3632 alio
412 3593 675 3647 suppletum:
709 3607 819 3647 quae
844 3594 990 3634 ultima
1013 3594 1147 3634 verba
1175 3607 1263 3648 quo
1288 3607 1417 3634 sensu
1443 3594 1635 3634 dicantur
1657 3609 1682 3634 a
1705 3595 1798 3635 viro
1829 3594 2114 3635 eruditissimo
2139 3593 2253 3634 haud
2278 3594 2396 3634 facile

354 3670 423 3704 Opp.
443 3671 473 3695 D.
489 3670 602 3695 Tamus
621 3670 653 3694 T.
673 3670 688 3694 1.
