2788 4204
55 811 223 910 7³¹’ffl

0 1074 10 1104 ἰ.

1 1109 7 1116 ι

0 1119 6 1131 >

0 1139 9 1156 ι’,

0 1158 11 1255 Ῑ
54 1173 72 1183 h

256 1362 422 1394 νᾼ-θῐον
425 1364 466 1397 τό

1185 263 1294 299 CAP.
1327 264 1393 310 lv,
1424 265 1574 302 LECT.
1605 266 1656 301 xl

2440 283 2508 319 179

1037 521 1337 577 LECTIO
1375 524 1808 582 UNDECIMA

328 659 412 698 DE
447 658 671 699 TERTIO
690 633 1000 702 >PRINCIPIO
1036 662 1209 714 QUOD
1241 664 1367 713 EST,
1391 665 1528 706 DJCJ
1550 667 1639 707 UT
1665 668 2087 719 UNlVERSALE,
2113 671 2191 711 ET
2218 672 2302 712 DE
2333 672 2511 713 MODO

749 739 877 791 QUO
919 740 1311 783 UNIVERSALI
1341 743 1571 787 UTITUR
1605 746 2090 790 DEMONSTRATIO

324 871 480 905 Καθόλου
505 868 543 905 ὸέ
562 874 686 920 λέγω“
671 887 686 907 ο
707 875 745 908 ἂν
762 876 858 909 κατοὶ
875 877 1004 915 παντός
1027 890 1064 909 τε
1083 879 1220 924 ὑπαρχῃ
1237 882 1295 912 καὶ
1312 879 1387 912 καθ’

394 918 482 950 αὐτὸ
506 921 564 950 καὶ
591 920 611 962 ᾔ
639 920 740 953 αὐτό.

324 961 472 1016 Φανερὸν
500 963 566 1006 ἄρα
592 963 645 997 ὅτι
663 964 727 998 ὅσα
751 963 913 1006 καθόλου,
934 966 967 1007 ἐξ
988 965 1136 1012 ἀνάγκης
1159 967 1302 1013 ύποίρχει
1321 973 1391 1006 τοῖς

393 1006 600 1064 πράγμασιν.

325 1050 371 1082 Τό
394 1050 469 1083 καθ’
500 1053 588 1085 αὐτὸ
612 1048 650 1085 δὲ
672 1056 731 1085 καὶ
758 1056 778 1097 ᾖ
805 1053 893 1086 αὐτὸ
919 1053 1064 1095 ταύτόν,
1092 1055 1160 1086 οἷον
1177 1055 1252 1087 καθ’
1280 1057 1390 1093 αὐτην

393 1096 439 1150 τῇ
464 1099 606 1152 γραμμῇ
632 1098 778 1144 ὑπάρχει
808 1099 936 1144 στιγμη
961 1101 1019 1131 καὶ
1044 1099 1085 1131 τὰ
1110 1099 1203 1131 εὐθυ·
1235 1102 1294 1132 καὶ
1326 1102 1390 1146 γοὶρ

392 1151 412 1181 ῃ
437 1141 593 1185 γραμμή·
617 1145 675 1174 καὶ
706 1145 753 1184 τῷ
779 1156 928 1199 τριγωνῳ
955 1145 974 1187 ᾗ
1042 1146 1160 1189 ίγωνον
1190 1140 1251 1176 δύο
1282 1144 1390 1188 ὀρθαί·

390 1187 449 1216 καὶ
465 1187 532 1232 γοὶρ
547 1186 621 1218 καθ’
652 1190 741 1221 αὐτο
766 1190 808 1221 τὸ
833 1192 993 1236 τρίγωνον
1000 1154 1078 1221 τὲύο
1104 1187 1217 1232 ὀρθαῖς
1241 1191 1326 1221 ἴσον.

323 1272 370 1305 Τό
393 1273 541 1308 καθόλου
566 1270 604 1307 δὲ
629 1277 774 1331 υποίρχει
800 1277 903 1318 τότε,
938 1276 1023 1310 ὅταν
1049 1277 1104 1309 ἐπὶ
1130 1277 1193 1309 τοῦ
1225 1276 1391 1322 τυχόντος

390 1320 499 1353 καὶπ
474 1333 609 1355 πωτου
632 1316 844 1358 δεικνυηται.

514 1365 551 1398 όο
578 1364 675 1409 ὀρθοὶς
702 1365 790 1410 ἔχειν
816 1366 896 1399 οὔτε
921 1367 969 1407 τῷ
994 1365 1157 1421 σχήματί
1183 1366 1256 1399 ἐστι
1289 1366 1392 1399 καθό-

388 1409 462 1441 λου·
476 1413 592 1443 καίτοι
614 1410 688 1442 ἔστι
704 1407 813 1452 δεῖξαι
829 1411 926 1444 κατὰ
942 1422 1123 1465 σχηματος
1140 1410 1194 1444 ὅτι
1211 1406 1272 1442 δύο
1292 1411 1390 1454 ὀρθοὶς

391 1453 474 1498 ἔχει,
503 1455 575 1488 ἀλλ
607 1467 643 1488 ου
670 1457 732 1488 τοῦ
757 1456 923 1502 τυχόντος
949 1467 1141 1500 σχηματος
1169 1450 1246 1488 οὐδὲ
1261 1457 1390 1500 χρῆται

390 1500 438 1540 τῷ
440 1500 606 1556 τυχόντι
630 1500 787 1557 σχήματι
813 1503 829 1534 ὁ
853 1497 890 1534 δε
878 1513 996 1538 -ικνυς-
1024 1501 1065 1534 τό
1091 1501 1155 1545 γάρ
1174 1502 1388 1557 τετράγωνον

389 1544 509 1588 σχῆμα
534 1545 604 1587 μὲν,
634 1546 692 1577 οὐκ
718 1545 787 1601 ἔχει
811 1542 850 1579 δὲ
874 1542 935 1578 δύο
962 1544 1073 1589 ορθαῖς
1096 1548 1185 1583 ἴσας.
1206 1546 1250 1577 Τό
1267 1541 1297 1577 δ’
1321 1547 1391 1578 ἰσο-

389 1589 540 1627 σκελές”
526 1601 581 1635 εχε
568 1601 596 1620 ι
619 1602 678 1632 μεν
704 1602 747 1623 το
772 1592 876 1636 τυχόν
901 1586 962 1622 δυο
988 1589 1098 1644 ὀρθαῖς
1119 1593 1215 1630 ἴσας,
1245 1590 1317 1623 ἀλλ’
1352 1591 1388 1623 οὗ

391 1633 542 1677 πρῶτον,
574 1634 664 1666 ἀλλὰ
687 1635 728 1667 τὸ
758 1638 918 1689 τρίγωνον
948 1634 1122 1690 πρότερον.
1144 1634 1185 1666 “0
1210 1638 1320 1666 τοίνυν
1347 1635 1388 1668 τό

390 1679 495 1733 τυχόν
510 1680 642 1733 πρῶτον
656 1676 829 1713 δείκνυται
845 1675 906 1712 δυο
921 1678 1047 1723 ὀρθοὶς“’
1033 1691 1108 1725 εχον
1124 1679 1144 1716 ἦ
1160 1680 1273 1712 ότιουν
1291 1679 1386 1720 ἄλλο,

389 1733 502 1764 τουτῳ
529 1723 649 1767 πρώτῳ
676 1724 820 1781 ύποίρχει
844 1724 1004 1764 καθόλου,

322 1767 380 1796 καὶ
404 1767 425 1803 ἡ
452 1755 624 1810 ἀπόδειξις
652 1768 728 1802 καθ’
764 1770 851 1802 αὐτὸ
877 1768 1003 1802 τούτου
1027 1767 1174 1801 καθόλου
1200 1768 1293 1806 ἐστί,
1321 1768 1387 1800 τῶν

389 1805 418 1842 δ’
451 1812 559 1845 ἄλλων
579 1814 715 1870 τρόπον
741 1814 820 1846 τινσὶ
838 1814 875 1846 οὐ
899 1812 976 1845 καθ’
1006 1812 1107 1846 αυτό·
1133 1807 1210 1844 οὐδὲ
1236 1824 1298 1844 του
1319 1812 1389 1844 ἰσο-

390 1858 527 1894 σκελοῦς
553 1859 612 1890 οὐκ
638 1858 711 1891 ἔστι
734 1857 902 1898 καθόλου,
931 1859 1004 1890 ἀλλ’
1033 1859 1087 1890 ἐπὶ
1115 1855 1178 1889 πλέ
1165 1867 1230 1888 ε.ον

382 1951 532 1979 SYNOPSIS.
546 1967 580 1972 --
597 1960 621 1979 1.
642 1951 856 1988 Argumentum
871 1957 898 1978 et
912 1950 1015 1979 divisio
1029 1957 1161 1979 textus·
1172 1958 1198 1978 2.
1214 1950 1391 1986 Universale,

287 2001 292 2003 “
321 1991 359 2020 de
379 2000 440 2029 quo
461 1990 508 2019 hic
528 1997 571 2020 est
591 1991 732 2028 quaestio,
747 2000 809 2019 non
828 1990 966 2027 accipitur
985 1997 1072 2027 prout
1093 1990 1161 2019 dicit
1180 1990 1288 2027 aliquid
1310 2000 1390 2019 com-

78 2771 88 2780 ·
102 2769 173 2794 Num.
188 2771 211 2793 8.

77 2879 141 2901 ’not
156 2881 182 2900 et
193 2879 248 2902 diei.

77 2930 231 2980 ζιέἲῖἲῶωἰέῐ.
242 2938 279 2954 ιτ.

75 3036 229 3059 ’κιωάεηι

321 2040 411 2060 mune
437 2030 584 2068 pluribus,
613 2032 664 2060 sed
691 2037 780 2067 prout
803 2031 942 2067 importat
969 2031 1116 2067 quandam
1147 2030 1390 2067 adaequationem

320 2071 477 2108 praedicati
497 2072 535 2099 ad
556 2071 756 2100 subiectum.—
768 2072 793 2099 3.
815 2073 908 2100 Porro
930 2071 986 2099 hoc
1013 2070 1173 2099 universale
1195 2077 1237 2099 est
1258 2071 1287 2099 id
1309 2071 1390 2107 quod

321 2111 359 2140 de
379 2111 509 2140 subiecto
523 2111 704 2148 praedicatur
718 2111 933 2145 universaliter,
949 2112 1030 2157 quod
1040 2120 1099 2149 per
1113 2120 1143 2139 se
1158 2111 1231 2139 inest
1249 2111 1389 2145 subiecto,

322 2153 403 2189 quod
424 2151 554 2180 subiecto
576 2151 710 2180 convenit
733 2152 890 2180 secundum
912 2152 988 2188 quod
1009 2151 1119 2189 ipsum,
1141 2160 1203 2179 non
1228 2151 1389 2179 seeundum

321 2190 444 2220 aliud.
424 2201 485 2227 4.
507 2191 711 2220 Corollarium.
726 2193 804 2229 Ergo
819 2192 876 2220 hoc
896 2191 1056 2219 universale
1070 2191 1231 2219 necessario
1251 2190 1325 2219 inest
1340 2200 1388 2218 su-

387 2466 392 2470 *
521 2425 569 2470 '3·..⁵.
585 2451 727 2492 partes:
771 2442 808 2479 in
840 2443 984 2491 prima,
1015 2441 1178 2479 ostendit
1214 2442 1305 2502 quid
1343 2443 1388 2479 sit

318 2478 549 2542 universale3
566 2495 604 2532 in
619 2495 796 2542 secunda,
813 2496 1005 2532 ostendit*
1014 2496 1237 2543 quomodo
1229 2509 1268 2533 1n
1282 2509 1387 2533 acce-

271 2582 277 2588 .
318 2549 448 2598 ptione
463 2549 685 2586 universalis
701 2548 910 2596 contingit*
922 2561 1061 2595 errare;
1078 2549 1140 2586 ibi:
1161 2550 1313 2598 Oportet
1321 2562 1387 2586 au-

318 2608 391 2639 tem
401 2613 475 2639 non
491 2602 710 2639 latere*etc.
729 2602 838 2639 Circa
853 2602 1021 2650 primum
1037 2579 1114 2639 duo
1130 2603 1231 2639 facit:
1247 2602 1384 2651 primo,

316 2655 482 2694 ostendit
495 2655 588 2703 quid
606 2655 652 2692 sit
665 2655 896 2700 universale;
913 2655 1094 2702 secundo,
1112 2655 1274 2693 ostendit
1293 2669 1386 2705 quo-

317 2708 437 2746 modo
458 2707 738 2746 demonstrator
755 2708 959 2745 umversah
972 2716 1113 2755 utatur
1134 2710 1201 2746 ibi:
1220 2710 1387 2746 Demon-

315 2762 445 2799 stratio
465 2767 589 2798 autem
612 2774 686 2810 per
701 2774 742 2799 se
750 2762 849 2798 *.etc
872 2762 982 2799 Circa
1000 2762 1169 2811 primum
1190 2762 1267 2800 duo
1283 2763 1383 2800 facit:

316 2814 455 2863 primo,
481 2815 644 2852 ostendit
671 2815 777 2862 quod
803 2815 1019 2852 universale
1048 2815 1213 2852 continet
1232 2816 1270 2852 in
1289 2828 1329 2852 se
1350 2824 1386 2853 et

316 2866 394 2904 dici
417 2867 463 2904 de
489 2868 595 2904 omni
620 2868 690 2904 et*
710 2880 785 2916 per
810 2880 872 2913 se‚·
900 2868 1082 2914 secundo,
1103 2869 1266 2906 ostendit
1293 2869 1383 2917 quid

318 2931 431 2968 supra
460 2932 506 2956 ea
522 2920 685 2966 *addat3
716 2920 782 2957 ibi:
818 2922 1036 2958 Universale
1063 2927 1187 2958 autem
1202 2923 1244 2943 ²⁸*
1259 2929 1328 2958 etc.

372 2983 407 3008 2.
437 2972 500 3009 Ad
527 2972 756 3010 evidentiam
784 2981 914 3011 autem
944 2986 1090 3020 eorum,
1121 2987 1218 3022 quae
1246 2975 1306 3011 hic
1330 2975 1383 3012 di-

319 3032 468 3081 cuntur,
499 3026 695 3063 sciendum
717 3034 773 3063 est
796 3027 900 3076 quod
923 3027 1137 3064 universale
1165 3040 1244 3064 non
1272 3028 1346 3064 hoc
1364 3029 1383 3048 *

373 3173 400 3208 α)
420 3174 481 3199 Non
496 3173 545 3199 hoc
559 3173 638 3198 modo
653 3173 696 3198 hic
709 3173 840 3205 accipitur
854 3172 902 3206 (G,
916 3173 1052 3214 sumitur).
1066 3175 1102 3198 Ita
1117 3175 1190 3199 codd.
1210 3179 1235 3199 et
1253 3180 1293 3199 est
1311 3174 1386 3199 lectio

316 3209 484 3242 praeferenda
507 3209 617 3233 Pianae:
646 3216 697 3233 non
722 3208 772 3233 hoc
795 3209 874 3234 modo
898 3209 1036 3241 accipitur.
1066 3210 1218 3234 Universale
1241 3209 1310 3234 enim
1334 3209 1383 3233 sub

317 3245 418 3269 diversa
436 3242 620 3276 significatione
633 3243 711 3276 accipi
729 3248 823 3276 potest,
842 3249 871 3268 ut
889 3244 1065 3269 manifestatur
1079 3252 1126 3276 per
1144 3252 1175 3269 ea
1194 3252 1260 3276 quae
1276 3245 1308 3268 de
1320 3244 1384 3268 Por-

316 3279 410 3313 phyrio
434 3279 574 3310 adduntur3
598 3279 668 3303 unde
690 3279 806 3303 statuitur
824 3287 839 3304 a
860 3287 882 3304 s.
891 3279 995 3304 Thomu
1016 3287 1109 3304 sensus
1132 3287 1184 3311 quo
1202 3279 1245 3304 hic
1262 3279 1384 3311 accipitur

316 3315 470 3339 universale.

370 3348 396 3384 β)
416 3349 567 3374 Secundum
592 3349 727 3381 quandam
745 3349 954 3381 adaptationem.
979 3349 1131 3373 Retinemus
1153 3348 1218 3373 hanc
1243 3349 1381 3373 lectionem

317 3385 458 3410 Pianam.—
466 3385 548 3409 Codd.
561 3384 655 3408 ABGH
671 3385 773 3416 legunt:
792 3384 935 3409 secundum
949 3385 1020 3416 quod
1034 3384 1164 3416 importat
1181 3384 1316 3416 quandam
1332 3389 1379 3408 etc.

314 3435 334 3439 —
347 3421 429 3445 Codd.
448 3419 694 3444 ABCGHIKLMOS
710 3420 811 3451 legunt,
832 3424 858 3444 et
875 3419 940 3443 forte
959 3419 1070 3443 melius:
1092 3419 1226 3450 quandam
1245 3419 1380 3451 adaequa—

316 3455 428 3484 tionem,
452 3454 559 3479 omissis
581 3454 782 3486 adaptationem
801 3455 854 3483 ve1;
877 3454 898 3478 E
922 3454 1004 3478 omitt.
1023 3454 1063 3478 vel
1085 3453 1319 3486 adaequationem;
1343 3453 1379 3477 D:

315 3490 545 3523 adaequationem,
563 3489 773 3521 adaptationem.

314 3524 922 3592 ...11353002‘2525231535M‘,²:51
929 3523 1216 3600 Ρξὲἓεὲῑὲῗὲἳῗέ
1229 3523 1379 3584 ῑῖὲἲὲνίἱιῗ

315 3599 355 3622 est
372 3595 526 3628 simpliciter
544 3595 616 3628 quod
633 3598 660 3620 et
677 3595 710 3620 de
733 3595 806 3620 omni
823 3598 892 3620 est..
899 3601 974 3627 ‚per
990 3602 1018 3619 se
1036 3594 1105 3619 inest
1121 3594 1159 3626 ei,
1174 3594 1243 3619 idest
1260 3599 1323 3624 etc.;
1338 3594 1377 3618 M.

1447 883 1629 914 Universale
1652 892 1759 915 autern
1783 886 1854 916 dico
1878 887 1977 926 quod,
1998 897 2072 917 cum
2097 889 2135 918 de
2158 889 2246 919 omni
2266 889 2315 927 sit,
2337 897 2367 920 et
2390 900 2445 930 per
2468 901 2511 928 se,

1514 934 1544 957 et
1567 929 1743 958 secundum
1766 930 1853 969 quod
1877 930 1984 969 ipsum
2007 938 2062 961 est.

1446 971 1652 1002 Manifestum
1667 972 1762 1011 igitur
1777 980 1823 1003 est
1838 974 1927 1013 quod
1946 985 2154 1016 quaecunque
2173 984 2246 1007 sunt
2262 978 2458 1017 universalia,
2476 989 2512 1010 ex

1515 1016 1697 1046 necessitate
1720 1017 1829 1047 insunt
1851 1018 1954 1048 rebus.

1447 1058 1506 1088 Per
1528 1069 1561 1089 se
1584 1066 1691 1090 autem
1716 1067 1747 1090 et
1768 1062 1943 1091 secundum
1967 1063 2054 1102 quod
2078 1063 2184 1102 ipsum
2204 1072 2264 1102 est,
2284 1065 2368 1096 idern
2392 1074 2454 1104 est,
2477 1074 2513 1097 ut

1514 1113 1570 1142 per
1593 1113 1625 1133 se
1648 1104 1750 1134 lineae
1773 1105 1854 1135 inest
1885 1113 2041 1145 punctum
2065 1114 2095 1137 et
2117 1108 2289 1139 rectitudo:
2316 1117 2346 1140 et
2373 1120 2512 1152 namque

1515 1147 1690 1177 secundum
1706 1149 1795 1188 quod
1810 1149 1892 1179 linea
1916 1156 1971 1188 est,
1997 1158 2026 1180 et
2049 1151 2205 1190 triangulo
2225 1154 2401 1184 secundum
2424 1156 2512 1195 quod

1515 1197 1561 1220 est
1583 1191 1757 1231 triangulus
1773 1193 1838 1222 duo
1863 1193 1948 1231 recti,
1973 1195 2088 1224 etenim
2111 1205 2166 1235 per
2185 1206 2217 1226 se
2236 1197 2409 1237 triangulus
2433 1199 2511 1230 duo-

1514 1235 1572 1266 bus
1597 1235 1687 1266 rectis
1712 1236 1850 1277 aequalis
1874 1244 1930 1267 est.

1447 1278 1630 1309 Universale
1653 1287 1761 1310 autem
1785 1287 1830 1311 est
1854 1288 1930 1311 tunc
1954 1292 2028 1312 curn
2051 1282 2084 1312 in
2108 1283 2250 1323 quolibet
2279 1292 2308 1315 et
2331 1286 2434 1325 primo
2460 1287 2511 1317 de-

1514 1330 1717 1354 monstratur.
1987 1346 1992 1352 ι

1447 1368 1490 1398 Ut
1514 1368 1595 1398 duos
1619 1375 1719 1399 rectos
1742 1368 1856 1399 habere
1876 1379 1979 1410 neque
2003 1370 2130 1401 cuilibet
2151 1370 2269 1410 figurae
2284 1372 2365 1403 inest
2388 1374 2511 1404 univer-

1514 1412 1626 1449 saliter,
1647 1419 1677 1442 et
1700 1419 1805 1442 tamen
1830 1420 1876 1443 est
1899 1414 2112 1445 demonstrare
2136 1416 2174 1445 de
2197 1415 2296 1456 figura
2320 1418 2408 1458 quod
2432 1419 2512 1449 duos

1513 1463 1613 1486 rectos
1626 1457 1730 1493 habet,
1750 1457 1804 1487 sed
1821 1467 1886 1487 non
1899 1458 2064 1489 cuiuslibet
2080 1458 2197 1499 figurae
2217 1467 2277 1497 est,
2296 1471 2398 1511 neque
2414 1463 2512 1493 utitur

1512 1500 1650 1541 qualibet
1665 1500 1765 1540 figura
1786 1502 2020 1541 demonstrans;
2045 1504 2281 1544 quadrangulus
2306 1506 2391 1536 enim
2413 1506 2512 1547 figura

1512 1545 1643 1585 quidem
1655 1552 1711 1582 est,
1725 1555 1791 1575 non
1804 1553 1910 1576 autem
1922 1547 2015 1578 habet
2032 1548 2158 1578 duobus
2170 1549 2260 1580 rectis
2278 1551 2432 1590 aequales.
2450 1552 2511 1582 Sed

1511 1589 1656 1619 isosceles
1673 1589 1766 1620 habet
1781 1590 1911 1630 quidem
1923 1592 2088 1631 quodlibet
2108 1593 2234 1623 duobus
2254 1594 2342 1625 rectis
2355 1597 2510 1636 aequales,

1513 1634 1567 1664 sed
1580 1643 1645 1663 non
1655 1633 1807 1673 primurn,
1821 1635 1874 1664 sed
1890 1635 2063 1675 triangulus
2078 1636 2174 1676 prius.
2188 1638 2285 1675 Quod
2300 1639 2394 1678 igitur
2409 1641 2511 1680 quod-

1510 1678 1586 1708 libet
1605 1677 1744 1718 primum
1763 1686 1956 1710 monstratur
1980 1680 2060 1710 duos
2084 1688 2184 1711 rectos
2198 1682 2322 1721 habere,
2341 1691 2394 1714 aut
2408 1685 2511 1725 quod-

1512 1732 1638 1762 cunque
1660 1723 1757 1760 aliud,
1774 1723 1847 1753 huic
1870 1724 1975 1763 primo
1998 1725 2078 1755 inest
2096 1726 2288 1764 universa1e3

1445 1774 1475 1797 et
1498 1767 1725 1797 demonstratio
1750 1777 1805 1807 per
1828 1778 1860 1797 se
1884 1768 1978 1798 huius
1998 1769 2180 1799 universalis
2205 1777 2270 1808 est,
2296 1771 2431 1802 aliorum
2456 1783 2510 1803 au-

1511 1817 1575 1840 tem
1599 1811 1842 1851 quodammodo
1870 1819 1900 1842 et
1923 1823 1988 1842 non
2005 1823 2061 1853 per
2083 1821 2132 1852 se;
2157 1824 2259 1855 neque
2282 1815 2421 1846 isoscelis
2445 1827 2509 1847 non

1511 1861 1557 1885 est
1577 1855 1802 1894 universaliter,
1819 1856 1873 1886 sed
1896 1856 2101 1897 frequentius,

1446 1950 1550 1986 biecto‚
1566 1951 1602 1978 de
1623 1960 1682 1988 quo
1698 1951 1918 1987 praedicaturffl
1934 1953 1959 1980 5.
1975 1953 2036 1980 Per
2055 1962 2086 1981 se
2108 1960 2136 1981 et
2156 1955 2312 1982 secundum
2327 1956 2403 1992 quod
2416 1956 2509 1993 ipsum

1446 1996 1489 2019 est
1509 1990 1602 2018 inesse
1624 1990 1754 2019 subiecto
1776 1991 1852 2019 idem
1873 1991 1986 2020 realiter
2003 1999 2071 2020 sunt
2090 1992 2120 2021 in
2135 1993 2300 2022 definitione
2327 1994 2509 2024 universalis.

1445 2047 1464 2051 —
1481 2031 1508 2058 6.
1524 2030 1690 2058 Universale
1711 2031 1791 2059 addit
1812 2041 1899 2068 supra
1919 2032 1978 2060 dici
1995 2033 2031 2060 de
2046 2033 2125 2060 omni
2138 2039 2166 2061 et
2182 2043 2240 2071 per
2260 2043 2301 2068 se,
2316 2035 2395 2071 quod
2410 2035 2509 2072 primo

1445 2070 1680 2098 demonstratur'
1674 2079 1766 2098 messe
1777 2070 1802 2098 ei
1818 2072 1854 2099 de
1865 2081 1924 2117 quo
1939 2072 2153 2108 praedicatur.—
2134 2082 2188 2109 —7.
2199 2073 2364 2110 Explicatur
2377 2075 2509 2111 exemplo

1443 2109 1576 2147 trianguli
1601 2110 1682 2138 cuius
1700 2120 1759 2148 per
1777 2120 1807 2138 se
1826 2111 1924 2148 primo
1948 2118 1990 2140 est
2014 2113 2119 2140 habere
2145 2119 2202 2141 tres
2227 2114 2348 2151 angulos
2375 2115 2509 2151 aequales

1444 2150 1558 2178 duobus
1581 2150 1674 2178 rectis.
1694 2167 1714 2171 —
1735 2151 1762 2178 8.
1785 2151 2002 2179 Demonstratio
2019 2161 2077 2189 per
2097 2161 2128 2180 se
2149 2159 2191 2180 est
2217 2153 2300 2181 huius
2327 2154 2508 2190 universalis,

1443 2196 1531 2225 prout
1551 2199 1657 2226 nempe
1678 2190 1837 2218 universale
1854 2200 1912 2228 per
1933 2200 1963 2219 se
1985 2198 2014 2219 et
2030 2191 2128 2229 primo
2149 2192 2337 2228 praedicatur.

1441 2282 1560 2319 modo
1589 2282 1650 2319 hic
1683 2283 1910 2331 accipitur‚⁰²
1929 2291 2043 2332 prout
2076 2296 2191 2320 omne
2224 2285 2328 2332 quod
2360 2286 2507 2334 praedi-

1442 2343 1546 2372 catur
1574 2335 1620 2372 de
1647 2336 1818 2384 pluribus
1846 2337 2058 2373 universale
2088 2337 2231 2383 dicitur,
2262 2339 2541 2376 secundum*-

1442 2388 1548 2435 quod
1574 2389 1806 2437 Porphyrius
1827 2389 2052 2426 determinat
2084 2390 2131 2427 de
2164 2391 2331 2438 quinque
2354 2392 2504 2428 univer-

1442 2441 1596 2487 salibus;
1636 2442 1702 2479 sed
1740 2442 1874 2479 dicitur
1910 2443 1970 2479 hic
2006 2443 2219 2480 universale
2246 2444 2266 2465 *
2294 2445 2504 2482 secundum

1442 2495 1636 2542 quandam
1657 2495 1939 2543 adaptationem
1953 2494 1971 2524 β
1989 2496 2050 2532 vel
2066 2496 2382 2545 adaequationem
2397 2511 2504 2546 prae-

1441 2547 1552 2584 dicati
1571 2549 1620 2585 ad
1636 2548 1859 2599 subiectum,
1882 2561 1970 2585 cum
1995 2548 2134 2585 scilicet
2161 2562 2285 2597 neque
2314 2551 2505 2598 praedica-

1440 2609 1523 2638 tum
1555 2601 1744 2638 invenitur
1772 2609 1874 2638 extra
1911 2602 2144 2649 subiectum,
2179 2615 2302 2651 neque
2331 2604 2350 2624 '¹‘
2383 2605 2504 2641 subie-

1441 2662 1544 2691 ctum
1573 2654 1652 2691 sine
1680 2654 1949 2703 praedicato&

1523 2708 1556 2744 3.
1588 2708 1656 2744 His
1685 2715 1813 2744 autem
1841 2707 1943 2753 visis,
1965 2707 2163 2744 sciendum
2192 2717 2247 2745 est
2274 2710 2379 2757 quod
2407 2710 2504 2747 circa

1439 2761 1607 2809 primurn
1636 2761 1705 2797 tria
1733 2761 1829 2797 facit.
1865 2760 1994 2797 Primo
2011 2761 2098 2797 dicit
2117 2762 2221 2809 quod
2247 2763 2455 2799 universale
2473 2769 2502 2810 ⁷,

1440 2814 1579 2850 scilicet
1612 2813 1894 2862 praedicatum,
1930 2821 1984 2850 est
2018 2814 2122 2861 quod
2152 2822 2187 2850 et
2214 2815 2259 2850 de
2295 2816 2400 2852 omni
2431 2822 2502 2862 est,

1438 2867 1536 2904 idest
1552 2866 1814 2904 universaliter
1827 2866 2066 2915 praedicatur
2080 2867 2126 2904 de
2142 2867 2322 2913 subiecto,
2340 2876 2375 2904 et
2390 2864 2502 2905 etiam

1433 2933 1505 2969 per
1528 2933 1578 2966 se,
1599 2920 1737 2956 scilicet
1756 2919 1851 2956 inest
1870 2919 1921 2965 ei,
1943 2919 2039 2956 idest
2059 2920 2235 2956 convenit
2258 2921 2426 2957 subiecto
2449 2934 2503 2958 se-

1438 2974 1601 3010 cundum
1631 2973 1731 3021 quod
1763 2973 1882 3020 ipsum
1914 2973 2116 3008 subiectum
2150 2978 2211 3009 est.
2247 2974 2367 3009 Multa
2400 2974 2502 3010 enim

1438 3026 1698 3063 universaliter
1718 3025 1764 3062 de
1794 3025 1979 3073 aliquibus
2002 3025 2276 3073 praedicantur,
2302 3038 2400 3074 quae
2424 3039 2502 3063 non

1439 3174 1531 3199 Primo
1550 3174 1615 3199 dicit
1633 3174 1698 3206 quid
1715 3177 1755 3198 est
1774 3174 2046 3203 universa1e‚scilicet
2065 3174 2266 3206 praedicatum,
2285 3174 2356 3206 quod
2374 3174 2407 3199 de
2429 3175 2502 3200 omni

1438 3213 1492 3238 est;
1511 3209 1548 3233 R:
1568 3209 1659 3233 Primo
1679 3209 1743 3233 dicit
1761 3209 1859 3234 scilicet
1876 3209 1949 3241 quod
1967 3209 2114 3234 universale
2122 3209 2310 3240 praedicatum
2329 3213 2368 3234 est
2385 3210 2456 3242 quod
2475 3213 2502 3235 et

1439 3244 1472 3269 de
1481 3244 1553 3268 omni
1565 3247 1619 3272 esu
1632 3244 1679 3268 BG
1692 3251 1745 3268 orn.
1760 3244 1859 3269 scilicet
1872 3244 1944 3276 quod
1957 3245 1983 3268 M
1998 3244 2074 3268 habet
2088 3249 2146 3268 ante
2155 3244 2351 3275 praedicatum,
2368 3245 2415 3269 sed
2428 3245 2499 3269 addi-

1437 3284 1478 3303 tur
1496 3278 1522 3302 in
1541 3286 1623 3310 marg.
1636 3278 1674 3308 G;
1692 3279 1854 3303 ABDEKLT
1873 3279 1968 3303 habent
1986 3279 2122 3303 lectionem
2141 3279 2214 3303 codd.
2229 3279 2317 3303 HMR:
2333 3279 2404 3312 quod
2422 3283 2448 3304 et
2467 3281 2500 3306 de

1437 3313 1509 3338 omni
1522 3317 1576 3342 est5
1590 3314 1645 3338 NS:
1661 3317 1700 3338 est
1712 3316 1739 3338 et
1756 3314 1828 3345 quod
1842 3314 1874 3338 de
1888 3314 1960 3338 omni
1978 3317 2031 3343 esu
2046 3314 2084 3338 O:
2099 3317 2138 3339 est
2153 3313 2224 3346 quod
2238 3314 2270 3338 de
2285 3315 2357 3339 omni
2371 3315 2499 3340 dicitur.-

1437 3349 1458 3373 C
1477 3349 1539 3373 duas
1559 3348 1635 3372 habet
1654 3348 1785 3372 lectiones.
1804 3349 1890 3373 Prima
1908 3357 2001 3373 manu:
2010 3349 2102 3381 primo
2121 3349 2186 3374 dicit
2198 3349 2270 3381 quod
2283 3350 2438 3379 universale,
2448 3350 2498 3375 sci-

1436 3384 1497 3409 licet
1518 3383 1720 3415 praedicatum,
1741 3383 1822 3408 etiam
1847 3385 1886 3408 est
1908 3384 1980 3416 quod
2004 3384 2037 3408 de
2059 3384 2144 3412 omni,
2165 3384 2232 3408 idest
2255 3389 2302 3409 etc.
2328 3385 2401 3415 Quae
2423 3385 2499 3410 lectio

1436 3419 1549 3443 secunda
1568 3426 1646 3442 manu
1661 3418 1805 3450 corrigitur:
1815 3419 1906 3450 primo
1921 3419 1986 3443 dicit
1997 3419 2069 3451 quod
2081 3419 2235 3448 universale,
2250 3419 2499 3452 sc111cetpraed1ca-

1435 3457 1505 3483 tum,
1526 3457 1566 3478 est
1579 3453 1650 3485 quod
1664 3453 1696 3477 de
1709 3453 1781 3478 omni
1794 3457 1834 3478 est
1847 3459 1922 3478 etc.-
1932 3454 1951 3478 Ρ
1966 3458 1992 3478 et
2009 3454 2085 3478 ceteri
2103 3454 2219 3479 codices:
2233 3458 2272 3479 est
2286 3454 2366 3480 etiam
2380 3455 2452 3487 quod
2466 3456 2498 3480 de

1434 3489 1507 3513 omni
1525 3492 1600 3513 estn-
1609 3488 1868 3513 ABCDHKMNOST
1886 3496 1939 3513 om.
1954 3489 2052 3514 scilicet
2070 3494 2128 3513 ante
2146 3489 2214 3514 inest
2231 3489 2268 3518 ei,·
2286 3490 2307 3514 L
2322 3490 2380 3515 loco
2398 3490 2498 3516 scilicet

1433 3524 1494 3555 legit
1510 3524 1592 3551 idest3
1607 3523 1653 3547 PR
1666 3523 1749 3548 omitt.
1760 3523 1828 3548 idest
1839 3529 1898 3548 ante
1911 3524 2033 3549 convenit
2045 3524 2169 3549 subiecto.
2178 3537 2197 3545 --
2206 3524 2272 3549 Cum
2286 3532 2348 3558 ergo
2361 3526 2444 3557 lectio,
2457 3529 2498 3551 est

1433 3559 1504 3591 quod
1513 3562 1539 3584 et
1549 3559 1582 3583 de
1592 3559 1681 3583 omni..
1683 3559 1771 3583 Adest
1780 3559 1908 3588 convenit,
1920 3559 2023 3584 maioris
2034 3564 2060 3584 et
2073 3559 2187 3584 melioris
2203 3559 2282 3592 partis
2301 3561 2376 3585 codd.
2386 3561 2427 3592 sit,
2440 3568 2496 3586 eam

1431 3594 1619 3627 adoptavimus.

2539 902 2611 950 'l'eSxetq
2615 908 2683 950 neap
2694 908 2726 925 w

2632 2303 2648 2318 α

2552 2355 2577 2370 a:
2595 2352 2668 2376 prout
2685 2350 2745 2371 Por-

2530 2376 2693 2406 phyrius.-1.:
2705 2376 2746 2397 de-

2532 2402 2673 2423 terminavit.

2530 2428 2607 2465 Porph
2624 2429 2679 2450 rius.

2530 2454 2600 2476 Cod
2621 2457 2689 2479 ..(exc
2698 2458 2743 2477 ael:

2533 2481 2667 2502 universale
2673 2488 2744 2508 prae-

2533 2507 2633 2528 dicatum
2650 2514 2695 2529 sec.

2630 2534 2644 2568 β

2532 2622 2539 2629 ·
2557 2626 2739 2642 Ancnoxmosr:

2531 2653 2630 2674 neque-e
2619 2647 2657 2668 sit.

2551 2679 2588 2694 oo
2598 2676 2666 2695 extra
2670 2679 2741 2701 prae-

2531 2699 2640 2721 dicatum

2627 2781 2643 2805 Υ
