2788 4204
330 237 404 275 368

909 229 1293 270 POSTERIORUM
1320 225 1750 264 ANALYTICORUM
1779 226 1874 262 LIB.
1905 225 1937 260 lI

1034 520 1336 577 LECTIO
1374 519 1811 575 UNDECIMA

448 662 754 720 QUOMODO
787 661 904 703 PER
937 658 1559 701 DEMONSTRATIONEM
1591 656 1963 698 ACCIPIATUR
1989 656 2204 699 'CAUSA
2240 656 2412 710 QUAE

930 735 1059 776 NON
1092 734 1208 776 EST
1242 733 1426 775 SIMUL
1462 733 1592 774 CUM
1624 732 1907 773 EFFECTU

323 876 570 911 Ἐπισκεπτέον
592 871 630 908 δέ
648 877 680 908 τί
703 874 744 907 τὰ
768 873 920 920 συνέχον,
938 873 1026 906 ὥστε
1047 873 1138 916 μετά
1155 873 1196 906 τὰ
1212 870 1390 928 γεγονέναι

394 923 435 956 τὸ
459 920 608 969 γίνεσθαι
641 919 804 965 ὑπάρχειν
831 920 863 951 ἐν
889 923 959 956 τοῖς
986 918 1194 964 πράγμασιν.
1212 919 1260 948 Ἠ
1284 912 1388 953 δῆλον

394 966 448 999 ὅτι
479 967 537 999 οὐκ
567 965 658 999 ἔστιν
689 965 848 1010 ἐχόμενον
879 963 1061 1010 γεγονότος
1096 963 1283 1009 γινόμενον·
1311 957 1390 994 οὐδὲ

392 1012 456 1058 γάρ
480 1009 657 1058 γενόμενον
687 1008 882 1055 γενομένου·
917 1007 1055 1051 πέρατα
1078 1007 1143 1054 γάρ
1171 1009 1230 1039 καὶ
1257 1006 1387 1052 ἄτομα.

385 1057 510 1100 ’Ὠσπερ
539 1054 596 1089 οὖν
628 1050 707 1086 οὐδὲ
738 1055 881 1099 στιγμαί
910 1054 991 1085 εἰσιν
1025 1052 1180 1090 ἀλλήλων
1214 1051 1388 1097 ἐχόμεναι,

394 1097 472 1134 οὐδὲ
495 1101 672 1147 γενόμενα·
701 1098 798 1143 ἄμφω
822 1098 887 1144 γάρ
914 1094 1107 1143 ἀδιαίρετα.
1134 1093 1221 1130 Οὐδὲ
1238 1098 1282 1134 δή
1300 1096 1392 1144 γινό-

392 1158 489 1192 μενον
513 1135 737 1193 γεγενημένου
762 1139 822 1176 8ιά
846 1143 887 1175 τὸ
913 1142 1015 1176 αὐτό’
1035 1143 1075 1176 τὸ
1092 1143 1152 1187 μὲν
1177 1144 1242 1189 γάρ
1259 1141 1392 1189 γινόμε-

392 1203 446 1223 νον
472 1186 658 1236 διαιρετόν,
685 1189 725 1221 τὸ
750 1183 787 1220 δέ
804 1188 941 1234 γεγονός
963 1183 1168 1230 ἀδιαίρετον.
1188 1188 1314 1232 Ὕλα-περ
1334 1185 1391 1219 οὖν

391 1234 531 1282 γραμμή
558 1234 638 1278 πρὸς
659 1232 807 1287 στιγμήν
834 1233 917 1278 ἔχει,
937 1232 1026 1266 οὕτω
1045 1231 1086 1266 τό
1110 1231 1284 1279 γινόμενον
1311 1232 1391 1277 πρὸς

393 1281 434 1313 τὸ
458 1279 612 1326 γεγονός·
639 1279 820 1323 ἐνυπάρχει
844 1277 909 1324 γάρ
936 1277 1061 1321 ἄπειρα
1085 1277 1256 1323 γεγονότα
1283 1278 1316 1310 ἑν
1342 1278 1391 1318 τῷ

391 1325 565 1372 γινομένῳ.
591 1324 729 1355 Μᾶλλον
754 1319 792 1355 δὲ
817 1323 963 1367 φανερῶς
990 1323 1023 1354 ἐν
1049 1326 1120 1359 τοῖς
1144 1321 1292 1354 καθόλου
1315 1324 1390 1366 περὶ

390 1369 550 1407 κινήσεως
576 1364 629 1400 δεῖ
649 1367 812 1414 λεχθῆναι
838 1369 911 1409 περὶ
937 1367 1082 1399 τούτων.

324 1461 399 1505 Περὶ
423 1458 482 1503 μὲν
507 1457 563 1490 οὖν
589 1457 650 1490 τοῦ
672 1457 739 1494 πῶς
759 1455 796 1488 ἂν
815 1454 930 1498 ἑφεξῆς
948 1454 1122 1501 γινομένης
1150 1455 1211 1492 τῆς
1229 1453 1389 1500 γενέσεως

393 1503 465 1548 ἔχοι
501 1503 541 1536 τὸ
575 1501 675 1546 μέσον
707 1500 748 1534 τό
782 1501 994 1541 afflone-tel
1027 1500 1194 1532 τοσοῦτον
1228 1499 1386 1543 εἰλήφθω.

385 1548 535 1593 Ἀνάγκη
560 1547 624 1592 γάρ
648 1547 707 1577 καὶ
733 1546 766 1577 ὲν
787 1544 923 1582 τούτοις
942 1545 984 1577 τὸ
1000 1544 1102 1588 μέσον
1118 1545 1177 1576 καὶ
1195 1545 1236 1576 τὸ
1256 1546 1389 1589 πρῶτον

393 1593 504 1637 ἀμεσα
529 1588 627 1623 εἶναι.
653 1590 730 1621 Οἷον
755 1590 796 1622 *ro*
814 1590 840 1621 A
856 1589 1008 1636 γέγονεν,
1028 1590 1103 1621 ἐπεὶ
1128 1589 1170 1621 τό
1188 1590 1209 1620 Γ
1234 1588 1387 1635 γέγονεν·

391 1637 529 1679 ὕστερον
554 1632 591 1668 δὲ
616 1634 656 1667 τό
678 1636 699 1666 Γ
721 1633 872 1680 γέγονεν,
892 1633 1078 1680 ἔμπροσθεν
1096 1630 1133 1666 δὲ
1159 1634 1200 1667 τὸ
1221 1636 1258 1666 Α.
1282 1634 1387 1680 Ἀρχτὶ

389 1678 427 1714 δὲ
459 1681 500 1714 τό
529 1682 550 1712 Γ
575 1676 635 1712 διά
663 1679 703 1711 τὸ
734 1679 916 1725 ἐγγύτερον
948 1680 1010 1712 τοῦ
1039 1680 1095 1711 νῦν
1121 1675 1220 1720 εἶναι,
1249 1678 1265 1712 ὅ
1295 1679 1388 1712 ἐστιν

392 1726 479 1771 ἀργή
506 1726 568 1758 τοῦ
593 1723 726 1771 χρόνου·
754 1724 796 1756 τό
821 1719 858 1757 δὲ
875 1727 897 1756 Γ
917 1723 1068 1771 γέγονεν7
1089 1725 1117 1756 εἰ
1138 1724 1220 1757 «ed-A
1235 1724 1275 1771 γέ
1301 1736 1385 1757 ονεν.

389 1764 457 1803 Τοῧ
480 1766 522 1807 δή
545 1771 569 1801 Δ
592 1768 772 1816 γενομένου
797 1769 928 1816 ἀνάγκη
955 1769 996 1802 τό
1016 1770 1039 1800 Α
1056 1768 1247 1815 γεγονέναι.
1300 1772 1388 1802 ἴτιον

388 1810 426 1847 δὲ
451 1814 492 1848 τὸ
516 1817 552 1846 Γ·
583 1815 645 1846 τοῦ
670 1813 734 1859 γάρ
761 1814 783 1844 Δ
807 1815 988 1861 γενομένου
1014 1813 1055 1846 τὰ
1081 1815 1102 1845 Γ
1130 1814 1263 1860 ἀνάγκη
1289 1826 1388 1862 γεγο-

388 1860 499 1901 νέναι,
530 1861 593 1892 τοῦ
618 1855 655 1891 δέ
675 1862 696 1891 Γ
721 1858 902 1905 γεγονότος
939 1857 1070 1905 ἀνάγκη
1101 1858 1264 1904 πρότερον
1296 1860 1337 1892 τὸ
1362 1861 1388 1890 Α

387 1903 576 1951 γεγονέναι.
602 1902 700 1936 Οὕτω
726 1903 763 1938 δέ
786 1905 1001 1949 λαμβάνοντι
1026 1903 1068 1936 vd
1093 1902 1194 1949 μέσον
1217 1904 1387 1942 στήσεταί

390 1961 454 1982 που
478 1950 523 1988 εἰς
551 1948 694 1993 ἀμεσον,

323 1994 344 2033 ἦ
371 1995 422 2028 ἀεὶ
447 1998 720 2039 παρεμπεσεῖται
744 1989 804 2028 διαὶ
825 1994 865 2028 τό
884 1994 1041 2037 ἄπειρον;
1065 1993 1103 2026 οὐ
1120 1993 1184 2050 γάρ
1203 1994 1295 2028 ἐστιν
1313 1994 1327 2027 ἑ
1357 1993 1388 2026 ό-

388 2051 485 2083 μενον
507 2038 645 2086 γεγονός
665 2039 862 2086 γεγονότος,
881 2038 991 2093 ὥσπερ
1009 2037 1143 2084 ἐλέχθη.
1179 2040 1256 2071 Au*
1286 2039 1325 2085 α”ρ
1350 2051 1390 2071 α-

389 2083 465 2116 σθαί
491 2096 532 2130 Ιγε
559 2083 645 2128 ὅμως
679 2083 810 2131 ἀνάγκη
842 2084 911 2117 ἀπὸ
937 2095 1039 2128 μεσου
1062 2085 1122 2115 καὶ
1149 2084 1219 2116 ἀπὸ
1243 2085 1306 2117 τοῦ
1332 2085 1388 2116 νῦν

389 2127 535 2172 πρώτου.

318 2175 456 2217 Ὁμοίως
481 2168 519 2205 δὲ
543 2174 601 2204 καὶ
628 2173 683 2204 ἐπὶ
709 2173 772 2205 τοῦ
790 2172 901 2206 ἔσται.
927 2174 965 2204 Εἰ
983 2173 1030 2219 γά
1068 2173 1187 2211 ἀληθές
1206 2173 1312 2205 εἰπεῖν
1334 2173 1389 2207 ὅτι

386 2218 486 2251 ἔσται
510 2217 552 2250 τὸ
570 2219 606 2258 Δ,
628 2216 758 2263 ἀνάγκη
778 2218 940 2263 πρότερον
960 2218 1024 2255 ἀλη
1049 2218 1079 2255 ἐς
1106 2218 1211 2251 εἰπεῖν
1230 2217 1284 2251 ὅτι
1303 2219 1345 2252 τὸ
1361 2220 1388 2251 Α

388 2263 498 2295 ἔσται.
531 2261 662 2294 Τούτου
693 2262 724 2297 δ’
765 2265 876 2295 αἴτιον
906 2263 947 2296 τό
979 2265 1013 2294 Γ·
1045 2263 1074 2294 εἰ
1105 2262 1164 2307 μέν
1195 2263 1260 2309 γάρ
1292 2264 1333 2296 τὸ
1365 2265 1388 2295 Δ

387 2308 501 2349 ἔσται,
520 2306 681 2362 πρότερον
707 2308 748 2342 τὸ
769 2309 790 2338 Γ
817 2308 928 2341 ἔσται·
955 2308 982 2339 εἰ
1007 2302 1044 2339 δὲ
1071 2307 1111 2340 τό
1129 2310 1151 2339 Γ
1169 2307 1283 2350 ἔσται,
1307 2308 1386 2354 πρό-

387 2363 482 2397 τερον
512 2364 553 2384 το
583 2352 608 2383 Α
634 2352 743 2386 ἔσται.
775 2353 914 2397 Ὁμοίως
939 2347 968 2384 δ’
998 2352 1131 2396 ἄπειρος
1158 2353 1178 2390 ἡ
1206 2353 1295 2397 τομή
1327 2356 1387 2386 καὶ

388 2397 420 2429 ἐν
447 2395 596 2434 τούτοις·
625 2397 661 2428 οὐ
686 2398 750 2445 γάρ
770 2398 861 2430 ἐστιν
885 2396 1028 2441 ἐσόμενα
1048 2396 1196 2442 ἐχόμενα
1215 2397 1385 2436 ἀλλήλων.

381 2441 488 2486 Ἀρχτῖ
513 2436 552 2473 δὲ
573 2442 632 2472 καὶ
658 2443 689 2474 ὲν
717 2441 854 2480 τούτοις
882 2442 1001 2486 ἄμεσος
1026 2442 1178 2480 ληπτέα.

314 2486 412 2532 Ἔχει
429 2482 467 2518 δὲ
483 2485 589 2522 οὕτως
611 2486 748 2521 ἐπὶτῶν
775 2486 889 2534 ἔργων.
917 2487 954 2518 Ei.
974 2487 1111 2533 γέγονεν
1130 2488 1234 2529 οἰκία,
1255 2487 1387 2534 ἀνάγκη

389 2530 582 2575 τετμῆσθαι
606 2530 715 2570 λίθους
739 2533 798 2564 καὶ
817 2531 1005 2578 γεγονέναι.
1033 2533 1144 2565 Τοῦτο
1167 2528 1226 2565 διά
1250 2535 1303 2573 τί;
1332 2532 1388 2566 ὅτι

391 2575 522 2622 ἀνάγκη
549 2574 583 2607 θε
614 2574 701 2608 ε’λιον
733 2575 927 2622 γεγονέναι,
955 2579 1046 2621 εἴπερ
1071 2578 1129 2609 καὶ
1155 2578 1263 2609 οὶκίαν
1289 2589 1387 2624 γεγο-

389 2619 494 2652 νέναι·
530 2620 557 2652 εἱ
587 2585 626 2652 ξε
660 2621 835 2666 θεμέλιον,
873 2620 1034 2667 πρότερον
1067 2621 1178 2660 λίθους
1210 2622 1388 2668 γεγονέναι

391 2664 535 2711 ἀνάγκη.
570 2664 674 2698 Πάλιν
700 2666 727 2697 εἱ
758 2665 856 2698 ἔσται
887 2666 996 2707 οἰκία,
1028 2665 1192 2704 ὡσαύτως
1225 2666 1388 2712 πρότερον

390 2710 528 2742 ἔσονται
551 2709 650 2743 λίθοι.
686 2711 861 2743 Δείκνυται
887 2706 925 2742 δὲ
950 2705 1009 2743 8ιά
1033 2712 1095 2744 τοῦ
1120 2710 1222 2756 μέσου
1253 2713 1387 2756 ὁμοίως·

391 2755 489 2787 ἔσται
513 2754 577 2800 γάρ
602 2754 754 2798 θεμέλιον
780 2754 958 2800 πρότερον.

383 2860 532 2888 Smops1s.
546 2876 580 2880 —
597 2869 621 2888 1.
637 2860 744 2888 Textus
765 2866 967 2897 argumentum
990 2866 1018 2888 et
1032 2859 1144 2888 divisio.
1154 2876 1176 2883 —
1187 2867 1214 2888 2.
1229 2859 1307 2895 Quia
1328 2860 1388 2888 duo

315 2900 402 2938 sacta
425 2909 487 2928 esse
509 2909 570 2927 non
584 2909 614 2928 se
629 2900 736 2928 habent
753 2901 790 2928 ad
804 2899 927 2928 invicem
943 2907 1163 2937 consequenter,
1177 2899 1218 2929 ita
1237 2908 1344 2937 nempe
1357 2907 1390 2928 ut

323 2939 396 2967 inter
416 2949 451 2968 ea
471 2949 531 2967 non
553 2939 588 2967 sit
608 2939 737 2976 accipere
760 2939 879 2977 aliquod
898 2940 1026 2968 medium
1049 2940 1136 2977 (quia
1157 2946 1223 2968 sunt
1244 2940 1388 2977 quaedam

322 2979 423 3007 ultima
444 2986 472 3007 et
493 2979 674 3008 indivisibilia
688 2979 718 3007 in
731 2986 873 3016 tempore,
889 2979 961 3008 sicut
976 2980 1005 3008 in
1020 2979 1095 3009 11nea
1109 2981 1169 3008 duo
1184 2987 1299 3017 puncta,
1315 2980 1390 3008 inter

323 3028 397 3056 quae
418 3026 513 3056 potest
540 3029 654 3057 semper
674 3019 764 3056 accipi
787 3019 907 3056 aliquod
935 3020 1091 3055 medium);
1114 3020 1181 3048 hinc
1206 3029 1300 3057 neque
1313 3021 1390 3059 fieri

323 3059 415 3096 (quod
430 3065 472 3087 est
493 3059 565 3087 sicut
586 3059 735 3095 divisibile,
750 3066 781 3088 ut
802 3059 889 3095 linea)
912 3066 939 3088 et
960 3060 1066 3088 facturn
1089 3069 1151 3088 esse
1171 3069 1201 3088 se
1223 3061 1330 3088 habent
1351 3061 1388 3088 ad

323 3098 446 3127 invicem
467 3106 687 3136 consequenter.
707 3116 724 3121 -
744 3100 769 3128 3.
791 3100 900 3128 Textus
921 3099 1088 3128 subdivisio.
1101 3109 1159 3136 —4.
1176 3100 1271 3128 Etiam
1293 3100 1323 3128 in
1337 3101 1388 3128 de-

379 3510 406 3543 α)
422 3511 525 3540 himo,
541 3513 655 3537 ostendit
668 3517 715 3538 etc.
727 3526 746 3533 —-
756 3522 769 3535 «
786 3513 858 3538 Circa
872 3513 915 3538 illa
929 3513 1016 3544 verba,
1030 3514 1218 3546 speculandum
1234 3514 1319 3548 igitur
1332 3514 1386 3547 <in-

326 3546 382 3577 quit
400 3546 559 3579 Caietanus),
578 3548 762 3573 advertendum
782 3554 822 3573 est
840 3554 946 3582 propter
969 3549 1150 3574 obscuritatem
1170 3558 1291 3582 magnam
1310 3550 1386 3575 huius

326 3581 436 3613 capituli,
452 3583 521 3614 quod
536 3583 707 3608 diversimode
719 3584 750 3608 ab
767 3584 907 3609 illustribus
921 3585 1108 3618 expositoribus
1122 3591 1291 3618 exponuntur.
1305 3586 1386 3611 Aver-

1445 874 1462 893 *
1477 872 1716 914 speculandum
1743 871 1840 911 igitur
1861 870 1940 911 quid
1964 877 2011 901 est
2034 870 2199 901 continens
2223 877 2260 902 ut
2286 878 2360 912 post
2378 871 2412 902 id
2430 873 2521 913 quod

1512 918 1633 948 factum
1657 924 1713 955 est,
1731 916 1771 947 sit
1793 914 1860 946 fieri
1882 915 1916 946 in
1939 916 2043 946 rebus.
2060 918 2127 946 Aut
2142 915 2348 946 manifestum
2369 923 2416 947 est
2430 918 2520 958 quod

1512 973 1580 993 non
1603 969 1650 993 est
1672 961 1818 992 habitum
1841 971 1915 992 cum
1935 960 2018 992 facto
2042 970 2110 991 esse
2129 962 2218 1002 quod
2240 961 2290 999 fit3
2310 970 2414 1004 neque
2434 962 2521 993 enim

1513 1007 1633 1038 factum
1649 1018 1723 1039 curn
1738 1014 1812 1048 post
1827 1006 1910 1037 facto
1925 1014 2007 1037 esse:
2025 1006 2152 1037 termini
2167 1007 2253 1038 enim
2268 1013 2343 1038 sunt
2363 1014 2394 1038 et
2408 1008 2519 1040 atomi.

1512 1052 1601 1083 Sicut
1616 1052 1712 1094 igitur
1727 1062 1831 1093 neque
1851 1059 1969 1092 puncta
1986 1052 2025 1082 ad
2041 1051 2178 1082 invicem
2194 1059 2270 1083 sunt
2285 1052 2402 1091 habita,
2415 1063 2521 1094 neque

1513 1106 1595 1138 quae
1617 1098 1698 1128 facta
1717 1104 1806 1136 sunt,
1826 1104 1959 1138 utraque
1979 1097 2065 1128 enim
2087 1096 2288 1128 indivisibilia
2307 1104 2396 1136 sunt;
2416 1108 2522 1139 neque

1512 1141 1608 1182 igitur
1623 1142 1713 1184 quod
1731 1141 1767 1172 fit
1790 1152 1866 1173 cum
1884 1152 1923 1173 eo
1944 1143 2034 1183 quod
2057 1142 2178 1173 factum
2201 1149 2248 1174 est
2268 1150 2398 1184 propter
2417 1143 2521 1183 idem;

1514 1186 1604 1227 quod
1627 1187 1758 1229 quidem
1787 1187 1872 1217 enim
1901 1186 1937 1218 fit
1959 1187 2113 1218 divisibile
2137 1194 2201 1227 est,
2230 1189 2320 1230 quod
2343 1195 2452 1219 autem
2475 1187 2520 1218 fa-

1515 1239 1603 1263 ctum
1634 1239 1680 1263 est
1709 1231 1897 1263 indivisibile
1928 1238 1984 1263 est.
2014 1232 2103 1263 Sicut
2129 1231 2226 1272 igitur
2253 1232 2338 1264 linea
2368 1233 2409 1263 ad
2436 1242 2520 1274 pun-

1514 1284 1602 1309 ctum
1632 1287 1665 1307 se
1695 1277 1808 1315 habet,
1833 1277 1876 1308 sic
1899 1277 1932 1307 id
1957 1277 2047 1318 quod
2070 1276 2105 1309 fit
2128 1277 2168 1307 ad
2192 1277 2281 1319 quod
2306 1277 2427 1309 factum
2456 1283 2522 1317 εει;

1514 1329 1589 1353 sunt
1615 1322 1701 1352 enirn
1723 1321 1846 1353 infinita
1876 1321 1957 1353 facta
1984 1323 2018 1353 in
2042 1333 2080 1353 eo
2105 1323 2195 1364 quod
2217 1322 2262 1354 fit.
2286 1323 2388 1363 Magis
2412 1329 2521 1353 autem

1513 1367 1719 1398 manifestum
1746 1366 1779 1397 in
1811 1366 2040 1398 universalibus
2071 1368 2110 1398 de
2134 1374 2227 1398 motu
2258 1375 2387 1409 oportet
2417 1366 2521 1398 dicere

1513 1412 1552 1442 de
1575 1412 1634 1442 his.

1445 1457 1494 1488 De
1511 1457 1574 1488 hoc
1594 1456 1726 1498 quidem
1743 1455 1839 1495 igitur
1862 1456 2031 1497 quomodo
2057 1467 2132 1488 cum
2152 1467 2191 1488 eo
2211 1458 2301 1499 quod
2322 1467 2520 1498 consequen·

1512 1508 1559 1532 ter
1581 1501 1617 1532 fit
1639 1500 1854 1541 generatione,
1880 1510 1914 1531 se
1936 1501 2051 1532 habeat
2073 1502 2179 1532 media
2203 1512 2312 1542 causa,
2336 1502 2370 1533 in
2393 1508 2521 1535 tantum

1512 1552 1679 1586 acceptum
1695 1544 1749 1583 sit;
1766 1554 1893 1575 necesse
1909 1545 1996 1575 enim
2015 1552 2046 1576 et
2063 1546 2097 1576 in
2115 1546 2153 1577 iis
2172 1547 2313 1578 mediam
2332 1554 2363 1579 et
2381 1548 2520 1588 primam

1512 1591 1580 1622 sine
1590 1589 1696 1621 medio
1713 1596 1796 1628 esse;
1815 1591 1890 1620 utA
1901 1589 2021 1620 factum
2037 1598 2094 1629 est,
2105 1592 2262 1632 quoniam
2277 1592 2305 1623 C
2325 1592 2446 1624 factum
2460 1599 2520 1632 εει,

1511 1635 1670 1677 posterius
1689 1641 1796 1665 autem
1825 1633 1852 1665 C
1873 1633 2005 1674 factum,
2021 1637 2051 1666 Α
2070 1642 2179 1666 autem
2203 1637 2302 1677 prius.
2322 1636 2520 1678 Principium

1510 1680 1606 1722 igitur
1629 1686 1676 1711 est
1695 1679 1722 1710 C
1741 1685 1871 1719 propter
1893 1678 1927 1709 id
1949 1679 2039 1720 quod
2062 1681 2248 1721 proximum
2267 1688 2314 1713 est
2331 1681 2392 1722 ipsi
2415 1691 2519 1722 nunc,

1511 1725 1600 1767 quod
1620 1731 1666 1756 est
1685 1724 1878 1766 principium
1901 1724 2073 1765 temporis;
2094 1726 2149 1756 sed
2169 1726 2196 1757 C
2217 1726 2339 1758 factum
2367 1733 2414 1758 est
2436 1737 2519 1769 quo-

1510 1771 1599 1801 niam
1617 1771 1645 1801 D
1666 1769 1787 1801 factum
1817 1776 1880 1808 est;
1904 1769 1932 1800 D
1957 1769 2052 1809 igitur
2080 1780 2155 1801 curn
2179 1771 2301 1802 factum
2324 1778 2382 1811 est,
2406 1774 2437 1804 A
2464 1781 2519 1804 ne-

1511 1825 1596 1847 cesse
1627 1821 1673 1846 est
1700 1814 1820 1846 factum
1855 1824 1933 1845 esse.
1959 1814 2065 1846 Causa
2093 1822 2202 1846 autem
2225 1823 2272 1847 est
2300 1816 2344 1848 C:
2372 1817 2401 1848 D
2432 1817 2519 1848 enim

1511 1860 1594 1891 facto
1625 1869 1751 1890 necesse
1771 1866 1817 1890 est
1836 1859 1863 1890 C
1884 1859 2003 1890 factum
2019 1870 2097 1898 esse,
2118 1859 2146 1891 C
2166 1868 2274 1892 autem
2291 1861 2375 1893 facto
2391 1871 2519 1893 necesse

1511 1913 1558 1937 est
1575 1907 1605 1936 A
1623 1904 1711 1946 prius
1726 1904 1832 1935 fuisse.
1856 1904 1907 1935 Sic
1926 1911 2035 1935 autem
2050 1905 2206 1946 accipiens
2226 1905 2358 1947 aliquod
2374 1906 2520 1938 medium

1510 1950 1603 1982 stabit
1626 1949 1741 1980 alicubi
1764 1949 1998 1981 immediatum.

1442 1997 1509 2027 Aut
1531 2004 1659 2035 semper
1681 1993 1844 2025 intercidet
1871 2001 2002 2035 propter
2029 1993 2210 2026 infinitum?
2231 1995 2308 2027 Non
2331 1996 2418 2027 enim
2441 2006 2518 2028 con-

1511 2040 1637 2080 tiguum
1660 2039 1780 2070 factum
1804 2049 1879 2070 cum
1902 2039 1998 2078 factm
2018 2040 2298 2080 quemadmodum
2319 2040 2442 2072 dictum
2459 2047 2518 2072 εει.

1510 2085 1572 2116 Sed
1590 2084 1728 2125 incipere
1743 2091 1850 2115 tamen
1867 2094 1995 2116 necesse
2010 2090 2058 2115 est
2072 2094 2091 2115 a
2110 2085 2218 2116 medio
2239 2092 2270 2117 et
2287 2086 2327 2116 ab
2342 2085 2415 2127 ipso
2431 2095 2519 2117 nunc

1509 2129 1625 2170 primo.

1443 2174 1593 2206 Similiter
1611 2180 1719 2204 autem
1738 2180 1785 2204 est
1808 2175 1838 2204 et
1861 2173 1893 2204 in
1918 2184 1957 2204 eo
1974 2174 2063 2215 quod
2087 2174 2153 2206 erit.
2175 2174 2207 2206 Si
2231 2174 2316 2205 enim
2338 2185 2452 2206 verum
2471 2181 2520 2206 est

1510 2219 1611 2250 dicere
1635 2218 1790 2260 quoniam
1810 2218 1867 2249 erit
1886 2219 1926 2258 D,
1951 2229 2077 2250 necesse
2098 2226 2146 2250 est
2169 2219 2258 2260 prius
2281 2229 2395 2251 verum
2413 2220 2518 2251 dicere

1509 2263 1664 2305 quoniam
1683 2266 1712 2294 A
1732 2263 1804 2301 erit;
1828 2263 1924 2294 huius
1949 2271 2056 2295 autem
2081 2274 2175 2295 causa
2202 2271 2249 2295 est
2272 2264 2316 2303 C;
2340 2264 2366 2295 si
2385 2265 2518 2306 quidem

1509 2309 1595 2340 enim
1614 2309 1642 2339 D
1668 2308 1735 2346 erit,
1755 2308 1843 2348 prius
1863 2308 1890 2339 C
1915 2309 1990 2348 erit,
2014 2309 2040 2340 si
2063 2319 2139 2340 vero
2156 2309 2184 2341 C
2204 2309 2273 2347 erit,
2290 2308 2379 2350 prius
2398 2311 2427 2340 Α
2447 2309 2515 2341 erit.

1509 2353 1658 2385 Similiter
1681 2360 1789 2384 autem
1813 2359 1859 2384 est
1883 2353 2000 2384 decisio
2020 2353 2142 2385 infinita
2166 2361 2197 2386 et
2215 2354 2247 2385 in
2266 2354 2320 2392 iis;
2344 2364 2410 2385 non
2430 2354 2518 2385 enim

1509 2406 1583 2430 sunt
1606 2398 1679 2430 talia
1702 2408 1784 2439 quae
1809 2405 1901 2429 erunt
1917 2399 2067 2439 contigua
2090 2399 2130 2430 ad
2145 2399 2298 2437 invicem;
2323 2399 2518 2440 principium

1510 2450 1616 2475 autem
1634 2451 1664 2474 et
1678 2443 1710 2474 in
1726 2442 1763 2473 iis
1779 2442 2002 2475 immediatum
2018 2444 2084 2475 sine
2097 2444 2205 2475 medio
2220 2444 2443 2485 accipiendum
2459 2450 2517 2476 est.

1442 2489 1547 2519 Habet
1570 2495 1677 2519 autem
1701 2488 1744 2519 sic
1763 2498 1796 2518 se
1815 2495 1846 2519 et
1862 2488 1894 2519 in
1918 2489 2080 2529 operibus.
2100 2489 2132 2520 Si
2147 2489 2228 2520 facta
2247 2495 2295 2520 est
2314 2489 2443 2528 domus,
2463 2499 2517 2520 ne-

1509 2543 1594 2564 cesse
1609 2540 1655 2564 est
1671 2533 1792 2563 decisos
1809 2543 1875 2563 esse
1891 2533 2026 2574 lapides:
2044 2541 2075 2564 et
2090 2534 2210 2565 factum
2227 2543 2294 2565 esse
2309 2533 2372 2565 hoc
2387 2540 2520 2575 propter

1509 2576 1607 2619 quid?
1623 2578 1779 2619 quoniam
1803 2588 1929 2608 necesse
1953 2585 1999 2610 est
2028 2578 2275 2610 fundamentum
2300 2578 2420 2610 factum
2450 2588 2519 2609 esse

1509 2622 1535 2653 si
1554 2623 1672 2653 domus
1695 2622 1775 2653 facta
1794 2629 1855 2661 est3
1876 2623 1901 2653 si
1920 2633 1996 2654 vero
2020 2623 2267 2654 fundamentum
2286 2630 2343 2661 est,
2366 2623 2454 2663 prius
2473 2623 2517 2654 la-

1509 2666 1598 2708 pides
1622 2677 1688 2698 esse
1712 2667 1811 2697 factos
1835 2677 1962 2698 necesse
1986 2674 2042 2699 est.
2065 2668 2182 2698 Iterum
2206 2667 2231 2698 si
2252 2667 2309 2698 erit
2328 2667 2457 2706 domus,
2477 2667 2517 2698 si-

1510 2711 1626 2742 militer
1655 2711 1742 2752 prius
1773 2718 1865 2743 erunt
1897 2712 2033 2752 lapides;
2065 2712 2299 2743 demonstratur
2329 2719 2438 2743 autem
2461 2721 2519 2753 per

1509 2756 1654 2787 medium
1678 2755 1835 2794 similiter;
1860 2756 1917 2787 erit
1941 2756 2026 2787 enim
2050 2756 2297 2787 fundamentum
2320 2753 2418 2797 prius.

1441 2860 1715 2896 monstrationibus,
1738 2870 1813 2898 quae
1835 2860 2006 2898 syllogizant
2027 2862 2063 2890 de
2084 2861 2128 2890 his
2150 2871 2226 2899 quae
2249 2867 2315 2889 sunt
2333 2861 2363 2890 in
2378 2860 2449 2897 fieri,
2464 2871 2517 2891 ne—

1442 2909 1521 2929 cesse
1531 2906 1575 2929 est
1588 2900 1718 2938 accipere
1729 2910 1791 2929 esse
1805 2900 1926 2938 aliquod
1942 2901 2071 2929 medium
2086 2903 2167 2938 quod
2183 2901 2219 2930 sit
2229 2901 2358 2939 primum
2372 2908 2401 2930 et
2412 2901 2517 2931 imme-

1441 2940 1567 2976 diatum;
1589 2947 1617 2969 et
1638 2941 1694 2969 hoc
1715 2947 1758 2969 est
1779 2941 1849 2969 illud
1871 2942 1951 2978 quod
1972 2941 2115 2978 posterius
2130 2941 2237 2970 facturn
2260 2949 2311 2977 est,
2327 2951 2345 2971 a
2359 2941 2516 2979 posteriori

1442 2981 1646 3009 demonstrans
1666 2981 1742 3019 fieri
1762 2987 1790 3009 et
1810 2981 1866 3010 alia
1887 2983 1974 3020 sacta
2007 2991 2078 3010 esse.
2097 2998 2116 3004 -
2133 2983 2158 3010 5.
2181 2982 2350 3010 Excluditur
2377 2982 2514 3011 obiectio.

1443 3021 1582 3055 Quamvis
1604 3021 1660 3049 sint
1681 3021 1711 3049 in
1732 3030 1793 3049 uno
1815 3021 1876 3050 fieri
1892 3021 2005 3050 infinita
2019 3022 2093 3051 facta
2108 3031 2179 3058 esse,
2195 3031 2313 3051 necesse
2328 3029 2371 3051 est
2385 3021 2516 3060 accipere

1442 3060 1561 3098 aliquod
1582 3061 1711 3089 medium
1736 3061 1862 3098 primum
1885 3068 1913 3090 et
1934 3061 2144 3091 immediatum.
2160 3079 2180 3084 —
2194 3063 2222 3091 6.
2244 3063 2356 3091 Eadem
2378 3069 2421 3092 est
2441 3062 2516 3092 ratio

1440 3100 1470 3129 in
1491 3101 1602 3129 futuris.
1618 3118 1637 3123 -
1652 3110 1678 3138 7.
1702 3101 1891 3130 Declarantur
1913 3102 1983 3131 haec
2005 3102 2106 3131 omnia
2127 3112 2179 3139 per
2200 3103 2342 3140 exempla.

1438 3204 1527 3242 darn
1543 3204 1958 3252 necessarium,scilicet
1974 3206 2079 3254 quod
2095 3218 2117 3243 a
2131 3206 2249 3255 priori
2263 3205 2312 3244 ad
2326 3205 2515 3255 posterius

1438 3270 1516 3295 non
1551 3258 1807 3306 syllogizatur3
1837 3259 1899 3296 hic
1927 3259 2072 3309 accedit
2100 3260 2148 3297 ad
2178 3259 2514 3298 determinandum
2543 3273 2553 3283 ·

1439 3311 1702 3360 quaestionem
1723 3321 1869 3350 motam
1889 3313 1920 3350 *.
1938 3314 1987 3350 Et
2007 3313 2105 3351 circa
2124 3314 2198 3351 hoc
2219 3313 2297 3350 duo
2318 3313 2420 3351 facit:
2440 3313 2514 3363 pri-

1439 3377 1518 3413 mo,
1535 3365 1725 3403 ostendit⁰‘
1736 3367 1936 3415 quomodo
1952 3379 1992 3404 se
2007 3367 2174 3405 habeant
2187 3368 2207 3389 ⁴*
2222 3367 2306 3405 fieri
2321 3375 2357 3405 et
2371 3367 2514 3404 factum

1440 3523 1499 3540 roes
1512 3523 1626 3549 namque
1644 3517 1760 3547 (Comm.
1775 3517 1852 3542 XIII
1865 3520 1893 3543 et
1911 3517 1991 3550 XIV)
2011 3522 2036 3543 et
2046 3517 2178 3553 'Boethius
2195 3522 2319 3551 tanquam
2335 3517 2515 3551 quaestionem

1440 3550 1505 3576 circa
1525 3551 1590 3576 dicta
1609 3557 1725 3577 exortam
1745 3553 1882 3577 inducunt:
1898 3553 1960 3586 quia
1979 3553 2049 3578 enim
2068 3553 2164 3578 dictum
2184 3558 2225 3578 eet
2243 3553 2314 3586 quod
2332 3560 2371 3578 ex
2383 3552 2476 3585 priori·
2489 3552 2515 3577 in

1440 3586 1480 3611 his
1499 3594 1567 3620 quae
1585 3595 1638 3612 non
1658 3588 1736 3612 simul
1756 3593 1825 3620 sunt,
1840 3589 1971 3622 posterius
1990 3589 2139 3614 necessario
2157 3596 2211 3614 non
2230 3589 2362 3622 sequitur,
2382 3587 2514 3621 inquiren-

2546 875 2737 930 :sav-22³²·
