2788 4204
380 229 458 276 430

419 313 478 330 nos⁴
498 305 516 334 Ι,
534 312 569 334 rv,
591 301 800 328 16.—Sensitiva
821 299 932 333 cognitio
951 296 1080 336 praecedit

420 341 446 365 in
473 341 548 364 nobis
573 338 766 364 intellectivam.
791 337 854 361 ibid.
871 350 891 354 —
910 335 967 359 Non
992 339 1080 364 acqui·

419 376 483 400 ritur
501 383 531 400 ex
550 373 713 408 praecedenti
732 372 885 403 cognitione.
905 371 922 399 1,
940 377 956 398 ι,
969 367 1078 406 9.-Er-

419 418 464 435 ror
478 410 598 435 sensismi
613 409 763 434 excluditur.
780 408 798 436 1,
811 414 880 434 xmn,
895 405 1079 438 7.-lmposm-

419 446 471 470 bile
486 450 526 470 est
538 453 584 477 per
604 451 712 469 sensum
736 449 891 475 cognoscere
916 438 1011 471 aliquid
1035 437 1078 461 de-

420 481 604 509 monstrabile,
635 479 683 503 nisi
714 478 779 502 forte
809 476 949 508 aequivoce
975 478 1079 511 utamur

420 516 526 541 nomine
543 522 642 541 sensus.
658 514 675 542 Ι,
692 521 751 541 xmr,
771 520 796 545 9.
809 526 828 530 —
842 511 867 535 Si
886 509 960 534 alicui
980 506 1079 546 deficiat

419 552 513 583 aliquis
533 558 634 578 sensus,
649 554 675 573 et
689 555 794 580 semper
813 547 847 571 illi
863 544 979 572 defuerit,
995 541 1079 567 deficit

420 587 526 611 scientia
540 586 562 610 ei
582 585 747 618 propriorum
762 581 922 606 sensibilium
937 579 1004 603 illius
1020 585 1078 602 sen-

420 629 474 646 suS.
494 622 512 650 l,
531 629 590 650 xxx,
610 627 632 649 2,
648 617 674 643 6.
688 632 707 636 -
720 618 827 646 Sentire,
847 623 894 640 seu
913 620 1079 647 cognoscere.

424 657 489 681 Vide
507 657 603 680 ΡιΑτο.
1060 682 1065 687 .

385 692 476 716 Suum:
493 706 526 710 —
543 691 602 715 Non
622 693 724 720 oportet
745 687 814 719 quod
840 686 865 710 id
891 685 962 717 quod
981 688 1022 708 est
1044 690 1079 706 si-

420 727 481 751 mile
495 726 582 758 quoad
596 731 686 752 unum,
700 723 733 747 sit
746 722 830 746 simile
840 721 926 754 quoad
936 719 1032 744 omnia.
1049 718 1077 747 ΙΙ,

417 769 457 786 κνι
491 760 516 786 8.

386 780 537 822 Smou'mnuz
548 810 580 814 -—
593 796 655 820 Late
675 798 817 825 sumptum,
830 796 917 824 potest
935 790 1014 822 accipi
1030 796 1078 829 pro

419 832 535 864 quolibet
549 829 670 855 inferiori.
684 829 702 857 Ι,
715 836 763 857 xn,
779 827 803 852 3.
818 828 846 856 ΙΙ,
859 834 909 855 xvi,
924 825 978 851 6.·-
987 826 1078 865 Stricte

417 867 557 898 loquendo,
572 865 731 890 individuum
747 863 840 895 speciei
855 862 981 893 designat.
996 860 1078 885 ibid.-

417 902 481 926 Tale
507 901 635 934 singulare
660 907 712 924 non
738 898 830 923 dicitur
853 898 884 921 de
909 897 1033 921 subiecto.
1053 895 1077 923 Ι,

417 945 450 966 ιι,
469 944 495 970 9.
514 944 595 964 xxxiv,
612 935 636 960 5.
648 948 667 953 -
681 935 748 958 Inter
766 933 904 965 singularia
923 937 949 956 et
962 930 1075 963 speciem

416 973 628 1005 specialissimam
648 970 747 994 nullum
768 969 883 993 medium
900 972 987 1000 potest
1005 967 1076 990 inve-

416 1008 472 1032 niri.
491 1007 514 1036 Ι,
535 1015 568 1036 ιι,
589 1014 615 1039 9.
635 1013 716 1034 xxxvr,
737 1004 859 1037 7.-Quo
878 1010 958 1027 sensu
977 1002 1076 1026 dicatur

416 1043 486 1075 quod
505 1049 609 1074 semper
627 1040 737 1065 habeant
755 1039 870 1063 notitiam
884 1039 923 1062 sui
942 1037 1075 1062 universa-

415 1078 456 1102 lis.
468 1078 486 1107 l,
500 1085 526 1107 ιι,
541 1085 594 1110 9.-
603 1075 745 1107 Singularia
759 1079 820 1099 sunt
833 1073 973 1098 *manifesta
992 1080 1074 1105 quan-

415 1118 470 1138 tum
489 1113 521 1137 ad
540 1120 656 1137 sensum.
673 1112 690 1140 Ι,
705 1119 721 1139 ι,
741 1118 780 1134 ιι.
795 1118 829 1138 ιν,
850 1108 916 1133 ι6.-
930 1109 995 1133 Sunt
1014 1115 1072 1140 pro-

414 1149 482 1173 xima
500 1148 597 1172 sensui.
616 1148 633 1177 1,
652 1154 687 1175 lv,
708 1145 852 1170 15.—Sunt
870 1144 955 1176 priora
979 1148 1004 1168 et
1027 1151 1074 1167 no-

413 1184 477 1208 tiora
501 1183 590 1215 quoad
615 1189 675 1210 nos,
700 1186 726 1205 et
748 1181 891 1213 posteriora
914 1179 1074 1212 simpliciter.

414 1219 432 1248 1,
450 1227 484 1248 1v,
508 1218 546 1247 15,
570 1217 608 1242 16.
622 1225 675 1246 vm,
688 1224 742 1248 4.—
757 1216 820 1241 Vide
838 1216 947 1240 Sensus.
958 1214 1074 1244 -Quae-

415 1255 473 1279 dam
490 1253 626 1286 singularia
650 1252 774 1284 contingit
792 1259 851 1276 esse
870 1251 978 1275 omnino
1001 1250 1074 1282 igno-

415 1294 454 1314 ta:
479 1289 620 1321 quomodo.
645 1289 668 1317 Ι,
687 1295 748 1316 xxx,
767 1286 793 1312 6.
810 1301 829 1306 —
843 1286 917 1311 Ordo
936 1285 1074 1318 singularis

416 1325 448 1350 ad
467 1324 612 1349 universale
631 1323 790 1355 simpliciter,
811 1327 851 1347 est
870 1322 1014 1346 secundum
1031 1328 1074 1345 or-

414 1361 501 1385 dinem
520 1360 656 1384 sensitivae
675 1364 701 1383 et
719 1358 889 1382 intellectivae
912 1356 1074 1389 cognitionis.

414 1396 438 1425 Ι,
458 1404 498 1424 ιν,
522 1394 561 1419 ι6.
575 1409 594 1413 -
613 1394 728 1424 Qualiter
750 1394 890 1426 singularia
908 1397 1074 1425 opponantur

414 1431 612 1456 universalibus.
638 1430 655 1459 1,
674 1437 708 1458 ιν,
733 1428 772 1453 ι5.

380 1467 510 1492 Soaaarm
521 1481 553 1484 —
565 1466 611 1490 Est
621 1465 749 1498 quaedam
763 1464 865 1488 subtilis
878 1468 904 1487 et
917 1463 997 1488 facilis
1012 1470 1073 1487 con-

415 1501 546 1527 iecturatio
565 1502 642 1526 medii
661 1505 767 1533 propter
782 1500 853 1532 quod
867 1498 964 1531 aliquid
979 1498 1073 1526 evenit,

415 1543 440 1562 et
458 1537 507 1562 hoc
525 1537 629 1569 quando
648 1544 700 1560 non
722 1535 799 1560 habet
818 1542 942 1566 magnum
967 1540 1072 1567 tempus

415 1573 446 1597 ad
465 1572 671 1605 perspiciendum
690 1572 731 1596 vel
752 1570 957 1595 deliberandum.
978 1570 1073 1599 l,xmv,

419 1615 457 1633 12.
471 1622 491 1627 —
506 1608 616 1632 Habitus
629 1607 678 1632 iste
692 1606 817 1639 contingit
836 1613 866 1630 ex
879 1606 987 1630 naturali
1009 1605 1074 1638 apti-

413 1644 502 1668 tudine
517 1649 543 1668 et
555 1651 585 1668 ex
600 1643 727 1668 exercitio.
744 1642 836 1667 ibid.—-
849 1642 877 1666 ln
892 1641 1014 1666 omnibus
1029 1640 1073 1665 ha-

414 1679 508 1703 bitibus
534 1678 749 1703 intellectualibus
770 1681 856 1710 potest
880 1684 940 1702 esse
960 1677 1074 1702 solertia.

413 1714 476 1739 ibid.

378 1750 525 1774 SOPmSTAE
539 1764 572 1767 —
589 1749 675 1779 Quare
694 1749 731 1773 sic
751 1749 874 1773 dicantur.
889 1748 907 1777 Ι,
920 1755 973 1777 κιιι,
986 1746 1010 1777 6,
1021 1755 1074 1780 7.-

412 1785 470 1810 Βυο
489 1793 584 1818 genera
602 1784 786 1817 sophistarum.
805 1784 823 1813 Ι,
842 1791 895 1812 xm,
915 1784 1073 1817 7.-Exem-

412 1821 485 1853 plum
504 1821 574 1845 modi
594 1820 716 1852 arguendi
735 1819 919 1852 sophistarum.
934 1820 952 1848 Ι,
966 1826 1000 1849 w,
1014 1826 1042 1850 4.
1054 1832 1074 1837 -

413 1856 592 1889 syllogismus
604 1855 769 1888 sophisticus.
783 1855 848 1880 Vide
857 1855 1048 1880 eraootsuus.

378 1892 579 1916 Sopmsnca—
593 1891 654 1916 Pars
674 1892 794 1922 Logicae.
814 1891 832 1920 1,
851 1898 868 1919 ι,
888 1889 913 1915 6.
928 1905 948 1909 -
963 1890 1071 1915 Cuinam

413 1927 519 1951 rationis
544 1927 678 1960 processui
703 1927 839 1951 deserviat.
858 1926 922 1951 ibid.
941 1940 961 1945 —
978 1926 1017 1951 De
1042 1933 1072 1950 ea

412 1962 495 1995 agitur
513 1962 539 1986 in
559 1962 624 1987 libro
645 1962 831 1987 Elenchorum.
851 1961 914 1987 ibid.

375 1998 493 2023 spmuu
508 2012 541 2016 —-
553 1998 621 2028 Quid
635 1997 791 2029 intelligatur
810 2005 856 2030 per
874 1997 963 2029 spatia
982 1997 1071 2022 imme-

413 2033 498 2058 diata.
514 2033 532 2063 Ι,
551 2041 623 2062 xxxv,
647 2041 686 2057 10.
705 2041 787 2062 xxxvx.
802 2040 828 2064 4.

378 2069 487 2093 Sracms
502 2083 534 2087 —
550 2069 640 2093 Genus
664 2069 769 2101 ponitur
793 2069 819 2092 in
845 2067 993 2093 definitione
1012 2075 1071 2100 spe-

413 2104 468 2129 ciei.
487 2104 504 2133 Ι,
523 2112 610 2134 xxvm,
631 2111 654 2128 2.
667 2117 687 2122 —
699 2104 799 2129 Omnes
816 2103 975 2128 differentiae
994 2111 1072 2135 supe-

412 2139 510 2164 riorum
529 2147 653 2172 generum
674 2139 802 2172 pertinent
813 2139 846 2163 ad
864 2139 936 2172 quod
954 2138 1020 2171 quid
1033 2142 1072 2163 est

413 2174 520 2199 alicuius
539 2175 645 2207 speciei.
663 2175 692 2205 ΙΙ,
707 2182 757 2205 xiv,
772 2173 826 2199 6.-
840 2175 867 2199 ln
881 2175 973 2199 eadem
985 2174 1072 2206 specie

413 2215 474 2235 sunt
499 2210 595 2235 multae
618 2210 774 2235 differentiae
798 2210 983 2238 accidentales,
1003 2217 1071 2242 quae

412 2253 464 2270 non
479 2245 651 2270 diversificant
665 2245 834 2270 substantiam
850 2246 952 2278 speciei,
963 2253 1010 2270 nec
1025 2253 1071 2278 per

413 2289 442 2306 se
460 2281 557 2306 insunt.
576 2281 604 2310 11.
623 2289 664 2310 κν,
685 2281 709 2306 3.
721 2295 741 2300 -
754 2281 898 2306 Cuiuslibet
917 2281 1011 2313 speciei
1031 2286 1071 2306 est

413 2317 517 2349 propria
535 2317 630 2345 forma,
650 2324 717 2349 quae
740 2316 803 2341 nulli
828 2317 869 2342 alii
893 2317 1021 2342 convenit.
1041 2317 1070 2346 ΙΙ,

411 2358 455 2381 xit,
474 2351 500 2378 6.
513 2366 532 2371 -
545 2352 684 2382 Quomodo
699 2351 843 2377 notificetur
861 2352 945 2377 forma
965 2352 1070 2386 speciei.

413 2388 446 2417 ll,
466 2395 523 2417 xm,
543 2395 568 2420 7.
581 2401 601 2406 -
614 2388 761 2412 Accidentia
779 2387 884 2421 speciei.
908 2388 972 2413 Vide
989 2389 1070 2413 Acet-

413 2431 487 2448 nans.
501 2437 520 2442 -
531 2423 636 2456 Species
655 2423 774 2448 dividitur
786 2424 811 2448 in
825 2423 927 2448 diversa
941 2423 1070 2448 individua

413 2466 460 2492 per
469 2458 621 2484 divisionem
637 2458 768 2484 materiae.
782 2459 800 2490 1,
808 2467 851 2488 κιι,
867 2459 919 2484 3.-
930 2459 1071 2489 Quomodo

414 2494 545 2526 contingat
567 2502 649 2519 unum
668 2495 754 2519 solum
778 2494 939 2520 individuum
963 2494 1071 2520 inveniri

413 2529 439 2554 in
458 2537 509 2554 una
531 2529 626 2562 specie.
646 2529 709 2555 ibid.
720 2543 740 2548 —
752 2530 857 2563 Species
872 2531 1018 2555 communis
1032 2536 1072 2556 est

414 2565 549 2594 omnibus.
573 2570 599 2590 et
617 2570 784 2590 conservatur
803 2573 850 2598 per
868 2566 1071 2597 generationem.

413 2600 431 2630 Ι,
445 2608 537 2630 xxxvn,
552 2599 606 2625 8.-
618 2601 722 2633 Species
732 2601 918 2633 specialissima
933 2609 985 2626 non
998 2609 1072 2634 prae-

415 2636 515 2661 dicatur
532 2636 565 2661 de
583 2636 705 2668 singulari
724 2644 771 2669 per
789 2637 895 2669 aliquod
915 2637 1039 2662 medium.
1054 2637 1072 2666 Ι,

414 2678 441 2701 ιι,
460 2679 486 2705 9.
505 2679 586 2701 xxxvi,
602 2679 655 2704 7.-
668 2672 781 2704 Species,
794 2671 862 2697 idest
874 2672 992 2704 formalia
1004 2673 1074 2705 prin·

414 2707 486 2739 cipi-a.
506 2707 530 2735 1.
548 2715 610 2736 xxv,
628 2714 654 2739 4.
668 2720 688 2726 -
701 2707 814 2740 Species,
833 2715 881 2732 seu
901 2707 985 2733 ideae.
1009 2707 1076 2733 Vide

415 2742 543 2768 ΡιΑτο.-
556 2743 637 2767 Multa
661 2747 723 2767 sunt
744 2743 902 2768 innominata
922 2743 949 2768 in
975 2743 1074 2776 specie-

415 2778 474 2803 bus.
493 2778 522 2807 ΙΙ,
540 2786 593 2807 κιιι,
612 2785 638 2811 9.

379 2814 527 2839 Suari-:crunt
537 2828 570 2831 —
581 2814 731 2838 Subiectum
746 2812 774 2838 fit
792 2813 842 2839 hoc
854 2814 926 2847 quod
944 2815 1075 2847 praedica-

414 2854 456 2874 tur
466 2849 498 2873 de
509 2848 566 2881 ipso
576 2850 642 2874 sicut
652 2849 684 2874 de
694 2849 820 2880 subiecto,
826 2850 867 2874 vel
878 2850 1023 2875 secundum
1035 2855 1074 2876 to-

414 2889 470 2909 tum
482 2884 523 2909 vel
538 2885 682 2909 secundum
694 2890 802 2917 partem.
816 2885 834 2914 Ι,
848 2893 933 2914 xxxiii.
946 2893 997 2918 4.-
1007 2885 1075 2911 Sub-

414 2919 508 2945 iectum
523 2925 563 2945 est
577 2928 654 2945 causa
668 2920 786 2953 propriae
796 2921 935 2953 passionis.
945 2921 963 2951 Ι,
972 2929 1075 2952 xxxviii,

416 2962 441 2979 2.
451 2955 480 2986 11,
490 2962 533 2985 vn,
544 2954 589 2980 8.—
599 2955 734 2985 Ultimum,
745 2963 793 2980 seu
800 2956 1074 2988 particular-inimum

415 2990 560 3016 subiectum
580 2991 640 3024 quid
660 2991 701 3016 sit.
721 2991 738 3020 Ι,
759 2999 824 3021 xxxi.
845 2999 871 3024 7.
889 3000 964 3022 xxxn,
979 2991 1004 3023 6,
1019 3000 1045 3026 9.
1057 3006 1076 3011 -

415 3026 535 3052 Primum
554 3034 601 3051 seu
627 3026 882 3052 universalissimum
907 3027 970 3060 quid
989 3028 1031 3053 sit.
1051 3028 1075 3059 Ι,

415 3068 494 3091 xxxn,
508 3060 719 3087 6.-Subiectum
740 3062 914 3088 conclusionis
931 3068 971 3088 est
991 3063 1076 3088 minor

416 3097 541 3122 terminus
560 3097 586 3122 in
605 3098 769 3130 syllogismo.
788 3098 807 3128 Ι,
825 3106 865 3128 κν,
889 3097 915 3124 6.
935 3106 1001 3128 xxvi,
1025 3106 1077 3125 2.-

417 3131 537 3157 Subiecto
550 3133 722 3158 conclusionis
736 3141 783 3166 per
795 3133 866 3166 prius
879 3133 946 3159 inest
960 3134 1075 3160 medium

418 3175 497 3200 quam
515 3168 698 3200 praedicatum.
719 3169 743 3199 Ι,
762 3177 792 3198 v,
811 3169 965 3195 2.-Modus
984 3177 1076 3195 conse-

418 3203 538 3235 quentiae
548 3203 613 3229 inter
623 3204 776 3236 subiectum,
787 3205 970 3237 praedicatum,
981 3210 1007 3230 et
1021 3213 1076 3231 me-

418 3238 489 3263 dium
507 3238 533 3263 in
552 3239 778 3265 demonstratione.
795 3240 830 3271 11,
849 3248 903 3270 κικ,
922 3241 1075 3272 4.-Subie-

419 3279 488 3299 ctum
500 3274 672 3300 conclusionis
692 3275 768 3300 debet
786 3277 970 3308 praecognosci
989 3277 1075 3310 quoad

418 3309 483 3342 quid
500 3312 540 3335 est
558 3315 584 3335 et
602 3310 665 3343 quia
682 3314 730 3336 est.
750 3311 772 3340 1,
789 3318 815 3340 ιι,
832 3318 855 3341 2,
872 3311 895 3342 3,
910 3310 1075 3345 6.-Cogno-

419 3344 497 3369 scitur
515 3352 561 3377 per
579 3351 663 3371 actum
682 3346 897 3379 apprehendentis
922 3347 994 3381 quod
1011 3347 1077 3380 quid

420 3383 467 3405 est.
477 3380 494 3410 Ι,
503 3387 530 3410 ιι,
540 3388 566 3413 7.
576 3394 596 3400 -
605 3381 764 3412 Subiectum,
778 3389 825 3407 seu
837 3390 922 3416 genus
930 3383 1075 3409 subiectum

421 3415 549 3446 scientiae,
563 3421 603 3441 est
615 3417 687 3441 cuius
706 3418 825 3450 propriae
844 3419 979 3450 passiones
992 3424 1018 3444 et
1030 3427 1077 3452 per

421 3457 451 3475 se
469 3451 607 3476 accidentia
626 3452 843 3478 demonstrantur.
862 3453 880 3483 Ι,
898 3461 943 3484 κν,
965 3454 1018 3480 3.-
1029 3455 1077 3480 Est

422 3485 547 3511 terminus
566 3487 695 3512 scientiae.
714 3488 736 3517 Ι,
754 3495 804 3518 xm,
823 3496 849 3521 7.
860 3503 880 3508 -
891 3489 939 3514 Est
957 3497 1076 3515 necessa-

423 3521 489 3545 rium
509 3522 539 3546 ad
551 3522 806 3548 demonstrationem.
819 3523 875 3549 ibid
895 3538 915 3543 —
929 3524 1001 3550 Duae
1015 3533 1077 3550 con-

424 3555 532 3581 ditiones
546 3558 647 3590 generis
662 3558 780 3584 subiecti.
795 3559 813 3588 Ι,
825 3566 875 3588 κι.ι,
885 3558 910 3589 8,
920 3567 946 3593 9.
960 3567 1019 3591 κι.ιι,
1034 3568 1078 3596 ι.-

1180 214 1344 252 INDEX
1373 189 1777 250 ALPHABETICUS

1168 292 1291 324 Duplices
1311 296 1397 323 partes
1422 290 1519 315 habere
1538 294 1633 322 potest.
1658 289 1682 318 Ι,
1701 297 1757 317 κι.ι,
1777 296 1832 321 9.-

1170 328 1259 352 Unitas
1275 327 1330 351 eius
1345 326 1462 351 formalis
1483 326 1553 350 unde
1568 326 1729 350 desumatur.
1749 324 1766 353 l,
1781 331 1830 352 xm,

1173 371 1212 387 11.
1225 376 1245 381 —
1257 362 1347 387 Unitas
1366 362 1443 386 unius
1456 362 1558 394 generis
1578 360 1686 385 subiecti
1706 364 1746 384 est
1759 367 1831 383 com-

1169 398 1273 422 munior
1298 405 1377 430 quam
1403 397 1487 421 unitas
1515 396 1630 420 alterius.
1658 396 1680 426 Ι,
1699 402 1755 424 xm,
1775 402 1832 427 7.-

1168 433 1271 458 Genera
1289 432 1418 457 scibilium
1438 432 1581 456 secundum
1599 432 1716 455 diversos
1736 430 1831 454 modos

1169 468 1394 500 cognoscibilitatis
1420 467 1620 499 distinguuntur.
1641 467 1663 495 Ι,
1683 473 1738 495 xm,
1764 472 1833 489 12.-

1168 504 1233 528 Sunt
1264 504 1365 528 diversa
1395 511 1490 535 genera
1524 502 1640 527 subiecta
1668 502 1831 526 diversarum

1169 538 1343 563 scientiarum.
1368 539 1391 567 Ι,
1411 546 1456 567 xv,
1474 545 1500 569 4,
1520 537 1546 562 6.
1564 545 1638 566 xmu,
1658 537 1728 561 13.-
1740 537 1831 560 Genus

1169 574 1315 598 subiectum
1333 573 1460 598 inferioris
1486 574 1608 598 scientiae
1627 578 1668 597 est
1686 573 1797 596 alterum
1816 579 1831 596 a

1167 617 1263 642 genere
1277 609 1394 633 subiecto
1408 609 1558 642 superioris.
1573 609 1590 637 1.
1603 616 1665 639 xvn,
1682 607 1705 632 3.
1714 621 1733 626 -
1743 608 1771 632 ln
1786 607 1831 631 de-

1165 644 1355 669 monstratione
1374 652 1426 669 non
1442 650 1481 669 est
1499 645 1622 669 transitus
1641 644 1673 668 de
1691 650 1787 675 genere
1805 642 1832 666 in

1167 687 1258 712 genus.
1274 680 1292 710 Ι,
1304 688 1346 705 xv.
1361 679 1414 705 5.-
1424 680 1470 704 Est
1485 688 1565 704 unum
1578 687 1662 713 genus
1675 679 1717 703 vel
1731 678 1831 710 simpli-

1168 715 1230 740 citer
1251 716 1293 740 vel
1323 716 1467 740 secundum
1492 715 1567 748 quid,
1587 716 1654 740 circa
1676 714 1749 747 quod
1771 718 1832 738 sunt

1167 750 1290 783 principia
1317 756 1343 775 et
1367 751 1557 775 conclusiones.
1583 751 1647 775 ibid.
1666 764 1685 769 —
1704 750 1773 780 Quid
1798 750 1831 774 sit

1167 794 1250 819 genus
1263 794 1345 811 unum
1359 786 1528 818 simpliciter,
1548 791 1574 811 et
1592 794 1675 819 genus
1693 793 1777 810 unum
1791 792 1831 810 se-

1166 822 1284 846 cundum
1302 822 1376 854 quid.
1391 822 1455 846 ibid.
1474 835 1493 840 -
1507 822 1657 846 Subiectum
1675 822 1702 845 in
1722 821 1830 845 demon-

1166 858 1290 882 stratione
1313 857 1390 882 debet
1411 858 1537 889 supponi,
1555 858 1642 890 quoad
1661 856 1727 889 quid
1744 859 1785 881 est
1806 861 1831 880 et

1165 892 1228 924 quia
1241 896 1290 917 est.
1300 892 1317 921 1,
1327 900 1398 923 xvm,
1408 900 1433 926 9,
1448 900 1487 917 10.
1496 907 1516 911 -
1524 893 1572 917 Est
1583 900 1665 917 unum
1679 900 1709 916 ex
1719 891 1830 925 propriis

1165 928 1296 960 principiis
1313 928 1549 953 demonstrationis.
1564 928 1582 957 Ι,
1594 936 1665 957 xvm,
1679 935 1705 961 9.
1714 941 1733 946 —
1743 927 1831 957 Quare

1164 971 1217 989 non
1231 971 1336 996 semper
1350 962 1393 988 fiat
1409 964 1506 988 mentio
1525 964 1558 988 de
1576 971 1672 996 genere
1694 963 1812 987 subiecto
1823 981 1830 993 ,

1165 999 1236 1031 quod
1259 1004 1422 1031 supponatur
1445 1007 1514 1024 esse.
1529 999 1547 1030 1,
1566 1007 1643 1029 xvm,
1667 1007 1738 1024 10.-
1753 999 1831 1023 Nulla

1165 1034 1271 1059 scientia
1283 1035 1445 1059 demonstrat
1458 1035 1555 1067 aliquid
1576 1035 1609 1059 de
1629 1034 1747 1059 subiecto
1766 1035 1829 1059 alte-

1164 1069 1230 1100 rius,
1251 1069 1299 1094 nisi
1314 1075 1404 1103 agatur
1422 1071 1455 1095 de
1470 1070 1584 1095 scientiis
1599 1078 1711 1103 quarum
1724 1077 1776 1095 una
1790 1074 1831 1094 est

1165 1106 1214 1130 sub
1234 1106 1365 1138 alterari,
1385 1114 1431 1135 xv,
1452 1114 1477 1139 7.
1490 1120 1509 1125 —
1523 1106 1562 1131 De
1581 1106 1687 1139 proprio
1712 1105 1830 1130 subiecto

1165 1141 1270 1166 scientia
1291 1149 1344 1166 non
1363 1142 1455 1174 probat
1476 1142 1525 1166 nisi
1546 1142 1686 1167 accidentia
1710 1141 1829 1166 eiusdem

1164 1177 1266 1210 generis
1286 1184 1346 1202 cum
1361 1177 1488 1202 subiecto.
1507 1178 1529 1207 l,
1544 1186 1585 1208 xv,
1598 1177 1624 1202 8.
1637 1191 1656 1196 -
1670 1178 1699 1202 ln
1715 1177 1829 1202 scientiis

1165 1220 1232 1245 quae
1252 1217 1313 1237 sunt
1332 1213 1364 1237 de
1382 1213 1565 1243 accidentibus,
1585 1213 1646 1238 nihil
1665 1213 1787 1246 prohibet
1804 1213 1830 1237 id

1165 1248 1236 1280 quod
1255 1248 1377 1280 accipitur
1394 1253 1424 1273 ut
1436 1249 1583 1273 subiectum
1601 1254 1722 1281 respectu
1741 1248 1829 1279 unius,

1165 1283 1244 1316 accipi
1256 1289 1283 1308 ut
1293 1284 1444 1316 passionem
1457 1289 1579 1317 respectu
1588 1284 1733 1309 anterioris.
1747 1284 1831 1309 ibid.-

1163 1319 1266 1343 Tamen
1291 1324 1317 1343 et
1339 1320 1365 1343 in
1385 1319 1435 1344 illis
1454 1324 1495 1344 est
1519 1320 1640 1345 devenire
1666 1320 1699 1345 ad
1723 1319 1829 1352 aliquod

1163 1354 1278 1386 primum
1288 1373 1295 1384 ,
1310 1354 1383 1386 quod
1397 1362 1450 1379 non
1465 1356 1587 1388 accipitur
1605 1361 1634 1380 ut
1648 1356 1746 1388 passio.
1756 1355 1780 1386 1,
1795 1362 1829 1386 ιι,

1165 1388 1189 1413 5.
1201 1389 1381 1414 -Subiectum
1396 1391 1508 1415 sumitur
1526 1392 1686 1424 quandoque
1704 1398 1753 1424 pro
1772 1397 1828 1415 nta-

1165 1424 1234 1449 teria
1252 1425 1378 1450 sensibili.
1397 1426 1415 1456 1,
1435 1434 1491 1456 xxv,
1509 1434 1536 1458 4.
1555 1433 1606 1455 xm,
1624 1434 1649 1451 2.

1127 1459 1294 1485 Suasrm'rm
1313 1474 1349 1478 —
1368 1461 1471 1486 Primae
1499 1462 1659 1487 substantiae
1684 1461 1830 1495 significant

1163 1495 1213 1520 hoc
1232 1496 1338 1529 aliquid.
1358 1497 1376 1527 1,
1395 1505 1419 1528 x,
1439 1495 1464 1522 6.
1482 1505 1543 1528 κι.ιι,
1564 1496 1589 1522 5.
1601 1511 1621 1516 -
1634 1498 1700 1522 Sunt
1718 1505 1766 1530 per
1790 1505 1828 1522 se.

1164 1531 1187 1561 Ι,
1206 1539 1235 1561 x,
1255 1530 1281 1556 6.
1294 1545 1314 1550 —
1328 1532 1477 1557 Substantia
1501 1533 1595 1558 media.
1615 1533 1638 1562 Ι,
1661 1540 1749 1565 xxxxv,
1771 1533 1795 1558 5.
1810 1547 1829 1552 -

1163 1567 1312 1592 Substantia
1325 1568 1486 1593 universalis.
1500 1569 1564 1594 ibid.
1572 1582 1592 1587 -
1602 1568 1656 1593 Soli
1669 1569 1829 1594 substantiae

1164 1603 1284 1628 convenit
1303 1604 1406 1636 proprie
1424 1604 1489 1628 ratio
1508 1604 1626 1630 subiecti.
1646 1605 1664 1636 l,
1683 1611 1767 1636 xxxiv,
1779 1612 1829 1630 2.-

1164 1638 1311 1663 Substantia
1331 1647 1384 1664 non
1403 1645 1443 1664 est
1461 1639 1593 1665 obiectum
1613 1647 1718 1666 sensus.
1737 1641 1827 1671 1,x1.11,

1165 1673 1189 1699 5.
1211 1674 1252 1708 Cf.
1263 1675 1373 1700 Ssusus.
1385 1689 1405 1694 —
1417 1675 1581 1701 Substantiae
1594 1681 1728 1708 separatae
1743 1681 1827 1701 trans-

1164 1710 1277 1734 cendunt
1296 1711 1436 1736 sensibilia.
1446 1711 1464 1740 l,
1478 1719 1532 1741 xxx,
1549 1712 1669 1744 7.——Non
1683 1719 1827 1744 possumus

1163 1745 1189 1770 in
1208 1745 1256 1770 hac
1275 1745 1327 1770 vita
1340 1754 1384 1771 eas
1399 1754 1558 1779 cognoscere
1571 1748 1739 1780 intelligendo
1751 1747 1827 1780 quid-

1164 1781 1256 1806 ditates
1276 1789 1375 1806 earum.
1395 1782 1418 1811 1,
1442 1790 1502 1812 xxx,
1524 1790 1549 1815 7.
1568 1791 1618 1812 xm,
1637 1782 1664 1808 8.
1676 1783 1775 1814 —Quid
1795 1783 1828 1808 de

1163 1816 1201 1841 eis
1216 1816 1282 1841 scire
1301 1818 1443 1849 possimus.
1467 1818 1491 1848 Ι,
1510 1826 1564 1848 xm,
1584 1818 1638 1843 8.-
1652 1818 1827 1852 intelligibiles

1163 1857 1224 1876 sunt
1249 1860 1296 1885 per
1314 1853 1414 1886 seipsas
1440 1853 1472 1878 ab
1497 1854 1628 1879 intellectu
1646 1855 1679 1879 ad
1698 1854 1748 1879 hoc
1767 1862 1827 1887 pro-

1163 1888 1326 1920 portionato:
1355 1897 1409 1913 non
1437 1894 1632 1921 cognoscuntur
1656 1897 1703 1922 per
1730 1891 1825 1923 priora.

1163 1923 1227 1948 ibid.
1237 1937 1256 1942 -
1266 1924 1411 1950 Possumus
1426 1925 1569 1958 intelligere
1583 1930 1684 1958 partem
1698 1926 1827 1951 essentiae

1163 1959 1322 1984 substantiae
1341 1960 1513 1992 compositae:
1533 1961 1580 1985 sed
1599 1961 1744 1986 substantia
1762 1962 1825 1987 sim-

1162 1995 1221 2027 plex
1241 1994 1388 2027 intelligitur
1410 2001 1465 2021 tota
1489 1996 1577 2021 simul.
1596 1997 1630 2021 lx
1648 1997 1770 2029 Metaph.
1789 1997 1826 2028 ΙΙ,

1162 2037 1210 2059 vn.
1230 2029 1255 2055 6.
1268 2034 1290 2049 ⁸-
1303 2031 1451 2056 Substantia
1469 2032 1627 2066 quandoque
1646 2033 1759 2058 sumitur
1777 2041 1826 2067 pro

1162 2066 1285 2091 essentia.
1304 2067 1321 2096 Ι,
1340 2074 1364 2097 x,
1383 2066 1406 2092 3.
1417 2067 1446 2096 ΙΙ,
1461 2075 1486 2098 ιι,
1511 2075 1551 2093 ιο.

1127 2101 1284 2131 ΞυΡΡοειτιο
1297 2117 1330 2120 -
1346 2102 1380 2127 Ut
1399 2103 1543 2136 propositio
1561 2103 1719 2134 immediata,
1735 2109 1777 2129 est
1795 2112 1826 2130 ea

1163 2145 1230 2169 quae
1250 2140 1302 2162 non
1325 2143 1411 2170 potest
1434 2138 1537 2171 probari
1563 2139 1611 2164 nisi
1631 2147 1678 2172 per
1700 2140 1826 2173 principIa

1162 2173 1267 2198 alterius
1286 2173 1417 2199 scientiae.
1437 2174 1455 2206 Ι,
1473 2182 1499 2206 v,
1519 2183 1543 2208 7.
1562 2183 1612 2205 xix,
1631 2182 1658 2207 4.
1676 2183 1758 2206 xxxix,
1773 2183 1826 2201 2.-

1162 2208 1196 2233 Ut
1214 2208 1368 2242 principium
1393 2210 1555 2243 syllogismi.
1574 2216 1615 2236 est
1629 2211 1731 2244 positio
1757 2219 1825 2245 quae

1161 2244 1252 2276 accipit
1271 2245 1378 2270 alteram
1397 2251 1498 2278 partem
1516 2246 1712 2277 enunciationis.
1728 2247 1826 2273 scilicet

1161 2278 1359 2306 affirmationem
1373 2281 1415 2306 vel
1430 2281 1605 2313 negationem.
1618 2282 1636 2313 1,
1650 2290 1675 2314 v,
1688 2281 1714 2308 8.
1723 2297 1742 2311 ,-
1752 2283 1826 2314 Quo-

1161 2315 1242 2340 modo
1256 2315 1354 2341 differat
1373 2317 1518 2349 suppositio
1530 2325 1545 2343 a
1558 2317 1689 2350 petitione.
1706 2318 1724 2348 Ι,
1737 2326 1786 2350 xrx,
1799 2326 1826 2351 4.

1161 2358 1248 2380 xxxix.
1264 2359 1287 2376 2.
1296 2365 1316 2371 ·-
1325 2352 1467 2383 Quomodo
1486 2352 1585 2378 differat
1603 2361 1618 2378 a
1632 2354 1795 2387 quaestione.
1808 2355 1826 2384 Ι,

1161 2394 1210 2416 xix,
1224 2394 1275 2419 4.-
1284 2387 1425 2418 Quomodo
1439 2388 1540 2414 differat
1554 2397 1568 2414 a
1581 2387 1738 2416 definitione.
1749 2391 1767 2421 Ι,
1776 2397 1826 2422 κικ,

1165 2421 1187 2452 5,
1198 2430 1249 2455 7.-
1258 2423 1409 2456 Suppositio
1424 2424 1542 2450 exteriori
1560 2425 1660 2450 ratione
1678 2425 1826 2451 confirmari

1161 2462 1256 2490 potest.
1269 2459 1288 2489 1,
1302 2466 1351 2488 κικ,
1363 2466 1387 2484 2.

1127 2493 1250 2519 Susmcio
1261 2508 1294 2512 —
1311 2494 1379 2524 Quid
1398 2495 1440 2520 sit.
1465 2495 1484 2526 Ι,
1502 2503 1521 2527 1,
1540 2494 1567 2521 6.
1581 2509 1601 2516 -
1614 2497 1656 2521 Ad
1679 2504 1738 2522 eam
1756 2497 1826 2523 ordi-

1162 2534 1238 2554 natur
1256 2529 1410 2556 Rhetorica.
1425 2530 1490 2558 ibid.

1127 2565 1353 2591 Surouxsaus—
1364 2566 1460 2591 Omnis
1478 2567 1650 2600 syllogismus
1668 2568 1763 2601 probat
1781 2569 1828 2594 ali-

1163 2601 1226 2634 quid
1245 2601 1277 2626 de
1295 2601 1382 2634 aliquo
1400 2609 1448 2635 per
1466 2602 1573 2636 aliquod
1592 2603 1716 2629 medium.
1740 2604 1774 2635 11,
1787 2611 1826 2634 m,

1162 2643 1189 2668 4.
1202 2649 1222 2655 -
1235 2636 1343 2662 Constat
1365 2644 1396 2662 ex
1422 2638 1506 2663 tribus
1531 2639 1648 2664 terminis
1677 2644 1703 2664 et
1724 2639 1826 2665 duabus

1164 2672 1385 2704 propositionibus
1404 2673 1437 2698 ad
1455 2674 1551 2699 minus.
1570 2674 1580 2699 1
1598 2674 1690 2700 Prior.
1709 2675 1733 2705 Ι,
1752 2683 1781 2706 ιι,
1799 2683 1826 2710 9.

1162 2714 1217 2738 vm,
1236 2707 1263 2732 8.
1281 2715 1347 2737 κκκι,
1368 2715 1391 2737 2.
1412 2708 1437 2734 3.
1451 2709 1481 2740 ΙΙ,
1494 2717 1529 2739 ικ,
1542 2717 1569 2742 4.
1580 2723 1600 2729 -
1611 2710 1640 2735 ln
1655 2718 1687 2735 eo
1702 2711 1827 2744 accipitur

1165 2743 1278 2775 cognitio
1296 2743 1404 2769 alicuius
1422 2744 1577 2770 universalis
1596 2745 1628 2770 ab
1647 2745 1703 2770 aliis
1722 2746 1828 2771 univer-

1165 2778 1264 2803 salibus
1284 2779 1361 2804 notis.
1381 2779 1398 2809 Ι,
1412 2787 1430 2810 ι,
1449 2787 1488 2805 ιι.
1500 2793 1520 2799 -
1534 2780 1626 2811 Qualia
1640 2780 1693 2806 sint
1706 2781 1828 2814 principia

1166 2814 1230 2839 eiua.
1268 2814 1332 2839 Vide
1359 2814 1528 2841 Pmumpmu.
1546 2829 1566 2835 -
1583 2816 1623 2841 De
1650 2817 1829 2842 conclusione.

1170 2849 1236 2875 Vide
1253 2849 1486 2876 Concanum-De
1500 2851 1596 2876 medio.
1615 2851 1680 2877 Vide
1687 2852 1830 2878 Manium.—

1165 2885 1254 2910 Altera
1278 2885 1482 2918 praemissarum
1505 2886 1537 2911 ad
1560 2887 1647 2912 minus
1672 2887 1750 2913 debet
1768 2895 1829 2913 esse

1165 2921 1331 2946 universalia.
1347 2921 1364 2951 Ι,
1379 2929 1406 2949 ιι.
1421 2929 1447 2955 9.
1457 2929 1512 2951 vm.
1527 2929 1580 2956 9.-
1592 2922 1619 2948 Si
1641 2930 1693 2948 una
1711 2923 1746 2948 sit
1770 2931 1829 2957 par-

1165 2956 1293 2987 ticularis.
1319 2956 1452 2982 conclusio
1477 2965 1530 2982 non
1555 2958 1602 2983 erit
1625 2958 1788 2984 universalis.
1810 2959 1828 2990 l,

1165 2999 1224 3023 vm,
1243 2999 1271 3025 9.
1289 2999 1344 3023 κνι,
1371 2991 1395 3018 3.
1409 3006 1429 3012 -
1443 2992 1482 3018 Ex
1501 2993 1603 3018 duabus
1622 2994 1747 3027 negativis
1766 2994 1829 3020 nihil

1166 3027 1336 3053 concluditur.
1354 3028 1364 3053 1
1383 3028 1472 3054 Prior.
1493 3028 1511 3059 Ι,
1530 3036 1584 3059 vm,
1605 3037 1631 3063 9.
1649 3037 1731 3061 xxxix,
1745 3028 1770 3061 6,
1782 3038 1831 3064 7.-

1166 3063 1204 3088 Ex
1218 3063 1318 3088 duabus
1333 3061 1491 3089 affirmativis
1506 3072 1558 3089 non
1571 3065 1733 3091 concluditur
1751 3073 1830 3099 nega-

1166 3098 1226 3124 tiva.
1248 3098 1271 3130 1,
1290 3106 1350 3130 vm,
1372 3107 1398 3133 9.
1411 3113 1432 3119 -
1446 3099 1484 3124 Ex
1506 3101 1575 3125 veris
1601 3108 1707 3134 semper
1725 3102 1831 3127 conclu-

1166 3134 1234 3160 ditur
1251 3142 1352 3160 verum.
1372 3135 1391 3166 l,
1410 3142 1463 3166 xm,
1483 3142 1523 3161 ιο.
1541 3143 1610 3168 κι.ιιι,
1630 3135 1832 3163 3.-Οοιιε1ιιιίο

1166 3170 1229 3195 falsa
1242 3170 1403 3195 concluditur
1417 3178 1447 3196 ex
1461 3170 1542 3197 falsis.
1562 3171 1580 3202 Ι,
1594 3179 1665 3203 κι.ιιι,
1686 3171 1711 3198 3.
1724 3186 1743 3193 -
1757 3172 1830 3204 Quo-

1167 3205 1247 3231 modo
1271 3205 1403 3238 contingat
1433 3207 1586 3240 syllogizare
1615 3215 1708 3233 verum
1734 3216 1766 3234 ex
1783 3208 1830 3235 fal-

1166 3241 1212 3267 sis.
1237 3241 1255 3272 1,
1275 3249 1335 3272 κι.ιι,
1356 3241 1600 3268 3.-Necessarium
1619 3248 1705 3276 potest
1723 3244 1831 3279 syllogi-

1166 3277 1226 3308 zari,
1247 3276 1306 3302 licet
1325 3285 1378 3303 non
1403 3278 1486 3310 possit
1503 3278 1576 3308 sciri,
1593 3286 1624 3304 ex
1638 3287 1691 3304 non
1709 3287 1832 3306 nmat-

1166 3313 1220 3338 riis.
1230 3313 1249 3343 1,
1264 3320 1297 3343 tx,
1311 3320 1336 3338 2.
1348 3320 1402 3344 xm,
1415 3321 1442 3346 4,
1457 3312 1482 3345 8,
1501 3321 1528 3348 9,
1552 3321 1591 3344 ιο,
1616 3322 1657 3340 ιι.
1675 3322 1728 3341 xm
1761 3323 1832 3342 ιο.-

1166 3348 1204 3374 Ex
1223 3348 1325 3374 duabus
1343 3349 1498 3374 necessariis
1516 3357 1622 3383 semper
1648 3350 1767 3384 sequitur
1785 3359 1831 3377 ne-

1168 3383 1319 3410 cessarium.
1339 3384 1349 3409 1
1367 3384 1458 3410 fflor.
1478 3384 1498 3416 Ι,
1516 3393 1569 3417 xm,
1592 3393 1632 3411 ιο.
1650 3393 1710 3418 mi,
1731 3387 1830 3414 2.—Ex

1167 3420 1237 3445 veris
1256 3423 1286 3445 ut
1296 3421 1465 3454 frequenter,
1478 3421 1596 3454 sequitur
1611 3428 1703 3447 verum
1728 3425 1758 3447 ut
1768 3423 1830 3456 fie-

1167 3458 1293 3488 quenter:
1306 3463 1440 3489 nunquam
1454 3463 1547 3482 uerum
1567 3459 1597 3482 ut
1611 3457 1637 3482 in
1647 3457 1831 3490 paucioribus.

1168 3491 1191 3522 Ι,
1216 3498 1279 3520 xm.
1309 3499 1378 3516 ιο.-
1391 3491 1430 3517 Ex
1448 3492 1601 3525 praemissis
1620 3493 1830 3526 contingentibus

1167 3534 1219 3551 non
1233 3531 1275 3551 est
1287 3527 1427 3553 necessitas
1442 3527 1566 3553 absoluta
1579 3529 1773 3562 consequentia,
1783 3530 1831 3555 aed

1169 3562 1310 3588 necessitas
1329 3563 1540 3596 consequentiae.
1553 3563 1571 3595 Ι,
1589 3571 1641 3596 xxv,
1657 3563 1831 3599 5.-Syllogi—

1922 287 1973 311 smi
1993 287 2038 319 qui
2065 292 2128 312 sunt
2151 295 2183 312 ex
2202 287 2301 312 eisdem
2327 288 2472 322 principiis,
2494 297 2588 316 conve-

1893 342 1895 344 .
1922 322 1998 347 niunt
2025 323 2066 347 vel
2091 323 2117 347 in
2143 323 2245 354 medio,
2265 324 2306 348 vel
2326 323 2352 348 in
2372 331 2479 349 sursum
2498 333 2589 350 ascen-

1922 358 2008 382 dendo
2015 365 2108 382 versus
2119 359 2245 383 maiorem
2256 359 2452 391 extremitatem,
2459 361 2500 385 vel
2512 361 2588 386 deor-

1922 401 1982 418 sum
1997 394 2181 419 descendendo
2197 402 2287 419 versus
2299 394 2427 420 minorem
2442 397 2588 422 extremita-

1921 434 1986 454 tem.
2000 429 2018 458 Ι,
2030 437 2100 459 κι.ιιι,
2117 429 2170 454 5.-
2180 430 2238 454 Νοιι
2256 430 2331 455 datur
2349 438 2490 462 processus
2505 432 2534 456 in·
2549 433 2588 456 in-

1921 463 2024 489 finitum
2048 465 2075 489 in
2100 466 2271 498 syllogismis,
2290 473 2378 498 neque
2403 471 2531 498 quantum
2556 467 2588 492 ad

1922 501 2016 530 media,
2027 508 2112 533 neque
2123 506 2251 533 quantum
2262 501 2294 526 ad
2311 506 2434 526 extrema.
2445 501 2462 531 Ι,
2473 510 2549 527 xxxm
2563 507 2590 527 et

1921 543 2004 566 xxxiv,
2019 543 2072 568 per
2091 539 2139 566 tot,
2161 544 2235 566 xmv,
2261 536 2285 561 5.
2307 537 2349 570 Cf.
2369 537 2588 567 Damus-runo,

1921 570 2124 597 Pmammruu.
2142 586 2162 591 —
2186 573 2350 606 Syllogizans
2383 580 2436 597 non
2466 574 2590 606 proponit

1921 611 2062 639 utramque
2077 613 2178 639 partem
2193 608 2388 633 enunciationis.
2399 608 2416 638 Ι,
2426 616 2451 637 ν,
2463 608 2487 633 3.
2496 622 2516 627 -
2526 609 2589 633 Pro-

1921 642 2065 673 positiones
2079 643 2226 675 syllogismi
2237 649 2369 676 ponuntur
2381 645 2407 668 in
2420 651 2516 676 genere
2529 651 2590 669 cau-

1921 684 1967 701 sae
1983 676 2126 703 efficientis.
2147 679 2167 703 ll
2184 679 2268 712 Phys.
2287 680 2306 709 1,
2324 687 2360 709 ιιι,
2380 680 2591 705 x.—Virtualiter

1921 713 2054 737 continent
2082 714 2287 740 conclusionem.
2312 715 2377 740 ibid.
2390 729 2410 734 ·-
2423 715 2588 748 Syllogizans

1919 748 2025 780 respicit
2037 749 2069 773 ad
2085 747 2261 774 definitionem
2275 751 2430 783 syllogismi,
2446 751 2514 775 sicut
2529 752 2589 776 arti-

1919 783 1962 808 fex
1974 784 2007 808 ad
2019 785 2138 815 regulam
2153 786 2224 810 artis.
2238 785 2267 814 ΙΙ,
2281 793 2306 815 ν,
2315 793 2342 818 4.
2350 799 2371 804 -
2380 786 2431 810 Per
2442 787 2512 811 viam
2525 787 2589 811 divi—

1920 819 2001 843 sionis
2020 819 2082 844 nihil
2096 820 2255 853 syllogistice
2270 822 2404 853 probatur.
2424 821 2434 846 Ι
2453 822 2544 847 Prior.
2559 822 2588 852 11,

1920 861 1955 883 w,
1967 862 1992 879 2.
2000 869 2020 874 -
2029 855 2205 888 Syllogismus
2216 861 2256 881 est
2269 855 2438 881 affirmativus
2453 858 2496 882 vel
2509 865 2588 890 nega—

1919 890 1998 915 tivus.
2013 891 2031 920 Ι,
2044 898 2109 920 xxxi,
2126 898 2150 916 2.
2164 891 2193 920 ΙΙ,
2209 899 2236 920 11,
2245 899 2305 923 4.-
2315 892 2406 923 Qualis
2421 893 2455 917 sit
2467 898 2589 926 uterque.

1920 925 1938 955 Ι,
1947 933 2013 956 xxxi,
2026 933 2050 951 2.
2058 940 2079 945 -
2089 927 2137 951 Est
2149 927 2303 952 universalis
2315 928 2358 953 vel
2373 929 2543 961 particularis.
2558 929 2588 958 ΙΙ,

1920 969 1952 990 ιι,
1975 969 2002 993 4.
2011 975 2031 980 —
2040 963 2126 987 Verus
2151 963 2192 987 vel
2214 962 2306 988 falsus.
2330 963 2348 992 Ι,
2375 971 2445 993 κι.ιιι,
2468 971 2492 989 2.
2501 978 2521 984 -
2530 965 2589 997 Syl-

1920 996 2048 1030 logismus
2066 998 2303 1024 demonstrativus.
2327 999 2392 1024 Vide
2410 999 2588 1025 Dmousma-

1919 1040 1972 1057 ·no.
1987 1046 2007 1052 ·-
2022 1034 2196 1066 Syllogismus
2221 1034 2384 1060 dialecticus.
2404 1035 2443 1059 Ex
2465 1035 2588 1068 qualibus

1919 1069 2056 1129 principiis1
2064 1070 2202 1102 procedat:
2221 1071 2304 1136 texglit
2317 1071 2350 1096 ad
2363 1070 2508 1131 faciegdam
2532 1071 2589 1103 opi-

1919 1112 2034 1129 monem.
2063 1123 2070 1134 ,
2089 1112 2160 1135 xxxi,
2194 1124 2200 1131 .
2215 1120 2234 1124 -
2276 1114 2311 1130 uo
2330 1114 2410 1131 sensu
2447 1112 2528 1131 icatur
2545 1113 2589 1132 so-

1914 1140 2056 1172 phisticus.
2070 1140 2089 1170 Ι,
2102 1148 2156 1171 κιιι,
2171 1113 2326 1174 7⁴.-Potest
2339 1149 2399 1167 esse
2417 1143 2557 1168 circularis.
2569 1142 2588 1172 1.

1919 1183 1973 1205 vm,
1982 1174 2030 1200 5.-
2039 1176 2130 1201 Potest
2142 1184 2202 1202 esse
2218 1177 2299 1202 falsus
2312 1185 2343 1203 ex
2356 1183 2430 1210 parte
2444 1178 2552 1207 formae,
2563 1182 2590 1203 et

1920 1218 1951 1237 ex
1972 1217 2045 1244 parte
2061 1213 2193 1237 materiae.
2206 1213 2224 1243 Ι,
2238 1221 2298 1243 κκιι,
2314 1221 2338 1238 2.
2349 1221 2433 1243 xxvn,
2448 1221 2473 1247 7.
2486 1227 2507 1234 —-
2523 1213 2589 1239 Vide

1919 1247 2026 1272 Manum
2036 1265 2042 1277 .
2063 1247 2233 1273 ancn’tmt.
2242 1262 2263 1268 —
2271 1249 2448 1282 Syllogismus
2463 1249 2588 1282 sophisti-

1919 1289 1965 1308 cus
1984 1283 2009 1307 in
2029 1283 2118 1308 stricto
2137 1291 2226 1314 sensu,
2246 1285 2330 1317 qualis
2351 1286 2392 1310 sit.
2410 1285 2429 1316 l,
2449 1293 2509 1314 xm,
2530 1292 2557 1318 7.
2569 1298 2590 1304 -

1919 1319 2094 1352 Syllogismus
2114 1326 2168 1351 per
2186 1319 2274 1353 signa.
2295 1320 2319 1349 Ι,
2340 1328 2398 1350 xxv,
2411 1320 2588 1354 7.-Syllogi-

1920 1361 1994 1380 smus
2008 1354 2159 1381 circularis.
2179 1355 2248 1386 Quid
2267 1356 2309 1380 sit.
2329 1356 2347 1385 1.
2361 1363 2415 1386 vm,
2431 1363 2484 1381 2.-
2494 1356 2589 1382 Utrum

1919 1390 1995 1415 detur
2004 1390 2029 1415 in
2040 1391 2260 1416 demonstrativis.
2270 1391 2335 1417 Vide
2344 1392 2590 1417 omousi-amo.-

1918 1426 1960 1450 An
1978 1426 2005 1450 in
2023 1426 2171 1451 dialecticis.
2196 1427 2260 1452 Vide
2278 1434 2400 1459 supra.-
2413 1427 2589 1461 Syllogismus

1919 1460 2102 1494 ignorantiae.
2115 1462 2207 1493 Qualis
2225 1463 2369 1495 ignorantia
2387 1462 2431 1488 fiat
2442 1470 2490 1496 per
2506 1463 2589 1496 syllo-

1918 1496 2043 1528 gismum.
2063 1497 2081 1526 Ι,
2094 1505 2171 1527 xxvn,
2188 1499 2346 1524 2.—Accidit
2359 1506 2407 1531 per
2421 1506 2482 1524 eum
2497 1499 2588 1532 decipi.

1917 1531 1959 1556 vel
1970 1532 2032 1564 quia
2041 1538 2131 1564 peccat
2146 1533 2172 1558 in
2189 1534 2305 1563 materia,
2315 1534 2357 1559 vel
2373 1535 2436 1567 quia
2449 1539 2540 1567 peccat
2561 1534 2588 1559 in

1917 1566 2011 1592 forma.
2025 1567 2035 1592 Ι
2054 1567 2144 1600 Topic.
2159 1568 2182 1598 l.
2195 1576 2261 1598 κκιι,
2282 1576 2335 1594 2.-
2348 1570 2524 1602 Syllogismus
2542 1570 2589 1603 qui

1917 1607 2009 1635 peccat
2027 1603 2052 1628 in
2071 1603 2168 1633 forma.
2181 1609 2223 1629 est
2236 1605 2457 1638 paralogismus.-
2475 1605 2589 1638 quidsi-

1917 1637 2022 1671 gnificet
2043 1639 2259 1673 paralogismus.
2277 1639 2343 1666 ibid.
2357 1654 2378 1660 -
2393 1641 2589 1674 Pru-alogiemus

1916 1674 1943 1699 in
1964 1674 2184 1700 demonstrativis.
2210 1675 2275 1701 Vide
2298 1676 2546 1702 Dnonmnm-
2558 1676 2588 1704 In

1918 1709 2067 1736 dialecticis.
2085 1710 2150 1736 Vide
2167 1718 2287 1744 supra.-
2296 1712 2325 1736 ln
2340 1712 2498 1745 syllogismo
2511 1712 2588 1739 dene-

1917 1746 2035 1779 ptionem
2048 1751 2172 1772 causante
2186 1747 2311 1780 contingit
2323 1748 2484 1781 quandoque
2501 1753 2588 1775 utm-

1918 1789 1971 1814 que
1989 1782 2182 1815 propositiones
2195 1790 2256 1808 esse
2274 1783 2363 1813 falsas.
2376 1784 2538 1817 quandoque
2548 1784 2587 1811 nl-

1918 1822 2002 1843 teram
2016 1823 2126 1843 tantum.
2137 1818 2155 1847 Ι,
2165 1826 2241 1848 nvn.
2256 1818 2282 1848 8,
2295 1826 2373 1852 seqq.
2381 1833 2402 1839 -
2410 1819 2588 1853 Syllogbnms

1919 1853 2078 1886 ignorantiae
2102 1859 2190 1887 potest
2220 1855 2377 1880 concludere
2406 1854 2589 1882 affimativam

1919 1890 2075 1914 contrariam
2087 1890 2222 1923 negativae
2233 1890 2408 1920 immediatae.
2421 1891 2465 1916 vel
2478 1898 2510 1917 ex
2522 1891 2587 1917 due—

1918 1923 1968 1950 bus
1984 1924 2056 1950 falsis
2075 1926 2210 1950 contrariis
2223 1926 2301 1957 veris,
2316 1927 2358 1951 vel
2374 1934 2406 1952 ex
2424 1926 2527 1952 duabu
2538 1926 2588 1953 hl-

1917 1960 1955 1985 sis
1969 1961 2174 1986 contradictoriis
2187 1962 2267 1987 veris.
2292 1962 2311 1992 Ι,
2330 1969 2407 1992 xxvn.
2422 1961 2454 1992 ,8
2473 1962 2588 1996 9.-Vel

1918 2003 1948 2021 ex
1964 2003 2017 2021 una
2030 1995 2096 2021 causa
2110 2001 2136 2021 et
2148 1997 2229 2022 altera
2242 2004 2314 2023 vera.
2327 1997 2345 2027 1.
2359 2005 2436 2034 xxvn⁴¹
2455 2005 2495 2028 ιο,
2513 2005 2555 2024 ιι.
2566 2011 2587 2017 -

1917 2030 2028 2061 Tamen,
2042 2032 2144 2057 nonnisi
2158 2033 2184 2057 in
2198 2033 2284 2066 prima
2296 2031 2389 2066 figura.
2398 2033 2417 2063 Ι,
2426 2041 2503 2063 xxm.
2515 2040 2586 2060 ta.-

1917 2067 2008 2093 Potest
2026 2068 2183 2094 concludere
2201 2068 2348 2101 negativam
2367 2069 2462 2095 falsam
2481 2074 2585 2095 emna-

1916 2103 1982 2128 riam
2001 2101 2169 2129 affirmativae
2186 2103 2365 2135 immediatae.
2378 2105 2405 2130 in
2416 2105 2501 2138 prima
2517 2103 2585 2139 figu-

1917 2146 1954 2168 ra.
1969 2146 2000 2164 ea
2013 2139 2132 2172 utrisque
2145 2139 2226 2165 falsis.
2240 2139 2258 2170 Ι,
2273 2147 2359 2170 xxviii.
2374 2140 2485 2166 2.-Vsl
2501 2147 2535 2171 ex
2546 2141 2586 2167 al·

1916 2179 1973 2200 tera
1985 2174 2052 2200 falsa
2064 2179 2091 2200 et
2109 2175 2189 2200 altera
2201 2183 2272 2201 vera.
2283 2175 2301 2206 l,
2310 2183 2397 2206 xmn,
2409 2175 2433 2206 3.
2446 2176 2585 2208 4.-1oem.

1916 2210 1943 2235 in
1962 2210 2077 2236 secunda
2093 2209 2184 2243 figura.
2198 2211 2217 2241 Ι,
2230 2218 2317 2242 xxvm,
2334 2210 2357 2241 5,
2371 2210 2396 2241 6,
2410 2211 2586 2246 7.-Syllo⁸i-

1917 2253 1993 2271 smus
2005 2246 2142 2279 negativus
2161 2245 2252 2275 falsus.
2266 2247 2373 2280 quando
2385 2246 2414 2273 fit
2426 2248 2453 2273 ln
2465 2246 2585 2281 proposi-

1916 2281 2031 2307 tionibus
2051 2282 2178 2312 mediatis.
2194 2283 2218 2308 ai
2238 2283 2376 2316 accipiatur
2392 2283 2510 2309 medium
2523 2290 2586 2317 pro-

1917 2317 2013 2351 prium.
2026 2325 2080 2343 non
2091 2322 2179 2350 potest
2192 2325 2252 2344 esse
2270 2323 2397 2352 utrasque
2417 2326 2479 2344 esse
2496 2318 2586 2350 filaus,

1917 2353 2067 2378 sedaolum
2086 2353 2222 2380 maiorem.
2235 2353 2254 2384 l,
2268 2361 2333 2384 κκικ,
2349 2362 2402 2380 2.-
2411 2354 2484 2380 idem
2497 2354 2585 2383 dia-

1917 2389 1982 2414 dum
1995 2389 2019 2414 si
2032 2387 2077 2414 fiat
2089 2396 2120 2414 ex
2132 2389 2220 2414 medio
2232 2395 2355 2415 exmaeo
2373 2390 2452 2416 simili
2469 2391 2585 2424 proprio.

1918 2424 1944 2454 Ι.
1958 2432 2023 2454 κκικ,
2047 2423 2147 2450 3.-Εκ
2165 2425 2253 2451 medio
2272 2430 2394 2452 extraneo
2411 2425 2586 2456 dissimili.in

1917 2460 2002 2493 prima
2026 2459 2123 2493 figura,
2141 2468 2195 2486 non
2217 2459 2246 2486 fit
2269 2469 2317 2494 per
2339 2466 2467 2495 utruque
2484 2461 2586 2492 xm.

1917 2496 1966 2521 nial
1985 2496 2012 2521 in
2030 2503 2084 2521 uno
2102 2503 2175 2522 casu.
2195 2496 2218 2526 1.
2239 2504 2311 2527 κκικ.
2329 2497 2478 2530 4.-Μίιιοι-
2494 2502 2586 2524 tamea

1917 2536 2006 2566 potest
2025 2539 2084 2557 esse
2109 2531 2185 2558 falsa.
2206 2532 2337 2558 thid-ln
2355 2533 2472 2559 secunda
2488 2531 2585 2567 figite.

1917 2572 2029 2628 utraqtge
2057 2575 2116 2628 ιὲοιῦ
2138 2572 2226 2610 potest
2251 2576 2312 2594 esse
2338 2567 2552 2630 tmlmfaid*
2562 2569 2584 2600 1.

1917 2610 1984 2632 xxxx,
2017 2616 2052 2628 .—
2161 2611 2237 2629 smus
2262 2603 2432 2630 affirmatmu
2492 2611 2539 2630 aa
2555 2612 2584 2631 m

1918 2611 2277 2674 propositionibuosfflmedintis.
2287 2640 2310 2665 si
2319 2640 2459 2672 accipiant·
2467 2639 2586 2668 medium

1917 2674 2061 2708 proprium.
2076 2682 2130 2700 non
2141 2680 2229 2708 potest
2242 2674 2342 2700 habere
2356 2680 2483 2708 utruque
2495 2675 2586 2702 falsae.

1917 2709 1937 2740 1.
1954 2717 2025 2739 xxix.
2044 2708 2180 2736 6.-1dem
2204 2710 2343 2736 dicendum
2370 2711 2392 2736 si
2417 2711 2534 2737 medium
2550 2711 2587 2737 ait

1917 2753 1971 2771 non
1988 2745 2132 2778 proprium.
2146 2745 2194 2771 sed
2212 2746 2331 2771 eiusdem
2349 2746 2456 2772 ordinis.
2469 2746 2494 2775 1.
2512 2753 2587 2778 xxix,

1918 2781 2010 2814 7.-Si
2023 2781 2141 2806 medium
2161 2781 2195 2806 sit
2215 2787 2376 2812 mmmm,
2396 2787 2459 2807 tunc
2477 2782 2587 2816 syllogi-

1919 2823 1994 2842 smus
2014 2821 2102 2849 potest
2124 2814 2180 2842 fieri
2205 2824 2236 2843 ex
2259 2822 2372 2851 utraque
2395 2817 2474 2848 falsa.
2492 2818 2536 2845 wi
2552 2825 2586 2844 ex

1919 2851 2051 2878 alterno-a.
2070 2851 2088 2882 1.
2101 2859 2167 2883 xxtx.
2180 2851 2208 2878 8.

2214 2957 2251 2995 Τ

1884 3065 2090 3094 'rmus—ne
2115 3065 2154 3091 ei·
2175 3070 2299 3093 tractum
2323 3066 2349 3092 ιιι
2373 3051 2587 3101 ωηιηιιριὶιιο-

1921 3101 2014 3136 sophia
2031 3102 2074 3128 vel
2093 3101 2244 3136 analogia.
2266 3101 2359 3128 tuda·
2372 3102 2414 3136 Q'.
2435 3101 2584 3133 Furtum.

1921 3138 2007 3168 Nunc.
2022 3137 2223 3164 runnu-mu.

1884 3173 2026 3199 Tamum
2035 3186 2071 3193 —
2079 3172 2230 3204 Terminus,
2244 3173 2312 3199 idest
2330 3171 2454 3199 definifio.
2468 3172 2501 3203 11.
2511 3180 2548 3204 vt.
2561 3170 2588 3200 ⁵.

1885 3209 1990 3235 Topica
1999 3222 2036 3229 —-
2049 3208 2148 3242 Topica
2166 3209 2222 3235 aive
2241 3208 2400 3236 Dialectica.
2415 3208 2433 3239 Ι,
2443 3216 2462 3239 ι.
2476 3206 2505 3235 6.
2522 3207 2588 3237 We

1921 3245 2096 3271 marenca.
2109 3258 2130 3265 -

1921 3281 2077 3314 syllogiamo
2095 3280 2239 3307 dialectico.
2251 3280 2317 3306 ibid.

2147 3243 2308 3278 pricorunt
2337 3245 2403 3271 liber
2431 3248 2526 3271 uectat
2546 3244 2589 3271 A.

1885 3316 2064 3342 Torua—ln
2091 3321 2149 3342 toto
2175 3321 2238 3342 aunt
2266 3317 2292 3342 in
2319 3299 2588 3350 pomata-ml.

1920 3359 2023 3382 xxxvm.
2038 3359 2063 3386 7.
2072 3365 2092 3372 -
2101 3351 2174 3378 Idem
2186 3357 2308 3385 respectu
2384 3381 2387 3385 ,

1921 3392 1976 3413 tem
1994 3392 2020 3413 et
2037 3392 2123 3414 totum
2141 3392 2183 3414 est
2200 3387 2372 3421 impossibile.
2391 3387 2415 3418 Ι,
2433 3394 2510 3414 xxxxv
2531 3385 2588 3414 6.-

1921 3423 2140 3458 Quandocumque
2158 3424 2184 3449 in
2209 3423 2399 3450 mathematici·
2421 3423 2587 3449 demonstra-

1920 3464 1964 3485 tur
1982 3459 2080 3493 aliquid
2102 3459 2137 3486 de
2154 3464 2210 3485 toto
2228 3466 2276 3493 per
2294 3464 2396 3492 partes.
2417 3463 2458 3485 aet
2476 3458 2587 3485 dama·-

1922 3495 2012 3520 atratio
2031 3502 2078 3528 per
2093 3502 2201 3521 caueam
2214 3495 2387 3522 materialem.
2397 3494 2428 3525 ΙΙ,
2439 3501 2474 3525 tx.
2489 3493 2523 3520 ⁵.-

2319 3352 2587 3385 eimdemaasepar-

1885 3529 2274 3558 Tnamuurm-—Elundem
2301 3535 2342 3557 est
2364 3529 2588 3558 “emundat

1922 3566 2067 3600 quiescere.
2081 3566 2100 3597 Ι,
2111 3573 2162 3598 κι.ι,
2180 3565 2220 3594 15.
