2788 4204
1104 274 1216 310 cAP.
1246 274 1352 320 xlv,

306 352 431 387 ecunda
455 352 580 396 opinio,
596 359 646 384 est
659 360 776 383 verum
793 349 977 382 secundum
996 349 1156 389 accidens,
1176 350 1252 393 quia
1269 350 1349 382 acci1

313 403 346 442 't,
365 401 460 441 idest,
483 401 697 434 coniunctum
725 407 774 432 est
797 399 838 438 ei,
866 398 989 431 scilicet
1011 397 1112 438 bono,
1133 397 1258 430 malum
1281 409 1349 430 non

287 461 369 483 esse.
387 450 426 483 In
442 459 645 493 unoquoque
662 455 771 480 autem
788 446 903 479 ordine
919 446 1023 489 magis
1040 457 1116 478 vera
1132 454 1181 478 est
1197 445 1250 478 illa
1267 457 1350 489 quae

287 497 472 531 secundum
491 508 525 530 se
544 505 594 529 est
615 507 701 529 vera.
726 495 834 529 Etiam
857 495 956 538 igitur
976 493 1054 527 falsa
1074 494 1178 537 magis
1198 502 1247 526 est
1267 504 1350 537 quae

289 546 472 580 secundum
491 556 526 578 se
544 544 623 578 falsa
642 553 706 577 est:
730 543 893 588 siquidem
918 552 951 576 et
973 554 1048 576 vera
1065 542 1163 575 huius
1187 551 1235 574 est
1258 550 1350 574 natu-

288 606 354 635 rae,
373 603 410 627 ut
429 593 627 627 declaratum
647 601 706 633 est,
725 592 816 636 quod
835 592 958 625 scilicet
977 591 1081 634 magis
1097 601 1173 623 vera
1190 599 1248 630 est,
1268 601 1351 633 quae

288 642 472 676 secundum
491 653 525 675 se
545 650 594 674 est
616 652 701 674 vera.
726 642 814 685 Ergo
838 641 967 674 illarum
991 639 1130 673 duarum
1155 639 1351 682 opinionum

288 690 443 723 falsarum
459 691 493 722 in
509 690 701 734 quaestione
718 690 972 733 propositarum,
989 687 1121 726 scilicet,
1138 686 1265 719 bonum
1284 696 1352 718 non

289 747 338 772 est
356 738 498 778 bonum,
522 746 564 778 et,
588 737 714 771 bonum
738 746 787 770 est
810 737 949 777 malum,
975 747 1013 769 ea
1041 747 1124 780 quae
1149 743 1198 767 est
1221 733 1351 773 dicens,

288 787 447 831 quoniam
459 797 528 819 non
544 794 593 819 est
609 785 734 819 bonum
751 785 841 830 quod
865 785 991 819 bonum
1010 792 1073 824 est,
1093 782 1177 816 idest
1192 782 1352 826 negativa,

287 835 425 875 scilicet,
450 835 575 868 bonum
603 846 672 868 non
695 843 744 867 est
768 834 908 874 bonum,
932 842 981 867 est
1004 833 1186 866 consistens
1203 830 1281 864 falsa
1305 842 1352 863 se-

289 885 435 918 cundum
452 897 497 924 se,
515 884 608 925 idest,
625 885 750 917 ratione
766 885 817 917 sui
834 884 981 917 continet
996 883 1030 916 in
1047 883 1153 925 seipsa
1169 881 1352 919 falsitatem;

289 933 343 967 illa
361 945 440 967 vero
460 933 584 978 reliqua
604 933 683 966 falsa
703 934 832 977 opinio,
857 944 940 976 quae
965 940 1013 964 est
1037 931 1168 970 dicens,
1195 930 1351 974 quoniam

288 981 413 1014 malum
437 991 501 1021 est,
525 981 623 1021 idest,
654 980 845 1014 affirmativa
869 979 1041 1019 contraria,
1065 979 1203 1018 scilicet,
1227 977 1353 1010 bonum

289 1038 339 1063 est
361 1029 496 1069 malum,
520 1030 608 1069 eius,
632 1039 715 1072 quae
734 1037 799 1068 est,
822 1027 921 1067 idest,
945 1026 1031 1060 illius
1054 1025 1279 1059 affirmationis
1303 1023 1352 1057 di-

289 1081 404 1121 centis,
427 1080 552 1113 bonum
576 1089 626 1113 est
641 1079 778 1119 bonurn,
797 1078 980 1112 secundum
1001 1077 1150 1111 accidens
1162 1103 1171 1117 ,
1191 1075 1284 1116 idest,
1308 1086 1354 1108 ra-

289 1130 379 1162 tione
403 1129 534 1162 alterius
557 1128 635 1161 falsa
659 1136 718 1163 est.

355 1176 484 1210 Deinde
504 1176 614 1210 subdit
633 1177 738 1220 ipsam
761 1176 939 1208 minorem:
963 1174 1068 1217 Quare
1086 1175 1142 1207 erit
1159 1173 1255 1216 magis
1266 1172 1354 1216 falsa

288 1226 323 1260 de
338 1225 424 1266 bono,
441 1226 539 1270 opinio
554 1225 729 1268 negationis,
749 1234 842 1268 quam
860 1223 1012 1257 contrarii.
1028 1221 1157 1255 Deinde
1177 1222 1271 1265 ponit
1287 1231 1353 1253 ma-

288 1275 393 1308 iorem
410 1273 521 1308 dicens
541 1273 643 1318 quod,
658 1279 771 1317 semper
784 1272 879 1315 magis
890 1271 993 1315 falsus
1013 1271 1091 1304 circa
1108 1269 1230 1313 singula
1249 1275 1289 1302 est
1304 1268 1354 1302 ille

287 1323 342 1368 qui
359 1322 445 1356 habet
456 1323 640 1356 contrariam
651 1322 828 1366 opinionem,
846 1331 883 1353 ac
896 1321 923 1352 si
936 1319 1079 1359 dixisset,
1092 1330 1187 1351 verae
1204 1318 1354 1361 opinioni

288 1370 550 1415 magis—{alsaeSt
563 1370 732 1403 contraria.
749 1368 852 1409 Quod
866 1377 1073 1412 assumptum
1086 1376 1154 1400 erat
1170 1368 1203 1399 in
1220 1367 1352 1399 maiore.

238 1425 248 1428 ”
286 1417 331 1454 Et
349 1420 420 1453 eius
439 1418 668 1463 probationem
686 1417 807 1457 subdit,
824 1418 900 1461 quia
920 1417 1106 1450 contrarium
1125 1422 1165 1449 est
1180 1416 1214 1449 de
1230 1427 1353 1449 numero

49 1516 114 1539 ‘Ed-
131 1520 260 1545 eet1557:

288 1479 391 1502 eorum
413 1478 490 1512 quae
512 1468 590 1501 circa
612 1466 690 1499 idem
707 1465 879 1510 plurimum
897 1465 1048 1510 differunt.
1065 1463 1158 1498 Nihil
1175 1465 1263 1496 enim
1279 1463 1353 1507 plus

287 1515 397 1550 differt
415 1527 434 1549 a
452 1526 528 1548 vera
552 1515 709 1559 opinione
729 1526 829 1558 quam
847 1514 952 1557 magis
973 1513 1051 1546 falsa
1071 1513 1155 1545 circa
1178 1512 1267 1544 illam
1283 1511 1308 1544 *.

356 1575 387 1608 7.
412 1564 540 1598 Ultimo
569 1563 689 1597 directe
723 1562 865 1606 applicat
895 1561 936 1595 ad
967 1562 1193 1606 quaestionem
1224 1561 1352 1594 dicens:

292 1614 384 1657 Quod
401 1614 427 1647 si
449 1613 542 1658 (pro,
565 1612 659 1657 quia)
689 1612 800 1645 harum
829 1610 999 1650 falsarum,
1026 1609 1164 1649 scilicet,
1188 1609 1354 1652 negationi

289 1662 438 1696 eiusdem
454 1671 486 1695 et
502 1660 726 1694 affirmationis
751 1659 918 1699 contrarii,
935 1658 1032 1691 altera
1057 1666 1106 1691 est
1126 1658 1285 1690 contraria
1301 1669 1354 1691 ve-

289 1722 344 1744 rae
367 1709 587 1750 affirmationi,
611 1709 726 1753 opinio
749 1719 829 1741 vero
847 1706 1125 1746 contradictionis,
1145 1705 1239 1745 idest,
1258 1717 1355 1749 nega-

290 1759 390 1792 tionis
414 1757 562 1791 eiusdem
586 1757 626 1791 de
646 1756 775 1796 eodem,
794 1757 898 1799 magis
918 1763 967 1788 est
989 1755 1149 1787 contraria
1172 1753 1355 1786 secundum

288 1807 474 1847 falsitatem,
490 1805 584 1846 idest,
600 1806 704 1849 magis
722 1814 771 1838 est
794 1804 883 1844 falsa,
906 1802 1117 1836 manifestum
1133 1811 1182 1835 est
1198 1803 1355 1846 quoniam

290 1856 383 1895 haec,
402 1854 525 1888 scilicet
548 1854 662 1898 opinio
692 1853 771 1887 falsa
794 1853 989 1896 negationis,
1009 1852 1070 1884 erit
1089 1851 1249 1884 contraria
1273 1849 1355 1883 affir-

290 1903 429 1938 mationi
447 1914 552 1943 verae,
577 1911 609 1936 et
627 1914 645 1935 e
665 1910 787 1935 contra.
813 1900 872 1935 Illa
890 1911 970 1934 vero
994 1901 1109 1943 opinio
1133 1911 1216 1943 quae
1241 1907 1290 1932 est
1309 1898 1355 1932 di-

290 1964 380 1994 cens,
403 1952 562 1997 quoniam
585 1950 710 1984 malum
734 1959 783 1984 est
807 1949 897 1994 quod
921 1948 1047 1982 bonum
1071 1957 1130 1988 est,
1154 1947 1248 1987 idest,
1273 1946 1355 1980 affir-

290 2002 393 2035 matio
415 2001 578 2040 contrarii‚
595 2011 664 2033 non
682 1999 843 2032 contraria
860 1997 917 2031 sed
935 1997 1092 2041 implicita
1111 2006 1170 2037 est,
1188 1996 1282 2036 idest,
1298 1995 1355 2029 sed

290 2049 462 2094 implicans
486 2050 519 2087 in
539 2061 573 2082 se
593 2060 687 2081 verae
704 2048 912 2087 contrariam,
929 2046 1062 2086 scilicet,
1078 2045 1203 2078 bonum
1223 2056 1291 2077 non
1307 2053 1356 2077 est

289 2098 426 2133 bonum.
451 2099 583 2132 Etenim
598 2109 731 2130 necesse
755 2105 804 2130 est
827 2097 937 2140 ipsum
956 2096 1147 2139 opinantem
1166 2093 1355 2135 affirmatio-

291 2159 369 2181 nem
393 2147 545 2180 contrarii
578 2146 723 2190 opinari,
752 2145 910 2189 quoniam
933 2143 1021 2177 idem
1053 2142 1092 2176 de
1125 2154 1192 2187 quo
1219 2141 1357 2176 affirmat

292 2197 493 2230 contrarium
516 2206 585 2228 non
609 2203 658 2228 est
687 2194 823 2228 bonum.
857 2193 1002 2237 Oportet
1032 2191 1195 2236 siquidem
1225 2192 1252 2224 si
1284 2192 1356 2236 quis

293 2245 448 2289 opinatur
466 2243 557 2288 quod
579 2244 647 2276 vita
670 2252 719 2276 est
742 2242 846 2282 mala,
874 2241 965 2286 quod
996 2242 1150 2285 opinetur
1178 2239 1267 2284 quod
1291 2241 1357 2273 vita

291 2305 362 2327 non
385 2293 426 2326 sit
449 2292 544 2326 bona.
570 2293 644 2325 Hoc
663 2292 752 2325 enim
775 2291 959 2324 necessario
983 2290 1131 2334 sequitur
1154 2288 1194 2322 ad
1218 2288 1309 2328 illud,
1326 2298 1357 2321 et

291 2353 362 2376 non
385 2354 402 2379 e
427 2351 603 2381 converso;
623 2350 655 2374 et
674 2340 749 2374 ideo
769 2339 942 2373 affirmatio
962 2338 1114 2372 contrarii
1134 2337 1290 2380 implicita
1310 2336 1357 2370 di-

294 2391 386 2424 citur.
410 2390 552 2434 Negatio
577 2398 687 2422 autem
711 2387 859 2421 eiusdem
890 2387 930 2421 de
963 2386 1080 2420 eodem
1109 2386 1265 2430 implicita
1289 2397 1357 2419 non

293 2439 435 2473 est.-Et
458 2439 505 2471 sic
528 2437 640 2470 finitur
663 2438 769 2481 prima
792 2437 885 2469 ratio.

337 2515 347 2523 .
361 2487 391 2520 8.
414 2485 609 2521 Notandum
625 2494 674 2518 est
689 2485 742 2519 hic
759 2486 866 2529 primo
884 2484 974 2528 quod
991 2484 1051 2516 ista
1067 2483 1179 2527 regula
1198 2482 1357 2526 generalis

293 2535 410 2569 tradita
426 2535 479 2568 hic
495 2534 534 2568 ab
551 2534 726 2567 Aristotele
743 2533 783 2567 de
801 2534 1026 2566 contrarietate
1044 2533 1250 2576 opinionum,
1268 2531 1358 2576 quod

254 2614 258 2617 .
291 2583 416 2617 scilicet
439 2583 618 2616 contrariae
647 2583 821 2626 opiniones
852 2590 929 2614 sunt
953 2592 1037 2625 quae
1064 2589 1280 2624 opponuntur
1307 2591 1357 2612 se-

292 2632 440 2666 cundum
459 2631 710 2665 affirmationem
729 2640 761 2664 et
780 2631 990 2674 negationem
1005 2629 1153 2662 eiusdem
1171 2628 1211 2662 de
1230 2628 1358 2668 eodem,

293 2690 327 2716 et
349 2682 383 2714 in
407 2693 442 2714 se
465 2690 498 2714 et
521 2681 555 2713 in
579 2681 755 2724 assumptis
791 2679 831 2713 ad
855 2680 925 2712 eius
953 2678 1182 2722 probationem
1211 2678 1359 2721 proposi-

293 2729 439 2764 tionibus
459 2729 652 2774 scrupulosa
668 2738 725 2762 est.
746 2728 843 2762 Unde
861 2727 964 2760 multa
977 2726 1030 2759 hic
1042 2727 1218 2769 insurgunt
1230 2726 1359 2759 dubia.-

294 2780 444 2812 Primum
461 2787 510 2812 est
529 2780 605 2823 quia
625 2790 701 2811 curn
721 2777 889 2822 oppositio
909 2775 1092 2809 secundum
1109 2774 1359 2807 affirmationem

294 2836 328 2861 et
350 2828 560 2871 negationem
578 2839 648 2860 non
672 2828 849 2860 constituat
872 2825 1134 2858 contrarietatem
1153 2823 1210 2857 sed
1235 2832 1360 2856 contra-

295 2875 474 2909 dictIOnem
493 2875 581 2919 apud
598 2887 714 2908 omnes
734 2874 963 2919 philosoph08‚
984 2872 1154 2917 quomodo
1167 2871 1359 2906 Aristoteles

295 2925 468 2969 opiniones
493 2925 662 2968 oppositas
687 2923 870 2957 secundum
894 2922 1145 2961 affirmationem
1164 2930 1196 2954 et
1214 2921 1360 2964 negatio-

295 2984 373 3006 nem
397 2984 436 3005 ex
454 2972 518 3005 hoc
542 2973 720 3005 contrarias
740 2980 851 3015 ponat.
876 2972 1026 3014 Augetur
1049 2979 1081 3002 et
1105 2969 1264 3003 dubitatio
1285 2970 1360 3013 quia

297 3020 378 3054 dixit
400 3019 490 3065 quod
507 3031 545 3053 ea
568 3021 602 3052 in
619 3019 737 3064 quibus
761 3020 869 3063 primo
886 3028 935 3052 est
954 3018 1078 3051 fallacia
1094 3026 1170 3050 sunt
1190 3018 1360 3058 contraria,

297 3078 329 3102 et
352 3077 461 3102 tamen
483 3067 594 3101 subdit
613 3068 703 3112 quod
727 3076 804 3100 sunt
823 3067 994 3111 oppositae
1013 3067 1097 3099 sicut
1116 3067 1245 3099 termini
1265 3078 1361 3110 gene-

297 3118 443 3157 rationis,
463 3127 553 3161 quos*
567 3125 695 3149 constat
714 3115 964 3149 contradictorie
985 3116 1120 3159 opponi.
1144 3116 1216 3149 Nec
1236 3115 1361 3148 dubita-

297 3168 387 3200 tione
411 3173 498 3198 caret
520 3164 691 3209 quomodo
720 3165 762 3197 sit
787 3176 902 3197 verum
929 3164 962 3198 id
989 3164 1079 3208 quod
1099 3175 1196 3207 supra
1220 3163 1361 3197 diximus

297 3226 337 3248 ex
366 3214 548 3247 intentione
572 3225 596 3246 s.
619 3212 788 3253 Thomae,
816 3212 906 3257 quod
937 3212 1044 3245 nullae
1076 3211 1159 3245 duae
1188 3213 1361 3256 opiniones

298 3271 509 3307 opponantur
528 3260 795 3301 contradictorie,
822 3272 898 3293 cum
922 3260 975 3293 hic
1002 3271 1150 3304 expresse
1171 3260 1288 3293 dicitur
1307 3260 1362 3293 ali-

298 3324 378 3356 quas
396 3311 522 3355 opponi
538 3309 720 3343 secundum
739 3309 989 3342 affirmationem
1005 3317 1037 3341 et
1053 3309 1272 3351 negationem.

365 3359 513 3393 Dubium
541 3357 687 3391 secundo
712 3359 851 3401 insurgit
882 3358 965 3390 circa
993 3356 1026 3390 id
1054 3356 1144 3400 quod
1168 3356 1361 3399 assumpsit,

299 3407 389 3453 quod
409 3407 570 3440 contraria
593 3406 752 3449 cuiusque
768 3416 863 3438 verae
879 3414 927 3438 est
943 3415 1000 3448 per
1016 3415 1050 3436 se
1067 3403 1155 3436 falsa.
1176 3404 1250 3436 Hoc
1273 3404 1362 3436 enim

298 3468 367 3490 non
383 3456 512 3490 videtur
528 3466 652 3488 verum.
669 3455 757 3488 Nam
774 3454 934 3486 contraria
950 3454 1044 3486 istius
1060 3464 1166 3491 verae,
1180 3451 1310 3485 Socrates
1322 3458 1363 3484 est

299 3506 403 3546 albus,
435 3513 484 3538 est
507 3505 587 3544 ista,
618 3503 749 3536 Socrates
771 3513 831 3535 non
854 3508 895 3535 est
917 3501 1023 3542 albus,
1048 3500 1231 3534 secundum
1259 3499 1361 3532 deter—

299 3555 439 3593 minata;
463 3563 495 3587 et
514 3562 623 3586 tamen
639 3562 705 3584 non
726 3559 775 3584 est
794 3562 851 3594 per
870 3561 904 3583 se
924 3549 1011 3583 falsa.
1033 3549 1124 3582 Sicut
1143 3559 1284 3592 namque
1303 3559 1361 3580 sua

300 3604 453 3648 opposita
484 3602 656 3636 affirmatio
689 3609 738 3634 est
768 3611 826 3644 per
856 3598 1005 3633 accidens
1028 3610 1124 3639 vera,
1155 3599 1199 3631 ita
1229 3599 1289 3630 ista
1313 3606 1362 3630 est

1383 274 1533 310 LECT.
1563 274 1653 310 XIV

1404 361 1462 393 per
1485 350 1634 383 accidens
1658 350 1746 383 falsa.
1777 350 1906 383 Accidit
1938 351 2025 382 enim
2055 351 2108 382 isti
2132 350 2353 383 'enunciationi
2381 349 2466 383 falsi-

1406 406 1463 430 tas.
1488 399 1602 431 Potest
1624 399 1713 432 enirn
1736 399 1855 431 mutari
1879 399 1913 430 in
1936 409 2068 438 veram,
2099 399 2174 442 quia
2198 406 2247 431 est
2274 398 2308 430 in
2331 399 2465 431 materia

1406 447 1618 489 contingenti.

1472 494 1619 527 Dubium
1638 504 1687 528 est
1706 496 1802 528 tertio
1819 496 1902 528 circa
1921 495 1954 528 id
1971 494 2060 539 quod
2080 494 2169 528 dixit:
2190 494 2293 538 Magis
2310 506 2378 528 vero
2398 506 2466 527 con-

1407 542 1588 576 tradictionis
1611 550 1652 576 est
1674 545 1837 577 contraria.
1861 544 1913 577 Ex
1933 543 1996 576 hoc
2020 544 2108 576 enim
2124 543 2253 576 videtur
2267 543 2350 576 velle
2375 542 2464 587 quod

1407 598 1554 633 utraque,
1578 591 1710 631 scilicet,
1735 592 1849 635 opinio
1873 593 2057 635 negationis
2081 600 2113 624 et
2136 591 2299 631 contrarii,
2323 592 2365 623 sit
2388 602 2467 623 con-

1407 638 1501 670 traria
1517 650 1610 671 verae
1635 638 1857 678 affirmationi;
1874 648 1906 672 et
1926 648 2163 683 consequenter
2178 639 2230 672 vel
2251 640 2308 673 uni
2325 638 2392 672 duo
2409 650 2467 682 po-

1407 686 1455 717 nit
1482 686 1656 725 contraria,
1680 686 1732 719 vel
1754 698 1823 719 non
1850 687 1996 731 loquitur
2019 687 2059 720 de
2084 688 2310 720 contrarietate
2334 687 2465 731 proprie

1407 742 1556 776 sumpta:
1582 734 1674 766 cuius
1699 736 1890 778 oppositum
1913 747 2011 779 supra
2031 735 2244 768 ostendimus.

1475 792 1504 823 9.
1522 781 1575 814 Ad
1592 782 1788 816 evidentiam
1808 785 1968 824 omnium,
1988 796 2071 828 quae
2087 785 2194 828 primo
2210 784 2285 817 loco
2302 783 2469 817 adducun-

1408 838 1471 869 tur,
1490 830 1661 863 sciendum
1685 831 1775 875 quod
1799 833 1971 875 opiniones
1996 844 2053 865 seu
2078 834 2310 877 conceptiones
2341 831 2467 865 intelle-

1408 877 1541 917 ctuales‚
1565 879 1599 910 in
1622 879 1765 912 secunda
1781 881 1971 923 operatione
1995 880 2035 913 de
2060 880 2177 924 quibus
2197 881 2374 925 loquimur,
2392 891 2468 923 pos-

1407 934 1485 958 sunt
1501 926 1668 969 tripliciter
1684 928 1801 970 accipi:
1822 939 1890 960 uno
1906 928 2018 968 modo,
2036 930 2218 963 secundum
2233 929 2267 962 id
2287 928 2375 973 quod
2393 938 2470 962 sunt

1408 973 1572 1015 absolute;
1599 974 1663 1007 alio
1693 974 1809 1015 modo,
1839 975 2021 1009 secundum
2050 989 2086 1010 ea
2115 989 2196 1022 quae
2226 985 2470 1020 repraesentant

1407 1022 1574 1064 absolute;
1591 1024 1698 1063 tertio,
1716 1024 1898 1057 secundum
1918 1037 1955 1058 ea
1975 1037 2057 1069 quae
2073 1035 2324 1070 repraesentant,
2341 1034 2377 1058 ut
2393 1033 2470 1058 sunt

1407 1072 1442 1104 in
1461 1073 1540 1115 ipsis
1569 1072 1790 1116 opinionibus.
1816 1074 1926 1106 Primo
1957 1075 2105 1107 membro
2130 1075 2269 1114 omisso,
2298 1075 2373 1118 quia
2401 1085 2470 1106 non

1408 1129 1457 1153 est
1480 1122 1658 1164 praesentis
1682 1121 1923 1165 speculationis,
1945 1124 2028 1155 scito
2047 1123 2137 1167 quod
2159 1124 2185 1155 si
2205 1123 2403 1166 accipiantur
2422 1134 2470 1156 se-

1409 1169 1517 1202 cundo
1534 1169 1637 1202 modo
1662 1170 1844 1203 secundum
1867 1180 2114 1214 repraesentata,
2138 1172 2184 1204 sic
2206 1172 2368 1204 invenitur
2388 1172 2470 1204 inter

1408 1229 1462 1250 eas
1482 1226 1514 1250 et
1538 1217 1816 1258 contradictionis,
1833 1227 1864 1250 et
1883 1219 2085 1261 pr1vationis,
2104 1228 2136 1252 et
2160 1220 2392 1252 contrarietatis
2413 1231 2471 1263 op-

1408 1267 1541 1310 positio.
1571 1267 1636 1299 Ista
1666 1267 1829 1310 siquidem
1861 1267 2010 1300 mentalis
2042 1269 2246 1308 enunciafio,
2275 1268 2404 1302 Socrates
2432 1275 2473 1301 est

1407 1315 1520 1355 videns,
1546 1314 1727 1348 secundum
1745 1315 1776 1349 id
1797 1315 1886 1360 quod
1903 1325 2120 1359 repraesentat
2140 1317 2319 1360 opponitur
2336 1316 2397 1356 illi,
2421 1316 2472 1350 So-

1408 1371 1501 1398 crates
1523 1376 1583 1397 non
1607 1371 1648 1398 est
1668 1365 1789 1405 videns,
1818 1365 2082 1405 contradictorie;
2107 1366 2262 1409 privative
2287 1374 2395 1398 autem
2415 1365 2471 1405 illi,

1409 1413 1541 1446 Socrates
1563 1419 1604 1446 est
1619 1424 1719 1447 caecus
1723 1426 1737 1453 ;
1758 1415 1916 1447 contrarie
1933 1423 2042 1447 autem
2060 1414 2116 1454 illi,
2134 1414 2263 1447 Socrates
2287 1420 2327 1446 est
2350 1413 2447 1447 luscus
2456 1426 2470 1453 ‚-

1408 1462 1436 1494 si
1460 1462 1660 1505 accipiantur
1686 1462 1869 1495 secundum
1894 1471 2140 1506 repraesentata.
2167 1463 2214 1495 Ut
2242 1463 2329 1495 enim
2357 1461 2474 1494 dicitur

1408 1510 1442 1542 in
1471 1510 1803 1555 Postpraedicamentis‚
1837 1522 1906 1544 non
1936 1511 2045 1544 solum
2083 1512 2218 1544 caecitas
2249 1520 2298 1543 est
2335 1511 2472 1554 privatio

1408 1559 1509 1598 visus,
1526 1558 1582 1592 sed
1599 1560 1696 1592 etiam
1717 1571 1850 1592 caecum
1874 1571 1944 1593 esse
1968 1569 2016 1593 est
2036 1560 2174 1604 privatio
2198 1559 2296 1592 huius
2316 1559 2406 1603 quod
2426 1568 2474 1592 est

1408 1619 1479 1640 esse
1498 1607 1682 1649 videntem,
1703 1617 1735 1641 et
1756 1609 1801 1641 sic
1822 1608 1862 1641 de
1888 1609 1967 1642 aliis.
1982 1629 2000 1634 -
2022 1610 2056 1642 Si
2075 1620 2156 1644 ,vero
2181 1609 2380 1652 accipiantur
2403 1609 2473 1651 opi·

1409 1657 1526 1689 niones
1550 1658 1647 1689 tertio
1663 1657 1776 1697 modo,
1800 1657 1931 1698 scilicet,
1952 1667 2051 1701 prout
2073 1666 2312 1701 repraesentata
2336 1668 2394 1700 per
2418 1667 2471 1689 eas

1410 1714 1487 1737 sunt
1510 1705 1543 1737 in
1563 1706 1652 1749 ipsis,
1670 1706 1715 1738 sic
1739 1705 1828 1739 nulla
1845 1707 2012 1750 oppositio
2033 1707 2116 1739 inter
2139 1717 2192 1739 eas
2216 1706 2381 1738 invenitur
2408 1706 2471 1738 nisi

1411 1754 1635 1787 contrarietas:
1660 1756 1817 1798 quoniam
1841 1756 1908 1788 sive
1937 1756 2089 1798 opposita
2121 1754 2372 1787 contradictorie
2401 1755 2470 1787 sive

1411 1802 1569 1845 privative
1593 1803 1660 1835 sive
1686 1804 1844 1836 contrarie
1867 1812 2163 1846 repraesententur,
2188 1812 2225 1835 ut
2248 1811 2324 1835 sunt
2344 1803 2376 1835 in
2397 1803 2469 1846 opi-

1411 1851 1585 1891 nionibus,
1608 1851 1695 1883 illius
1720 1860 1847 1884 tantum
1871 1852 2089 1895 oppositionis
2114 1862 2247 1894 capaces
2271 1859 2364 1891 sunt,
2389 1863 2471 1895 quae

1411 1900 1494 1931 inter
1517 1899 1584 1933 duo
1609 1901 1694 1932 entia
1718 1900 1814 1933 realia
1830 1901 1966 1932 inveniri
1984 1909 2100 1943 potest.
2122 1899 2309 1943 Opiniones
2328 1910 2470 1943 namque

1411 1947 1508 1981 realia
1532 1949 1618 1981 entia
1641 1957 1726 1981 sunt.
1743 1949 1903 1992 Regulare
1927 1949 2015 1981 enim
2039 1958 2087 1981 est
2112 1948 2201 1992 quod
2219 1947 2378 1992 quidquid
2398 1959 2473 1980 con-

1411 1997 1501 2030 venit
1524 1996 1620 2030 alicui
1637 1997 1819 2030 secundum
1836 2008 1906 2030 esse
1926 1996 2016 2041 quod
2033 1997 2129 2030 habet
2145 1998 2179 2029 in
2196 1996 2271 2036 alio,
2288 1996 2470 2029 secundum

1410 2045 1550 2079 modum
1574 2054 1606 2078 et
1625 2055 1773 2079 naturam
1793 2045 1879 2078 illius
1899 2047 1932 2078 in
1949 2057 2015 2090 quo
2033 2055 2082 2078 est
2101 2045 2161 2078 sibi
2179 2046 2342 2085 convenit,
2355 2054 2388 2078 et
2403 2056 2471 2077 non

1412 2094 1594 2128 secundum
1611 2094 1701 2138 quod
1718 2095 1859 2138 exigeret
1874 2102 1988 2126 natura
2005 2095 2145 2138 propria.
2153 2095 2241 2127 Inter
2259 2094 2345 2126 entia
2363 2102 2470 2126 autem

1411 2143 1508 2176 realia
1525 2143 1734 2176 contrarietas
1750 2142 1819 2175 sola
1832 2142 2009 2175 formaliter
2022 2143 2189 2185 reperitur.
2205 2142 2318 2174 Taceo
2331 2152 2418 2174 nunc
2431 2140 2470 2174 de

1413 2192 1622 2235 oppositione
1642 2191 1783 2224 relativa.
1810 2191 1997 2235 Opiniones
2015 2202 2093 2234 ergo
2113 2190 2176 2223 hoc
2193 2190 2295 2223 modo
2312 2198 2472 2233 sumptae,

1412 2242 1439 2274 si
1457 2241 1627 2284 oppositae
1645 2249 1732 2280 sunt,
1749 2241 2010 2273 contrarietatem
2029 2240 2173 2283 sapiunt,
2192 2239 2248 2271 sed
2268 2250 2336 2271 non
2358 2249 2473 2271 omnes

1412 2291 1544 2333 proprie
1561 2290 1739 2322 contrariae
1757 2298 1844 2328 sunt,
1860 2288 1917 2321 sed
1934 2288 2006 2321 illae
2024 2299 2106 2332 quae
2123 2287 2302 2331 plurimum
2319 2286 2473 2320 differunt

1413 2339 1496 2371 circa
1516 2337 1603 2371 idem
1627 2338 1760 2370 veritate
1780 2346 1813 2370 et
1835 2332 1982 2370 falsitate.
2008 2337 2075 2369 Has
2100 2345 2210 2369 autem
2233 2335 2383 2379 probavit
2402 2336 2473 2368 Ari-

1413 2386 1545 2420 stoteles
1565 2398 1635 2419 esse
1652 2386 1825 2429 opiniones
1841 2385 2064 2418 affirmationis
2080 2394 2112 2418 et
2127 2386 2311 2428 negationis
2326 2384 2474 2417 eiusdem

1413 2435 1453 2469 de
1466 2434 1593 2468 eodem.
1612 2436 1696 2468 Istae
1713 2435 1812 2478 igitur
1827 2446 1921 2467 verae
1935 2435 2113 2467 contrariae
2126 2442 2211 2466 sunt.
2226 2433 2382 2477 Reliquae
2395 2444 2473 2465 vero

1413 2495 1470 2528 per
1489 2482 1715 2516 reductionem
1735 2482 1775 2516 ad
1791 2482 1848 2515 has
1866 2483 2043 2515 contrariae
2061 2481 2222 2515 dicuntur.

1484 2543 1532 2565 10.
1550 2532 1598 2565 Ex
1628 2531 1677 2564 his
1699 2539 1788 2575 patet
1816 2530 1894 2575 quid
1918 2530 1958 2564 ad
1975 2530 2101 2563 obiecta
2118 2529 2293 2563 d1cendum
2310 2530 2361 2562 sit.
2380 2530 2472 2562 Fate-

1414 2594 1489 2615 mur
1505 2582 1592 2614 enim
1610 2579 1700 2625 quod
1717 2579 1889 2612 affirmatio
1914 2588 1945 2612 et
1961 2580 2092 2623 negatio
2117 2580 2150 2611 in
2174 2579 2288 2622 seipsis
2313 2578 2474 2611 contradi-

1415 2631 1559 2664 ctionem
1576 2629 1795 2668 constituunt;
1815 2629 1848 2661 in
1876 2627 2087 2672 opinionibus
2108 2639 2187 2660 vero
2207 2628 2379 2659 existentes
2400 2637 2475 2659 con-

1415 2679 1612 2712 trarietatem
1635 2679 1719 2710 inter
1742 2676 1811 2710 illas
1836 2685 1970 2709 causant
1992 2685 2126 2720 propter
2149 2685 2327 2708 extremam
2354 2674 2474 2707 distan-

1416 2730 1505 2768 tiam,
1529 2738 1628 2771 quam
1648 2735 1777 2770 ponunt
1795 2726 1879 2758 inter
1899 2726 1984 2758 entia
2004 2725 2111 2765 realia,
2137 2726 2328 2768 opinionem
2353 2723 2475 2756 scilicet

1414 2788 1525 2810 veram
1543 2785 1574 2809 et
1591 2775 1783 2818 opinionem
1799 2773 1913 2808 falsam
1935 2774 2017 2806 circa
2034 2773 2130 2806 idem.
2150 2774 2307 2816 stantque
2328 2773 2388 2805 ista
2408 2771 2474 2804 duo

1416 2825 1514 2858 simul
1532 2823 1622 2868 quod
1639 2835 1686 2863 ea,
1702 2824 1736 2855 in
1753 2822 1870 2866 quibus
1888 2823 1995 2866 primo
2012 2831 2060 2854 est
2084 2821 2217 2861 fallacia,
2234 2821 2298 2853 sint
2322 2821 2475 2863 opposita

1416 2883 1453 2907 ut
1475 2873 1606 2907 termini
1629 2872 1859 2915 generationis,
1883 2879 1915 2903 et
1938 2879 2047 2903 tamen
2075 2870 2138 2902 sint
2169 2870 2327 2902 contraria
2351 2867 2474 2901 utendo

1416 2922 1600 2967 supradicta
1616 2921 1840 2954 distinctione:
1861 2928 1937 2952 sunt
1953 2920 2039 2951 enim
2058 2919 2209 2962 opposita
2226 2916 2474 2950 contradictorie

1416 2981 1453 3004 ut
1469 2971 1598 3004 termini
1614 2969 1832 3013 generationis
1845 2966 2027 3000 secundum
2044 2974 2300 3009 repraesentata;
2317 2973 2393 2997 sunt
2416 2975 2473 2996 au-

1416 3029 1483 3052 tem
1508 3019 1677 3057 contraria,
1697 3016 1878 3049 secundum
1899 3015 1988 3059 quod
2008 3014 2128 3047 habent
2143 3015 2176 3046 in
2196 3015 2310 3056 seipsis
2328 3012 2381 3045 illa
2401 3022 2476 3045 con-

1417 3067 1611 3101 tradictoria.
1642 3065 1739 3099 Unde
1762 3064 1940 3108 plurimum
1967 3063 2129 3096 differunt.
2154 3081 2171 3086 -
2196 3062 2316 3105 Liquet
2341 3072 2474 3105 quoque

1417 3128 1456 3149 ex
1475 3116 1538 3148 hoc
1558 3114 1647 3158 quod
1667 3113 1756 3146 nulla
1780 3122 1829 3146 est
1852 3112 2008 3145 dissentio
2026 3112 2108 3143 inter
2127 3111 2212 3143 dicta
2235 3109 2419 3142 Aristotelis
2443 3117 2476 3141 et

1417 3176 1441 3197 s.
1453 3164 1615 3203 Thomae,
1633 3162 1708 3206 quia
1725 3162 1898 3204 opiniones
1913 3160 2036 3203 aliquas
2053 3160 2177 3203 opponi
2195 3157 2376 3191 secundum
2392 3156 2475 3189 affir-

1417 3213 1597 3245 mationem
1625 3219 1657 3243 et
1689 3211 1897 3253 negationem
1925 3220 2040 3241 verum
2063 3220 2134 3241 esse
2158 3206 2366 3246 confitemur,
2390 3206 2417 3238 si
2433 3204 2474 3238 ad

1418 3267 1656 3304 repraesentata
1674 3269 1736 3290 nos
1761 3257 1991 3296 convertimus,
2011 3265 2048 3288 ut
2071 3255 2123 3288 hic
2147 3255 2273 3288 dicitur.

1487 3318 1535 3340 11.
1561 3307 1617 3340 Tu
1642 3315 1751 3339 autem
1775 3306 1830 3349 qui
1855 3304 2099 3348 perspicacioris
2130 3315 2166 3336 ac
2190 3302 2402 3346 provectioris
2427 3301 2474 3333 in—

1417 3357 1504 3400 genii
1528 3367 1561 3388 es
1586 3365 1734 3397 compos,
1751 3353 1827 3386 hinc
1846 3353 1964 3385 habeto
1985 3351 2074 3396 quod
2093 3353 2176 3384 inter
2195 3352 2280 3395 ipsas
2301 3351 2474 3394 opiniones

1417 3404 1586 3448 oppositas
1611 3402 1744 3446 quidam
1767 3410 1894 3434 tantum
1917 3409 2027 3433 motus
2051 3408 2117 3439 est,
2145 3411 2185 3432 eo
2210 3399 2299 3443 quod
2328 3398 2368 3432 de
2391 3398 2475 3431 affir-

1417 3462 1506 3485 mato
1520 3453 1553 3484 in
1569 3451 1764 3484 affirmatum
1780 3450 1919 3482 mutatio
1936 3448 1989 3481 fit:
2002 3449 2086 3481 inter
2102 3449 2188 3492 ipsas
2200 3459 2279 3480 vero
2292 3447 2474 3480 secundum

1416 3508 1664 3545 repraesentata,
1687 3498 1868 3532 similitudo
1892 3496 2052 3541 quaedam
2075 3497 2293 3540 generationis
2313 3505 2345 3528 et
2364 3507 2475 3528 corru-

1416 3550 1538 3593 ptionis
1558 3548 1731 3587 invenitur,
1751 3546 1831 3580 dum
1850 3547 1932 3579 inter
1950 3544 2199 3578 affirmationem
2216 3553 2248 3577 et
2265 3545 2475 3588 negationem

1416 3598 1555 3631 mutatio
1575 3596 1744 3630 clauditur.
1765 3594 1862 3629 Unde
1886 3603 1918 3627 et
1936 3593 2059 3627 fallacia
2081 3594 2150 3626 sive
2169 3604 2258 3626 error
2277 3593 2474 3637 quandoque

2394 274 2464 310 125

2502 3167 2525 3188 S.
2536 3167 2650 3188 Thomas.
