2788 4204
68 427 78 437 ⁸
88 432 114 448 A:
129 426 197 447 enim.

68 486 77 494 ¹
85 490 106 505 c:
116 485 153 505 est
159 489 227 504 unum
236 482 283 510 qui-

68 510 118 531 dem
132 509 239 530 medium.

69 699 239 726 'metdefign

65 911 75 922 ⁴
84 910 169 932 Poema
179 908 280 931 Homeri

65 936 276 992 tffiii‘a‘fssiszfgz

64 990 75 1000 ⁴*
84 989 208 1011 Codd.-ro:
216 994 275 1010 scri-

64 1015 140 1037 batur.

62 1126 73 1137 ¹*
94 1132 108 1156 o
129 1131 175 1156 {¹01¹
197 1127 271 1146 recte:

57 1157 206 1179 principium.

63 1232 71 1240 '
87 1230 169 1255 Codd.,
185 1236 235 1251 exc.
250 1237 272 1257 ο,

60 1263 109 1279 orn.
122 1256 228 1278 medium.

58 1391 69 1401 ⁴
83 1396 99 1411 u
116 1394 138 1411 et
157 1397 176 1411 s.
194 1396 226 1412 m.
241 1397 270 1412 N:

56 1423 157 1439 sensum.

56 1444 68 1455 ⁴
81 1444 190 1465 Scientiis
208 1450 256 1465 om.

56 1477 112 1492 nm.

320 235 393 271 226

311 314 412 362 quod
422 313 678 361 praedicatur,
700 325 774 350 non
803 313 938 349 dicitur
958 324 1075 358 οΜΝΕ,
1106 311 1201 348 idest
1226 311 1377 358 signum

309 367 524 404 universale
553 379 631 403 non
661 366 863 414 apponitur
881 366 930 402 ad
951 364 1222 413 praedicatum.
1250 366 1293 401 In
1312 364 1377 401 fal-

310 420 403 457 lacia
422 432 516 457 vero
531 419 551 440 '¹‘
574 418 898 467 aequivocationis
919 426 973 454 est
993 417 1148 466 quidem
1172 417 1274 453 idem
1296 429 1376 454 me-

311 474 451 511 dium*
479 472 689 510 secundum
715 483 865 517 vocem,
896 483 974 507 non
1004 477 1132 506 autern
1161 471 1375 508 secundum

311 539 404 564 rem.
418 528 467 564 Et
481 527 567 563 ideo
583 525 743 574 quando·
754 524 791 559 in
802 535 899 560 voce
921 522 1159 572 proponitur,
1171 524 1259 560 latet
1271 521 1294 570 ξ,
1307 525 1375 561 sed

310 580 340 617 si
369 581 418 617 ad
446 590 601 616 sensum
631 578 922 623 demonstretur,
950 588 1029 612 non
1058 583 1183 624 potest
1211 576 1262 613 ibi
1292 590 1373 614 esse

310 634 434 681 aliqua
462 630 646 679 decepti0.
675 629 779 666 Sicut
797 630 872 665 hoc
891 641 1036 665 nomen
1056 629 1219 666 circulus
1245 631 1373 679 aequi-

308 698 405 723 voce
437 685 569 722 dicitur
597 684 643 720 de
672 683 794 730 figura
818 683 838 703 '¹‘
867 689 903 718 et
937 683 984 719 de
1012 690 1204 730 poemate:
1235 685 1281 720 In
1311 696 1374 721 ra-

307 739 465 775 tionibus
493 749 585 786 ergo
607 742 631 783 ⁰,
661 735 757 772 idest
775 736 814 772 in
841 736 1243 784 argumentationibus,
1273 737 1371 783 latet,

307 792 402 828 idest
417 790 588 839 deceptio
603 796 728 838 potest
747 789 933 834 accidere;
954 796 995 825 ut
1015 789 1044 825 si
1061 789 1222 826 dicatur:
1244 790 1373 828 Omnis

306 844 467 881 circulus
494 849 548 880 est
566 844 729 891 figura;
751 854 892 890 poema
919 843 1088 879 Homeri
1112 849 1167 879 est
1193 844 1373 888 circulus;

305 909 397 947 ergo
418 908 559 945 poema
577 896 776 932 Homeri*
790 902 845 932 est
857 898 1008 947 figura.
1041 896 1080 933 Si
1108 909 1202 933 vero
1234 897 1371 934 descri-

304 952 412 988 batur
427 951 447 969 *
462 950 511 987 ad
539 961 695 986 sensum
722 949 894 997 circulus,
925 950 1027 986 nulla
1045 957 1170 998 potest
1195 963 1277 988 esse
1308 950 1371 988 de-

304 1003 447 1052 ceptio:
469 1003 713 1040 manifestum
747 1003 848 1040 enim
879 1003 947 1040 erit
971 1003 1075 1052 quod
1096 1004 1264 1041 carmina
1293 1017 1371 1041 non

302 1065 388 1094 sunt
408 1057 567 1094 circulus
582 1063 612 1094 ⁷².
641 1056 745 1093 Sicut
777 1063 907 1094 autem
927 1057 1023 1093 haec
1047 1057 1220 1106 deceptio
1247 1059 1370 1095 exclu-

303 1110 400 1147 ditur
426 1123 495 1159 per
528 1111 604 1148 hoc
638 1110 743 1159 quod
771 1110 944 1147 medium
964 1111 984 1131 *
1013 1110 1294 1149 demonstratur
1322 1112 1371 1149 ad

301 1176 473 1211 sensum,
508 1165 559 1201 ita
588 1172 624 1201 et
651 1164 690 1200 in
723 1163 1030 1201 demonstrativis
1059 1165 1269 1203 excluditur
1301 1179 1371 1215 per

299 1218 374 1254 hoc
397 1218 503 1266 quod
522 1218 695 1255 medium
712 1218 732 1238 *
755 1217 1037 1254 demonstratur
1056 1219 1105 1255 ad
1124 1219 1367 1258 intellectum.

301 1271 401 1307 Cum
431 1271 533 1308 enirn
562 1271 703 1320 aliquid
733 1270 921 1318 definitur,
950 1271 1001 1308 ita
1029 1284 1069 1308 se
1097 1273 1213 1309 habet
1239 1274 1288 1311 ad
1314 1275 1368 1312 in-

298 1325 512 1372 tellectum,
548 1325 642 1361 sicut
674 1324 714 1361 id
747 1324 853 1373 quod
885 1324 1109 1362 sensibiliter
1147 1326 1370 1366 describitur

298 1390 339 1414 se
371 1378 487 1415 habet
514 1378 564 1415 ad
595 1378 723 1416 visum
743 1379 775 1415 ⁴⁵.
796 1378 846 1414 Et
877 1377 965 1415 ideo
1001 1378 1089 1415 dicit
1117 1380 1222 1427 quod
1254 1382 1366 1431 haec,

297 1431 436 1469 scilicet
462 1431 627 1479 definita,
652 1431 690 1468 in
719 1431 1026 1468 demonstrativis
1055 1432 1217 1470 scientiis
1232 1435 1252 1454 ⁴*
1281 1444 1369 1474 sunt

297 1497 396 1533 quae
414 1485 593 1523 videntur
611 1486 650 1522 in
668 1485 857 1521 intellectu
871 1490 897 1522 Ρ.
915 1486 958 1521 In
979 1485 1366 1527 demonstrationibus

295 1546 423 1576 autem
444 1551 597 1588 semper
623 1538 843 1588 proceditur
862 1550 908 1575 ex
937 1538 1232 1578 definitionibus.
1254 1542 1366 1580 Unde

295 1604 374 1629 non
397 1599 522 1641 potest
549 1592 600 1629 ibi
625 1604 706 1629 esse
737 1591 911 1641 deceptio
938 1592 1151 1630 secundum
1180 1594 1365 1634 fallaciam

294 1646 619 1695 aequivocationis
634 1652 664 1682 ἐ
687 1653 723 1682 et
742 1647 863 1683 multo
885 1645 1012 1683 minus
1041 1647 1255 1685 secundum
1275 1649 1366 1687 alias

294 1699 455 1736 fallacias
484 1700 521 1736 in
551 1700 721 1736 dictione.

348 1754 384 1790 6.
414 1753 563 1790 Deinde
594 1765 682 1790 curn
712 1752 816 1789 dicit:
846 1752 939 1790 Non
968 1759 1115 1802 oportet
1134 1761 1260 1793 autem
1282 1763 1364 1804 etc.,

294 1806 458 1843 ostendit
491 1807 597 1856 quod
630 1819 709 1843 non
736 1813 863 1855 potest
890 1806 975 1843 fieri
1011 1808 1289 1856 paralogismus
1325 1810 1364 1847 in

294 1860 601 1898 demonstrativis
638 1860 852 1897 secundum
888 1859 1075 1898 fallaciam
1100 1867 1210 1900 extra
1238 1863 1364 1900 dictio-

294 1926 378 1951 nem
392 1920 419 1951 τ.
436 1915 486 1951 Et
505 1914 594 1963 quia
621 1913 844 1951 huiusmodi
863 1914 1127 1962 paralogismis
1147 1915 1365 1965 frequenter

293 1967 471 2004 obviatur
498 1967 656 2005 ferendo
677 1968 902 2012 instantiam,
925 1980 995 2016 per
1014 1980 1131 2016 quam
1152 1970 1364 2007 ostenditur

293 2020 461 2058 defectus
489 2021 528 2058 in
557 2022 680 2058 forma
700 2020 961 2070 syllogizandi;
981 2021 1070 2059 ideo
1089 2022 1216 2071 primo
1237 2031 1362 2061 osten—

293 2073 346 2111 dit
371 2075 529 2124 qualiter
548 2075 705 2112 ferenda
729 2082 826 2112 esset
840 2080 854 2095 “’
872 2074 1047 2112 instantia
1066 2075 1105 2113 in
1125 2075 1362 2114 demonstra-

291 2251 401 2284 figurae:
421 2251 522 2276 medius
539 2250 664 2275 terminus
680 2250 846 2281 (substantia
864 2251 1030 2283 spiritualis)
1047 2251 1182 2284 dupliciter
1200 2258 1364 2285 comparatur

292 2288 324 2312 ad
344 2287 395 2311 duo
414 2291 527 2311 extrema
545 2286 723 2317 (immortalis
742 2291 768 2310 et
785 2286 892 2311 animae
905 2286 1076 2318 mumanae),
1101 2288 1198 2312 scilicet
1221 2288 1247 2312 in
1266 2288 1364 2313 maiori

293 2323 374 2347 maior
389 2322 535 2347 extremitas
550 2321 743 2353 (immortalis)
758 2322 920 2354 praedicatur
939 2323 972 2347 de
991 2323 1077 2347 medio
1092 2323 1270 2348 universaliter
1291 2331 1363 2348 sum-

293 2363 352 2391 pto;
367 2358 392 2382 in
406 2357 506 2382 minori
520 2362 606 2381 autem
625 2353 740 2381 medium
761 2358 846 2389 ipsum
861 2358 1022 2390 praedicatur
1041 2358 1074 2382 de
1093 2359 1184 2383 minori
1204 2359 1363 2384 extremitate

294 2394 416 2425 (animae
436 2393 584 2424 humanae)
592 2399 601 2421 ,-
614 2397 639 2417 et
654 2393 712 2417 ideo
730 2400 782 2417 non
795 2393 982 2424 universaliter,
997 2394 1043 2418 sed
1058 2394 1209 2419 disiunctive
1223 2395 1359 2427 accipitur:

293 2437 354 2454 nam
373 2429 444 2461 quod
462 2428 622 2460 praedicatur
641 2428 666 2452 in
690 2426 846 2453 affirmativis
865 2436 917 2453 non
943 2429 1033 2453 dicitur
1055 2436 1150 2459 omne,
1169 2430 1236 2454 idest
1259 2431 1363 2463 signum

293 2464 439 2489 universale
462 2470 540 2488 omne
557 2471 609 2488 non
628 2464 764 2495 apponitur
783 2463 879 2494 (HGP,
896 2464 1019 2497 ponitur)
1040 2464 1072 2489 ad
1091 2465 1282 2497 praedicatum,
1302 2467 1363 2499 quia

293 2500 468 2532 praedicatum
483 2499 508 2523 in
521 2498 739 2531 propositionibus
754 2497 913 2524 affirmativis
928 2507 980 2524 non
995 2500 1106 2524 sumitur
1119 2501 1297 2526 universaliter
1307 2501 1362 2534 (Cf.

293 2536 303 2560 I
317 2535 413 2565 Perih.y
429 2535 487 2559 lect.
501 2542 524 2564 x,
539 2542 564 2559 n.
577 2533 633 2566 23).

348 2568 371 2603 ξ)
388 2571 423 2595 Et
437 2570 496 2601 ideo
510 2569 616 2602 quando
631 2574 679 2594 etc.
688 2582 708 2589 —-
719 2568 755 2594 G:
766 2572 792 2594 et
803 2569 861 2594 ideo
874 2570 1032 2602 quandoque
1042 2571 1068 2595 in
1080 2578 1142 2596 voce
1156 2571 1274 2604 deceph'o
1288 2573 1362 2597 latet.

293 2606 326 2631 Et
340 2606 498 2638 quandoque
512 2605 590 2630 habet
605 2605 682 2630 etiam
696 2605 721 2635 S,
737 2605 783 2629 sed
797 2610 888 2637 postea
905 2606 965 2638 legit
975 2606 1139 2637 proponitur
1158 2614 1218 2631 cum
1233 2607 1252 2632 Ρ
1267 2612 1292 2632 et
1306 2608 1362 2632 aliia

293 2642 434 2667 codicibus.
443 2655 462 2660 -
475 2640 541 2665 infra
555 2641 665 2673 legimus
680 2648 740 2665 cum
755 2641 829 2665 codd.
840 2640 904 2672 (exc.
915 2641 1012 2673 DGK):
1028 2649 1079 2666 non
1091 2645 1182 2673 potest
1195 2642 1231 2667 ibi
1243 2650 1299 2668 esse
1312 2643 1362 2668 ali-

293 2685 347 2710 qua
361 2677 479 2709 deceptio
484 2683 494 2705 ;
506 2676 564 2701 PG:
580 2683 631 2701 non
643 2678 733 2708 potest
746 2682 802 2700 esse
815 2676 906 2708 aliqua
919 2676 1053 2708 deceptio,·
1062 2677 1098 2702 D:
1109 2685 1161 2702 non
1173 2681 1264 2709 potest
1279 2678 1362 2703 inesse

294 2713 377 2746 (forte
396 2717 515 2744 corrupte
534 2719 581 2744 pro
601 2711 637 2736 ibi
654 2711 726 2743 esse)
745 2711 836 2744 aliqua
861 2716 924 2742 etc.;
949 2711 986 2736 K:
1011 2719 1063 2737 non
1083 2715 1151 2738 esset
1168 2713 1260 2745 aliqua
1278 2718 1326 2738 etc.

347 2749 373 2782 ο)
394 2748 424 2773 In
444 2747 592 2772 rationibus
611 2754 676 2780 ergo
696 2751 774 2772 etc.-
786 2747 859 2772 Hanc
874 2747 1011 2772 lectionem
1031 2748 1106 2772 codd.
1127 2748 1161 2780 (Κ
1178 2754 1298 2780 excepto,
1317 2749 1362 2781 qui

293 2792 346 2809 non
364 2788 434 2808 recte
452 2791 499 2816 pro
518 2784 555 2817 τῷ
573 2789 638 2816 ergo
664 2781 742 2807 habet
760 2782 845 2815 enim)
869 2783 1039 2814 praetulimus
1059 2783 1167 2808 Pianae:
1188 2784 1319 2809 Similiter
1336 2787 1364 2809 et

294 2820 320 2844 in
340 2819 496 2848 rationibus,
517 2818 586 2843 idest
605 2823 665 2843 etc.:
685 2825 753 2850 quae
771 2819 847 2843 lectio
866 2818 945 2843 Piana
962 2818 1148 2843 obscuritatem
1167 2819 1272 2851 ingerit3
1291 2819 1362 2844 vide-

293 2860 335 2880 tur
349 2855 417 2879 enim
432 2854 651 2886 comparationem
670 2854 811 2886 quamdam
829 2854 964 2878 instituere
978 2854 1044 2878 inter
1058 2854 1236 2886 praecedentia
1251 2859 1276 2879 et
1294 2862 1363 2887 quae

292 2890 342 2915 hoc
362 2891 419 2915 loco
438 2890 564 2920 dicuntur,
577 2897 637 2914 cum
654 2894 743 2914 tamen
761 2889 824 2914 haec
843 2889 894 2913 sint
908 2889 1040 2914 conclusio
1059 2889 1127 2914 illata
1141 2897 1172 2914 ex
1186 2890 1259 2914 dictis
1274 2895 1300 2914 et
1318 2890 1363 2914 de-

293 2926 413 2951 claranda
432 2933 477 2958 per
496 2925 621 2957 exempla.
640 2924 738 2949 Textus
757 2924 847 2949 habet:
868 2925 897 2949 In
918 2925 1067 2949 rationibus
1085 2928 1174 2950 autem
1194 2926 1271 2955 latet,
1292 2922 1316 2950 ἐν
1335 2922 1362 2949 ’ὀέ

294 2961 349 2991 τοῖς
367 2959 456 2995 λόγοις
474 2956 605 2986 λανθάνεις
625 2967 705 2992 quam
724 2960 835 2985 formam
854 2960 953 2985 dicendi
972 2968 994 2985 s.
1004 2960 1121 2985 Thomas
1135 2968 1188 2985 non
1201 2961 1318 2994 sequitur
1334 2966 1364 2986 ut

294 3002 409 3022 mentem
428 2996 573 3021 Aristotelis
592 2996 727 3028 perspicue
747 2996 839 3020 tradat.

347 3032 376 3065 π)
389 3032 467 3062 Quod
480 3031 602 3057 carmina
616 3038 668 3056 non
682 3033 745 3056 sunt
758 3031 908 3056 circulus.—-
918 3031 982 3056 Cod.
993 3031 1015 3056 A
1025 3031 1173 3056 immediate
1182 3032 1362 3064 prosequitur:

293 3068 317 3093 si
330 3071 419 3093 autem
433 3068 548 3093 circulus
563 3066 730 3092 describatur
745 3067 771 3092 in
787 3067 907 3099 pulvere,
919 3067 1090 3100 manifestum
1104 3070 1144 3092 est
1157 3067 1228 3100 quod
1241 3067 1364 3093 carmina

295 3111 346 3128 non
366 3106 428 3128 sunt
446 3103 570 3128 circulus.
590 3102 666 3127 Sicut
683 3105 772 3127 autem
793 3107 840 3127 etc.
851 3116 868 3120 -
879 3102 945 3127 Huic
964 3103 1065 3127 lectioni
1084 3103 1143 3135 plus
1158 3104 1277 3128 minusve
1291 3110 1363 3128 acce-

294 3139 358 3164 dunt
376 3139 416 3163 alii
436 3139 573 3163 duodecim
591 3138 702 3163 codices.
717 3137 890 3163 CDEKOST:
910 3138 980 3163 sicut
998 3145 1056 3163 cum
1071 3139 1187 3164 circulus
1202 3138 1363 3164 describitur

295 3175 321 3199 in
338 3175 456 3206 pulvere,
476 3179 524 3199 cet.
543 3179 573 3198 ut
591 3174 623 3198 Α.
642 3173 693 3198 Sed
712 3174 738 3198 in
756 3173 780 3198 K
793 3174 881 3198 omnia
893 3173 974 3198 verba
989 3173 1061 3204 haec,
1075 3174 1179 3199 sicut...
1199 3174 1225 3199 in
1241 3174 1362 3206 pulvere,

294 3210 470 3234 sublineantur
484 3210 575 3239 minio;
591 3216 658 3241 quae
670 3216 733 3233 vero
748 3214 900 3241 sequuntur,
916 3209 1122 3242 manifestum...
1136 3209 1259 3239 circulus,
1272 3209 1364 3235 abrasa

294 3250 362 3270 sunt.
382 3245 447 3270 Cod.
462 3245 498 3269 H:
518 3244 641 3270 similiter
659 3247 748 3269 autem
767 3244 791 3269 si
809 3244 976 3269 describatur
998 3245 1114 3270 circulus
1133 3245 1159 3270 in
1175 3245 1293 3277 pulvere,
1314 3250 1362 3270 cet.

294 3285 323 3305 ut
336 3282 358 3305 A
364 3289 371 3311 ;
390 3281 412 3305 1:
431 3281 500 3306 sicut
513 3280 583 3305 enim
598 3280 713 3305 circulus
728 3280 895 3305 describatur
910 3280 936 3304 in
948 3280 1068 3312 puluere,
1084 3285 1132 3305 cet.
1146 3285 1176 3305 ut
1189 3281 1225 3311 A;
1245 3281 1281 3305 L:
1295 3281 1365 3306 sicut

294 3319 383 3341 autem
403 3315 461 3348 (sed
474 3319 562 3341 autem
577 3315 739 3348 expungitur)
758 3322 817 3340 cum
836 3315 952 3340 circulus
967 3316 1126 3341 describitur
1141 3316 1167 3341 in
1179 3316 1297 3348 pulvere,
1313 3320 1363 3341 cet.

295 3355 324 3375 ut
338 3351 374 3382 Α;
395 3351 420 3381 Q
437 3352 497 3383 legit
516 3358 575 3375 cum
595 3351 624 3381 C,
640 3351 744 3375 omissis
763 3355 850 3375 tamen
869 3351 970 3382 verbis,
990 3351 1059 3376 sicut
1076 3359 1135 3376 cum
1142 3359 1150 3381 ;
1170 3351 1205 3376 R:
1224 3352 1294 3376 sicut
1311 3351 1364 3376 cir-

294 3387 368 3411 culus
387 3386 432 3418 qui
450 3386 608 3411 describitur
627 3386 652 3411 in
669 3386 787 3418 pulvere.
808 3386 884 3411 Sicut
901 3390 991 3412 autem
1011 3392 1087 3412 etc.-
1102 3387 1207 3412 Pianam
1226 3387 1363 3412 lectionem

295 3421 390 3446 habent
408 3422 482 3446 codd.
496 3421 600 3452 BGMN,
616 3429 726 3454 eamque
741 3422 847 3446 retineo.
862 3422 965 3446 Additio
985 3423 1055 3447 enim
1069 3423 1174 3447 recitata
1189 3430 1218 3447 ex
1233 3422 1308 3447 codd.
1318 3430 1364 3447 cur

296 3462 417 3488 ponatur,
436 3465 479 3481 me
497 3464 604 3489 prorsus
624 3457 698 3482 latet:
719 3465 771 3482 non
786 3458 855 3482 enim
874 3457 1039 3490 distinguitur
1057 3458 1159 3482 realiter
1172 3465 1187 3483 a
1200 3458 1363 3490 praecedenti

296 3492 482 3524 propositione,
501 3493 548 3516 nisi
568 3500 613 3524 per
631 3493 711 3517 verba
729 3492 755 3517 in
772 3493 883 3524 pulvere
902 3493 960 3517 loco
978 3493 1016 3518 ad
1035 3500 1149 3518 sensum.

350 3527 373 3559 ρ)
394 3527 464 3552 Sunt
481 3534 548 3559 quae
567 3527 691 3552 uidentur
710 3527 736 3552 ίη
757 3527 927 3553 intellectu.—
943 3528 1027 3553 Codd.
1047 3528 1234 3553 ABEGHIOS:
1253 3531 1316 3554 sunt
1334 3532 1365 3554 ut

297 3561 387 3586 videre
405 3562 471 3594 (Gs,
491 3562 624 3595 uidentur)
645 3563 776 3588 intellectu
791 3563 886 3594 (EGIS,
907 3563 1084 3593 intellectuum
1103 3564 1140 3594 H,
1161 3563 1186 3588 in
1207 3564 1364 3597 intellectu);

296 3597 319 3621 D
339 3604 360 3622 s.
375 3604 423 3622 πω
442 3600 504 3622 sunt
523 3600 552 3622 ut
570 3604 601 3622 ea
619 3604 687 3630 quae
702 3598 834 3631 contingit
851 3605 929 3623 sensu
950 3598 1056 3628 videre3
1076 3598 1257 3629 CDLMNQR:
1277 3602 1307 3624 ut
1325 3599 1364 3624 νὶ-

905 233 1290 270 POSTERIORUM
1319 232 1750 270 ANALYTICORUM
1778 234 1872 271 LIB.
1905 236 1918 271 l

1436 311 1541 359 tivis;
1571 313 1763 361 secundo,
1794 313 1959 350 ostendit
1993 313 2099 362 quod
2126 313 2166 351 in
2195 314 2248 352 eis
2277 328 2356 353 non
2383 324 2510 365 potest

1437 377 1520 402 esse
1547 367 1825 415 paralogismus
1854 367 2068 404 secundum
2104 367 2291 405 fallaciam
2321 377 2424 407 extra
2453 370 2507 407 di—

1435 418 1617 466 ctionem;
1638 419 1707 457 ibi:
1729 420 1921 470 Contingit
1938 426 2063 457 autem
2084 422 2266 469 quosdam
2283 422 2303 443 *
2318 429 2387 460 etc.
2407 423 2509 461 Dicit
2534 436 2544 446 ³
2560 435 2630 459 Num.
2646 443 2696 466 seq.

1435 484 1524 520 ergo
1543 473 1670 521 primo
1687 474 1724 521 *,
1747 474 1853 523 quod
1872 486 1947 511 non
1967 480 2113 522 oportet
2138 474 2177 511 in
2197 475 2506 514 demonstrativis
2530 488 2569 514 ’να
2583 495 2726 522 omma-0.

1421 526 1536 573 ferre
1563 527 1751 563 istantiam
1781 528 1818 564 in
1849 528 1982 575 ipsum,
2011 527 2109 564 idest
2135 528 2174 565 in
2203 528 2370 577 aliquem
2394 541 2504 578 para-

1432 579 1656 627 logismum,
1687 580 1877 617 sumendo
1913 580 2080 629 aliquam
2112 581 2419 630 propositionem
2447 582 2503 620 in-

1433 631 1646 680 ductivam,
1676 634 1774 670 idest
1805 633 2094 682 particularem:
2133 647 2224 672 nam
2258 635 2428 673 inductio
2457 649 2503 673 ex

1430 686 1719 733 particularibus
1746 686 1930 736 procedit,
1953 686 2048 723 sicut
2076 688 2316 736 syllogismus
2346 702 2392 726 ex
2419 689 2502 726 uni-

1430 739 1653 777 versalibus.
1683 741 1733 776 Et
1759 740 1835 776 hoc
1862 740 1950 776 ideo
1981 747 2047 787 est,
2077 741 2166 789 quia
2194 742 2233 778 in
2263 742 2501 780 demonstra-

1430 792 1516 828 tivis
1550 805 1628 830 non
1666 793 1838 830 sumitur.
1861 793 2090 842 propositio,
2130 794 2201 831 nisi
2235 807 2334 843 quae
2369 804 2426 834 est
2461 796 2500 834 in

1429 846 1623 893 pluribus:
1652 846 1723 882 nisi
1753 846 1856 882 enim
1885 846 1931 882 sit
1957 846 1997 882 in
2021 847 2205 895 pluribus,
2231 860 2311 885 non
2340 849 2408 886 erit
2427 849 2501 886 ⁴'in

1430 899 1632 945 omnibus3
1662 906 1812 948 oportet
1831 906 1959 935 autem
1981 899 2243 948 syllogismum
2264 901 2501 940 demonstra-

1429 951 1551 989 tivum
1582 965 1627 989 ex
1654 952 1934 990 universalibus
1957 953 2180 1001 procedere.
2210 954 2323 991 Unde
2342 955 2500 993 manife-

1429 1013 1530 1043 stum
1568 1014 1625 1043 est
1661 1006 1767 1055 quod
1804 1018 1930 1055 neque
1967 1006 2143 1043 instantia
2177 1014 2304 1056 potest
2343 1021 2427 1046 esse
2461 1009 2500 1046 in

1429 1059 1748 1106 demonstrativis,
1765 1059 1836 1096 nisi
1864 1059 2100 1107 universalis,
2122 1060 2211 1109 quia
2231 1061 2392 1099 eaedem
2413 1071 2501 1100 sunt

1426 1113 1708 1162 propositiones
1738 1120 1774 1150 et
1801 1111 2011 1150 instantiae.
2048 1114 2151 1150 Tam
2185 1114 2288 1151 enim
2317 1114 2355 1152 in
2385 1116 2498 1153 diale-

1427 1166 1529 1203 cticis
1558 1179 1675 1215 quam
1694 1166 1733 1203 in
1757 1166 2077 1214 demonstrativis,
2098 1166 2190 1204 illud
2210 1168 2316 1217 quod
2335 1169 2498 1206 sumitur

1424 1226 1467 1256 ut
1494 1220 1680 1268 instantia,
1699 1227 1834 1269 postea
1862 1219 2023 1257 sumitur
2049 1227 2092 1257 ut
2118 1221 2328 1270 propositio
2355 1222 2405 1260 ad
2423 1224 2497 1272 syl-

1424 1273 1668 1321 logizandum
1697 1281 1829 1310 contra
1856 1273 1961 1310 illum
1990 1273 2056 1322 qui
2082 1275 2325 1322 proponebat
2342 1280 2369 1312 P.

1480 1339 1516 1375 7.
1546 1327 1696 1364 Deinde
1730 1339 1819 1364 cum
1855 1327 1959 1364 dicit:
1999 1327 2193 1377 Contingit
2223 1334 2350 1366 autem
2387 1340 2496 1378 quos-

1424 1380 1513 1417 dam
1544 1388 1631 1428 etc.,
1666 1380 1831 1418 ostendit
1864 1380 1970 1430 quod
2002 1380 2041 1417 in
2075 1380 2383 1419 demonstrativis
2415 1395 2496 1420 non

1424 1434 1559 1471 accidit
1587 1434 1761 1483 deceptio
1789 1446 1859 1483 per
1880 1434 2180 1483 paralogismum
2197 1435 2216 1454 ⁴⁸
2238 1442 2342 1472 extra
2367 1436 2494 1473 dictio-

1423 1499 1520 1524 nem.
1551 1488 1601 1524 Et
1634 1487 1730 1524 sicut
1762 1499 1877 1536 supra
1905 1487 2123 1524 ostenderat
2154 1487 2259 1536 quod
2294 1501 2373 1526 non
2406 1490 2496 1527 est*

1421 1540 1698 1589 paralogismus
1718 1540 1756 1577 in
1777 1540 1941 1583 dictione
1965 1540 2003 1577 in
2027 1540 2347 1589 demonstrativis,
2368 1549 2494 1581 osten-

1422 1594 1550 1632 dendo
1581 1594 1629 1631 de
1647 1606 1739 1641 uno,
1760 1593 1900 1630 scilicet
1928 1593 1975 1630 de
1994 1594 2251 1642 paralogismo
2280 1595 2494 1634 secundum

1415 1643 1605 1684 'fallaciam
1634 1646 1961 1696 aequivocationis
1979 1651 2013 1693 1;
2029 1646 2080 1684 ita
2107 1647 2169 1684 hic
2197 1647 2362 1685 ostendit
2389 1649 2495 1698 quod

1420 1701 1459 1738 in
1489 1700 1796 1738 demonstrativis
1825 1713 1904 1737 non
1933 1707 1990 1737 est
2007 1700 2286 1749 paralogismus
2315 1709 2420 1740 extra
2439 1702 2493 1740 di-

1421 1754 1605 1802 ctionem,
1642 1753 1880 1791 ostendendo
1911 1753 1959 1791 de
1986 1766 2083 1802 un0,
2114 1754 2179 1803 qui
2207 1754 2250 1792 fit
2277 1755 2492 1795 secundum

1419 1807 1605 1845 fallaciam
1635 1806 1913 1856 consequentis.
1944 1807 2053 1844 Patet
2080 1807 2185 1844 enim
2217 1807 2323 1858 quod
2357 1821 2499 1847 secum.

1420 1861 1513 1899 dum
1530 1860 1621 1898 alias
1635 1861 1799 1898 fallacias
1814 1867 1918 1897 extra
1933 1860 2140 1898 dictionem
2152 1873 2231 1898 non
2243 1863 2493 1911 potestesse*

1417 1969 1582 2005 cundum
1601 1968 1783 2012 accidens,
1807 1980 1896 2004 cum
1917 1967 2262 2005 demonstrationes
2279 1969 2493 2018 procedant

1418 2034 1464 2058 ex
1491 2021 1550 2058 his
1579 2034 1677 2070 quae
1706 2028 1793 2058 sunt
1819 2033 1894 2069 per
1919 2033 1982 2066 se‚·
2009 2033 2135 2070 neque
2167 2022 2373 2059 secundum
2401 2023 2494 2072 quid

1419 2082 1455 2112 et
1480 2075 1708 2124 simpliciter,
1736 2086 1824 2111 cum
1854 2086 1900 2111 ea
1924 2086 2023 2124 quae
2042 2074 2081 2112 in
2101 2074 2492 2115 demonstrationibus

1419 2252 1498 2277 detur
1517 2252 1543 2277 in
1564 2252 1697 2277 intellectu
1703 2259 1712 2281 ,·
1731 2251 1754 2275 Κ
1772 2250 1851 2275 habet
1869 2250 2001 2282 lacunam,
2025 2255 2051 2275 et
2069 2258 2151 2284 marg.
2177 2251 2292 2277 additur:
2316 2252 2491 2287 intellectumJ

1417 2287 1453 2312 T:
1473 2290 1503 2312 ut
1521 2294 1583 2312 uere
1602 2287 1738 2320 (corrupte
1756 2294 1804 2319 pro
1823 2286 1929 2318 uidere)
1950 2286 1975 2311 in
1997 2286 2138 2312 intellectu.
2162 2286 2260 2312 Textua
2285 2295 2407 2320 graecus:
2426 2288 2492 2315 haec

1417 2326 1508 2348 autem
1521 2326 1591 2352 sunt,
1606 2323 1675 2348 sicut
1693 2322 1784 2347 videre
1803 2322 1936 2347 intellectu
1946 2330 1955 2346 .-
1973 2323 2056 2347 ταῦτα
2070 2320 2094 2345 δ’
2111 2319 2181 2348 ἐστὶν
2197 2319 2253 2347 οἷον
2269 2319 2332 2356 ὁρῖν
2347 2325 2380 2358 τῇ
2392 2321 2488 2356 vollen.

1417 2359 1491 2383 Mens
1511 2364 1597 2384 autem
1616 2366 1638 2383 s.
1648 2357 1768 2382 Thomae
1786 2362 1812 2382 et
1830 2357 1976 2382 Aristotelis
2001 2358 2138 2390 perspicua
2157 2360 2214 2383 est:
2233 2357 2337 2383 definita
2354 2356 2497 2391 videlieet?

1418 2394 1514 2427 quibua
1528 2395 1626 2419 utimur
1640 2394 1665 2418 in
1679 2393 1792 2418 scientiis
1811 2393 2030 2423 demonstrativis,
2046 2400 2075 2418 se
2089 2393 2186 2418 habent
2199 2393 2231 2418 ad
2246 2394 2414 2426 intellectum,
2423 2395 2491 2421 sicut

1417 2430 1442 2454 id
1461 2430 1532 2463 quod
1551 2429 1706 2454 sensibiliter
1720 2429 1873 2454 describitur
1887 2436 1917 2453 se
1930 2428 2009 2453 habet
2023 2428 2056 2453 ad
2070 2435 2179 2454 sensum
2192 2429 2274 2460 visus,
2289 2434 2319 2454 ut
2332 2429 2430 2455 dictum
2449 2434 2492 2456 eat

1416 2466 1565 2490 immediate
1583 2472 1670 2497 supra,
1689 2469 1715 2489 et
1733 2465 1758 2489 in
1778 2465 1887 2489 lectione
1906 2464 1964 2489 cod.
1983 2464 2006 2489 D
2021 2471 2043 2489 s.
2057 2471 2094 2489 rn-
2113 2465 2208 2490 iterum
2226 2465 2342 2498 explicite
2359 2465 2472 2498 ponitur.

1471 2501 1497 2533 α)
1518 2501 1669 2526 Secundum
1681 2500 1824 2533 fallaciam
1839 2499 2237 2532 aequivocationis—Addimus
2250 2500 2331 2525 verba
2343 2501 2489 2528 secunlum!

1417 2536 1451 2568 (1,
1466 2536 1528 2569 per)
1541 2536 1692 2570 faIIaciam,
1713 2535 1808 2568 quibua
1827 2540 1898 2560 caret
1916 2535 2007 2566 Piana‚
2031 2535 2078 2560 sed
2097 2542 2164 2568 quae
2183 2535 2279 2560 habent
2296 2543 2389 2561 omnes
2408 2536 2491 2562 nostr!

1417 2572 1558 2596 codices.—
1570 2572 1598 2596 ln
1612 2570 1663 2596 fine
1681 2571 1758 2595 huius
1772 2571 1873 2595 numeri
1892 2571 1950 2595 cod.
1964 2570 2001 2595 G:
2019 2570 2089 2598 alias
2100 2570 2231 2604 fallacias
2249 2570 2490 2604 aequivocationis:

1416 2615 1485 2640 quae
1503 2607 1579 2632 lectio
1598 2607 1732 2639 corrigitur
1751 2606 1783 2631 ab
1802 2605 2055 2631 amanuensi:alias
2066 2605 2198 2639 fallaciae
2215 2605 2249 2631 ab
2261 2605 2498 2639 aequivocatione*

1416 2642 1513 2667 Neutra
1535 2647 1623 2667 tamen
1642 2642 1717 2666 lectio
1742 2646 1782 2666 est
1804 2641 1969 2674 acceptanda.
1987 2641 2124 2666 Concludit
2147 2641 2216 2666 enim
2239 2648 2261 2666 a.
2281 2640 2399 2667 Thonm
2417 2641 2490 2675 quod

1417 2678 1484 2702 sicut
1502 2678 1527 2702 in
1546 2677 1658 2702 scientiis
1673 2676 1883 2701 demonstrativis
1902 2683 1954 2701 non
1973 2676 2048 2701 datur
2066 2676 2166 2701 fallacia
2183 2675 2411 2709 aequivocationis,
2425 2677 2461 2703 ita
2474 2685 2490 2703 ι

1417 2712 1514 2738 fortiori
1532 2720 1585 2737 non
1599 2713 1674 2737 datur
1693 2712 1741 2736 alia
1759 2719 1791 2736 ex
1809 2711 1915 2736 fallaciis
1934 2712 1960 2736 in
1981 2711 2106 2736 dictione.

1470 2748 1496 2780 τ)
1515 2748 1576 2773 Νοη
1593 2750 1684 2780 potest
1694 2747 1759 2781 fieri
1772 2747 1974 2780 paralogismus
1992 2746 2116 2778 ete-G,
2135 2754 2187 2772 non
2209 2751 2292 2772 recte:
2311 2754 2364 2772 non
2383 2754 2400 2773 ο

1410 2783 1533 2817 formari
1546 2788 1607 2814 etc.;
1627 2783 1663 2807 K:
1678 2790 1730 2807 non
1746 2785 1838 2814 potest
1855 2789 1911 2807 esse
1929 2787 1986 2813 etc.,
2006 2787 2032 2807 et
2049 2782 2144 2807 omittit
2158 2782 2184 2808 in
2204 2782 2438 2816 demonstratr'vm
2450 2782 2498 2809 Ηι*

1417 2826 1469 2844 non
1486 2821 1576 2851 potest
1587 2818 1652 2852 fieri
1670 2817 1871 2851 paralogismus
1894 2820 1976 2842 extra
1998 2817 2140 2843 dictionem
2160 2817 2187 2843 in
2206 2817 2434 2844 demonstrativi-2.
2453 2817 2491 2844 Β
2527 2835 2530 2840 ·

1417 2854 1480 2887 quia
1498 2854 1559 2879 huic
1569 2853 1755 2886 paralogismo
1775 2858 1836 2884 etc.;
1860 2853 1944 2878 BMN:
1964 2860 2016 2878 non
2032 2855 2172 2886 μέρει...
2192 2853 2489 2888 secundum-fallaciae.

1417 2890 1524 2915 Pianam
1541 2889 1637 2915 habent
1655 2889 1732 2914 ceteri
1752 2889 1863 2913 codices.

1471 2925 1496 2957 u)
1513 2925 1576 2950 Ideo
1586 2925 1677 2957 primo
1691 2924 1809 2949 ostendit
1823 2923 1969 2949 etc.··-Cod.
1980 2924 2016 2949 G:
2031 2923 2098 2949 dicit
2106 2923 2487 2957 prfm0.-CDEKLNQRs·r=

1410 2960 1529 2994 serenda
1548 2963 1615 2985 esset
1633 2965 1694 2985 etc.:
1714 2963 1782 2985 esset
1792 2959 1912 2993 serenda
1926 2959 2022 2984 habent
2040 2960 2081 2984 alii
2096 2960 2214 2991 codices:
2234 2959 2267 2984 P:
2278 2960 2399 2994 serenda
2412 2963 2490 2987 eet-⁶-

1417 2996 1544 3021 Probatur
1568 2995 1639 3028 quod
1658 2996 1684 3020 in
1702 2995 1815 3020 scientiis
1839 2995 2048 3020 demonstrativis
2073 2995 2193 3020 instantia
2211 2994 2297 3020 inferri
2316 3003 2369 3020 non
2386 2999 2488 3030 potent.

1417 3032 1479 3064 quia
1497 3032 1518 3056 ei
1537 3031 1643 3056 ferenda
1657 3035 1735 3061 esset,
1749 3031 1847 3055 assumi
1867 3030 1974 3055 deberet
1987 3031 2130 3063 propositio
2143 3030 2305 3062 universalia,
2317 3037 2387 3064 quae
2399 3035 2488 3057 tamen

1417 3067 1515 3092 assumi
1534 3074 1588 3091 non
1606 3071 1692 3099 potest
1711 3066 1761 3099 (Cf.
1775 3066 1832 3091 lect.
1845 3073 1878 3096 xx,
1894 3074 1919 3090 n.
1934 3064 1959 3096 6,
1979 3071 2005 3091 et
2018 3073 2075 3097 xm,
2090 3074 2115 3091 n.
2127 3065 2156 3098 5;
2170 3071 2196 3092 et
2209 3065 2230 3091 n
2245 3063 2335 3092 Prior.
2348 3066 2488 3102 anatrflc..

1417 3110 1446 3127 ca
1466 3120 1474 3127 .
1487 3110 1561 3127 xxvin
1579 3120 1585 3126 .

1447 3110 1499 3171 Ρφ)
1513 3137 1558 3163 Ad
1565 3099 1786 3172 >syllogizandum
1800 3139 1895 3162 contra
1910 3137 1983 3162 illum
1996 3137 2043 3170 qui
2051 3137 2337 3170 proponebat.·-Hanc
2349 3135 2488 3164 lectionem

1418 3173 1492 3198 codd.
1511 3173 1803 3198 ABCDEIKLMNOST
1822 3172 1953 3197 substituo
1971 3173 2074 3198 lectioni
2088 3173 2195 3198 Pinnae:
2214 3172 2253 3198 ad
2269 3172 2340 3207 sylla
2370 3172 2488 3207 randum

1417 3209 1583 3234 contrarium
1597 3208 1654 3234 eius
1667 3208 1739 3241 quod
1748 3208 1882 3241 probat.—-
1891 3208 1927 3233 G:
1938 3208 2104 3234 contrarium
2115 3208 2171 3234 eius
2183 3208 2257 3242 quod
2265 3208 2339 3240 pone
2403 3215 2434 3239 r,·
2446 3207 2487 3234 fl:

1417 3247 1513 3270 contra
1533 3244 1601 3269 illud
1618 3244 1664 3277 qui
1679 3244 1895 3276 proponebatur5
1910 3243 1948 3274 Q:
1962 3247 2058 3269 contra
2073 3244 2147 3269 illum
2161 3243 2208 3277 qui
2221 3243 2353 3278 pamm,-
2370 3243 2410 3268 R:
2423 3246 2487 3270 cou-

1418 3283 1462 3305 tra
1476 3280 1549 3305 illum
1569 3279 1615 3312 qui
1628 3279 1799 3312 procedebat.
1808 3293 1827 3298 —
1837 3279 1930 3304 Nullus
1944 3286 2007 3312 ergo
2020 3279 2101 3304 codex
2118 3278 2197 3305 habet
2210 3279 2348 3305 lectionem
2362 3278 2486 3310 Pinnem,

1418 3320 1443 3340 et
1462 3315 1511 3346 QR
1529 3315 1616 3340 favent
1634 3315 1749 3346 lectioni,
1769 3322 1849 3348 quam
1868 3322 1898 3339 ex
1917 3315 2054 3340 duodecim
2073 3314 2130 3340 aliis
2149 3314 2280 3340 codicibus
2298 3315 2462 3347 adopt-'mua-

1470 3351 1499 3385 χ)
1517 3350 1685 3376 Ostendendo
1695 3350 1728 3376 de
1741 3357 1794 3375 uno
1804 3355 1878 3375 etc.—-
1885 3350 2043 3381 Lectionem,
2054 3357 2133 3383 quam
2146 3347 2309 3385 adoptamus,
2318 3353 2362 3375 est
2367 3347 2486 3376 omnium

1418 3387 1502 3418 codd.,
1522 3394 1576 3411 exc.
1590 3386 1621 3417 R,
1636 3387 1680 3419 qui
1694 3386 1772 3411 habet
1788 3386 1914 3416 lacunam,
1929 3393 1990 3411 nam
2008 3393 2039 3411 ex
2053 3385 2103 3411 hoc
2119 3385 2205 3419 primo
2214 3381 2383 3411 ὡκκάικδο
2399 3388 2484 3409 πω-

1418 3423 1496 3447 currit
1515 3422 1546 3446 ad
1566 3422 1684 3447 altemm.
1703 3422 1736 3447 P:
1760 3421 1923 3447 ostendendo
1942 3421 1975 3446 de
1995 3427 2047 3446 uno
2066 3421 2253 3455 paralogismo
2271 3420 2318 3454 qui
2334 3419 2372 3454 β
2393 3425 2486 3445 tacun—

1418 3457 1482 3482 dum
1497 3462 1545 3482 etc.
1555 3471 1574 3476 —
1584 3458 1620 3482 A:
1636 3457 1736 3483 scilicet
1745 3457 1931 3490 paralogismo
1935 3465 1945 3487 ,·
1962 3455 1999 3481 K:
2010 3455 2196 3490 paralogismo
2209 3455 2282 3489 quod
2307 3459 2334 3480 et
2344 3460 2426 3488 marg.
2441 3454 2486 3479 ad·

1418 3493 1485 3518 ditur
1503 3493 1553 3525 est)
1572 3493 1715 3518 secundum
1735 3498 1813 3518 etc.—
1830 3492 1897 3518 Infra
1916 3491 2091 3523 (ostendendo
2110 3491 2144 3517 de
2161 3492 2227 3524 uno)
2245 3490 2294 3516 eod
2313 3507 2321 3516 .
2334 3489 2484 3516 anem-:m

1418 3528 1568 3559 KLNQRS:
1593 3528 1639 3561 qui
1656 3528 1756 3554 scilicet
1774 3527 1931 3561 (Bfltmaz
1949 3527 2006 3553 scil.
2024 3526 2084 3561 qui)
2096 3527 2133 3560 fit
2155 3531 2217 3558 ete-3
2236 3526 2275 3552 0:
2293 3524 2393 3552 scilicet
2414 3524 2486 3557 quod

1412 3564 1448 3597 fit
1467 3568 1528 3594 etc.;
1547 3563 1606 3588 AK:
1618 3570 1670 3595 per
1675 3563 1818 3597 fallaciam
1833 3562 2014 3596 consequentis
2028 3567 2086 3594 etc-5
2100 3561 2137 3588 G:
2151 3561 2186 3588 de
2198 3567 2260 3592 uno,
2273 3560 2374 3587 scilicet
2387 3559 2421 3585 de
2426 3560 2486 3594 sal-

1419 3599 1488 3624 tucia
1505 3599 1696 3632 consequentis.

2530 865 2538 873 ·
2555 863 2683 887 Codd.-r:
2699 868 2743 888 est.

2521 1444 2531 1456 ⁴
2542 1443 2737 1474 eodm-nepa-

2521 1476 2576 1520 raCo
2594 1487 2736 1521 d.-r:'erat.

1416 1914 1695 1964 paralogismus
1714 1914 1753 1951 in
1773 1913 2093 1952 demonstrativis.
2121 1915 2260 1964 Neque
2285 1915 2388 1952 enim
2403 1917 2424 1938 *
2435 1928 2491 1954 se-
2517 1919 2674 1969 βίῃ-ω.
2686 1952 2720 1969 α.
