2788 4204
185 570 200 599 ζ

85 633 92 640 “
103 637 123 653 t:
134 632 204 659 quod,
216 635 237 653 et
248 638 297 652 om.

83 664 182 686 semper.

84 762 95 771 ⁸*
110 761 167 787 Cap.
178 767 209 785 vr,
221 767 243 781 n.
255 767 275 786 7.
287 772 296 776 -

86 787 295 808 Comment.s.'l'11.

86 814 180 835 lect.1x.

82 841 105 851 ⁸*
116 840 189 862 Codd.
198 851 205 855 —
216 846 235 861 t‘:
245 841 290 860 ila-

84 873 138 894 que.

85 896 91 902 “
107 893 203 920 Aliquid
224 900 250 913 ex

84 920 160 946 codd„
170 925 219 940 exc.
231 926 266 940 ΕΤ.

180 995 192 1019 0

76 1433 87 1443 ⁸
103 1432 179 1454 Codd.
189 1432 290 1453 Secund.

76 1459 164 1480 ration.
189 1461 212 1480 et
233 1461 288 1480 tert.

71 1492 128 1513 pon.

74 1593 83 1603 ⁸
102 1592 195 1613 Comm.
216 1591 288 1613 S.Tl1.

75 1618 287 1639 lect.xv1.-Ed.l]id.

75 1645 115 1665 lib.
131 1651 161 1671 vt,
178 1651 228 1672 cap.
242 1651 287 1671 xvr,

75 1677 142 1719 P'ASs.
155 1704 193 1719 m.:
204 1698 287 1719 medio.

178 1868 184 1882 t

73 1974 79 1983 ·
92 1972 192 2000 Propos.
203 1978 251 1993 om,
263 1979 284 1993 A.

75 2187 82 2194 ¹
97 2186 139 2207 Illa
156 2192 183 2207 ex
207 2185 284 2216 codd,

74 2219 154 2237 exest,
175 2219 213 2240 qui
236 2219 284 2233 om.

73 2240 113 2261 illa
129 2245 191 2267 quae
204 2241 247 2260 est.

172 2298 186 2314 κ

73 2348 82 2357 “
99 2347 219 2368 Codd.-1²:
239 2347 284 2367 ali-

72 2373 129 2401 quid
142 2374 180 2394 sil.

168 2475 186 2500 λ

70 2511 80 2519 ·
96 2516 102 2530 ι
111 2517 115 2531 z
132 2509 195 2531 dicit.

330 234 404 270 292

328 301 447 350 magis
482 301 623 337 scimus
657 300 963 349 unumquodque
1000 313 1087 336 cum
1127 300 1394 348 cognoscimus

327 355 453 403 ipsum
474 354 686 391 secundum
707 366 767 399 se,
798 366 915 402 quam
940 353 1094 401 quando
1125 353 1394 401 cognoscimus

326 408 452 456 ipsum
482 407 694 444 secundum
720 406 839 443 aliud:
866 414 907 442 ut
933 413 1046 454 puta,
1080 418 1167 442 cum
1199 407 1393 454 cognosci-

327 473 413 498 mus
447 461 495 498 de
530 461 686 497 Corisco
722 459 826 508 quod
860 459 940 507 ipse
975 458 1153 495 Coriscus
1188 466 1244 496 est
1277 460 1392 496 musi-

327 527 414 561 cus,
444 514 563 562 magis
591 514 665 550 hoc
694 513 834 548 scimus
863 524 980 561 quam
1009 512 1038 548 si
1073 512 1237 549 sciamus
1266 514 1414 557 solum,

326 568 432 616 quod
450 568 569 603 homo
591 574 646 603 est
669 565 848 601 musicus.
871 566 919 601 Et
939 565 1007 601 ista
1028 565 1141 602 etiam
1155 566 1366 615 propositio
1379 566 1393 592 ζ

326 621 542 669 simpliciter
570 631 662 655 vera
690 626 766 665 est,
797 618 885 667 quia
905 621 924 637 '³
952 630 1108 666 semper
1135 619 1173 655 id
1203 621 1307 668 quod
1337 627 1394 656 est

324 687 393 723 per
412 687 463 720 se,
483 673 587 722 prius
617 680 672 708 est
701 683 747 717 eo
774 671 879 720 quod
909 679 964 708 est
982 684 1051 720 per
1083 672 1185 709 aliud
1213 681 1249 710 et
1278 685 1392 710 causa

325 727 416 773 eius,
438 733 478 762 ut
492 726 653 762 habetur
667 730 681 747 ⁷¹
696 725 734 762 in
749 725 834 761 VIII
855 726 1004 773 Physic.
1018 725 1037 746 '¹‘
1052 726 1110 762 Ex
1130 725 1188 762 his
1213 734 1342 763 autem
1353 727 1393 747 ³¹³*

324 779 608 826 subintelligitur
637 779 842 825 conclusio,
864 779 970 827 quod
997 778 1124 826 potior
1147 787 1203 816 est
1231 780 1391 817 demon-

323 833 462 879 stratio,
479 844 576 881 quae
594 833 679 868 facit
693 833 787 869 scire
808 832 950 881 aliquid
969 832 1182 869 secundum
1203 846 1255 880 se,
1273 846 1390 882 quam

323 898 419 934 quae
440 886 526 922 facit
545 885 638 922 scire
659 886 801 935 aliquid
815 887 835 907 '¹‘
850 886 1062 922 secundum
1083 887 1196 924 aliud.
1218 889 1389 925 Demon-

322 940 449 976 stratio
466 947 594 976 autem
610 939 833 977 universalis
850 940 1085 976 demonstrat
1100 941 1242 990 aliquid
1254 948 1290 978 et
1305 941 1390 978 facit

322 994 417 1030 scire
433 1006 511 1030 non
527 993 739 1031 secundum
757 994 899 1042 ipsum,
927 993 995 1030 sed
1011 995 1224 1031 secundum
1241 995 1344 1032 aliud
1359 994 1387 1043 ⁰,

322 1047 461 1084 scilicet
489 1047 703 1084 secundum
723 1047 954 1093 universale3
985 1047 1080 1084 sicut
1100 1048 1205 1096 quod
1225 1048 1388 1097 triangu-

321 1102 378 1137 lus
399 1101 564 1138 duorum
582 1101 799 1150 aequalium
821 1102 1000 1147 laterum,
1023 1101 1087 1150 qui
1109 1110 1165 1138 est
1190 1102 1386 1151 isosceles,

320 1156 435 1192 habet
450 1162 536 1202 tres,
549 1167 627 1191 non
644 1155 732 1204 quia
748 1162 803 1191 est
818 1154 1007 1201 isosceles,
1020 1155 1088 1191 sed
1104 1155 1192 1204 quia
1208 1163 1263 1192 est
1277 1156 1388 1194 trian-

320 1209 440 1256 gulus.
476 1208 716 1245 Particularis
754 1215 883 1244 autem
919 1208 1193 1257 demonstratio
1228 1209 1388 1248 demon-

321 1270 410 1299 strat
431 1263 478 1299 de
499 1262 624 1311 aliqua
654 1275 693 1298 re
723 1261 936 1310 particulari
963 1262 1177 1299 secundum
1207 1264 1385 1312 seipsam.

319 1316 431 1353 Unde
452 1316 637 1365 sequitur,
665 1316 879 1352 secundum
899 1316 1128 1364 praemissa,
1150 1317 1255 1365 quod
1274 1318 1391 1366 parti-

321 1370 455 1406 cularis
477 1369 749 1407 demonstratio
771 1369 816 1405 sit
835 1369 962 1417 potior
981 1381 1098 1417 quam
1117 1370 1353 1408 universalis.

374 1425 408 1460 6.
441 1424 658 1461 Secundam
687 1430 722 1459 et
750 1422 897 1458 tertiam
927 1422 1113 1459 rationem
1139 1423 1247 1472 ponit
1266 1424 1286 1444 ’²‘
1315 1425 1386 1461 ibi:

318 1477 491 1526 Amplius
510 1478 542 1514 si
570 1475 780 1513 universale
799 1476 947 1523 quidem
968 1483 1050 1522 ete.,
1082 1488 1180 1524 quae
1209 1476 1290 1513 talis
1320 1485 1386 1515 est.

318 1530 540 1567 Universale
570 1543 647 1567 non
677 1537 732 1565 est
761 1529 901 1578 aliquid
930 1537 1080 1577 praeter
1108 1529 1319 1577 singularia,
1347 1539 1389 1568 ut

317 1585 501 1632 probatur
521 1584 558 1620 in
577 1585 646 1620 VII
667 1583 883 1631 Metaphys.
903 1583 922 1604 '¹‘
943 1583 1228 1620 Demonstratio
1259 1592 1386 1622 autem

317 1637 541 1675 universalis
561 1636 647 1674 facit
666 1636 908 1686 opinionem,
931 1648 975 1672 ex
1002 1636 1085 1686 ipso
1116 1638 1235 1674 modo
1256 1638 1276 1658 *
1295 1651 1387 1676 suae

318 1690 666 1737 demonstrationis,
687 1690 793 1739 quod
813 1690 858 1726 sit
878 1690 1020 1738 aliquid
1050 1699 1086 1728 et
1110 1691 1301 1740 quaedam
1322 1705 1386 1729 na-

316 1752 399 1781 tura
427 1744 465 1781 in
490 1744 654 1790 entibus;
685 1751 777 1794 puta
804 1756 892 1780 cum
914 1743 1151 1782 demonstrat
1176 1745 1317 1794 aliquid
1339 1747 1387 1784 de

315 1798 500 1845 triangulo
529 1805 679 1847 praeter
706 1797 950 1847 particulares
976 1798 1192 1847 triangulos,
1219 1807 1255 1836 et
1275 1800 1322 1837 de
1342 1801 1386 1837 fi-

316 1864 409 1900 gura
437 1860 586 1900 praeter
614 1852 857 1901 particulares
883 1851 1024 1900 figuras
1044 1859 1066 1899 ⁴,
1090 1861 1127 1890 et
1155 1853 1202 1890 de
1222 1866 1385 1891 numero

315 1913 464 1954 praeter
491 1906 736 1954 particulares
770 1918 964 1943 numeros
1002 1906 1226 1944 Praemissis
1256 1915 1385 1945 autem

316 1959 465 1996 duabus
494 1959 819 2009 propositionibus
842 1961 861 1981 '¹‘
895 1959 999 1997 addit
1025 1960 1114 1997 alias
1144 1961 1249 1998 duas.
1282 1961 1384 1998 Nam

314 2012 460 2062 primae
490 2014 759 2063 propositioni,
795 2026 892 2063 quae
923 2013 1072 2051 dicebat
1100 2015 1205 2063 quod
1234 2014 1385 2052 univer-

315 2067 392 2104 sale
421 2080 500 2104 non
530 2076 585 2105 est
604 2068 745 2117 aliquid
763 2075 914 2117 praeter
928 2067 1142 2115 singularia,
1164 2068 1268 2106 addit
1287 2069 1386 2105 hanc

314 2121 630 2170 propositionem,
648 2122 753 2171 quod
769 2121 895 2171 potior
910 2130 966 2159 est
982 2122 1268 2169 demonstratio,
1286 2135 1385 2171 quae

314 2183 370 2211 est
399 2175 445 2211 de
467 2184 565 2222 ente,
587 2189 704 2225 quarn
725 2176 786 2212 illa
800 2176 820 2196 ’¹‘
835 2188 933 2224 quae
954 2184 1011 2213 est
1031 2177 1078 2214 de
1099 2189 1177 2213 non
1198 2184 1294 2213 ente.
1318 2177 1385 2213 Se-

315 2228 462 2265 cundae
491 2237 620 2267 autem
655 2228 922 2279 propositioni,
959 2242 1056 2278 quae
1092 2230 1242 2277 dicebat
1279 2230 1384 2279 quod

315 2282 587 2321 demonstratio
617 2283 842 2321 universalis
868 2289 881 2304 ⁸
912 2283 997 2321 facit
1026 2284 1249 2333 opinionem
1279 2284 1385 2333 quod

313 2336 527 2374 universale
548 2337 593 2374 sit
609 2337 780 2386 aliquid*
791 2338 827 2374 in
849 2349 977 2375 rerum
994 2346 1139 2385 natura,
1151 2337 1256 2375 addit
1271 2337 1384 2374 aliam

313 2390 629 2438 propositionem,
660 2391 799 2429 scilicet
828 2391 934 2440 quod
963 2391 1255 2438 demonstratio,
1286 2404 1384 2441 quae

314 2456 392 2480 non
421 2444 507 2481 facit
535 2457 672 2492 errare,
703 2453 759 2482 est
786 2446 913 2494 potior
950 2459 1067 2495 quam
1097 2459 1142 2482 ea
1170 2458 1239 2494 per
1267 2457 1384 2494 quam

314 2505 458 2534 erratur
471 2495 494 2534 λ.
517 2498 566 2535 Et
586 2499 750 2538 ostendit
765 2500 784 2520 ’¹‘
801 2499 906 2548 quod
923 2508 1079 2549 propter
1094 2498 1385 2536 demonstratio-

313 2669 403 2697 »puta
414 2668 440 2690 et
449 2664 645 2697 cognoscimus;
661 2664 744 2689 Bl-llO
758 2669 783 2689 et
797 2663 921 2694 s.1·n.ST,
939 2667 968 2689 ut
978 2668 1047 2696 puta
1062 2672 1120 2690 cum
1135 2672 1253 2698 cognos.;
1268 2665 1383 2690 CDELM

314 2712 325 2723 »
339 2701 388 2731 NQ
400 2706 424 2725 et
438 2709 463 2733 p.
473 2708 508 2724 m.
523 2699 597 2730 KST,
614 2703 643 2724 ut
653 2703 722 2732 puta
736 2707 795 2725 cum
810 2700 875 2732 quid
887 2707 1006 2732 cognos.;
1020 2708 1041 2724 ε.
1053 2708 1087 2725 m.
1101 2700 1132 2729 K,
1147 2703 1176 2725 ut
1186 2703 1254 2732 puta
1268 2708 1327 2726 cum
1338 2700 1384 2733 qui

313 2746 326 2759 a>
338 2736 536 2769 cognoscimus)
557 2735 589 2760 de
609 2735 715 2760 Corisco
734 2735 806 2767 quod
823 2735 946 2760 Coriscus
961 2735 1066 2766 (codd,
1086 2736 1142 2767 ipse
1157 2736 1234 2768 Cor.)
1255 2741 1319 2760 est»
1334 2741 1382 2760 etc.

365 2771 390 2803 ζ)
412 2772 447 2796 Et
466 2771 518 2796 ista
537 2771 616 2796 etiam
637 2771 796 2802 propositio.
809 2785 828 2789 -
846 2771 1077 2795 ACDIKLMNST.
1094 2785 1110 2790 -
1125 2771 1143 2795 Ρ
1163 2779 1216 2796 om.
1234 2771 1328 2800 etiam5
1348 2772 1383 2795 B:

313 2807 348 2832 Et
363 2807 415 2832 ista
434 2810 473 2832 est
487 2813 577 2838 prop.,·
590 2811 615 2831 et
628 2806 693 2831 infra
707 2814 759 2831 om.
773 2809 827 2842 est;
847 2806 871 2830 O
889 2806 952 2838 (om.
967 2807 1022 2839 et):
1045 2807 1100 2831 Ista
1118 2806 1188 2831 enim
1204 2814 1325 2839 propos.;
1345 2806 1383 2836 Q:

314 2843 348 2867 Et
368 2843 405 2867 ita
424 2846 450 2867 et
464 2849 575 2874 propos.

366 2878 392 2909 η)
417 2878 450 2902 Ut
469 2878 588 2902 habetur.
599 2876 735 2902 —Codd.—
751 2877 784 2901 P:
805 2881 834 2902 ut
848 2877 955 2902 dicitur.
976 2878 1002 2908 Q
1019 2877 1150 2902 arbitrarie
1170 2883 1195 2902 et
1212 2885 1334 2902 erronee:
1355 2880 1385 2902 ut

313 2914 424 2938 habetur
444 2913 469 2938 in
495 2913 562 2937 VIII
578 2913 658 2946 Phys.
680 2913 709 2937 In
726 2913 890 2944 particulari
902 2913 972 2938 enim
987 2913 1147 2946 intelligitur
1164 2921 1310 2938 commune.
1331 2913 1384 2938 De-

314 2949 473 2974 monstratio
492 2952 580 2973 autem
601 2949 760 2973 universalis
778 2954 827 2973 etc.

367 2983 390 3017 ὓ)
403 2984 456 3009 Sed
465 2984 608 3009 secundum
619 2984 695 3008 aliud
708 2989 779 3008 etc.-
789 2984 813 3009 Ο
827 2992 880 3008 om.
890 2984 972 3013 aliud,
986 2984 1042 3009 scil.
1056 2984 1214 3014 secundum;
1226 2984 1264 3014 Q:
1279 2991 1330 3009 non
1345 2991 1384 3009 se-

313 3020 429 3045 cundum
445 3020 538 3052 ipsum,
555 3019 602 3044 scd
621 3019 816 3049 universaliter,
830 3020 899 3044 sicut
912 3020 1064 3052 triangulus
1079 3025 1151 3044 etc.—
1163 3019 1197 3044 E:
1215 3019 1315 3045 scilicet
1327 3020 1385 3045 uni-

314 3056 423 3084 versale,
443 3063 496 3079 om.
516 3055 669 3087 secundum.

369 3091 386 3123 ι)
409 3091 443 3115 Et
463 3091 495 3115 de
507 3091 603 3123 figura
618 3094 730 3122 praeter
744 3090 925 3122 particulares
937 3090 1086 3123 figuras.—
1098 3090 1167 3115 Haec
1186 3090 1265 3115 verba
1284 3091 1384 3116 deside-

315 3131 402 3150 rantur
415 3126 440 3150 in
455 3126 483 3155 P,
498 3132 522 3150 et
533 3127 557 3150 in
568 3126 601 3155 C,
615 3126 659 3158 qui
675 3126 751 3151 habet
766 3126 893 3156 lacunam,
910 3134 991 3159 eaque
1006 3125 1125 3151 addimus
1140 3134 1170 3151 ex
1184 3126 1239 3151 aliis
1253 3126 1384 3151 codicibus

314 3162 463 3186 omnibuS.-
475 3162 538 3186 Post
556 3161 635 3186 verba
650 3161 830 3193 particulares
850 3169 982 3191 numeros,
1004 3162 1061 3187 cod.
1074 3161 1097 3186 T
1112 3161 1189 3186 habet
1208 3162 1234 3186 in
1253 3162 1383 3195 margine:

319 3196 435 3222 Tertiam
455 3197 586 3222 rationem
602 3197 682 3229 ponit
701 3197 751 3222 ibi.-
773 3197 808 3222 Et
823 3200 937 3229 propter
956 3205 1035 3230 quam
1056 3205 1107 3222 non
1130 3195 1180 3231 (ef.
1194 3197 1276 3230 text.).

368 3233 392 3264 κ)
415 3232 615 3257 Demonstratio
629 3232 795 3257 universalis.
808 3247 828 3251 —
840 3233 1122 3258 BCDEHKLMNOST
1142 3238 1167 3258 et
1186 3241 1207 3258 s.
1221 3241 1256 3258 m.
1271 3234 1293 3257 A
1308 3233 1384 3257 omit-

314 3273 371 3292 tunt
395 3264 424 3292 τὸ
450 3268 616 3293 universalis.
630 3269 652 3292 A
675 3276 700 3300 p.
715 3276 750 3292 m.
773 3267 832 3293 hab.
848 3268 895 3292 lac.
915 3282 934 3287 —
950 3268 1008 3293 Non
1031 3268 1151 3293 obstante
1170 3269 1246 3294 codd.
1261 3276 1385 3299 numero,

315 3303 454 3327 retinemus
474 3303 539 3328 hanc
558 3311 657 3328 vocem.
679 3303 706 3328 ld
726 3303 794 3328 enim
814 3304 886 3336 quod
906 3304 930 3328 in
951 3303 1095 3329 obiectione
1115 3304 1206 3329 dicitur
1226 3304 1258 3329 de
1277 3304 1385 3329 faciente

314 3338 461 3370 opinionem
482 3339 572 3363 falsam
598 3339 684 3371 quoad
710 3339 895 3364 universalium
915 3340 1090 3370 existentiam,
1110 3344 1150 3364 est
1169 3344 1257 3364 contra
1276 3340 1385 3364 demon-

315 3374 464 3398 strationem
491 3374 664 3399 universalem
691 3379 719 3399 ut
744 3374 907 3407 distinguitur
932 3383 946 3400 a
970 3374 1124 3407 particulari.
1144 3375 1279 3400 Subtracto
1298 3379 1385 3400 autem

314 3409 440 3433 vocabulo
460 3410 618 3439 universali,
638 3410 782 3435 obscuritas
807 3410 931 3443 ingeritur
949 3411 982 3435 de
1001 3418 1052 3443 qua
1072 3410 1292 3435 demonstratione
1310 3418 1385 3443 prae—

315 3444 366 3468 cise
383 3444 415 3468 sit
430 3452 525 3470 sermo.
545 3445 618 3470 Adde
637 3446 708 3478 quod
728 3446 842 3470 secunda
858 3446 1001 3478 propositio
1016 3446 1047 3470 de
1061 3454 1112 3478 qua
1125 3451 1165 3470 est
1178 3453 1274 3478 sermo,
1289 3451 1328 3471 est
1342 3446 1386 3475 illa

316 3478 371 3511 ipsa
384 3487 450 3511 quae
464 3488 542 3512 supra
561 3480 660 3512 incipit:
677 3481 878 3506 Demonstratio
897 3485 986 3507 autem
1007 3481 1174 3506 universalis.

368 3513 395 3546 λ)
416 3515 467 3539 Per
479 3523 557 3547 quam
574 3519 683 3540 erratur
696 3517 862 3542 ete—Codd.
878 3516 942 3549 (exc.
957 3517 1009 3549 Q):
1024 3520 1139 3549 propter
1160 3524 1240 3549 quam
1260 3524 1323 3548 err.,·
1343 3517 1384 3548 Q:

315 3556 394 3581 quam
414 3557 444 3574 ea
463 3558 530 3582 quae
541 3551 614 3583 facit
632 3558 733 3576 errare.

370 3585 398 3617 μ.)
413 3585 611 3610 Procedentes...
629 3586 815 3612 demonstrant
835 3592 908 3612 etc.-
918 3587 1000 3612 Codd.
1010 3587 1071 3611 -Pt
1081 3587 1257 3619 procedens...
1277 3588 1384 3612 demon-

916 222 1300 259 POSTERIORUM
1329 221 1760 259 ANALYTICORUM
1789 221 1882 258 LIB.
1916 222 1929 257 Ι

1449 312 1540 336 nem
1569 299 1827 337 universalem
1857 307 2003 336 erratur
2025 300 2055 348 *,
2077 300 2165 349 quia
2184 301 2437 349 procedentes
2466 315 2524 339 se-

1451 353 1620 390 cundum
1659 353 2025 390 demonstrationem
2067 353 2324 391 universalem
2363 355 2523 393 demon-

1449 414 1567 444 strant
1600 407 1647 444 de
1681 406 1808 456 aliquo
1836 413 1857 434 ¹⁴⁴
1885 407 2088 444 universali
2123 407 2219 444 sicut
2263 408 2311 445 de
2350 409 2523 457 quodam

1449 460 1635 510 analog0‚·
1663 460 1760 497 idest
1787 460 1883 497 sicut
1903 461 1950 497 de
1971 461 2142 510 quodam
2172 463 2387 511 communi,
2417 463 2523 512 quod

1447 513 1783 562 proportionaliter
1810 526 1850 550 se
1875 515 2025 550 habet*
2039 515 2089 552 ad
2113 515 2242 562 multa,
2265 515 2372 564 quasi
2392 515 2439 553 sit
2457 516 2522 553 ali-

1449 567 1540 615 quid
1557 579 1776 615 commune,
1798 567 1904 616 quod
1923 579 2049 616 neque
2071 576 2127 605 est
2145 568 2244 605 linea
2258 569 2290 617 ³¹⁶,
2307 581 2433 618 neque
2452 582 2522 606 nu—

1448 632 1588 667 merus,
1619 633 1744 669 neque
1773 621 1952 669 solidum,
1982 621 2079 659 idest
2108 634 2258 670 corpus,
2289 635 2413 671 neque
2441 623 2520 671 pla-

1448 686 1554 721 num,
1575 673 1671 711 idest
1695 674 1927 722 superficies,
1949 675 2018 712 sed
2036 675 2181 724 aliquid
2201 682 2357 724 praeter
2379 678 2474 713 haec
2487 676 2519 724 *,

1447 726 1544 764 idest
1570 727 1653 776 ipsa
1681 728 1870 775 quantitas
1895 728 2139 775 universalis;
2168 730 2243 777 vel,
2265 729 2409 778 aliquid
2428 741 2521 778 pro-

1439 781 1553 828 pter*
1566 782 1660 817 haec
1672 781 1726 828 *ἢ
1739 781 1835 817 idest
1854 782 1960 830 quod
1974 793 2130 818 necesse
2147 789 2203 818 est
2216 794 2361 831 ponere
2382 783 2430 820 ad
2445 784 2520 820 hoc

1446 834 1552 882 quod
1580 833 1650 870 ista
1669 834 1836 871 habeant
1864 834 2050 871 rationem
2070 835 2297 884 quantitatis.
2328 835 2391 872 Sic
2410 836 2521 884 igitur

1446 887 1658 924 secundum
1690 888 1767 924 duo
1797 887 1936 935 media,
1959 888 2067 937 quasi
2093 888 2234 937 duplici
2263 889 2408 926 ratione
2429 902 2519 926 con-

1446 941 1561 977 cludit
1588 953 1707 977 unam
1742 941 2045 989 conclusionem,
2083 941 2212 979 dicens
2240 942 2346 991 quod
2379 942 2409 980 si
2437 942 2518 980 uni—

1443 994 1601 1031 versalis
1631 994 1905 1032 demonstratio
1934 995 1985 1032 ita
2018 1008 2058 1032 se
2086 996 2221 1043 habet,
2253 996 2358 1045 quod
2391 996 2519 1034 minus

1446 1056 1500 1085 est
1529 1049 1575 1085 de
1607 1056 1690 1085 ente
1711 1049 1731 1069 ³³*
1745 1060 1862 1097 quam
1890 1049 2136 1098 particularis,
2159 1057 2195 1086 et
2219 1050 2260 1071 ’⁸³¹‘
2282 1050 2404 1098 magis
2433 1050 2520 1087 facit

1444 1102 1668 1151 opinionem
1694 1102 1829 1139 falsam
1858 1115 1975 1152 quam
2002 1103 2254 1152 particularis;
2286 1098 2455 1152 sequitur
2473 1116 2518 1140 ex

1443 1157 1501 1193 his
1531 1157 1682 1194 duobus
1710 1156 1848 1193 mediis
1877 1157 1983 1205 quod
2010 1157 2236 1194 universalis
2256 1156 2302 1194 sit
2329 1157 2519 1206 indignior

1444 1223 1561 1260 quam
1590 1209 1825 1259 particularis
1845 1215 1868 1246 ⁹.

1498 1277 1533 1313 7.
1564 1264 1715 1301 Deinde
1745 1276 1833 1300 curn
1864 1262 1966 1300 dicit:
1996 1265 2076 1300 Aut
2090 1264 2262 1312 primum
2283 1264 2432 1312 quidem
2461 1265 2516 1302 ni-

1441 1318 1495 1354 hil
1524 1326 1617 1366 etc.,
1647 1317 1761 1354 solvit
1793 1317 2007 1366 praedictas
2037 1317 2201 1354 rationes
2228 1329 2300 1366 per
2327 1317 2516 1366 ordinem.

1444 1372 1493 1408 Et
1512 1371 1637 1420 primo
1657 1371 1836 1420 primam,
1859 1371 1988 1408 dicens
2008 1371 2114 1420 quod
2126 1371 2299 1420 primum
2319 1371 2339 1391 '¹‘
2354 1371 2516 1420 quidem,

1444 1424 1540 1461 idest
1563 1425 1584 1446 ’¹²
1607 1425 1822 1462 secundum
1848 1424 1954 1473 quod
1986 1425 2222 1473 procedebat
2248 1424 2374 1474 prima
2402 1425 2516 1474 ratio,

1444 1490 1522 1514 non
1550 1478 1666 1515 habet
1694 1478 1807 1515 aliam
1835 1479 1855 1499 *³
1884 1479 2070 1515 rationem
2099 1479 2138 1515 in
2165 1478 2370 1516 universali
2399 1491 2515 1528 quam

1443 1530 1481 1568 in
1500 1531 1732 1580 particulari3
1754 1531 1843 1580 quia
1867 1531 2072 1581 utrobique
2092 1532 2284 1569 invenitur
2309 1532 2516 1570 secundum

1441 1597 1481 1621 se
1525 1593 1560 1622 et
1597 1585 1802 1622 secundum
1839 1584 1954 1622 aliud.
1994 1586 2043 1622 Et
2082 1585 2298 1622 manifestat
2334 1585 2441 1634 quod
2477 1586 2516 1623 in

1442 1638 1648 1675 universali
1668 1638 1885 1675 inveniatur
1900 1638 1919 1658 *
1934 1639 2140 1676 secundum
2158 1651 2209 1676 se.
2237 1638 2390 1675 Habere
2413 1639 2516 1676 enim

1442 1700 1517 1729 tres
1533 1693 1692 1740 angulos
1708 1693 1887 1741 aequales
1908 1692 2060 1729 duobus
2083 1692 2192 1729 rectis
2204 1693 2225 1714 *
2239 1704 2318 1729 non
2335 1691 2517 1730 convenit

1442 1746 1591 1783 isosceli
1619 1746 1834 1783 secundum
1864 1757 1916 1793 se,
1948 1745 2045 1783 idest
2073 1746 2289 1783 secundum
2315 1746 2421 1795 quod
2440 1747 2515 1784 iso-

1443 1801 1561 1837 sceles
1592 1807 1662 1847 est,
1693 1799 1761 1836 sed
1791 1799 2005 1836 secundum
2025 1799 2132 1849 quod
2157 1807 2213 1836 est
2235 1799 2459 1848 triangulus3
2480 1807 2517 1838 et

1441 1853 1529 1891 ideo
1559 1853 1624 1903 qui
1654 1853 1849 1902 cognoscit
1872 1853 2083 1902 quemdam
2112 1852 2342 1902 triangulum
2371 1854 2514 1891 habere

1442 1915 1516 1944 tres
1531 1907 1564 1954 ψ,
1585 1906 1726 1944 scilicet
1744 1907 1957 1954 isoscelem,
1979 1907 2107 1944 minus
2126 1907 2243 1944 habet
2257 1906 2515 1956 cognitionem

1443 1961 1490 1997 de
1511 1973 1558 1997 eo
1588 1960 1693 2009 quod
1719 1968 1775 1997 est
1793 1973 1861 2010 per
1885 1973 1936 2007 se,
1959 1973 2076 2010 quam
2097 1960 2126 1997 si
2148 1968 2354 2009 cognoscat
2369 1962 2389 1980 *
2409 1961 2515 2011 quod

1441 2015 1649 2062 triangulus
1663 2014 1780 2051 habet
1801 2015 1820 2035 ²⁸
1849 2021 1936 2051 treS.
1968 2015 2018 2051 Et
2035 2015 2111 2051 hoc
2140 2021 2196 2051 est
2223 2013 2516 2052 universaliter‘

1443 2067 1662 2114 dicendum,
1683 2067 1789 2116 quod
1814 2067 1844 2104 si
1864 2067 2006 2117 aliquid
2035 2080 2114 2104 non
2134 2067 2220 2105 insit
2246 2067 2432 2116 triangulo
2456 2080 2515 2105 se—

1442 2121 1613 2159 cundum
1643 2121 1748 2170 quod
1778 2129 1834 2158 est
1863 2122 1883 2142 *
1910 2121 2138 2170 triangulus,
2169 2129 2206 2158 et
2234 2121 2516 2160 demonstretur

1443 2175 1489 2213 de
1519 2187 1566 2212 eo
1582 2175 1612 2219 *,
1635 2175 1821 2225 quidquid
1841 2175 1887 2212 sit
1905 2175 2008 2222 illud,
2030 2187 2110 2212 non
2139 2174 2208 2212 erit
2234 2187 2328 2213 vera
2353 2175 2514 2213 demon-

1441 2228 1583 2266 stratio,
1607 2228 1646 2266 Si
1666 2236 1795 2266 autem
1815 2228 1902 2266 insit
1924 2229 1957 2266 ei
1973 2228 2187 2267 secundum
2208 2229 2315 2278 quod
2331 2236 2387 2266 est
2401 2229 2513 2267 trian—

1441 2283 1562 2331 gulus,
1581 2294 1817 2331 cognoscens
1845 2282 1884 2320 in
1906 2283 1926 2304 *
1952 2282 2156 2320 universali
2182 2281 2229 2320 de
2249 2282 2436 2331 triangulo
2454 2295 2514 2321 se-

1442 2336 1612 2374 cundum
1642 2335 1747 2385 quod
1775 2336 2009 2383 huiusmodi,
2035 2336 2303 2386 perfectiorem
2333 2336 2514 2386 cognitio-

1440 2402 1531 2427 nem
1568 2390 1694 2427 habet.
1740 2391 1798 2427 Ex
1834 2389 1893 2438 his
1930 2389 2041 2438 igitur
2078 2390 2270 2428 concludit
2302 2391 2515 2440 quamdam

1442 2443 1738 2481 conditionalem
1767 2449 1791 2491 ⁰,
1821 2443 1859 2480 in
1880 2443 1987 2480 cuius
2011 2443 2248 2482 antecedenti
2277 2444 2347 2482 tria
2364 2457 2514 2494 ponun-

1441 2505 1512 2534 tur.
1535 2498 1714 2544 Quorum
1739 2509 1862 2534 unum
1884 2505 1939 2534 est
1959 2497 2064 2547 quod
2083 2497 2290 2547 triangulus
2310 2497 2356 2535 sit
2375 2498 2412 2536 in
2427 2498 2515 2548 plus

1438 2668 1509 2690 strat
1516 2672 1525 2694 ,⁴
1539 2666 1561 2689 A
1572 2673 1627 2690 om.
1636 2665 1716 2690 verba
1735 2665 1768 2690 de
1786 2665 1902 2697 quodam
1917 2665 2041 2698 analoga,
2053 2664 2121 2690 idest
2133 2664 2215 2694 sicut;
2229 2664 2299 2690 sicut
2311 2672 2364 2689 om.
2375 2665 2452 2691 etiam
2467 2665 2514 2698 1³13

1439 2701 1474 2725 B:
1494 2700 1680 2725 demonstrant
1703 2701 1736 2726 de
1753 2701 1843 2733 aliquo
1863 2699 2010 2726 universali
2031 2699 2148 2733 analoga
2169 2699 2239 2726 sicut
2257 2700 2291 2725 de
2308 2700 2424 2733 quodam
2442 2708 2514 2727 cont-

1439 2735 1515 2760 muni
1533 2741 1609 2760 etc.-
1621 2735 1689 2760 lnira
1707 2735 1818 2768 legimus
1838 2743 1898 2760 cum
1918 2735 1992 2760 codd.
2012 2735 2106 2760 notatis
2125 2735 2151 2760 in
2171 2743 2268 2768 marg„
2284 2739 2407 2768 propter,
2426 2741 2456 2761 ut
2473 2744 2514 2763 ro-

1439 2771 1543 2803 quirere
1561 2770 1662 2796 videtur
1681 2771 1815 2804 expositio,
1835 2778 1904 2804 quae
1923 2771 2071 2796 immediate
2090 2770 2263 2803 subiungitur.
2277 2771 2377 2796 'sextus
2396 2779 2513 2805 graecus,

1439 2803 1510 2838 παρὰ
1531 2802 1625 2838 ταῦτά,
1641 2810 1761 2839 praeter,
1781 2811 1807 2831 et
1819 2807 1905 2836 etiam,
1921 2809 2036 2838 propter
2049 2806 2128 2832 haec.-
2142 2811 2167 2831 at
2182 2807 2296 2832 secunda
2308 2806 2372 2832 haec
2387 2807 2514 2841 interpre-

1439 2842 1501 2866 tatio
1521 2842 1605 2866 addita
1624 2842 1722 2874 primae
1741 2843 1866 2874 (praeter
1884 2842 1966 2874 haec)
1986 2847 2026 2867 est
2045 2841 2182 2875 peculiaris
2202 2850 2223 2867 s.
2238 2842 2366 2874 Thomae,
2385 2850 2465 2876 quam
2483 2851 2515 2869 ex

1439 2884 1532 2910 graeco
1551 2877 1645 2902 directe
1664 2877 1844 2910 desumpsisse
1862 2877 1972 2902 videtur.

1493 2913 1517 2946 ν)
1541 2913 1703 2938 Universalis
1717 2913 1754 2938 sit
1767 2918 1816 2938 etc.
1827 2926 1846 2932 -
1856 2913 1920 2938 Cod.
1930 2913 1953 2937 D
1968 2920 1993 2946 p.
2008 2921 2043 2938 m.
2058 2921 2111 2938 om.
2126 2913 2218 2944 verba,
2238 2914 2274 2939 sit
2294 2913 2445 2947 indignior,
2461 2921 2514 2940 sec.

1440 2953 1526 2973 autem
1546 2956 1636 2973 manu:
1657 2949 1814 2974 universalis
1834 2955 1886 2973 non
1906 2948 1943 2974 sit
1962 2948 2056 2980 potior
2075 2953 2132 2979 etc.;
2151 2948 2174 2974 l:
2193 2949 2266 2982 quod
2284 2949 2461 2981 particularis
2477 2949 2515 2975 sit

1440 2984 1564 3017 dignior,·
1579 2983 1617 3014 Q:
1636 2984 1709 3017 quod
1721 2984 1880 3009 universalis
1893 2984 1930 3009 sit
1943 2984 2068 3017 dignior5
2087 2991 2154 3017 quae
2167 2990 2207 3010 est
2225 2984 2301 3010 lectio
2315 2992 2439 3017 erronem
2453 2992 2514 3011 nam

1439 3019 1597 3044 obiectiones
1618 3027 1687 3044 nunc
1706 3025 1900 3052 praeponuntur
1919 3019 1951 3044 ad
1970 3020 2179 3045 concludendum
2199 3020 2271 3053 quod
2289 3020 2450 3053 particularia
2470 3020 2515 3046 de-

1440 3055 1594 3080 monstratio
1617 3055 1702 3088 potior
1727 3055 1759 3080 sit
1783 3055 2004 3080 demonstratione
2023 3055 2179 3087 universam
2199 3063 2266 3089 quae
2290 3055 2451 3081 abiectiones
2469 3055 2515 3092 de-

1439 3091 1499 3116 inde
1518 3091 1662 3116 solvuntur.

1494 3124 1518 3158 ξ)
1535 3126 1571 3151 Et
1584 3126 1633 3152 hoc
1646 3129 1686 3152 est
1700 3126 1894 3152 universaliter.
1903 3140 1922 3147 -
1932 3126 2013 3151 Codd.
2022 3141 2043 3146 —
2058 3126 2078 3152 Ρ
2092 3134 2146 3152 om.
2157 3126 2213 3153 hoc.
2227 3126 2327 3152 Deinde
2341 3127 2416 3152 codd.
2432 3126 2514 3152 mm

1440 3161 1490 3187 OT
1505 3166 1530 3186 et
1545 3170 1566 3187 s.
1577 3170 1612 3187 m.
1627 3161 1685 3187 CD:
1705 3162 1776 3195 quod
1794 3162 1818 3187 si
1830 3162 1934 3195 aliquid
1953 3170 2004 3187 non
2020 3161 2084 3188 insit
2096 3167 2145 3188 etc.
2159 3162 2265 3196 Optima
2278 3170 2340 3187 sane
2353 3161 2428 3188 lectio
2441 3169 2514 3188 eum-

1440 3197 1499 3222 dem
1511 3205 1618 3222 sensum
1629 3197 1768 3223 enuncians
1779 3205 1808 3222 ac
1822 3198 1862 3222 ed.
1873 3198 1959 3229 Piana,
1973 3197 2020 3222 sed
2033 3197 2181 3231 expeditior.
2195 3197 2229 3223 1²:
2244 3197 2316 3231 quod
2328 3197 2352 3223 si
2363 3197 2400 3224 sit
2411 3197 2516 3231 aliquid

1439 3233 1511 3266 quod
1530 3240 1582 3258 non
1602 3232 1667 3258 insit
1685 3238 1733 3258 etc.
1752 3233 1868 3258 Lectioni
1889 3233 2042 3258 eorumdem
2068 3233 2144 3258 codd.
2164 3233 2328 3259 consentiunt
2349 3233 2466 3264 BHLQS
2487 3237 2514 3259 et

1440 3277 1465 3302 p.
1481 3276 1516 3294 m.
1532 3268 1585 3300 CD,
1605 3268 1653 3294 nisi
1673 3269 1743 3302 quod
1759 3268 1900 3294 oscitanter
1917 3277 1972 3294 om.
1983 3269 2016 3294 si.
2027 3283 2048 3288 -
2058 3269 2083 3294 M
2098 3277 2152 3294 om.
2164 3269 2258 3295 verba:
2279 3269 2353 3302 quod
2365 3268 2390 3294 si
2402 3267 2514 3302 aliquid.

1493 3303 1520 3336 ο)
1543 3304 1684 3330 Concludit
1695 3304 1839 3338 quamdam
1859 3304 2073 3330 conditionalem.
2082 3318 2103 3324 —
2117 3305 2191 3330 Hanc
2210 3304 2348 3330 lectionem
2363 3304 2437 3330 codd.
2449 3303 2514 3330 ado-

1439 3345 1542 3373 ptamus
1562 3347 1623 3373 prae
1642 3340 1751 3365 lectIone
1769 3339 1861 3365 Piana:
1880 3339 2015 3366 concludit
2032 3339 2248 3366 conditionalem.
2262 3353 2282 3358 —
2303 3339 2386 3365 Codd.
2399 3337 2513 3364 Auem:

1416 3389 1418 3391 -
1439 3375 1523 3400 HlLT
1537 3380 1562 3400 et
1576 3384 1602 3409 p.
1613 3383 1648 3401 m.
1668 3375 1710 3401 Ks
1725 3381 1930 3409 prosequuntur:
1955 3375 1981 3400 in
2005 3375 2080 3401 cuius
2098 3374 2268 3409 consequenti
2290 3375 2344 3400 tria
2359 3376 2513 3408 ponuntur3

1440 3411 1487 3435 sed
1512 3410 1575 3435 haec
1601 3411 1676 3436 lectio
1699 3411 1764 3436 falsa
1787 3411 1980 3436 demonstratur
2002 3416 2058 3436 tum
2082 3418 2113 3436 ex
2137 3416 2206 3436 textu
2229 3410 2408 3440 Aristotelia,
2433 3415 2512 3442 quem

1441 3454 1462 3471 s.
1475 3445 1592 3471 Thomas
1606 3446 1656 3472 hoc
1671 3447 1729 3472 loco
1749 3451 1915 3478 commentat,
1930 3451 1986 3472 tum
2000 3454 2030 3471 ex
2043 3446 2083 3472 his
2097 3454 2165 3480 quae
2179 3445 2244 3472 infra
2256 3446 2393 3476 adduntur,
2407 3451 2511 3477 nempe,

1440 3481 1611 3514 Apposuit...
1627 3482 1652 3507 in
1667 3482 1848 3508 antecedente.
1857 3495 1876 3502 —-
1888 3483 1926 3513 Q:
1941 3481 2076 3508 concludit
2089 3489 2170 3515 quam
2189 3481 2224 3508 de
2235 3488 2332 3514 corpus
2345 3479 2511 3507 conditiona-

1440 3518 1506 3546 lem,·
1525 3525 1593 3550 quae
1612 3517 1701 3549 lectio,
1722 3518 1755 3543 de
1772 3525 1882 3550 corpus,
1902 3518 2016 3543 absurda
2034 3522 2086 3547 est;
2105 3521 2218 3543 attamen
2241 3523 2322 3550 quam
2341 3515 2375 3541 de
2392 3519 2512 3547 corrupte

1440 3552 1544 3585 ponitur
1563 3560 1611 3586 pro
1630 3553 1774 3586 quamdam
1794 3553 1904 3578 aliorum
1924 3553 2064 3578 codd.-M
2084 3553 2142 3578 loco
2161 3553 2210 3578 τοῦ
2227 3550 2410 3585 consequenti,
2434 3549 2512 3576 habet

1439 3587 1635 3620 consequentia.

2554 311 2561 318 '
2572 309 2645 331 Codd.
2663 312 2720 335 (exc.
2728 312 2768 335 ol:

2553 338 2663 384 fili-gelum
2682 343 2697 358 κ
2713 337 2767 358 hab.

2649 409 2667 434 μ

2550 520 2560 529 “
2569 525 2710 541 Acutum-08:
2721 520 2765 541 ha-

2550 545 2612 567 beat.

2551 572 2562 583 ⁸
2577 572 2658 600 Neque
2671 574 2709 594 est
2722 573 2764 594 lin.

2552 605 2601 620 om.
2611 605 2632 620 Α.

2548 683 2558 692 ⁸
2583 688 2690 704 οι-ιικικε.
2705 695 2714 699 -
2733 690 2761 705 P:

2549 708 2606 733 hoc;
2628 715 2657 734 Q:
2683 709 2764 731 huius-

2548 735 2619 756 modi.

2549 794 2660 815 ‘Acemsr
2668 797 2690 815 et
2698 800 2722 821 p.
2731 800 2762 816 m.

2548 826 2586 840 nx.
2595 831 2605 834 -
2615 826 2639 841 r:
2653 823 2762 847 praeter.

2549 847 2568 855 ·'¹
2581 852 2656 868 nunus
2665 850 2686 868 et
2695 853 2719 875 p.
2730 853 2762 869 m.

2548 879 2570 894 κ.
2580 884 2589 889 ·
2598 879 2610 894 r
2620 881 2624 894 :
2641 873 2694 895 hoc.

2546 1059 2556 1067 ⁸
2571 1064 2742 1085 nomxuuqsr.
2750 1071 2761 1076 -

2546 1091 2644 1133 5025?
2651 1093 2664 1134 ².
2671 1085 2763 1135 ⁸3¹5&

2545 1137 2576 1159 de
2582 1128 2727 1161 entesrfmit'i.
2732 1139 2763 1162 de

2545 1170 2573 1202 εει
2576 1165 2599 1186 te
2606 1164 2676 1187 nabet
2681 1171 2760 1197 quant.

2546 1197 2680 1246 omffui'xiie
2689 1193 2727 1241 :is
2733 1198 2760 1241 ii(3

2545 1251 2599 1266 nem
2615 1251 2679 1267 num.

2644 1282 2657 1298 ν

2546 1386 2555 1394 ”
2568 1390 2724 1411 neowan·
2738 1389 2759 1408 et

2544 1418 2571 1459 ξς
2581 1412 2760 1460 affigam.-

2544 1465 2555 1476 ⁴
2565 1465 2579 1486 1
2593 1467 2632 1486 eet
2631 1481 2682 1487 ......
2694 1465 2759 1487 ratio

2544 1497 2594 1540 9ῗῖ
2607 1497 2687 1540 {Yam
2703 1518 2758 1540 nab.

2543 1545 2624 1592 {1:²2th
2642 1544 2675 1567 al.
2691 1556 2702 1562 -
2718 1545 2756 1567 Cf.

2543 1654 2552 1663 ⁴¹
2565 1659 2600 1679 oq
2609 1661 2614 1675 :
2629 1654 2757 1676 lnnnitur.

2544 1708 2552 1717 ·
2568 1706 2647 1729 Rectis
2661 1713 2711 1730 om.
2725 1714 2755 1734 o;

2541 1734 2757 1782 atr-“⁴⁴⁸⁰‘'-

2543 1921 2552 1929 ·
2567 1919 2666 1942 Habere
2679 1922 2729 1942 tres

2543 1952 2592 1968 om.
2607 1953 2631 1968 ο.

2541 1973 2552 1984 ’
2567 1979 2581 1994 ¹.
2590 1976 2757 2001 coa-noscerem·

2542 2005 2563 2022 ιε
2693 2002 2720 2026 t,·
2728 2006 2755 2022 r:
2771 2007 2774 2011 ’

2588 2026 2642 2048 scit.

2542 2054 2550 2063 ⁶
2583 2052 2640 2076 odd.
2649 2064 2660 2070 ·
2668 2059 2694 2076 r:
2710 2053 2755 2076 ha-

2541 2079 2604 2101 beat.

2542 2142 2550 2150 ·
2567 2140 2611 2163 Est
2633 2148 2662 2164 ex
2685 2142 2755 2164 codd.

2540 2195 2552 2205 ⁸
2566 2194 2603 2216 De
2616 2200 2644 2216 eo
2659 2201 2708 2217 om.
2724 2201 2754 2221 uz

2540 2221 2653 2270 ‡152.ae
2661 2227 2716 2244 eo...
2724 2222 2756 2244 tn-

2540 2293 2672 2319 ‘arumde

2691 2297 2755 2320 ndu.

2541 2322 2671 2351 triangulo.
2718 2336 2726 2342 .
