2548 4192
197 278 327 303 CCCV111

196 346 318 376 Doctor
347 343 517 384 Angelicus
550 353 635 373 anno
675 350 777 384 1274;
803 343 890 373 unde
915 342 1030 382 colligo
1065 352 1124 382 ego
1150 342 1189 371 ad
1218 351 1272 371 an-

197 400 277 420 num
306 390 387 420 1330
411 387 539 419 nonnisi
562 387 705 417 medium
724 387 865 427 primum
898 387 1061 416 saeculum
1085 392 1159 426 post
1186 395 1271 415 mor-

198 441 263 465 tem
287 434 354 464 eius
378 433 543 464 effluxisse.

270 493 283 506 «
305 479 411 508 Tanto
429 477 514 507 malo
531 475 648 506 mederi
663 475 764 505 voluit
782 475 856 504 Pius
873 475 901 505 V
918 474 1077 504 Pontifex:
1099 473 1166 504 eius
1186 473 1271 504 enim

201 536 216 551 »
239 523 326 553 iussu
353 533 371 552 a
394 521 533 561 patribus
553 519 823 550 Praedicatoribus
840 519 987 549 Thomae
1012 518 1119 558 Opera
1137 518 1271 548 iunctim

202 581 216 595 »
240 574 313 597 sunt
337 566 434 603 edita,
456 575 494 595 eo
519 564 650 604 quidem
673 563 783 593 ordine
815 570 846 593 et
869 562 1022 599 consilio,
1053 569 1089 593 ut
1112 572 1194 603 quae
1218 573 1271 602 ge-

202 625 216 640 »
240 611 337 641 nuina
360 616 480 646 essent,
506 608 678 638 maioribus
701 607 809 637 litteris
833 614 863 637 et
887 607 969 647 typis
1003 607 1268 645 exscriberentur,

201 669 215 683 2·
240 656 315 686 falsa
339 661 369 684 et
392 659 534 693 suspecta
560 651 746 682 minoribus.
767 664 782 678 »
802 652 852 681 Ad
876 650 1014 690 genuina
1043 651 1269 689 discernenda,

199 710 234 730 ac
258 705 412 739 suspecta,
429 707 494 727 non
525 695 631 736 Opera
661 705 807 736 quaeque
831 696 998 733 Thomae,
1023 696 1078 725 sed
1105 695 1269 735 Opuscula

198 751 332 780 tantum,
350 749 416 772 tota
432 741 566 781 pertinet
581 740 658 770 haec
675 741 899 770 Romanorum
915 740 1075 770 editorum
1093 750 1176 770 cura.
1194 741 1269 770 Non

198 799 235 819 ex
258 787 345 817 fonte
368 785 531 815 hauriebat
553 794 671 825 aquam
694 785 841 822 Zornius,
867 785 922 814 sed
945 784 1062 814 infecto
1094 794 1131 814 ex
1154 784 1268 815 rivulo.

201 847 215 861 <
238 831 370 862 Constat
402 830 482 859 hanc
514 830 617 869 ipsam
655 829 827 859 editionem
864 828 1022 869 plerisque
1064 828 1268 869 scriptoribus

200 890 214 904 »
237 874 408 906 pontificiis
442 874 544 913 exigui
578 873 727 914 ponderis
759 873 891 904 videri...
923 873 1056 903 Ioannes
1085 873 1268 904 Ludovicus

199 934 214 948 »
237 918 486 950 Schonlebenius
518 925 609 948 tomo
634 919 675 948 111
702 918 754 949 De
787 919 929 959 Virginis
951 919 1174 957 conceptione,
1201 918 1268 948 ludi

199 978 212 992 a»
237 974 367 1004 operam
391 963 437 1003 ait,
456 963 494 992 ab
518 962 589 1000 illis,
606 962 663 1003 qui
685 973 758 993 vera
781 973 800 992 a
823 962 919 1000 falsis,
936 962 1074 1002 genuina
1097 973 1115 992 a
1138 962 1268 992 subditi-

199 1023 213 1037 »
236 1009 286 1040 tiis
303 1008 493 1047 distinguere
509 1007 728 1038 allaborent....
747 1007 944 1038 Caelestinus
961 1007 1148 1038 Sfondratus
1165 1007 1196 1037 in
1214 1007 1268 1037 In-

201 1067 214 1080 »
238 1054 381 1084 nocentia
406 1052 565 1083 vindicata
590 1051 682 1082 toties
706 1052 829 1092 regent,
845 1051 952 1082 vitiata
975 1058 1006 1082 et
1029 1059 1178 1092 corrupta
1201 1061 1268 1082 esse

199 1111 213 1125 »
236 1098 383 1128 Thomae
407 1096 529 1136 scripta.
551 1108 566 1123 x>
586 1096 669 1126 Vitia
695 1096 923 1137 typographica
953 1097 1072 1136 passim
1105 1106 1268 1127 occurrere

195 1143 228 1173 in
252 1143 398 1172 Romana
413 1140 551 1171 editione
570 1140 616 1170 Pii
634 1141 661 1171 V
677 1140 833 1171 inficiatur
853 1151 958 1171 nemo.
977 1141 1174 1171 Huiusmodi
1190 1141 1268 1181 preli

197 1186 326 1218 errantis
341 1186 426 1216 labes
443 1185 601 1225 detergere
624 1185 807 1225 praesertim
826 1185 858 1215 in
881 1186 1118 1216 Commentario
1138 1186 1267 1216 Senten-

197 1233 327 1269 tiarum,
345 1230 378 1260 in
405 1230 526 1260 Catena
546 1230 673 1267 Aurea,
691 1229 723 1260 in
747 1230 882 1260 Summa
902 1231 1096 1271 theologica,
1120 1230 1153 1260 in
1181 1229 1267 1269 Opu-

195 1276 293 1307 sculis
316 1281 466 1305 curarunt
482 1274 666 1304 Franciscus
683 1274 809 1305 Garcias
825 1285 910 1305 anno
934 1275 1027 1316 1578,
1046 1274 1181 1305 Cosmas
1197 1275 1267 1305 Mo-

196 1321 285 1350 relles
309 1330 394 1350 anno
424 1320 517 1357 1612,
534 1318 705 1358 Gregorius
729 1319 874 1349 Donatus
891 1329 976 1350 anno
1002 1320 1095 1359 1619,
1116 1325 1186 1349 tum
1206 1319 1267 1349 Lo-

195 1364 358 1395 vanienses
370 1371 400 1394 et
414 1364 594 1394 Duacenses
617 1363 769 1403 theologi,
780 1364 891 1394 Petrus
911 1363 1047 1394 Pellican
1064 1373 1148 1393 anno
1171 1364 1264 1401 1656,

197 1409 330 1439 Ioannes
353 1408 516 1439 Nicolaius
544 1417 629 1438 anno
659 1409 740 1449 1657
766 1415 796 1438 et
829 1408 921 1438 1660.
948 1408 1094 1438 Editores
1126 1407 1267 1444 Patavini

196 1464 281 1483 anno
319 1453 412 1493 1698.
440 1452 497 1483 His
520 1452 604 1482 addo
628 1452 792 1483 Thomam
824 1452 1024 1482 Madalenam
1055 1462 1140 1482 anno
1174 1462 1266 1493 17¹9·

196 1498 295 1535 Quod
319 1497 344 1527 si
368 1499 548 1528 Romanam
571 1496 664 1527 istam
687 1497 860 1527 editionem
880 1497 1072 1527 maculatam
1095 1496 1207 1527 dixeris
1222 1496 1267 1526 vi-

195 1542 245 1573 tiis
269 1541 507 1582 interpolatricis
538 1551 671 1579 manus,
705 1551 787 1581 quae
810 1540 979 1571 sententias
1011 1540 1180 1571 mutaverit
1213 1547 1269 1572 aut

196 1586 311 1617 alienas
331 1585 490 1624 invexerit,
508 1586 700 1615 calumniam
716 1586 870 1615 instauras
887 1585 980 1615 toties
1003 1585 1180 1625 protritam.
1199 1586 1267 1616 Hu-

195 1631 335 1661 iusmodi
358 1630 509 1661 vitiorum
542 1630 685 1670 exempla
717 1629 831 1660 adduci
864 1629 968 1660 solent
991 1639 1028 1660 ex
1061 1629 1162 1670 capite
1185 1641 1205 1660 v
1228 1630 1267 1660 ad

195 1676 360 1706 Romanos
384 1675 519 1705 lectione
542 1685 590 1712 111,
609 1682 639 1705 et
663 1674 764 1714 capite
787 1685 821 1704 111
845 1674 885 1704 ad
909 1674 1036 1705 Galatas
1059 1674 1196 1705 lectione
1218 1686 1266 1713 Vl,

196 1726 226 1750 et
246 1719 412 1759 Opusculo
437 1719 484 1749 De
509 1718 696 1749 salutatione
715 1718 877 1758 Angelica‚
895 1725 926 1749 et
942 1719 953 1749 1
971 1718 1068 1757 Sent.‚
1085 1719 1156 1750 dist.
1173 1730 1266 1758 x1.1v.,

196 1770 316 1804 quaest.
334 1763 436 1801 unica,
462 1769 517 1793 art.
534 1773 567 1792 m
583 1763 623 1793 ad
645 1764 674 1801 3,
695 1770 726 1794 et
745 1763 797 1801 111,
821 1763 892 1794 dist.
917 1773 962 1800 111,
982 1770 1103 1803 quaest.
1123 1774 1144 1802 1,
1165 1771 1220 1795 art.
1245 1775 1267 1804 1,

195 1815 315 1848 quaest.
333 1819 366 1846 n,
384 1814 414 1838 et
434 1808 473 1837 111
493 1817 538 1847 p.,
555 1814 676 1848 quaest.
693 1818 788 1846 xxvn,
803 1814 859 1838 art.
876 1818 918 1838 tv.
937 1807 1016 1838 Satis
1032 1808 1125 1838 Petro
1149 1809 1267 1840 Zornio

195 1852 255 1883 fuit
278 1852 483 1883 admonuisse
511 1853 621 1883 vitiata
645 1858 676 1883 et
698 1857 851 1892 corrupta
882 1852 943 1882 dici
967 1852 1114 1882 Thomae
1142 1853 1266 1894 scripta.

196 1897 333 1927 Indicata
356 1897 426 1927 loca
449 1896 489 1926 ad
512 1897 664 1927 trutinam
688 1906 747 1937 ego
771 1897 876 1937 redegi
901 1896 1020 1934 omnia,
1040 1903 1163 1928 vetusta
1186 1898 1269 1929 edita

196 1942 339 1981 exempla
354 1941 495 1979 lustravi,
512 1941 756 1981 manuscriptos,
773 1941 829 1982 qui
845 1941 977 1971 inveniri
997 1949 1181 1982 potuerunt,
1198 1953 1267 1983 per-

194 1986 255 2026 legi
281 1986 415 2023 codices,
440 1992 542 2016 textus
566 1986 785 2016 antecedentes
817 1985 938 2016 contuli
963 1992 994 2016 et
1017 1993 1266 2026 consequentes:

196 2030 371 2071 eademque
395 2030 587 2070 deprehendi
611 2030 727 2060 variata
751 2040 946 2071 numquam,
974 2040 1032 2061 nec
1055 2031 1186 2070 intrusa,
1210 2042 1268 2062 nec

195 2075 349 2105 mutilata.
366 2074 608 2105 Dissertationes
627 2081 749 2105 nostras
774 2075 916 2105 consule.
933 2075 1066 2105 Adeone
1083 2085 1157 2106 vero
1180 2076 1268 2107 labo-

195 2119 317 2149 riosum
341 2129 423 2159 opus
448 2119 551 2156 fuerit,
571 2119 679 2159 Opera
701 2121 846 2160 genuina
879 2119 1026 2150 Thomae
1050 2119 1224 2151 discernere
1248 2130 1268 2151 a

194 2163 387 2194 subdititiis?
406 2163 563 2194 Praesidia
586 2170 710 2204 praesto
735 2170 809 2194 sunt
833 2164 953 2202 omnia,
979 2174 1061 2204 quae
1085 2164 1124 2194 ad
1158 2165 1268 2196 similis

194 2207 371 2247 argumenti
396 2218 527 2238 examen
551 2208 764 2248 requiruntur.
782 2208 951 2239 Peculiaris
975 2208 1122 2239 Thomae
1146 2210 1266 2251 stylus,

194 2252 302 2290 dictio,
319 2252 500 2290 methodus,
518 2252 678 2283 doctrinae
694 2253 902 2283 consonantia
925 2253 1060 2284 totidem
1075 2261 1150 2285 sunt
1173 2264 1268 2285 cano-

194 2307 261 2335 neS,
283 2297 338 2337 qui
362 2297 468 2327 lucem
492 2296 625 2328 afferunt
648 2297 688 2327 ad
711 2297 898 2327 huiusmodi
922 2297 1029 2338 Opera
1050 2298 1266 2330 discernenda.

195 2341 372 2382 Synchroni
392 2348 422 2372 et
445 2352 596 2381 suppares
627 2342 742 2372 adsunt
775 2342 1028 2373 nomenclatores
1053 2343 1178 2382 plures,
1212 2344 1268 2384 qui

195 2385 452 2425 diligentissimos
468 2386 614 2426 Operum
629 2386 695 2416 eius
706 2386 825 2416 indices
841 2393 1018 2418 texuerunt.
1035 2387 1119 2418 Hinc
1134 2388 1267 2419 audien-

194 2430 227 2460 di
251 2440 312 2460 non
336 2436 412 2461 sunt
435 2429 570 2472 (Oudini
594 2430 695 2460 verbis
714 2437 788 2461 utor
812 2431 912 2471 capite
935 2429 1002 2473 xm)
1026 2433 1198 2472 scriptores
1219 2443 1267 2464 re-

195 2480 312 2511 centes,
328 2476 381 2515 qui
396 2479 506 2505 sancto
528 2475 668 2505 Thomae
682 2475 835 2515 Aquinati
857 2477 976 2516 scripta
993 2476 1032 2506 ab
1051 2478 1190 2518 antiquis
1204 2478 1268 2509 col-

196 2519 262 2549 lata
281 2519 437 2560 auferunt
453 2529 494 2549 ex
512 2520 647 2559 proprio
666 2520 780 2559 capite,
797 2519 916 2560 absque
934 2521 1111 2552 rationibus
1134 2522 1266 2560 idoneis,

195 2569 253 2594 aut
280 2563 558 2601 demonstrativis,
596 2565 643 2594 uti
671 2569 780 2594 nostro
805 2565 864 2594 isto
895 2565 1026 2595 saeculo
1055 2575 1076 2595 a
1106 2567 1268 2598 nonnullis

188 2607 318 2648 factum
344 2613 399 2638 est.
425 2607 560 2647 Ietellige
585 2607 874 2645 Schonlebenium,
899 2609 1029 2639 Petrum
1058 2610 1097 2639 de
1128 2611 1209 2641 Alva
1238 2618 1269 2642 et

195 2654 342 2691 Astorga,
359 2651 554 2689 Launoium,
575 2652 682 2692 ipsum
702 2651 901 2682 Casimirum
920 2652 1089 2684 Oudinurn
1113 2655 1267 2696 aliosque,

196 2697 314 2737 passim
344 2696 477 2736 praeviis
501 2696 615 2727 nostris
639 2696 672 2726 in
695 2696 977 2727 Dissertationibus
1001 2698 1207 2739 reprehensos
1238 2707 1269 2731 et

197 2741 379 2782 exagitatos.

573 2830 784 2867 CAPUT
813 2831 893 2868 ΙΙΙ.

197 2928 350 2954 Rectissime
372 2927 489 2953 Thomas
513 2931 599 2951 contra
622 2926 772 2959 Pelagianos
801 2927 919 2960 aliosque
942 2927 1112 2953 heterodoxos
1137 2936 1197 2954 cum
1220 2929 1269 2954 Ec-

269 2964 346 2989 clesia
365 2963 494 2988 Catholica
514 2962 602 2988 sensit.
627 2963 762 2988 Calumnia
779 2969 820 2988 est
843 2963 930 2996 ipsum
954 2963 1074 2989 docuisse
1096 2963 1228 2990 hominem
1243 2964 1268 2990 in

269 2999 372 3032 negotio
395 2998 571 3024 conversionis
596 2998 700 3032 passive
724 3006 754 3023 se
781 2998 885 3024 habere.
913 2999 1044 3024 vindiciae
1068 3000 1171 3025 loannis
1194 3000 1268 3026 Duns

270 3035 348 3060 Scoti.

201 3131 223 3161 Ι.
255 3145 269 3159 α
292 3124 391 3205 Inter
414 3138 462 3162 tot
477 3141 583 3162 rerum
598 3131 828 3162 vicissitudines
845 3131 970 3173 (coepto
984 3134 1097 3174 pergit
1111 3132 1267 3175 Zornius)

254 3188 269 3203 »
322 3176 451 3206 tandem
484 3176 568 3206 sama
601 3183 694 3217 atque
727 3176 896 3207 auctoritas
930 3177 1027 3208 sancti
1056 3177 1203 3208 Thomae
1236 3188 1268 3208 se

203 3231 217 3246 2
241 3220 368 3251 exeruit.
393 3220 507 3251 Scotus
531 3220 632 3250 famae
657 3220 796 3260 surgenti
819 3221 958 3251 invidere
974 3221 1130 3252 sustinuit.
1149 3222 1268 3253 Audia-

203 3276 217 3290 »
240 3275 323 3302 mus,
341 3274 422 3305 quae
441 3265 520 3295 hanc
537 3265 569 3295 in
586 3275 653 3295 rem
671 3265 849 3296 observavit
864 3265 1083 3296 celeberrimus
1100 3267 1269 3298 Buddaeus

202 3320 217 3335 »
240 3309 272 3339 in
296 3309 537 3340 Commentario
562 3309 908 3349 historico-theologico
929 3310 966 3340 de
985 3311 1216 3351 Pelagianismo
1235 3311 1268 3342 in

203 3365 217 3379 ι
240 3353 379 3384 Ecclesia
403 3354 548 3384 Romana
580 3363 636 3394 per
664 3354 784 3384 bullam
808 3354 1133 3395 Antiquesnellianam
1159 3355 1268 3386 triurn-

203 3408 217 3423 »
240 3397 366 3436 phante.
384 3409 399 3424 »
426 3398 591 3428 Thomam
614 3397 731 3429 scilicet
754 3408 771 3428 a
791 3398 965 3438 Pelagianis
989 3399 1178 3430 commentis
1194 3400 1269 3430 alie-

201 3441 369 3473 nissimum
393 3442 541 3479 ostendit,
557 3442 606 3473 his
625 3442 847 3473 adhaerentem
863 3443 1005 3474 Scotum.
1030 3443 1269 3475 vicissitudines

202 3491 232 3514 te
254 3496 392 3517 narrasse
416 3494 508 3526 putas
528 3486 673 3517 fortunae
692 3487 855 3518 Thomae:
880 3498 961 3528 quae
976 3488 1043 3518 imo
1062 3498 1127 3519 una
1145 3499 1270 3529 semper

203 3530 454 3561 constantissima
470 3531 529 3561 fuit
545 3531 590 3562 uti
614 3532 700 3571 apud
719 3532 838 3562 amicos
855 3539 886 3563 et
902 3533 1085 3571 benevolos,
1102 3532 1145 3564 ita
1160 3540 1270 3564 contra

202 3574 344 3603 aemulos
375 3575 498 3615 aliquos
522 3582 552 3606 et
575 3576 691 3606 hostes.
716 3576 834 3606 Mirum
857 3587 951 3614 vero,
977 3577 1061 3608 inter
1083 3582 1130 3608 tot
1159 3587 1269 3608 rerum

204 3617 436 3649 vicissitudines
455 3619 582 3650 obtrudi
605 3619 749 3658 Scotum,
768 3621 866 3651 veluti
890 3620 1084 3652 invidentem
1102 3621 1268 3652 Thomae!

933 263 1395 300 DISSERTATIONES
1425 263 1673 300 CRITICAE

1331 342 1448 372 Rectus
1472 342 1639 373 chronicus
1664 343 1744 373 ordo
1768 345 1956 384 exposcebat
1979 351 2025 384 ut,
2049 351 2123 385 post
2143 355 2289 376 censuras
2305 355 2323 375 a
2337 345 2405 376 Ste-

1331 386 1438 425 phano
1462 387 1614 427 Tempier
1636 387 1713 418 latas
1738 394 1768 418 et
1791 395 1863 419 ante
1886 389 2051 429 negotium
2077 390 2203 420 Ioannis
2220 390 2259 419 de
2278 390 2403 421 Monte-

1330 439 1422 468 sono,
1448 438 1590 470 ageretur
1614 431 1652 461 de
1677 432 1794 462 Ioanne
1817 433 1908 463 Duns
1933 433 2041 472 Scoto,
2066 434 2156 464 cuius
2174 434 2404 465 aThomistica

1329 474 1473 504 differens
1497 475 1562 505 iam
1585 486 1670 506 anno
1700 477 1782 507 1320
1807 477 1915 507 schola
1930 478 2064 518 vigebat,
2081 478 2163 509 dicta
2179 479 2401 516 Scotistarum,

1329 525 1365 548 ut
1385 519 1499 558 Pagius
1524 520 1663 550 ostendit
1678 521 1718 550 ad
1734 531 1855 551 annum
1881 532 1889 551 1
1903 532 1974 562 190,
1991 533 2022 552 n.
2050 533 2097 553 10.
2112 523 2222 553 Nolim
2239 533 2299 563 ego
2316 524 2402 554 Scoti

1328 569 1437 593 sancto
1461 563 1609 594 Thomae
1642 565 1833 596 adversantis
1865 566 2037 597 consilium
2060 567 2198 607 penitius
2222 568 2401 609 perquirere

1328 613 1359 636 et
1378 607 1527 638 scrutari:
1552 608 1631 638 illud
1654 618 1730 639 vero
1755 616 1887 648 certum,
1908 610 2074 641 dissidium
2098 621 2195 642 omne
2218 612 2249 642 in
2275 613 2401 653 opinio·
2447 622 2452 626 ·

1326 650 1420 681 nibus
1445 658 1499 682 aut
1529 651 1760 693 philosophicis
1793 661 1848 685 aut
1870 654 2075 694 theologicis,
2100 666 2182 697 quae
2206 657 2338 688 minime
2362 658 2402 688 ad

1326 693 1424 725 fidem
1447 696 1615 735 pertinent,
1639 698 1848 737 propugnatis
1871 699 1910 729 ab
1934 699 2094 740 Aquinate
2118 700 2234 731 sistere.

1393 738 1583 770 Buddaeum
1599 751 1617 770 a
1632 741 1751 771 Zornio
1769 749 1921 772 vocatum
1940 743 2125 774 audiamus:
2150 758 2164 773 ‹
2180 745 2289 776 Extitit
2310 745 2402 776 Tho-

1328 794 1342 809 »
1366 793 1434 813 mas
1459 784 1498 814 de
1520 784 1663 824 Aquino,
1687 786 1735 815 vir
1758 796 1876 826 magno
1895 794 1927 817 et
1942 788 2105 819 excellenti
2124 789 2252 829 ingenio
2277 790 2400 829 praedi-

1328 840 1343 854 »
1366 834 1434 865 tus,
1454 827 1510 868 qui
1533 828 1655 858 veriora
1678 829 1874 871 rectioraque
1903 832 2075 871 perspexit:
2101 839 2132 863 et
2154 834 2325 873 Augustini
2348 844 2400 864 ve-

1328 883 1342 898 »
1366 871 1464 911 stigiis
1494 872 1687 911 insistendo,
1717 874 1950 914 Pelagianismo
1983 877 2129 907 torrentis
2161 877 2259 908 instar
2289 879 2401 908 orbem

1328 927 1341 942 »
1364 915 1559 947 inundaturo
1577 927 1610 947 se
1633 918 1798 958 opposuit.
1823 918 1937 949 Virum
1960 919 2046 950 hunc
2068 930 2135 951 non
2157 921 2190 951 in
2206 922 2267 952 hoc
2287 923 2400 961 modo,

1327 972 1342 987 ³>
1365 960 1420 990 sed
1442 961 1476 990 in
1496 961 1564 991 aliis
1581 971 1711 1002 quoque
1729 962 1889 993 doctrinae
1907 964 2046 994 caelestis
2063 965 2218 1004 capitibus
2236 966 2400 997 veritatem

1327 1016 1342 1031 »
1366 1004 1527 1045 cognitam
1550 1012 1581 1036 et
1604 1013 1802 1046 perspectam
1825 1007 1983 1046 habuisse,
2003 1009 2148 1049 adeoque
2172 1009 2267 1049 longe
2286 1010 2400 1041 rectius

1327 1061 1341 1076 ι»
1365 1049 1490 1088 sentire,
1515 1060 1613 1090 quam
1636 1051 1732 1081 hodie
1751 1052 1897 1082 Romana
1920 1052 2059 1083 Ecclesia
2083 1053 2186 1091 sentit,
2210 1054 2400 1094 iampridem

1327 1106 1341 1120 »
1365 1094 1476 1124 docuit
1500 1095 1633 1125 Ioannes
1658 1095 1814 1135 Georgius
1838 1096 2038 1127 Dorschaeus
2057 1097 2090 1128 in
2113 1098 2206 1136 libro,
2226 1108 2292 1139 quo
2309 1099 2400 1130 Tho-

1327 1150 1341 1165 »
1364 1148 1452 1168 mam
1476 1139 1514 1169 de
1538 1139 1669 1180 Aquino
1693 1140 1910 1171 confessorem
1933 1141 2071 1172 veritatis
2094 1143 2290 1182 evangelicae
2315 1143 2400 1174 exhi-

1326 1194 1341 1210 »
1364 1183 1434 1213 buit
1457 1183 1597 1214 sectione
1615 1194 1680 1222 vm,
1693 1194 1761 1224 cap.
1779 1195 1822 1215 111.
1838 1197 1851 1212 »
1871 1185 1931 1215 His
1945 1186 2039 1216 verba
2055 1197 2112 1217 sua
2129 1187 2235 1218 adiicit
2251 1188 2398 1219 Zornius:

1323 1227 1411 1257 Iuvit
1433 1227 1637 1266 Buddaeum,
1662 1228 1821 1269 inquiens,
1839 1230 2000 1270 producto
2024 1232 2056 1261 in
2081 1231 2220 1262 medium
2246 1241 2321 1269 uno,
2348 1233 2398 1263 al-

1323 1276 1432 1302 terove
1455 1273 1634 1303 testimonio
1657 1273 1838 1311 declarare,
1856 1284 1939 1315 quae
1957 1275 1997 1305 de
2013 1276 2135 1306 viribus
2151 1276 2243 1306 liberi
2257 1277 2396 1314 arbitrii,

1323 1316 1425 1355 deque
1449 1318 1640 1348 ‘necessitate
1664 1323 1694 1348 et
1717 1318 1865 1359 efficacia
1896 1321 2028 1360 gratiae
2051 1330 2141 1350 mens
2174 1321 2243 1351 eius
2266 1320 2400 1362 fuerit:

1323 1360 1454 1401 ipseque
1477 1361 1613 1392 Zornius
1636 1361 1752 1392 thesim
1775 1362 1863 1392 illam
1888 1363 1984 1401 addit,
2009 1374 2090 1404 quae
2115 1365 2274 1395 hominem
2299 1375 2398 1396 enun-

1323 1404 1384 1435 ciat
1415 1406 1446 1435 in
1477 1407 1606 1446 negotio
1637 1408 1854 1438 conversionis
1880 1409 2032 1448 passive,
2065 1414 2101 1439 ut
2136 1409 2277 1450 theologi
2311 1410 2399 1451 loqui

1322 1449 1442 1486 solent,
1466 1458 1503 1480 se
1525 1450 1652 1481 habere.
1677 1451 1738 1481 Pro
1763 1452 1881 1482 meritis
1897 1453 2041 1493 Aquinas
2061 1453 2234 1484 celebratur
2257 1454 2305 1484 vir
2330 1464 2397 1485 ma-

1322 1502 1387 1532 gno
1403 1499 1434 1523 et
1449 1494 1613 1525 excellenti
1634 1494 1763 1534 ingenio
1781 1497 1951 1536 praedituS.
1969 1497 2121 1537 Elogium
2139 1497 2206 1528 eius
2230 1498 2395 1538 Erasmus,

1322 1537 1420 1576 gratia
1445 1537 1533 1568 nulla
1560 1538 1593 1568 in
1617 1538 1724 1579 ipsum
1747 1540 1877 1578 ductus,
1901 1541 1950 1571 his
1978 1542 2080 1572 verbis
2111 1549 2252 1573 texuerat
2274 1542 2307 1573 in
2331 1545 2396 1574 An-

1322 1581 1541 1612 notationibus
1567 1583 1607 1612 ad
1633 1590 1728 1623 caput
1743 1594 1754 1613 1
1769 1584 1931 1624 Epistolae
1957 1586 1996 1615 ad
2019 1586 2200 1617 Romanos:
2226 1588 2303 1618 Adeo
2329 1589 2398 1628 qui-

1322 1626 1393 1656 dem
1419 1627 1527 1657 animo
1551 1627 1662 1658 nullus
1685 1633 1732 1658 est
1755 1630 1930 1659 recentium
1951 1630 2186 1671 theologorum,
2206 1632 2259 1662 cui
2275 1633 2398 1671 parsit

1321 1669 1492 1711 diligentia
1516 1669 1622 1714 (sicuti
1646 1670 1820 1715 Thomae),
1841 1674 1894 1704 cui
1908 1675 2022 1705 sanius
2045 1675 2224 1715 ingenium,
2249 1677 2303 1706 cui
2322 1676 2397 1707 soli-

1321 1714 1395 1745 dior
1409 1715 1566 1747 eruditio:
1578 1716 1742 1757 planeque
1756 1717 1878 1758 dignus
1897 1723 1978 1756 erat,
1996 1720 2050 1749 cui
2065 1719 2255 1760 linguarum
2272 1729 2399 1761 quoque

1316 1760 1455 1799 peritia,
1481 1760 1670 1801 reliquaque
1692 1761 1849 1792 bonarum
1874 1762 2056 1794 litterarum
2080 1764 2250 1804 suppellex
2273 1766 2397 1796 contin-

1321 1809 1433 1844 geret,
1458 1805 1514 1845 qui
1537 1806 1577 1835 iis
1599 1815 1682 1846 quae
1699 1815 1763 1846 per
1786 1816 1856 1836 eam
1888 1812 2103 1848 tempestatem
2128 1808 2306 1846 dabantur,
2331 1814 2396 1840 tam

1321 1848 1436 1879 dextre
1450 1849 1492 1879 sit
1507 1858 1594 1880 usus.
1610 1850 1780 1889 Augustini
1795 1850 1932 1891 vestigiis
1947 1851 2144 1883 insistentem
2163 1853 2271 1893 ipsum
2291 1853 2398 1894 Opera

1322 1892 1390 1922 eius
1414 1893 1521 1933 palam
1544 1893 1678 1925 faciunt:
1703 1904 1739 1925 ac
1763 1895 1994 1934 Pelagianismo
2011 1897 2140 1927 adversa
2161 1898 2324 1928 tradidisse
2340 1898 2397 1929 do-

1323 1944 1471 1968 cumenta
1500 1948 1548 1968 res
1579 1944 1626 1969 est
1654 1939 1916 1979 compertissima.
1948 1940 2009 1971 Sed
2033 1941 2227 1982 Aquinatem
2250 1950 2397 1974 nostrum

1323 1981 1420 2022 longe
1443 1983 1563 2013 rectius
1585 1983 1617 2013 in
1643 1993 1693 2022 eo,
1713 1983 1803 2024 quod
1826 1984 1866 2014 ad
1889 1984 2005 2024 gratiae
2020 1985 2144 2016 divinae
2163 1986 2278 2017 auxilia
2302 1987 2396 2028 perti-

1323 2032 1387 2064 net,
1407 2026 1540 2057 sensisse
1564 2027 1724 2067 dogmate,
1741 2037 1838 2069 quam
1854 2029 1948 2060 hodie
1961 2030 2110 2060 Romana
2125 2030 2272 2062 Ecclesia
2288 2032 2396 2070 sentit,

1323 2078 1545 2102 commentum
1567 2078 1614 2102 est
1632 2071 1903 2103 heterodoxorum
1922 2073 2170 2105 audacissimum
2189 2082 2221 2106 et
2235 2075 2396 2107 insanum.

1323 2114 1549 2146 Rectissimum
1568 2116 1619 2146 ille
1635 2115 1668 2146 in
1684 2126 1720 2147 ea
1735 2116 1808 2147 fidei
1825 2117 1997 2149 catholicae
2021 2125 2108 2159 parte
2125 2129 2255 2150 sensum
2273 2120 2396 2159 habuit,

1323 2166 1490 2200 propterea
1504 2161 1594 2201 quod
1608 2161 1730 2201 egregie
1745 2162 1895 2202 expressit
1911 2162 2084 2204 docuitque
2099 2164 2187 2204 quod
2203 2164 2294 2203 olim,
2307 2165 2398 2206 quod

1323 2204 1430 2243 hodie,
1454 2205 1544 2245 quod
1567 2214 1692 2245 semper
1715 2206 1826 2236 eadem
1849 2206 1951 2237 tenuit
1967 2207 2107 2238 Ecclesia
2123 2208 2279 2240 Romana.
2305 2208 2396 2240 Libe-

1323 2259 1397 2279 rum
1419 2249 1594 2287 arbitrium,
1611 2249 1692 2280 sicut
1706 2250 1774 2290 ipsa
1794 2250 1897 2289 docet,
1914 2258 2021 2282 tuetur
2035 2252 2181 2283 Thomas
2197 2263 2232 2284 ac
2251 2253 2396 2293 illustrat,

1324 2299 1397 2334 post
1420 2293 1509 2324 Adae
1532 2294 1661 2334 culpam
1680 2294 1835 2325 intactum
1849 2305 1935 2334 sane,
1951 2296 2006 2327 sed
2025 2303 2235 2336 attenuatum,
2251 2297 2397 2329 immune

1323 2345 1429 2369 tamen
1454 2347 1472 2368 a
1495 2338 1677 2370 necessitate
1705 2346 1736 2370 et
1759 2339 1933 2371 coactione.
1968 2340 2093 2372 Gratiae
2117 2341 2241 2373 divinae
2270 2342 2395 2382 auxilia,

1323 2382 1406 2413 sicut
1428 2382 1574 2413 Romana
1599 2383 1738 2414 Ecclesia
1770 2384 1883 2422 sentit,
1914 2385 2088 2416 necessaria
2119 2386 2214 2417 docet
2243 2387 2283 2417 ad
2312 2396 2396 2427 opus

1323 2426 1553 2468 quodcumque
1577 2427 1722 2466 salutare,
1740 2428 1780 2458 ad
1795 2429 2036 2469 poenitentiam,
2051 2430 2091 2460 ad
2106 2430 2308 2462 dilectionem
2324 2430 2396 2470 Dei,

1324 2471 1364 2502 ad
1387 2471 1640 2510 conversionem,
1660 2472 1700 2502 ad
1716 2482 1848 2503 omnem
1867 2483 1949 2514 quae
1968 2473 2223 2506 iustificationem
2239 2475 2398 2516 praecedit

1324 2515 1578 2556 dispositionem,
1589 2517 1629 2547 ad
1648 2516 1808 2548 meritum.
1826 2517 1967 2548 Gratiam
1986 2518 2146 2550 efficacem
2160 2520 2313 2559 agnoscit,
2329 2519 2395 2552 suf-

1323 2559 1483 2590 ficientem
1499 2560 1673 2600 distinguit,
1690 2571 1754 2602 qua
1773 2572 1946 2602 possumus
1965 2570 2131 2604 praecepta
2150 2571 2288 2596 servare:
2305 2565 2397 2606 quod

1325 2611 1497 2645 utrumque
1521 2605 1639 2645 dogma
1662 2605 1700 2636 ab
1724 2606 1864 2636 Ecclesia
1887 2607 2034 2637 Romana
2057 2608 2186 2648 accepit.
2211 2609 2299 2640 Haec
2322 2619 2395 2640 ana-

1323 2648 1462 2679 themate
1485 2649 1619 2688 perculit
1642 2648 1796 2680 efficaciae
1818 2650 1903 2681 illius
1926 2651 2054 2689 modos,
2071 2652 2127 2692 qui
2150 2659 2262 2692 postea
2280 2653 2396 2684 invecti

1324 2698 1408 2730 sunt,
1434 2693 1643 2731 Lutheranos‚
1668 2693 1883 2734 Calvinianos,
1908 2695 2121 2734 lansenianos,
2141 2706 2177 2726 ac
2196 2697 2292 2727 etiam
2306 2706 2394 2737 prae-

1324 2736 1526 2767 damnaverat
1545 2737 1700 2775 Thomas,
1717 2737 1834 2768 arbitrii
1858 2738 1975 2770 scilicet
1996 2738 2130 2770 libertati
2147 2740 2304 2772 inimicos.
2322 2741 2394 2772 Mo-

1324 2781 1382 2810 dos
1406 2780 1485 2810 alios
1509 2780 1674 2819 efficaciae,
1694 2781 1749 2822 qui
1766 2781 1851 2812 salva
1865 2782 1953 2813 liberi
1973 2783 2089 2814 arbitrii
2105 2790 2259 2824 potestate
2276 2785 2393 2816 dissen-

1323 2824 1421 2855 tiendi
1445 2832 1688 2865 propugnantur
1710 2825 1743 2856 in
1767 2826 1903 2864 scholis,
1933 2827 2043 2858 eadem
2073 2828 2226 2868 permittit
2248 2829 2395 2860 Romana

1323 2868 1479 2899 Ecclesia:
1504 2869 1704 2910 modumque
1728 2880 1824 2900 suum
1839 2871 1968 2911 exponit
1981 2871 2136 2912 Aquinas,
2156 2883 2254 2914 quem
2279 2873 2395 2905 doctis-

1323 2912 1396 2943 simi
1412 2913 1469 2943 viri
1485 2913 1719 2954 amplectuntur
1737 2924 1773 2945 ac
1789 2915 1927 2945 Romani
1946 2915 2114 2947 Pontifices
2133 2918 2371 2950 commendant.

1391 2957 1429 2988 11.
1453 2957 1540 2988 Nihil
1560 2968 1634 2998 ergo
1653 2958 1733 2989 iuvit
1746 2958 1945 2998 Buddaeum,
1961 2959 2040 2990 nihil
2054 2961 2221 2999 Zornium,
2237 2962 2396 3003 praedicta

1323 3001 1460 3032 indicare
1484 3002 1638 3043 exempla,
1658 3009 1694 3034 ut
1712 3003 1876 3034 Thomam
1900 3014 1974 3035 cum
1993 3005 2140 3036 Romana
2151 3006 2292 3037 Ecclesia
2307 3016 2394 3038 com-

1323 3046 1492 3077 mitterent.
1512 3047 1695 3085 Dorschaei‚
1715 3057 1813 3089 quem
1835 3048 1976 3087 laudant,
2000 3049 2190 3081 vanissimos
2213 3058 2346 3082 conatus
2361 3050 2395 3082 in

1323 3090 1439 3121 eodem
1454 3092 1673 3131 pertractando
1687 3099 1875 3132 argumento
1891 3092 1955 3123 iam
1971 3093 2050 3124 olim
2066 3102 2294 3135 compresserat
2303 3095 2395 3127 Tho-

1323 3145 1391 3165 mas
1415 3135 1583 3174 Leonardi,
1607 3136 1663 3176 qui
1687 3135 1842 3176 singulare
1862 3144 1971 3168 contra
1986 3138 2153 3169 doctorem
2176 3139 2395 3171 Lutheranum

1323 3179 1412 3210 editit
1430 3189 1513 3220 opus
1532 3179 1685 3211 Bruxellis
1704 3190 1790 3211 anno
1813 3181 1904 3212 1661.
1921 3182 2128 3222 Diligentiore
2144 3183 2236 3214 liceat
2251 3183 2394 3215 examine

1323 3223 1439 3254 thesim
1461 3224 1653 3264 expendere,
1677 3234 1776 3265 quam
1799 3225 1946 3257 Thomae
1969 3227 2121 3268 Aquinati
2154 3227 2295 3259 attribuit
2316 3228 2394 3259 Zor-

1323 3268 1405 3299 nius.
1425 3268 1518 3300 Putat
1532 3268 1585 3299 ille
1601 3268 1746 3299 docuisse
1762 3270 2003 3310 Praeceptorem
2021 3271 2222 3311 Angelicum,
2233 3272 2391 3303 hominem

1323 3313 1356 3342 in
1374 3314 1503 3354 negotio
1522 3314 1739 3345 conversionis
1747 3315 1879 3354 passive
1893 3324 1928 3345 se
1942 3315 2069 3347 habere.
2087 3316 2211 3347 lnscitia
2228 3323 2259 3348 et
2274 3315 2395 3347 insania

1323 3363 1370 3387 est
1385 3357 1594 3397 putidissime.
1615 3357 1748 3399 inquirit
1763 3358 1816 3389 ille
1835 3359 1942 3397 1¹11¹⁶,
1959 3369 2014 3400 qu.
2034 3370 2117 3398 cxm,
2128 3367 2183 3391 art.
2202 3370 2254 3399 111,
2277 3360 2392 3391 Utrum

1323 3401 1366 3432 ad
1390 3401 1646 3443 iustificationem
1672 3403 1761 3443 impii
1784 3404 1974 3444 requiratur
1995 3410 2100 3435 motus
2123 3405 2216 3435 liberi
2236 3404 2394 3435 arbitrii?

1323 3445 1527 3486 Responsum
1552 3446 1679 3487 accipe:
1708 3459 1723 3474 ι
1736 3446 1916 3478 Dicendum
1932 3448 2021 3489 quod
2040 3448 2220 3480 iustificatio
2239 3447 2330 3488 impii
2346 3447 2392 3487 fit,

1325 3501 1340 3516 »
1359 3490 1429 3520 Deo
1453 3497 1602 3521 movente
1626 3490 1792 3521 hominem
1811 3492 1850 3522 ad
1873 3491 2043 3523 iustitiam:
2067 3493 2135 3533 ipse
2157 3492 2244 3523 enim
2267 3498 2313 3523 est
2335 3492 2392 3533 qui

1326 3546 1341 3562 »
1363 3533 1510 3566 iustificat
1531 3534 1680 3575 impium,
1697 3541 1733 3566 ut
1749 3535 1862 3566 dicitur
1877 3536 1967 3567 Rom.
1985 3545 2033 3568 111.
2057 3537 2144 3567 Deus
2158 3542 2266 3567 autem
2285 3543 2395 3567 movet

1326 3590 1340 3606 »
1363 3578 1473 3609 omnia
1495 3579 1672 3610 secundum
1696 3580 1832 3610 modum
1856 3580 2122 3621 uniuscuiusque:
2147 3579 2229 3611 sicut
2250 3579 2284 3610 in
2303 3587 2393 3611 natu-

1326 3635 1341 3650 »
1363 3622 1481 3653 talibus
1503 3622 1659 3662 videmus,
1684 3623 1774 3664 quod
1796 3623 1885 3654 aliter
1908 3630 2078 3655 moventur
2093 3624 2132 3654 ab
2151 3623 2222 3664 ipso
2241 3624 2347 3664 gravia
2363 3632 2395 3656 et
