2548 4192
947 261 1002 297 IN
1033 262 1070 298 S.
1093 261 1335 298 THOMAM
1362 263 1687 309 AQUINATEM

220 353 236 368 ι
257 340 320 371 Sed
343 339 405 370 hoc
428 345 508 370 stare
531 349 598 370 non
621 345 742 379 potest:
771 339 864 380 quia,
889 339 970 370 sicut
993 339 1115 370 dictum
1138 346 1200 378 est,
1224 339 1293 379 ipsa

220 397 236 412 »
258 384 354 415 etiam
376 384 462 414 bona
485 383 596 414 merita
625 390 699 414 sunt
721 383 846 414 homini
870 394 887 414 a
911 384 981 414 Deo
1013 390 1044 415 et
1067 390 1142 414 sunt
1165 383 1292 423 praede-

219 441 234 456 »
258 428 434 459 stinationis
458 427 614 458 effectus»
641 434 699 458 etc.
725 427 851 458 Coecus
876 434 932 466 est,
957 428 1013 469 qui
1037 438 1104 458 non
1122 428 1227 458 videat
1246 437 1292 457 er-

217 482 304 503 rores
319 473 402 503 duos
417 483 436 503 a
454 472 584 502 Thoma
607 472 845 512 diligentissime
866 472 1044 504 distinctos:
1067 472 1202 503 alterum
1220 482 1292 511 ope-

217 527 290 548 rum
316 518 606 558 praeexistentiam
636 517 668 546 in
695 517 762 547 alia
788 518 852 547 vita
862 540 872 555 ‚
908 522 943 547 ut
969 518 1080 558 posuit
1114 516 1294 557 Origenes:

217 562 352 592 alterum
373 571 506 602 operum
524 562 816 601 praeexistentiam
832 563 864 592 in
880 562 942 592 hac
956 563 1032 599 vita,
1048 561 1134 602 quod
1151 562 1294 601 pertinet

217 605 262 636 ad
283 606 441 636 haeresim
465 605 688 646 Pelagianam.
720 606 791 645 Ipsa
814 606 914 644 ratio,
945 615 1009 647 qua
1037 605 1223 645 Pelagianos
1247 614 1293 635 re-

218 649 296 681 tellit
319 650 475 688 Thomas,
498 649 653 680 haeresim
677 659 791 680 eorum
814 650 953 690 positam
975 650 1009 680 in
1032 659 1168 690 operum
1187 659 1293 690 praee-

216 694 362 725 xistentia
375 694 408 724 in
427 694 486 725 hac
503 694 567 724 vita
594 694 667 724 satis
689 694 822 725 indicat:
842 695 899 726 sed
912 695 972 726 hoc
985 700 1074 726 stare
1093 704 1156 725 non
1175 698 1292 734 potest,

216 739 294 779 quia
318 740 388 779 ipsa
411 740 506 769 etiam
531 738 613 768 bona
637 740 764 776 merita,
790 749 872 780 quae
890 739 924 770 in
947 739 1005 770 hac
1028 739 1093 769 vita
1107 748 1293 778 comparan-

217 789 279 821 tur,
303 788 380 814 sunt
401 783 523 814 homini
545 793 565 813 a
584 783 654 813 Deo
679 789 709 814 et
731 789 807 814 sunt
823 784 1131 824 praedestinationis
1150 782 1291 823 effectus.

217 827 380 858 Structura
403 827 574 858 verborum
604 827 637 857 in
666 827 729 858 divi
753 828 901 859 Thomae
930 834 1037 866 textu,
1067 838 1150 868 quae
1178 827 1294 867 cuique

216 871 323 912 pervia
338 881 374 902 ac
388 872 483 912 plana
497 878 554 910 est,
574 872 698 912 decepit
721 872 865 903 criticum
889 872 1088 910 Simonium;
1112 871 1168 913 qui
1183 871 1293 911 paullo

217 916 383 946 attentiore
397 923 503 946 mente
518 922 640 947 textum
659 917 685 946 si
701 917 916 957 ponderasset,
940 926 1079 947 errorem
1100 915 1292 954 eiuravisset‚

216 970 316 1001 quem
339 967 405 991 tam
428 961 534 991 bonus
557 961 713 992 hauserat.

284 1005 369 1036 Hinc
392 1005 537 1046 iniquam
560 1015 744 1043 censuram,
769 1015 832 1046 qua
855 1005 1021 1036 Thomam
1045 1004 1157 1042 afficit,
1182 1004 1294 1034 eadem

217 1049 331 1080 iniuria
355 1049 482 1080 adhibet
504 1050 556 1080 ille
569 1049 603 1079 in
617 1049 846 1089 Augustinum.
869 1049 957 1087 Quid
971 1055 1018 1080 est
1031 1055 1190 1089 praeterea
1204 1048 1294 1089 quod

217 1094 257 1124 ab
281 1093 419 1133 Origene
442 1094 574 1134 eiusque
598 1094 755 1124 erroribus
778 1101 845 1125 tam
863 1094 963 1133 longo
979 1093 1105 1124 dissitos
1128 1092 1293 1123 intervallo

217 1138 403 1178 Pelagianos
426 1135 620 1168 constituat?
649 1138 765 1168 Nonne
788 1139 860 1169 trita
883 1144 958 1169 sunt
981 1137 1171 1178 Hieronymi
1195 1137 1292 1174 dicta,

217 1181 458 1222 pronunciantis
481 1182 514 1212 in
533 1182 678 1222 Epistola
702 1183 741 1213 ad
763 1182 976 1214 Ctesifontem
999 1182 1101 1222 capite
1116 1189 1152 1212 11:
1167 1181 1295 1222 Pelagii

215 1226 397 1258 doctrinam
421 1235 491 1257 esse
513 1227 734 1258 ramusculum
763 1227 935 1268 Origenis,·
958 1233 988 1257 et
1001 1226 1082 1256 libro
1105 1226 1117 1256 1
1144 1226 1294 1256 adversus

215 1270 382 1310 Pelagium
412 1270 514 1311 capite
541 1278 602 1302 vu:
633 1272 887 1313 Pelagianorum
917 1272 1110 1312 magistrum
1139 1280 1208 1301 esse
1232 1268 1292 1301 τὸν

218 1313 376 1359 ἀρχαῖον,
400 1322 567 1355 auctorem
591 1326 707 1356 nempe
731 1316 836 1357 operis
859 1315 933 1359 περὶ
951 1314 1081 1359 ἀρχῶν;
1105 1321 1136 1345 et
1154 1315 1235 1345 libro
1251 1315 1292 1345 111

194 1357 612 1391 -aiustiem”lucubrationis
635 1361 667 1390 in
692 1360 756 1391 fine
778 1360 933 1401 postremi
953 1360 1074 1401 capitis,
1098 1360 1293 1400 Pelagiano-

215 1413 289 1435 rum
308 1405 467 1435 amasium
483 1405 671 1445 appellantis
688 1403 880 1445 Origenem?
893 1406 1010 1436 Nonne
1024 1404 1082 1435 viri
1097 1404 1194 1442 docti,
1209 1414 1293 1445 quos

213 1448 296 1480 inter
318 1458 466 1480 memoro
489 1449 656 1480 Danielem
681 1450 838 1480 Huetium
862 1450 895 1480 in
923 1449 1135 1490 origenianis,
1160 1449 1292 1479 demon-

214 1499 353 1525 mat-unt
382 1493 416 1524 in
439 1494 569 1534 negotio
601 1495 639 1525 de
663 1494 787 1525 divinae
811 1494 927 1535 gratiae
951 1494 1074 1525 auxiliis
1097 1493 1182 1524 haud
1211 1500 1293 1524 recte

214 1537 349 1569 sensisse
372 1537 556 1578 origenem,
581 1549 780 1580 quamquam
803 1539 912 1579 potius
940 1538 1095 1569 haeresim
1119 1538 1292 1578 Semipela-

215 1581 385 1622 gianorum
404 1583 640 1623 praeformavit,
655 1594 754 1624 quarn
767 1581 989 1623 Pelagianam?
1005 1583 1125 1613 invexit
1138 1583 1190 1613 ille
1205 1593 1292 1623 prae-

214 1631 300 1658 terea
323 1628 607 1668 impassibilitatem
630 1638 686 1658 seu
717 1629 978 1668 impeccantiam,
1003 1637 1102 1669 quam
1120 1627 1217 1658 etiam
1235 1627 1294 1657 Pe-

215 1670 332 1711 lagiarii
354 1672 648 1712 adoptarunt;·alia
671 1679 790 1711 tamen,
814 1680 845 1704 et
867 1673 928 1703 alia
951 1672 1095 1703 eiusdem
1118 1672 1162 1702 rei
1182 1681 1292 1702 conse-

216 1715 362 1756 quendae
390 1717 528 1756 permoti
556 1717 601 1747 illi
629 1717 761 1748 ratione.
795 1717 884 1755 Quid
914 1723 961 1748 est
988 1723 1172 1757 postremo,
1203 1716 1293 1757 quod

216 1759 380 1791 Simonias
399 1761 456 1792 ait:
474 1762 563 1792 Tuto
581 1761 713 1802 defendi
725 1771 823 1802 posse
837 1762 956 1802 absque
970 1766 1047 1792 nota
1060 1761 1294 1801 Pelagianismi

209 1805 449 1845 praevisionem
477 1806 695 1836 meritorum?
717 1806 836 1837 Saltem
865 1805 1052 1843 addidisset,
1077 1805 1187 1836 merita
1211 1815 1293 1846 quae

214 1849 458 1890 praevidentur,
481 1849 639 1890 proficisci
663 1860 681 1880 a
703 1850 821 1890 gratia;
850 1850 1048 1890 gratiamque
1078 1849 1186 1887 illam,
1211 1859 1293 1890 quae

211 1895 428 1934 praeveniens
451 1894 576 1931 dicitur,
600 1894 687 1925 haud
710 1894 803 1926 inniti
827 1894 1085 1935 praecedentium
1105 1894 1293 1925 meritorum

214 1937 426 1978 praevisione,
450 1945 487 1970 ut
510 1939 656 1970 catholici
679 1949 792 1970 omnes
811 1938 1010 1980 profitentur.
1036 1939 1147 1978 Longe
1162 1939 1293 1980 quidem

215 1979 394 2025 (neminem
416 1981 505 2026 latet)
529 1984 568 2014 ab
591 1983 764 2024 Augustini
788 1994 824 2014 ac
847 1984 995 2014 Thomae
1019 1983 1173 2014 sententia
1188 1984 1294 2014 aberat

215 2034 345 2058 censor:
370 2034 402 2058 at
424 2037 457 2058 se
481 2027 655 2059 refutatum
677 2028 716 2058 ab
740 2028 895 2069 Angelico
919 2029 1059 2059 Doctore
1079 2028 1196 2059 *sentiat
1219 2027 1292 2058 loco

215 2070 332 2110 citato,
355 2072 430 2103 Alio
461 2073 571 2110 modo,
603 2073 787 2114 inquiente,
805 2079 913 2114 potest
936 2073 1091 2114 intelligi,
1118 2078 1153 2103 ut
1175 2073 1294 2113 aliquis

215 2115 347 2147 dicatur
373 2116 495 2158 dignus
518 2118 756 2155 misericordia,
782 2128 845 2148 non
871 2123 1008 2158 propter
1035 2117 1147 2158 aliqua
1177 2118 1292 2148 merita

210 2161 442 2200 praecedentia
469 2163 634 2202 gratiam,
659 2163 716 2194 sed
737 2167 875 2203 propter
904 2163 1019 2193 merita
1047 2163 1294 2203 subsequentia:

209 2209 294 2245 puta
318 2210 355 2236 ut
376 2205 538 2244 dicamus,
563 2207 649 2247 quod
671 2208 762 2238 Deus
784 2207 842 2238 dat
863 2207 964 2238 alicui
985 2208 1141 2248 gratiam,
1167 2212 1197 2237 et
1214 2215 1292 2246 pro-

199 2255 203 2258 *
210 2250 322 2289 posuit
344 2249 385 2280 ab
407 2255 540 2281 aeterno
564 2251 613 2281 illi
630 2261 665 2282 se
678 2252 843 2289 daturum,
859 2261 952 2292 quem
965 2252 1143 2292 praescivit
1161 2261 1199 2281 ea
1214 2251 1293 2281 bene

204 2292 290 2334 fore
312 2303 483 2325 usurum...
508 2295 572 2326 Sed
595 2296 724 2326 videtur
739 2296 825 2337 quod
839 2306 898 2326 nec
915 2297 975 2327 hoc
988 2297 1216 2327 convenienter
1228 2295 1294 2325 dici

207 2338 322 2378 possit.
346 2339 562 2380 Manifestum
587 2345 634 2370 est
648 2341 744 2378 enim,
760 2340 845 2381 quod
860 2341 940 2371 nihil
948 2346 1055 2381 potest
1063 2341 1144 2381 poni
1159 2345 1194 2370 ut
1208 2340 1292 2370 ratio

208 2382 529 2422 praedestinationis,
539 2385 625 2425 quod
639 2390 686 2415 est
694 2385 1003 2425 praedestinationis
1011 2384 1154 2425 effectus,
1167 2385 1293 2414 etiamsi

213 2427 396 2467 accipiatur
412 2434 515 2468 prout
537 2434 584 2459 est
607 2430 640 2459 in
655 2430 719 2459 Dei
736 2430 978 2470 praescientia:
1000 2430 1076 2470 quia
1100 2429 1184 2459 ratio
1193 2438 1291 2468 prae-

214 2470 439 2502 destinationis
456 2473 738 2514 praeintelligitur
752 2473 1055 2513 praedestinationi,
1077 2473 1210 2513 effectus
1232 2482 1291 2502 au-

216 2520 278 2546 tem
303 2516 335 2545 in
360 2517 430 2556 ipsa
454 2517 641 2548 includitur.
661 2517 875 2558 Manifestum
895 2522 942 2548 est
965 2523 1084 2554 autem,
1100 2517 1186 2558 quod
1199 2526 1292 2546 omne

215 2559 279 2589 Dei
292 2559 491 2601 beneficium,
506 2561 592 2602 quod
605 2561 726 2592 homini
740 2561 867 2603 confert
881 2562 925 2592 ad
937 2562 1086 2599 salutem,
1103 2567 1150 2592 est
1163 2561 1292 2591 divinae

209 2603 518 2644 praedestinationis
541 2605 693 2646 effectus:
716 2606 860 2637 divinum
884 2611 992 2636 autem
1017 2606 1202 2647 beneficium
1228 2615 1291 2635 non

215 2647 320 2679 solum
345 2649 488 2680 extendit
509 2659 545 2680 se
566 2650 611 2680 ad
625 2650 820 2691 infusionem
834 2652 976 2691 gratiae,
991 2660 1055 2691 qua
1070 2651 1163 2681 homo
1177 2650 1254 2680 iusti
1278 2667 1291 2672 -

216 2697 322 2731 catur,
346 2693 404 2724 sed
426 2695 522 2724 etiam
546 2694 590 2725 ad
611 2696 742 2735 gratiae
766 2705 870 2726 usum.
895 2695 980 2735 Lege
1003 2701 1134 2733 caetera,
1158 2704 1240 2735 quae
1259 2694 1291 2724 in

215 2736 298 2768 hanc
321 2747 389 2768 rem
412 2738 526 2769 docere
549 2739 661 2779 pergit,
686 2739 927 2779 elegantissima.

599 2835 800 2874 CAPUT
838 2837 907 2873 IV.

216 2927 341 2952 Eiusdem
359 2928 467 2953 Simonii
487 2929 551 2954 aliae
569 2937 696 2955 censurae
719 2929 874 2954 refelluntur
898 2930 930 2954 de
949 2930 1028 2954 modo
1047 2930 1171 2955 motionis
1191 2930 1292 2956 divinae

289 2963 322 2987 ad
335 2968 408 2988 actus
422 2964 515 2989 malos.
530 2965 569 2990 De
583 2965 703 2990 haeretici
717 2965 837 2996 notione,
858 2970 936 2998 atque
957 2966 1238 2991 transubstantiatione.
1253 2966 1292 2991 De

290 2998 439 3024 adoratione
457 3000 557 3025 Crucis.

221 3088 244 3119 Ι,
266 3081 426 3163 Eodem
439 3086 600 3126 Epistolae
615 3088 655 3118 ad
669 3089 834 3119 Romanos
849 3099 938 3119 nono
953 3089 1055 3130 capite
1071 3089 1111 3119 ad
1132 3089 1184 3120 illa
1198 3090 1293 3120 verba

328 3135 358 3161 r.
379 3137 434 3172 17:
453 3130 541 3161 Dicit
559 3132 654 3162 etiam
669 3132 840 3173 Scriptura
855 3134 1020 3164 Pharaoni
1034 3132 1151 3176 (Exodi
1166 3144 1233 3174 cap.
1248 3144 1291 3172 lx,

219 3187 299 3208 vers.
321 3173 374 3217 16)
397 3175 474 3215 quia
498 3175 530 3205 in
554 3175 614 3206 hoc
635 3177 738 3216 ipsum
763 3179 902 3209 excitavi
920 3184 962 3216 te,
980 3183 1016 3208 ut
1029 3178 1194 3209 ostendam
1214 3179 1246 3208 in
1262 3183 1293 3209 te

221 3222 370 3253 virtutem
394 3228 516 3256 meam,
542 3220 662 3251 criticas
685 3221 812 3252 adhibet
833 3232 868 3253 ac
887 3222 1081 3262 theologicas
1096 3222 1292 3253 animadver-

221 3266 326 3296 siones
351 3263 442 3294 divus
465 3264 620 3295 Thomas.
644 3265 822 3297 Admonet:
838 3266 1021 3297 Secundum
1036 3267 1135 3297 aliam
1151 3267 1291 3297 litteram

235 3310 322 3351 apud
341 3307 626 3350 Ambrosiastrum)
641 3308 714 3348 legi,
727 3311 857 3341 servavi
870 3316 920 3341 te:
943 3317 974 3341 et
987 3316 1131 3341 nostram
1151 3311 1291 3341 litteram

234 3355 307 3385 loco
323 3355 417 3385 citato
433 3351 550 3395 Exodi)
564 3353 692 3390 habere,
702 3355 800 3393 posui
814 3359 854 3384 te.
869 3355 958 3384 Tum
973 3354 1144 3385 sententiae
1159 3355 1293 3394 planum

219 3399 308 3430 affert
330 3397 539 3439 perviumque
563 3404 710 3427 sensum:
734 3410 749 3426 ‹
763 3397 1042 3429 Considerandum
1056 3405 1112 3434 est,
1133 3399 1290 3438 inquiens,

222 3455 238 3471 »
259 3443 338 3484 quid
361 3443 448 3473 Deus
472 3441 551 3472 circa
575 3441 728 3481 reprobos
756 3442 866 3479 ficiat,
891 3442 980 3482 quod
1004 3442 1142 3472 ostendit
1164 3442 1290 3472 dicens:

223 3499 238 3514 ›
260 3487 300 3518 In
324 3487 384 3518 hoc
407 3487 509 3526 ipsum
524 3486 653 3516 servavi
676 3490 726 3523 te;
748 3485 838 3524 idest,
854 3485 969 3525 dignus
985 3495 1051 3515 eras
1066 3485 1148 3516 mori
1163 3493 1292 3525 propter

223 3543 238 3558 ιι
260 3531 344 3562 mala
367 3541 449 3572 quae
480 3530 614 3560 feceras:
639 3530 694 3560 sed
717 3536 824 3560 tamen
855 3539 922 3560 non
946 3529 1050 3560 statim
1073 3529 1130 3560 tibi
1154 3536 1292 3560 mortem

222 3586 239 3602 2
259 3575 387 3614 induxi,
411 3575 467 3606 sed
490 3574 609 3605 servavi
632 3581 663 3605 te
685 3574 718 3604 in
741 3574 806 3604 vita
828 3584 867 3604 eo
897 3573 975 3611 fine,
999 3573 1055 3614 qui
1085 3573 1227 3614 sequitur
1256 3580 1292 3604 ut

224 3631 240 3646 ³
262 3619 378 3651 scilicet
405 3619 570 3651 ostendam
595 3620 627 3649 in
651 3624 682 3649 te
705 3619 854 3650 virtutem
883 3628 997 3649 meam.
1020 3631 1035 3646 »
1061 3617 1132 3648 Pari
1159 3617 1289 3658 intelligi

2338 284 2420 308 CXIX

1349 350 1443 371 sensu
1467 352 1562 381 posse
1577 343 1725 383 Apostoli
1749 344 1839 375 Pauli
1862 345 2033 376 lectionem
2047 346 2156 378 docet:
2181 348 2221 379 In
2235 349 2295 380 hoc
2316 351 2418 390 ipsum

1350 386 1488 416 excitavi
1511 391 1558 417 te:
1583 400 1598 415 α
1612 388 1653 418 Et
1674 387 1708 418 in
1731 388 1794 419 hoc
1818 389 1913 419 etiam
1932 400 2037 429 sensu,
2058 392 2214 432 inquiens,
2236 400 2340 432 potest
2358 395 2420 434 legi

1352 441 1367 455 1>
1390 430 1477 469 quod
1503 430 1633 462 dicitur:
1658 432 1810 463 Excitavi
1833 438 1881 470 te;
1904 434 1994 472 idest,
2020 445 2094 465 cum
2113 436 2199 475 apud
2218 446 2270 466 me
2284 448 2342 476 pro
2358 439 2420 469 tuis

1352 484 1367 499 »
1390 473 1509 522 meritis
1532 482 1679 506 mortuus
1704 487 1801 515 esses,
1826 478 1967 508 concessi
1991 478 2047 509 tibi
2070 479 2179 517 vitam,
2203 481 2293 520 quasi
2316 488 2346 511 te
2370 492 2421 512 ex-

1353 528 1367 543 »
1391 524 1528 548 citarem.
1554 519 1588 549 In
1612 530 1678 560 qno
1703 528 1842 561 apparet,
1867 522 1956 562 quod
1979 523 2067 553 Deus
2090 523 2291 564 iniquitatem
2313 525 2346 555 in
2374 536 2420 556 re-

1353 572 1367 587 »
1390 561 1498 600 probis
1522 573 1588 593 non
1613 564 1703 602 facit;
1729 575 1803 595 curn
1826 566 1886 606 ipsi
1911 576 1947 596 ex
1971 567 2035 597 suis
2066 567 2185 598 meritis
2209 575 2312 599 essent
2335 569 2421 609 digni

1353 617 1367 631 »
1390 605 1496 636 statim
1520 608 1683 646 consumi;
1707 610 1762 639 sed
1785 610 1846 640 hoc
1870 610 1978 650 ipsum
2001 611 2091 652 quod
2110 621 2164 642 eos
2180 619 2281 643 servat
2298 612 2332 643 in
2346 613 2420 652 vita,

1352 661 1367 675 xo
1390 650 1533 689 procedit
1557 661 1594 681 ex
1617 652 1715 682 nimia
1739 664 1796 684 sua
1818 655 1995 685 bonitate.»
2022 655 2094 686 Alia
2117 656 2260 697 sequitur
2278 657 2421 688 eiusdem

1348 692 1412 724 loci
1436 696 1675 734 commentatio,
1690 707 1789 737 quam
1812 698 1992 738 diligentius
2013 706 2106 730 vocat
2120 700 2160 730 ad
2175 710 2306 731 examen
2319 701 2421 742 Aqui-

1349 745 1420 768 nas:
1445 738 1524 779 quid
1552 739 1585 769 in
1613 739 1682 779 ipsa
1705 743 1957 780 praecavendum
1986 744 2154 782 admonet;
2178 745 2256 785 quid
2279 745 2374 776 etiam
2394 746 2422 776 ei

1349 782 1533 813 addendum
1564 784 1692 823 profert.
1718 786 1820 815 Verba
1843 787 1959 825 refero,
1975 798 2057 828 quae
2076 789 2211 819 subdola
2226 790 2420 821 animadver-

1350 826 1439 857 sione
1463 837 1588 867 carpere
1611 828 1735 859 videtur
1759 829 1937 861 Simonius:
1966 844 1980 859 «
1999 832 2072 862 ΑΙίο
2088 833 2187 863 modo
2203 840 2307 873 potest
2330 834 2421 865 intel-

1352 883 1367 898 »
1389 871 1455 911 ligi,
1466 873 1605 903 excitavi
1620 877 1651 903 te
1666 873 1699 902 in
1710 881 1885 912 peccatum,
1898 882 1933 905 ut
1949 876 2084 906 deterior
2099 876 2164 907 fias.
2181 878 2279 915 Quod
2290 879 2422 919 quidem

1353 928 1367 942 »
1390 926 1457 946 non
1481 922 1527 946 est
1550 916 1791 956 intelligendum
1814 919 1876 949 hoc
1900 920 2011 958 modo,
2036 922 2125 961 quod
2139 922 2225 952 Deus
2239 922 2272 952 in
2290 923 2421 953 homine

1353 972 1367 987 >v
1390 967 1497 991 causet
1520 961 1690 991 malitiam:
1717 962 1771 992 sed
1795 970 1841 993 est
1863 962 2103 1003 intelligendum
2121 967 2322 1005 permissive,
2347 967 2423 1008 quia

1353 1016 1367 1031 »
1390 1004 1507 1035 scilicet
1535 1015 1571 1035 ex
1594 1005 1679 1036 iusto
1709 1016 1769 1036 suo
1793 1006 1911 1037 iudicio
1940 1009 2092 1047 permittit
2122 1010 2246 1050 aliquos
2274 1021 2364 1041 ruere
2387 1011 2420 1041 in

1353 1061 1367 1075 ι
1390 1055 1557 1088 peccatum
1585 1057 1715 1090 propter
1745 1051 1964 1090 praecedentes
1993 1052 2190 1093 iniquitates;
2219 1054 2299 1085 sicut
2327 1065 2423 1095 supra

1353 1105 1367 1119 »
1390 1093 1495 1133 primo
1520 1092 1619 1134 (cap.,
1638 1104 1719 1125 vers.
1737 1095 1797 1136 24)
1817 1095 1937 1126 dictum
1962 1103 2023 1127 est:
2045 1098 2190 1128 Tradidit
2209 1108 2262 1129 eos
2275 1100 2365 1130 Deus
2388 1101 2420 1130 in

1353 1149 1367 1164 »
1390 1138 1560 1177 reprobum
1583 1148 1724 1169 sensum.
1754 1139 1815 1169 Sed
1839 1140 1958 1180 aliquid
1982 1141 2118 1181 amplius
2141 1142 2265 1172 videtur
2288 1143 2365 1174 mihi
2388 1144 2422 1174 in

1353 1194 1367 1208 »
1390 1181 1453 1212 hoc
1477 1192 1543 1212 esse
1566 1182 1826 1222 intelligendum:
1851 1185 1926 1225 quia
1940 1184 2084 1216 videlicet
2107 1186 2256 1216 instinctu
2280 1188 2423 1227 quodam

1353 1238 1367 1253 ν
1389 1226 1530 1257 interiori
1554 1234 1725 1258 moventur
1748 1228 1894 1258 homines
1909 1239 1927 1259 a
1946 1229 2015 1259 Deo
2040 1230 2079 1259 ad
2102 1230 2226 1261 bonum
2250 1238 2280 1261 et
2303 1232 2342 1261 ad
2357 1242 2422 1262 ma-

1353 1282 1367 1297 »
1389 1270 1468 1301 lum.
1494 1271 1587 1302 Unde
1606 1272 1805 1311 Augustinus
1830 1272 1904 1304 dicit
1927 1273 1959 1303 in
1982 1273 2063 1304 libro
2081 1274 2119 1304 de
2134 1274 2241 1305 Gratia
2260 1282 2290 1305 et
2308 1275 2422 1306 Libero

1353 1327 1367 1342 »
1391 1315 1518 1346 arbitrio
1543 1314 1661 1358 (capite
1683 1315 1748 1359 xx),
1773 1318 1863 1358 quod
1877 1318 1968 1348 Deus
1981 1324 2136 1358 operatur
2155 1320 2187 1349 in
2207 1320 2355 1350 cordibus
2368 1321 2422 1350 ho-

1353 1372 1367 1386 »
1389 1361 1511 1390 minum
1536 1361 1580 1391 ad
1603 1361 1808 1392 inclinandas
1828 1371 1938 1392 eorum
1955 1363 2135 1393 voluntates
2157 1373 2354 1404 quocumque
2369 1374 2421 1395 vo-

1353 1416 1367 1431 »
1390 1405 1507 1443 luerit,
1533 1405 1597 1435 sive
1621 1406 1660 1435 ad
1684 1406 1769 1435 bona
1792 1415 1851 1446 pro
1876 1417 1933 1436 sua
1956 1407 2170 1438 misericordia
2194 1407 2258 1438 sive
2282 1409 2322 1438 ad
2340 1408 2423 1438 mala

1352 1461 1367 1475 »
1390 1459 1448 1489 pro
1463 1449 1582 1480 meritis
1599 1459 1722 1480 eorum.
1740 1450 1832 1481 Unde
1849 1457 1880 1481 et
1895 1451 1982 1481 Deus
1997 1451 2112 1482 dicitur
2135 1452 2259 1491 saepius
2274 1452 2423 1483 suscitare

1352 1505 1366 1520 ιο
1389 1493 1514 1534 aliquos
1543 1494 1582 1523 ad
1612 1494 1737 1524 bonum
1765 1495 1942 1526 secundum
1970 1495 2050 1526 illud
2080 1495 2219 1526 Danielis
2246 1506 2301 1526 xm
2324 1495 2423 1536 (cap.,

1351 1550 1366 1565 »
1391 1547 1472 1569 vers.
1483 1537 1548 1580 45)
1558 1546 1569 1568 .·
1584 1538 1758 1569 Suscitavit
1771 1539 1862 1570 Deus
1875 1541 2022 1580 spiritum
2032 1541 2131 1580 pueri
2145 1541 2290 1571 iunioris.
2302 1540 2425 1571 Dicitur

1352 1595 1366 1609 ιν
1389 1582 1485 1613 etiam
1508 1582 1658 1613 suscitare
1682 1583 1806 1624 aliquos
1830 1584 1868 1614 ad
1893 1584 2015 1615 malum
2033 1584 2225 1623 faciendum,
2246 1585 2423 1616 secundum

1352 1639 1366 1654 x»
1389 1627 1468 1657 illud
1493 1627 1588 1658 Isaiae
1602 1637 1656 1657 xm
1671 1626 1769 1667 (cap.,
1787 1638 1868 1658 vers.
1884 1638 1920 1668 17
1915 1628 1954 1670 ).·
1977 1629 2144 1659 Suscitabo
2159 1629 2284 1667 Medos,
2300 1630 2355 1670 qui
2373 1639 2423 1660 sa-

1352 1684 1366 1699 »
1388 1673 1480 1712 gittis
1497 1672 1657 1711 parvulos
1680 1672 1885 1713 interficiant.
1906 1673 2005 1703 Aliter
2028 1680 2134 1704 tamen
2158 1673 2198 1704 ad
2218 1674 2313 1712 bona,
2337 1673 2424 1704 aliter

1351 1728 1366 1743 »
1394 1716 1432 1746 ad
1457 1716 1584 1746 malm»
1612 1722 1648 1746 ut
1670 1715 1760 1747 infra.

1415 1759 1735 1790 Animadversionem
1759 1760 1894 1791 Simonii
1909 1761 1973 1791 iam
1996 1762 2118 1802 accipe:
2139 1775 2153 1790 ‹<
2171 1762 2232 1793 Sur
2250 1772 2300 1792 ces
2319 1769 2423 1793 autres

1351 1816 1366 1831 »
1389 1811 1474 1835 mots
1499 1805 1542 1835 du
1567 1805 1672 1834 meme
1694 1804 1852 1844 chapitre‚
1877 1805 1916 1835 In
1941 1807 2000 1836 hoc
2023 1807 2126 1846 ipsum
2150 1807 2289 1837 excitavi
2312 1812 2342 1837 te
2363 1813 2422 1838 etc.

1351 1861 1366 1876 »
1388 1849 1411 1879 il
1435 1849 1592 1879 embrasse
1616 1849 1645 1879 le
1669 1849 1839 1880 sentiment
1862 1850 1905 1880 du
1930 1850 2011 1880 saint
2033 1850 2204 1890 Augustin,
2221 1850 2277 1891 qui
2294 1861 2333 1881 ne
2347 1858 2424 1882 veut

1351 1906 1366 1920 »
1389 1893 1489 1934 qu'on
1513 1893 1648 1924 entende
1672 1893 1768 1924 d'une
1788 1893 1901 1934 simple
1916 1894 2116 1934 permission‚
2126 1896 2327 1935 permissive,
2343 1902 2423 1926 cette

1351 1950 1366 1965 »
1389 1937 1582 1978 expression,
1607 1938 1758 1968 Excitavi
1781 1943 1812 1968 te
1818 1946 1831 1975 ,·
1854 1948 1946 1978 parce
1969 1949 2032 1979 que
2050 1939 2133 1969 Dieu
2157 1949 2275 1979 pousse
2298 1949 2355 1979 par
2377 1949 2423 1970 un

1351 1995 1365 2009 ι»
1389 1982 1504 2013 certain
1528 1982 1656 2013 instinct
1679 1982 1896 2022 interieurjes
1919 1983 2067 2013 hommes
2082 1993 2123 2014 au
2140 1983 2214 2014 bien
2233 1990 2264 2014 et
2286 1994 2327 2014 au
2347 1984 2422 2022 mal,

1351 2039 1365 2054 w
1388 2037 1516 2057 comme
1540 2037 1564 2057 s.
1580 2026 1740 2066 Augustin
1763 2026 1893 2057 l'assure
1913 2028 1990 2057 dans
2010 2037 2069 2058 son
2089 2027 2166 2058 livre
2181 2028 2219 2058 de
2234 2028 2264 2058 la
2278 2028 2378 2058 Gracc
2393 2035 2424 2058 et

1351 2084 1365 2099 »
1387 2072 1431 2102 du
1457 2071 1549 2101 Libre
1565 2071 1688 2102 arbitre.
1703 2083 1717 2098 w
1745 2071 1818 2101 Hoc
1835 2078 1899 2101 est:
1927 2085 1941 2099 α
1956 2072 1992 2101 In
2011 2072 2181 2112 Augustini
2198 2072 2386 2103 sententiam
2399 2072 2424 2103 it

1351 2128 1365 2143 »
1388 2116 1544 2154 Thomas,
1569 2115 1625 2156 qui
1649 2122 1680 2146 et
1702 2116 1807 2153 verba,
1831 2116 1983 2146 Excitavi
2006 2122 2047 2153 te,
2068 2117 2107 2146 de
2130 2116 2266 2156 simplici
2290 2117 2421 2156 permis-

1351 2173 1365 2188 »
1388 2160 1478 2190 sione
1498 2160 1700 2200 intelligenda
1716 2170 1783 2190 non
1798 2160 1886 2198 vult;
1903 2160 2166 2200 quandoquidem
2180 2160 2326 2190 interiore
2341 2171 2422 2201 quo-

1350 2218 1365 2232 »
1388 2205 1463 2234 dam
1479 2204 1628 2235 instinctu
1646 2210 1755 2234 movet
1770 2204 1917 2234 homines
1926 2205 2012 2234 Deus
2027 2205 2068 2234 ad
2086 2205 2210 2234 bonurn
2226 2205 2417 2235 malumve.»

1347 2249 1431 2280 Mala
1454 2249 1592 2279 censoris
1615 2248 1693 2279 fides
1710 2249 1816 2288 prodit
1832 2248 1978 2288 seipsam.
2004 2248 2071 2279 Cur
2087 2248 2173 2279 enim
2188 2248 2333 2288 inprimis
2349 2259 2420 2279 mo-

1347 2293 1469 2324 tionem
1480 2293 1538 2323 Dei
1554 2303 1610 2333 per
1625 2293 1808 2323 interiorem
1822 2292 2008 2323 instinctum
2032 2293 2071 2322 ad
2087 2293 2211 2323 bonum
2235 2293 2421 2333 malumque

1346 2338 1444 2368 veluti
1468 2337 1612 2367 absolute
1636 2338 1675 2367 ab
1699 2337 1880 2376 Augustino
1903 2347 1938 2367 ac
1954 2337 2083 2369 Thoma
2098 2337 2254 2367 adsertam
2277 2347 2421 2377 pronun-

1348 2382 1418 2419 ciat,
1443 2391 1517 2412 cum
1540 2382 1637 2412 aliter
1659 2381 1693 2411 id
1717 2381 1898 2420 contingere
1917 2381 1960 2412 ad
1975 2381 2069 2419 bona,
2085 2382 2182 2412 aliter
2205 2381 2249 2411 ad
2271 2381 2357 2412 mala
2375 2381 2420 2411 di-

1347 2425 1515 2456 sertissime
1539 2426 1684 2455 Thomas
1707 2423 1956 2456 animadvertat?
1980 2426 2005 2456 F
2008 2435 2106 2456 ucum
2137 2425 2250 2456 deinde
2274 2425 2347 2456 facit
2368 2425 2421 2455 ifle

1347 2471 1425 2500 dum
1463 2470 1578 2507 refert,
1606 2470 1826 2509 Augustinum
1859 2469 2030 2510 ipsumque
2065 2470 2229 2500 Thomam
2260 2469 2346 2500 nolle
2385 2480 2422 2499 ea

1346 2515 1450 2552 verba,
1474 2515 1627 2545 Excitavi
1650 2520 1680 2545 te
1696 2515 1728 2544 in
1743 2519 1925 2554 peccatum,
1942 2514 1981 2544 de
1995 2514 2131 2554 simplici
2146 2513 2355 2554 permissione
2374 2514 2420 2544 in-

1346 2559 1461 2598 telligi;
1485 2569 1520 2589 ac
1537 2558 1563 2588 si
1587 2558 1619 2588 in
1643 2558 1691 2596 iis,
1716 2558 1772 2599 qui
1788 2568 1866 2588 sano
1883 2565 1914 2589 et
1930 2558 2086 2589 catholico
2106 2568 2212 2596 sensu,
2229 2565 2264 2588 ut
2279 2558 2360 2588 infra
2376 2558 2421 2588 di-

1347 2603 1495 2641 cendum,
1520 2603 1658 2634 excitari
1681 2602 1830 2633 dicuntur
1848 2603 1892 2633 ad
1903 2608 2083 2643 peccatum,
2102 2603 2211 2633 locum
2227 2612 2294 2632 non
2308 2602 2422 2633 habeat

1347 2647 1513 2687 permissio
1537 2647 1614 2685 Dei,
1640 2647 1695 2677 sed
1710 2646 1858 2678 interiore
1874 2647 2018 2687 quodam
2032 2647 2065 2677 id
2081 2646 2135 2677 fiat
2150 2646 2299 2677 instinctu
2317 2657 2334 2676 a
2349 2647 2419 2676 Deo

1346 2692 1501 2722 immisso.
1521 2692 1590 2722 Imo
1608 2691 1853 2732 intelligendum
1870 2691 1903 2722 id
1919 2701 1985 2722 esse
1995 2692 2186 2732 permissive
2206 2692 2299 2721 docet
2321 2690 2420 2731 Aqui-

1347 2747 1403 2767 nas
1419 2737 1538 2777 absque
1554 2735 1620 2766 ulla
1636 2737 1783 2776 ambage:
1801 2736 1887 2766 addit
1900 2746 1988 2774 vero,
1999 2735 2177 2775 emphasim
2187 2735 2420 2774 Scripturarum

1337 2781 1372 2815 ‚si
1396 2781 1561 2812 attentiore
1585 2787 1692 2811 mente
1715 2781 1968 2820 perpendamus,
1992 2780 2116 2820 aliquid
2138 2779 2277 2819 amplius
2300 2779 2417 2809 intelli-

1345 2825 1489 2866 gendum
1518 2825 1640 2856 videri:
1663 2826 1740 2865 quia
1765 2825 1928 2862 videlicet,
1953 2824 2072 2864 inquit,
2101 2825 2252 2854 instinctu
2280 2823 2417 2863 quodam

1347 2871 1495 2900 interiori
1513 2874 1683 2900 moventur
1696 2870 1839 2900 homines
1853 2879 1873 2899 a
1887 2869 1958 2899 Deo
1972 2868 2016 2899 ad
2029 2869 2145 2898 bonum
2161 2874 2192 2898 et
2205 2867 2249 2898 ad
2262 2867 2416 2897 malum...

1347 2915 1444 2945 aliter
1467 2919 1573 2944 tamen
1597 2914 1641 2944 ad
1664 2914 1763 2951 bona,’
1782 2914 1879 2944 aliter
1901 2914 1944 2943 ad
1962 2913 2060 2943 mala.

1415 2958 1513 2996 Quod
1529 2958 1596 2998 ipse
1610 2958 1800 2988 latissimum
1818 2958 1911 2988 docet
1925 2957 2113 2987 intercedere
2129 2955 2295 2986 discrimen
2311 2954 2418 2993 affero,

1347 3009 1383 3033 ut
1406 3013 1496 3033 mens
1521 3002 1588 3032 eius
1612 3002 1777 3042 perspicue
1797 3002 1928 3032 demum
1948 3001 2137 3031 innotescat:
2166 3012 2180 3027 «
2197 2999 2297 3030 Aliter
2312 3005 2419 3029 tamen

1350 3060 1365 3074 »
1387 3047 1428 3076 ad
1451 3047 1551 3084 bona,
1576 3048 1694 3086 inquit,
1720 3046 1808 3076 aliter
1831 3046 1871 3076 ad
1894 3045 1986 3075 mala.
2012 3045 2095 3074 Nam
2119 3044 2158 3074 ad
2181 3044 2266 3074 bona
2289 3043 2418 3074 inclinat

1350 3103 1365 3118 »
1387 3091 1560 3121 hominum
1582 3091 1762 3121 voluntates
1786 3090 1900 3120 directe
1924 3096 1954 3120 et
1977 3099 2034 3128 per
2057 3099 2100 3126 se,
2120 3095 2285 3128 tamquam
2304 3092 2420 3118 'auctor

1351 3148 1364 3162 »
1388 3136 1567 3165 bonorum:
1593 3135 1633 3164 ad
1655 3135 1779 3165 malum
1802 3141 1909 3164 autem
1933 3133 2046 3163 dicitur
2068 3132 2229 3170 inclinare,
2248 3132 2298 3162 vel
2321 3131 2418 3162 susci-

1350 3192 1364 3207 »
1387 3186 1452 3210 tare
1482 3179 1629 3209 homines
1658 3178 1914 3214 occasionaliter3
1943 3177 1976 3207 in
2005 3183 2162 3217 quantum
2191 3176 2307 3207 scilicet
2331 3176 2418 3206 Deus

1350 3236 1364 3251 »
1387 3223 1512 3254 homini
1535 3223 1656 3264 aliquid
1678 3222 1841 3263 proponit,
1865 3222 1915 3251 vel
1937 3221 2068 3251 interius
2090 3221 2141 3251 vel
2164 3221 2309 3258 exterius,
2329 3219 2418 3260 quod

1350 3281 1364 3295 ν
1387 3274 1545 3308 quantum
1561 3274 1607 3298 est
1630 3267 1669 3297 de
1693 3277 1726 3297 se
1749 3273 1795 3297 est
1810 3266 2010 3296 inductivum
2024 3266 2064 3295 ad
2079 3266 2223 3302 bonum;
2248 3265 2303 3294 sed
2315 3264 2416 3294 homo

1350 3325 1364 3339 »
1387 3318 1517 3351 propter
1532 3321 1624 3341 suam
1639 3311 1794 3341 malitiam
1810 3320 1952 3350 perverse
1969 3309 2068 3340 utitur
2083 3309 2123 3339 ad
2138 3309 2289 3338 malum.»
2309 3307 2416 3347 Aptis-

1347 3356 1434 3386 simis
1453 3365 1520 3385 rem
1537 3365 1670 3385 omnem
1685 3354 1831 3395 patefacit
1848 3353 2008 3393 exemplis.
2029 3353 2128 3390 Quod
2143 3352 2229 3382 affert
2244 3351 2416 3382 Pharaonis

1347 3400 1529 3439 exemplum
1552 3399 1625 3429 satis
1649 3398 1760 3428 fuerit:
1785 3398 1829 3428 Et
1850 3398 1910 3428 hoc
1933 3398 2026 3427 modo
2047 3398 2133 3427 circa
2147 3397 2348 3426 Pharaonem
2363 3404 2416 3425 ac—

1347 3444 1439 3480 cidit,
1464 3444 1520 3483 qui
1550 3453 1621 3473 cum
1646 3452 1666 3472 a
1685 3443 1755 3472 Deo
1779 3443 1977 3472 excitaretur
1999 3441 2043 3471 ad
2067 3441 2163 3480 regni
2185 3441 2237 3470 sui
2260 3439 2414 3476 tutelam,

1346 3487 1466 3517 abusus
1494 3492 1541 3516 est
1563 3487 1624 3516 hac
1646 3487 1838 3516 excitatione
1868 3486 1900 3514 in
1923 3485 2152 3515 crudelitatem.
2170 3484 2278 3524 Itaque
2302 3483 2334 3513 in
2358 3493 2414 3521 ea,

1346 3541 1444 3571 quam
1466 3530 1588 3560 Pharao
1618 3529 1834 3560 crudelitatem
1856 3529 1889 3558 in
1914 3529 2047 3558 Iudaeos
2071 3529 2240 3569 exercebat,
2265 3527 2415 3558 oneribus

1346 3584 1401 3605 eos
1425 3574 1610 3613 affligendo,
1635 3583 1670 3603 ac
1699 3573 1816 3604 indicta
1846 3572 2063 3603 masculorum
2087 3572 2180 3602 caede
2213 3578 2244 3602 et
2273 3572 2416 3602 submer-

1346 3619 1446 3657 sione,
1461 3628 1528 3648 non
1551 3618 1659 3648 solum
1682 3617 1787 3648 divina
1803 3616 1969 3658 permissio
1989 3616 2217 3647 consideranda
2233 3623 2289 3655 est,
2304 3618 2416 3656 Augu-
