2548 4192
912 279 966 315 IN
998 279 1036 315 S.
1067 278 1309 314 THOMAM
1337 278 1659 325 AQUINATEM

186 361 269 392 serio
302 360 444 392 examine
477 360 617 390 discussa
650 365 704 389 aut
732 357 911 388 reiiciantur
943 363 998 388 aut
1033 357 1257 397 adprobentur.

186 406 372 438 Consensus
396 404 560 435 universae
583 402 741 434 Ecclesiae
765 413 802 433 ex
825 402 914 432 dictis
937 402 1078 439 Panum,
1099 400 1259 431 Concilio-

186 460 324 491 rumque
340 448 472 479 decretis
487 448 618 486 eruitur,
636 454 671 477 ut
687 446 760 477 fidei
777 447 927 487 dogmata
944 445 1180 476 confirmentur.
1199 445 1259 475 Ve-

186 502 291 526 terum
321 493 494 524 sententiae
527 492 743 522 illustrantur:
776 498 806 521 et
830 491 855 521 si
879 501 961 531 quae
991 497 1064 520 sunt
1095 490 1259 530 perplexae

184 545 217 570 et
240 537 355 568 dubiae
378 543 593 578 exponuntur.
625 536 676 566 Ad
699 535 918 575 Augustinum
942 534 1079 574 denique
1103 534 1192 574 quod
1216 541 1259 564 at-

183 582 280 621 tinet,
295 582 347 612 vix
370 581 580 621 adsignaveris
604 590 708 621 opus,
725 587 780 610 aut
803 579 1015 620 opusculum,
1041 586 1070 609 et
1093 585 1260 609 tractatum

186 627 264 665 eius,
290 626 381 667 quod
403 626 549 656 Thomas
573 635 639 655 non
673 624 860 655 excusserit:
890 624 1032 664 nihilque
1056 623 1180 653 videtur
1206 622 1260 653 ha-

186 670 291 702 buisse
315 670 489 711 antiquius,
506 680 605 710 quam
625 676 661 700 ut
677 668 870 699 celeberrimi
893 668 992 699 Patris
1009 667 1151 698 doctrina
1175 667 1261 697 evul-

185 722 287 756 getur,
311 714 484 745 illustretur
504 724 540 744 ac
564 714 749 744 vindicetur.
776 713 863 744 Haec
888 720 934 743 est
961 711 1055 743 lectio
1072 719 1102 743 et
1125 712 1260 742 eruditio

186 759 344 798 Thomae,
371 769 454 800 quae
477 758 605 799 longius
637 758 796 799 latiusque
829 757 1029 798 protenditur
1053 764 1136 787 extra
1163 756 1261 786 libros

185 803 268 835 Petri
290 803 479 842 Lombardi,
497 810 527 834 et
543 804 766 833 Romanorum
783 802 976 833 Pontificum
993 801 1169 833 Decretales
1186 800 1261 841 Epi-

186 848 283 879 stolas
299 855 330 879 et
346 848 487 879 Gratiani
512 848 683 878 decretum.
707 848 835 878 Patebat
856 847 901 878 illi
916 857 1055 888 namque
1071 846 1151 876 inter
1174 845 1260 883 alias,

185 902 266 934 quas
288 892 420 923 lustrare
436 903 494 933 pro
510 893 581 923 data
598 893 765 922 occasione
781 899 997 930 consueverat,
1012 889 1262 931 locupletissima

186 937 343 968 Ludovici
367 938 410 968 lX
426 937 520 977 Regis
545 936 721 968 Galliarum
744 936 944 974 bibliotheca,
961 946 1043 976 quae
1063 934 1261 974 amplissimo

188 981 256 1012 eius
279 981 396 1022 legato,
413 989 487 1022 post
503 981 628 1012 obitum
645 981 789 1012 eiusdem
812 982 922 1021 aequis
934 980 1135 1020 portionibus
1159 978 1260 1008 distri-

187 1026 264 1057 buta
287 1026 348 1056 fuit
363 1026 529 1067 fratribus
545 1026 826 1056 Praedicatoribus
848 1030 879 1055 et
891 1025 1058 1066 fratribus
1080 1023 1262 1053 Minoribus

181 1071 426 1111 parisiensibus,
450 1071 603 1100 Abbatiae
625 1070 760 1110 Regalis
783 1071 917 1106 Montis,
934 1075 965 1099 et
979 1068 1145 1109 fratribus
1163 1067 1261 1096 Prae-

187 1115 381 1145 dicatoribus
399 1114 710 1154 Compendiensibus.
727 1114 807 1144 Vide
823 1113 921 1153 regias
938 1113 1060 1143 tabulas
1075 1122 1160 1142 anno
1179 1111 1260 1150 1269

188 1157 287 1199 (styl.
305 1168 376 1189 nov.
399 1158 498 1200 1270)
523 1158 652 1198 scriptas
682 1158 769 1198 apud
791 1157 938 1188 Bollandi
963 1156 1199 1187 continuatores
1222 1156 1261 1184 ad

187 1202 274 1233 diem
298 1203 337 1232 25
363 1203 490 1242 augusti
513 1212 584 1242 pag.
606 1203 679 1232 500.

254 1246 485 1277 Ardentissimo
519 1246 676 1277 ferebatur
708 1246 814 1277 studio
847 1245 1012 1283 Thomas,
1045 1251 1081 1275 ut
1117 1250 1261 1275 veterum

187 1290 301 1332 scripta
324 1291 529 1332 perquireret,
545 1291 745 1331 inventisque
768 1297 908 1320 uteretur
930 1290 962 1320 in
980 1289 1155 1330 Operibus,
1179 1298 1261 1328 quae

187 1335 296 1366 animo
307 1335 512 1377 moliebatur.
529 1336 614 1366 Nota
631 1342 677 1366 est
692 1334 814 1375 egregia
829 1334 882 1364 illa
898 1334 1063 1374 responsio
1085 1333 1163 1371 eius,
1179 1342 1262 1373 quae

148 1395 151 1396 ⁷
186 1376 318 1411 refertur
349 1380 383 1410 in
415 1381 569 1410 Processu
603 1378 852 1410 canonizationis
876 1379 977 1419 capite
1010 1389 1057 1417 1x,
1084 1389 1174 1409 num.
1201 1377 1261 1418 78:

186 1425 290 1455 Malle
311 1434 347 1455 se
370 1425 417 1455 uti
442 1425 665 1465 Chrysostomi
681 1424 770 1454 libris
786 1424 818 1453 in
842 1424 1056 1461 Matthaeum,
1072 1433 1168 1464 quam
1185 1426 1277 1462 pos-'

185 1469 290 1500 sidere
313 1469 473 1500 Lutetiam
490 1469 703 1499 Parisiorum.
720 1468 925 1508 Diligentiam
946 1468 1013 1498 eius
1033 1468 1168 1498 maxime
1188 1477 1261 1507 pro-

186 1514 262 1545 bant
284 1523 394 1554 graeca
416 1513 469 1544 illa
492 1513 631 1554 plurima
654 1519 812 1553 excerpta,
838 1523 920 1553 quae
943 1513 1014 1553 ipso
1039 1519 1167 1543 curante
1194 1511 1262 1542 lati-

187 1558 284 1590 nitate
309 1558 426 1589 donata
448 1558 636 1599 prodierunt
658 1558 692 1588 in
716 1558 829 1599 lucem·
845 1557 878 1587 in
903 1557 1023 1588 Catena
1039 1567 1135 1597 super
1157 1557 1261 1587 Evan-

186 1603 277 1644 gelia.
294 1603 426 1634 Periisse
450 1603 656 1633 credebantur
680 1601 883 1633 collectiones
906 1601 995 1640 illae,
1018 1612 1055 1632 ex
1074 1601 1190 1642 quibus
1214 1607 1262 1631 tot

187 1647 333 1689 depromi
357 1647 529 1678 sententiae
552 1647 683 1677 Parrum
707 1653 857 1687 potuere:
878 1656 958 1687 quas
982 1653 1131 1684 attamen,
1149 1653 1204 1676 aut
1222 1645 1262 1675 si-

187 1692 279 1724 miles
302 1698 376 1733 post
398 1691 585 1732 improbum
608 1691 750 1722 laborem
774 1697 884 1721 nactus
908 1691 1041 1722 demum
1057 1698 1104 1722 est
1128 1691 1261 1721 Ioannes

185 1737 366 1768 Nicolaitis:
395 1746 523 1777 nempe,
551 1735 706 1766 Catenam
735 1735 864 1766 LXXV
880 1745 1076 1776 graecorum
1104 1736 1239 1765 Parrum
1252 1757 1261 1771 ,

187 1792 287 1823 quam
304 1781 401 1812 edidit
416 1780 599 1818 Corderius,
611 1786 642 1811 et
658 1789 813 1821 graecam
834 1781 1060 1820 expositionem
1080 1781 1111 1810 in
1127 1780 1262 1816 Lucam,

186 1826 284 1858 instar
294 1825 432 1857 Catenae
449 1825 682 1862 concinnatam,
693 1834 791 1864 quam
809 1824 1058 1864 manuscriptam
1068 1824 1145 1855 vidit
1162 1823 1262 1855 Com-

186 1870 315 1902 befisius
339 1870 372 1900 in
395 1869 562 1900 Parisiensi
587 1868 764 1900 Cardinalis
787 1868 938 1899 Mazarini
961 1868 1162 1900 bibliotheca.

255 1914 380 1954 Insigne
403 1914 586 1954 exemplum
603 1913 736 1943 demum
759 1913 854 1951 addo,
871 1913 960 1954 quod
983 1914 1165 1954 suppeditat
1188 1913 1263 1954 Epi-

188 1959 269 1991 stola
292 1969 316 1990 s.
343 1958 460 1990 Leonis
483 1958 591 1998 Magni
615 1958 659 1988 ad
690 1958 872 1988 Proterium
896 1958 1089 1999 Episcopum
1121 1959 1263 1988 Alexan-

188 2004 329 2036 drinum.
345 2003 437 2034 Hanc
461 2003 558 2033 veluti
582 2002 779 2043 deperditam
804 2003 961 2033 Batonius
985 2003 1113 2033 dolebat
1145 2003 1184 2033 ad
1209 2013 1263 2033 an-

190 2058 272 2079 num
294 2049 372 2088 453,
388 2058 478 2078 num.
498 2047 556 2086 28,
575 2057 674 2088 quam
697 2054 809 2087 postea
832 2057 868 2078 ex
892 2047 1001 2078 codice
1019 2058 1077 2078 ms.
1101 2047 1263 2078 Dominici

190 2092 334 2124 Gn‘mani
357 2092 389 2123 S.
406 2093 444 2123 R.
460 2092 497 2122 E.
516 2091 692 2123 Cardinalis
715 2091 748 2122 in
767 2092 872 2122 lucem
892 2092 1025 2132 protulit
1048 2092 1261 2130 Quesnellius.

187 2139 231 2168 At
254 2147 325 2168 eam
348 2137 464 2177 legerat
487 2136 579 2166 divus
603 2136 748 2167 Thomas
771 2136 821 2166 vel
842 2136 997 2177 integram
1020 2137 1070 2167 vel
1095 2147 1131 2167 ex
1154 2144 1262 2177 parte:

187 2182 386 2222 servavitque
400 2181 522 2221 insigne
537 2187 720 2221 excerptum
737 2181 779 2211 11·
794 2181 859 2219 11³2,
877 2188 998 2222 quaest.
1016 2191 1062 2220 xr,
1080 2188 1135 2212 art.
1148 2192 1170 2211 11
1186 2182 1226 2212 ad
1244 2192 1261 2212 2

187 2226 244 2258 ubi
267 2226 312 2257 sic
328 2226 384 2256 ait:
413 2239 427 2254 ι
446 2225 539 2256 Unde
559 2226 626 2256 Leo
649 2225 736 2265 Papa
751 2224 784 2255 in
809 2226 946 2265 quadam
964 2226 1108 2266 Epistola
1131 2226 1171 2256 ad
1187 2227 1263 2256 Pro—

191 2284 206 2300 »
229 2280 338 2302 cerum
355 2267 560 2313 (Proterium)
578 2269 778 2310 Episcopum
792 2270 1042 2300 Alexandrinum
1057 2270 1149 2301 dicit:
1170 2271 1264 2308 Quod

190 2328 204 2343 ι
232 2316 352 2346 inimici
373 2316 479 2346 crucis
498 2314 618 2345 Christi
637 2314 783 2345 omnibus
798 2314 902 2356 factis
918 2320 948 2346 et
965 2316 1067 2346 verbis
1083 2317 1201 2346 nostris
1217 2317 1263 2346 in-

189 2372 206 2387 »
226 2359 399 2397 sidiantur,
417 2364 453 2390 ut
467 2360 496 2390 si
515 2359 615 2390 ullam
634 2359 698 2389 illis
715 2359 765 2390 vel
780 2364 906 2390 tenuem
924 2361 1121 2390 occasionem
1137 2360 1261 2397 demus,

190 2416 204 2432 ι
228 2413 286 2435 nos
309 2404 502 2434 Nestoriano
525 2404 635 2434 sensui
663 2404 759 2434 etiam
793 2413 975 2445 congruere
1008 2405 1216 2435 mentiantur.
1245 2416 1259 2430 »

187 2448 301 2479 Pa‘uno
324 2448 413 2478 aliter
435 2447 513 2478 haec
545 2448 657 2478 eadem
681 2447 853 2478 efferuntur
875 2449 970 2478 verba
993 2449 1078 2488 apud
1108 2448 1263 2485 Quesnel-

188 2493 287 2523 lium:
306 2492 381 2523 Hoc
403 2493 516 2533 igitur,
525 2492 640 2533 frater
667 2493 846 2529 carissime,
867 2502 932 2533 pro
955 2493 1168 2523 sollicitudine
1179 2493 1265 2534 fidei

190 2537 369 2568 communis
392 2537 560 2574 admoneo,
578 2541 614 2567 ut
635 2538 710 2577 quia
735 2537 855 2567 inimici
885 2538 991 2567 crucis
1017 2537 1137 2567 Christi
1164 2538 1263 2568 omni-

190 2582 248 2613 bus
272 2587 303 2612 et
326 2581 429 2613 verbis
451 2582 569 2611 nostris
592 2581 787 2612 insidiantur
817 2586 847 2611 et
873 2582 1027 2621 syllabis,
1052 2582 1176 2612 nullam
1201 2582 1265 2612 illis

191 2627 242 2658 vel
264 2631 390 2657 tenuem
414 2626 611 2656 occasionem
636 2625 760 2662 demus,
775 2635 839 2665 qua
863 2626 1057 2656 Nestoriano
1081 2635 1139 2656 nos
1156 2627 1265 2657 sensui

191 2680 374 2712 congruere
398 2671 605 2700 mentiantur.
623 2670 658 2699 In
673 2669 812 2700 editione
834 2670 984 2700 Patavina
1003 2670 1077 2700 anni
1107 2681 1187 2712 1712
1205 2681 1263 2701 no-

190 2715 258 2746 tula
280 2714 394 2755 legitur
416 2714 515 2745 textui
533 2714 667 2744 inserta:
691 2714 785 2751 Quae
808 2715 940 2754 epistola
957 2724 1043 2746 nunc
1066 2725 1128 2746 non
1153 2720 1265 2753 extat;

148 2782 154 2787 .
191 2769 358 2800 perperam
373 2768 448 2789 sane
471 2768 511 2796 ac*
527 2769 583 2799 per
597 2758 764 2796 inscitiam,
782 2768 856 2789 cum
873 2765 921 2790 tot
936 2767 1007 2791 ante
1023 2769 1125 2790 annos
1141 2770 1212 2790 earn
1228 2769 1265 2790 ex

191 2804 321 2834 laudato
346 2803 519 2834 Grimaneo
543 2803 652 2834 codice
676 2803 807 2834 ediderit
830 2804 1044 2841 Quesnellius.

258 2848 311 2878 111.
329 2847 489 2879 Lectionis
513 2848 641 2888 copiam
665 2847 721 2888 qui
744 2858 858 2887 negare
875 2848 907 2879 in
924 2849 1084 2889 Aquinate
1108 2859 1173 2879 non
1191 2859 1264 2889 pos-

193 2899 278 2930 sunt,
292 2893 403 2923 critica
426 2892 611 2923 destitutum
635 2897 707 2922 arte
729 2892 838 2932 ipsum
861 2893 1048 2931 traducunt,
1069 2893 1218 2924 Oudinus
1235 2900 1266 2924 et

192 2936 385 2967 Bruckerus:
405 2946 471 2977 quo
496 2936 616 2967 factum
639 2936 739 2973 aiunt,
757 2943 793 2967 ut
815 2937 954 2976 genuina
983 2945 1127 2968 veterum
1151 2938 1265 2978 scripta

194 2990 212 3010 a
235 2980 350 3021 spuriis
372 2980 610 3021 suppositisque
625 2991 691 3011 non
713 2981 910 3012 discerneret.
933 2983 1058 3022 Nempe
1073 2981 1152 3012 vitio
1170 2982 1264 3013 vertis
1282 3000 1284 3003 ν

194 3024 362 3065 Aquinati,
379 3025 469 3065 quod
492 3025 607 3055 saeculi
630 3025 745 3055 vitium
769 3031 848 3063 erat,
875 3027 1002 3057 caeteris
1026 3026 1094 3057 eius
1117 3026 1184 3056 aevi
1208 3027 1265 3057 do-

196 3068 337 3099 ctoribus
358 3078 541 3099 commune.
566 3069 692 3099 Naevos
715 3069 747 3099 id
771 3079 871 3109 genus
894 3070 927 3100 in
951 3071 1150 3101 sanctissimo
1174 3071 1264 3102 Prae—

196 3119 323 3153 ceptore
350 3111 437 3143 haud
469 3112 658 3143 diffitemur:
678 3123 776 3154 quem
808 3120 914 3145 tamen
948 3115 1082 3146 celebrat
1113 3115 1265 3146 Erasmus

189 3158 292 3198 plane
307 3157 453 3198 dignum,
470 3158 523 3188 cui
538 3158 694 3188 bonarum
712 3158 893 3189 litterarum
909 3160 1057 3199 supellex
1070 3161 1264 3200 contigisset,

195 3202 251 3242 qui
273 3202 312 3232 iis
334 3211 416 3241 quae
434 3211 497 3241 per
519 3211 589 3232 eam
615 3207 831 3242 tempestatem
864 3204 1041 3242 dabantur,
1063 3209 1128 3234 tam
1152 3204 1266 3234 dextre

196 3255 275 3276 usus
298 3251 354 3276 est.
370 3245 470 3286 Atqui
492 3255 567 3276 vero
591 3246 704 3276 vitium
728 3247 849 3278 adeone
883 3257 1013 3278 enorme
1037 3248 1150 3287 fuerit,
1176 3249 1266 3288 quod

194 3300 225 3321 v.
237 3300 266 3330 g.
282 3290 476 3330 Diony-sium
500 3290 730 3331 Areopagitam
755 3291 919 3322 crediderit
934 3299 1096 3332 parentem
1118 3302 1265 3332 operum,

196 3345 278 3375 quae
301 3334 362 3374 ipsi
386 3334 616 3371 attribuuntur;
637 3344 711 3364 cum
741 3336 853 3366 eadem
875 3336 973 3366 veluti
1005 3336 1143 3375 genuina
1164 3336 1266 3366 vindi-

197 3378 334 3410 caverint
357 3379 491 3409 Ioannes
515 3378 806 3419 Scythopolitanus‚
823 3380 981 3410 Maximus
1005 3387 1133 3420 martyr,
1159 3380 1266 3410 Theo-

198 3424 296 3454 dorus
319 3423 451 3463 quidam
469 3423 555 3463 apud
578 3422 747 3460 Photium;
766 3434 870 3464 neque
887 3434 970 3454 unus
986 3430 1086 3454 aetate
1102 3424 1154 3453 illa
1174 3423 1264 3461 foret,

198 3467 254 3508 qui
277 3467 310 3498 id
333 3474 459 3498 vocaret
482 3467 514 3497 in
539 3465 694 3497 dubium?
713 3467 780 3498 Cur
802 3468 949 3498 Thomae
972 3467 1141 3498 eruditioni
1165 3468 1265 3498 detra-

197 3512 342 3542 hendum
365 3511 472 3549 fuerit,
501 3511 590 3552 quod
614 3512 837 3542 Romanorum
860 3511 1052 3542 Pontificum
1080 3512 1267 3542 Decretales

197 3556 360 3596 Epistolas
375 3563 446 3586 ante
470 3555 616 3587 Siricium
635 3565 694 3596 pro
711 3556 867 3595 germanis
883 3556 1044 3594 habuerit;
1064 3566 1138 3586 cum
1155 3556 1265 3586 eadem

198 3601 352 3631 sententia
374 3607 448 3641 post
466 3600 594 3631 exordia
617 3600 696 3630 noni
719 3600 835 3631 saeculi
849 3600 1022 3631 obtinuerit
1044 3600 1130 3640 apud
1149 3600 1265 3631 Conci-

198 3644 243 3675 lin
266 3651 298 3675 et
320 3644 542 3676 Conciliorum
575 3645 775 3683 collectores,
805 3644 1034 3685 scriptoresque
1065 3644 1265 3675 doctissimos

344 3706 414 3738 Opp.
434 3706 464 3730 D.
484 3705 598 3730 Tamum-2
617 3705 648 3730 T.
668 3706 686 3730 I.

2258 293 2385 318 CCCXXI

1316 365 1346 389 et
1369 356 1591 398 gravissimos?
1611 358 1678 390 Cur
1702 359 1834 390 demum
1858 359 2005 390 Thomae
2028 359 2137 390 laudes
2160 360 2308 392 imminui
2333 363 2385 394 de-

1316 403 1425 440 beant,
1452 404 1541 443 quod
1569 403 1636 434 eius
1666 403 1699 434 in
1723 404 1882 444 Operibus
1913 404 1990 434 alter
2021 414 2080 444 pro
2104 404 2202 435 altero
2235 407 2386 446 scriptore

1316 447 1540 486 substituatur;
1561 458 1636 478 cum
1659 448 1777 479 indices
1800 448 1986 479 huiusmodi
2020 449 2138 488 absque
2163 450 2229 479 ullo
2254 451 2385 491 proprio

1315 491 1392 521 vitio
1417 492 1587 532 sumpserit
1602 493 1655 523 ille
1678 503 1715 523 ex
1739 493 1978 524 collectionibus
2002 503 2084 533 quae
2100 493 2288 533 ferebantur,
2306 505 2386 525 non-

1316 536 1394 566 dum
1418 536 1559 567 reseratis
1590 537 1731 568 fontibus
1763 538 1933 576 omnibus,
1958 547 2041 578 quos
2065 537 2150 568 adire
2179 537 2306 569 liceret?
2325 539 2387 570 Sed

1316 580 1383 610 eius
1408 588 1545 611 attamen
1562 581 1660 621 fulget
1683 582 1936 622 splendidissime
1953 581 2099 620 eruditio,
2116 582 2173 622 qui
2190 593 2226 613 ea
2243 590 2387 614 veterum

1317 632 1604 655 monumentorum
1625 627 1819 666 supellectile
1843 627 1968 657 abunde
1989 626 2160 657 instructus
2179 626 2284 666 fuerit,
2301 638 2384 668 quae

1311 679 1374 709 per
1398 680 1467 700 eam
1486 675 1703 710 tempestatem
1728 671 1801 701 dari
1812 676 1951 711 poterat.
1970 671 2082 701 Insana
2105 672 2322 712 praesumptio
2339 672 2388 702 fo-

1316 720 1379 752 ret,
1404 724 1482 744 aevo
1506 724 1566 744 suo
1595 715 1704 746 divum
1737 715 1901 746 Thomam
1924 715 2028 746 videre
2054 726 2089 746 ac
2120 715 2196 746 scire
2221 716 2386 755 debuisse,

1317 768 1398 798 quae
1422 758 1549 788 nonnisi
1566 766 1640 799 post
1659 760 1749 799 plura
1766 760 1899 798 saecula,
1922 767 1995 800 post
2017 760 2182 800 improbos
2206 760 2387 791 criticorum

1315 803 1449 840 labores,
1461 810 1534 842 post
1550 803 1716 834 innumera
1727 814 1743 834 e
1754 804 1889 834 tenebris
1904 811 1992 834 eruta
2008 812 2218 835 monumenta
2234 805 2385 836 effulsere.

1382 847 1525 886 Dignum
1550 847 1820 878 animadversione
1851 849 2025 879 mendosos
2052 849 2238 879 huiusmodi
2268 849 2386 880 indices

1317 891 1390 921 divo
1414 891 1561 921 Thomae
1585 891 1679 922 tribui
1699 902 1811 922 omnes
1835 902 1901 922 non
1925 893 2047 930 debere,
2065 903 2139 923 cum
2155 894 2261 934 plures
2285 904 2321 924 ex
2337 894 2385 924 in-

1317 935 1404 965 scitia
1420 942 1474 965 aut
1490 935 1654 966 oscitantia
1678 937 1932 974 amanuensium,
1955 937 2099 968 Nicolaio
2116 938 2297 977 adnotante,
2315 949 2387 979 pro-

1316 979 1388 1009 fecti
1412 979 1482 1010 sint.
1509 980 1680 1020 Supposita
1704 981 1835 1020 quidem
1860 988 1890 1011 et
1917 981 1989 1012 ficta
2020 983 2174 1012 nonnulla
2201 993 2387 1022 graecorum

1316 1024 1446 1053 Patrum
1470 1024 1651 1054 testimonia
1675 1024 1707 1054 in
1731 1035 1770 1055 eo
1795 1025 2037 1056 continebantur
2059 1026 2177 1065 libello,
2200 1037 2298 1067 quem
2312 1028 2387 1058 *Do-

1317 1067 1411 1098 ctoris
1434 1068 1578 1107 Angelici
1602 1069 1738 1098 examini
1767 1069 1914 1100 Urbanus
1938 1070 1979 1100 IV
2013 1070 2202 1101 subiecerat:
2223 1079 2254 1102 at
2276 1072 2386 1103 huius-

1316 1111 1405 1141 modi
1434 1112 1658 1143 auctoritatum
1688 1113 1819 1143 minime
1846 1124 1878 1144 se
1905 1114 2019 1144 vadem
2045 1115 2130 1146 dedit
2161 1115 2324 1155 Thomas,
2353 1116 2387 1147 in

1316 1165 1379 1196 que
1402 1155 1548 1187 incubuit
1571 1167 1684 1195 unum,
1702 1163 1737 1187 ut
1761 1167 1812 1187 eas
1836 1168 1917 1198 quae
1949 1158 2021 1188 fidei
2046 1159 2279 1190 confirmandae
2310 1171 2387 1191 con-

1317 1199 1395 1230 ferre
1426 1207 1556 1240 possent
1596 1201 1695 1241 digito
1729 1209 1928 1240 monstraret,
1956 1203 2096 1243 aliasque
2125 1204 2165 1234 ad
2195 1204 2388 1235 catholicum

1317 1254 1447 1275 sensum
1463 1245 1623 1285 redigeret.
1641 1245 1751 1286 Cyrilli
1768 1246 1899 1276 demum
1915 1247 2116 1278 Alexandrini
2132 1255 2234 1279 textus
2248 1250 2387 1280 nonnul-

1309 1289 1376 1326 los,
1393 1299 1475 1329 quos
1491 1289 1571 1320 libro
1588 1290 1630 1321 lV
1647 1290 1744 1328 Sent.‚
1757 1290 1827 1322 dist.
1843 1301 1926 1329 xxiv,
1945 1298 1975 1322 et
1990 1291 2157 1332 Opusculo
2172 1294 2256 1331 XIX,
2273 1304 2342 1334 cap.
2353 1304 2388 1324 111

1317 1333 1437 1364 Contra
1459 1333 1682 1374 impugnantes
1706 1335 1916 1375 Religionem,
1936 1342 1966 1366 et
1989 1336 2156 1376 Opusculo
2174 1337 2185 1367 I
2203 1337 2322 1368 Contra
2341 1348 2388 1368 er-

1316 1388 1402 1408 rores
1426 1378 1620 1410 Graecorum
1637 1379 1832 1418 adhibuerat,
1854 1380 1978 1410 silentio
2000 1381 2144 1420 praeterit
2165 1391 2200 1412 ac
2219 1382 2389 1422 supprimit

1316 1422 1349 1452 in
1382 1422 1515 1453 Summa
1549 1423 1742 1464 theologica:
1776 1425 1866 1465 quod
1895 1425 2055 1466 falsitatis
2087 1426 2301 1466 deprehensae
2338 1427 2388 1458 vel

1317 1466 1457 1508 olfactae
1480 1468 1630 1499 indicium
1665 1474 1731 1506 est,
1758 1475 1794 1499 ut
1816 1469 1883 1509 ipse
1914 1469 2079 1500 Launoius
2111 1470 2328 1501 animadvertit
2355 1471 2388 1501 in

1317 1511 1451 1552 epistola
1474 1523 1484 1542 1
1508 1513 1548 1543 ad
1563 1513 1743 1544 Antonium
1766 1513 1919 1552 Faurum,
1937 1514 2010 1544 satis
2034 1514 2203 1545 eruditioni
2227 1521 2258 1546 et
2282 1515 2388 1546 critico

1316 1556 1434 1587 iudicio
1458 1557 1606 1588 Thomae
1630 1558 1808 1589 consulens.

1384 1601 1419 1631 In
1443 1601 1543 1632 verbis
1568 1602 1649 1640 eius,
1667 1612 1748 1642 quae
1773 1603 1917 1642 superius
1937 1613 1973 1633 ex
1995 1603 2076 1634 libro
2099 1603 2151 1634 De
2169 1604 2275 1634 causis
2298 1603 2390 1635 allata

1317 1652 1402 1683 sunt,
1420 1653 1506 1686 patet
1529 1647 1765 1687 quammaxime
1790 1647 1894 1678 critica
1918 1647 2050 1687 diligens
2081 1647 2221 1678 recensio
2246 1648 2389 1678 eiusdem

1317 1690 1431 1731 operis.
1450 1691 1592 1721 Adnotat
1615 1691 1731 1722 scilicet
1753 1702 1770 1721 a
1792 1692 1906 1722 Proclo
1929 1692 2094 1722 Platonico
2110 1702 2219 1732 graece
2235 1693 2390 1733 scriptum

1318 1735 1413 1765 fuisse
1436 1735 1554 1766 librum
1577 1742 1608 1766 et
1630 1746 1739 1775 graece
1763 1736 1916 1776 scriptum
1934 1736 2077 1775 inveniri,
2102 1737 2153 1767 cui
2176 1737 2298 1775 titulus,
2313 1738 2388 1768 Ele-

1318 1780 1402 1810 vatio
1427 1777 1659 1822 (Elementatio
1684 1790 1739 1811 seu
1764 1779 1941 1822 Institutio)
1966 1781 2167 1822 theologica:
2191 1782 2229 1811 ab
2252 1781 2314 1812 isto
2339 1782 2384 1812 di-

1317 1833 1445 1854 versum
1469 1834 1535 1855 esse
1559 1825 1687 1863 librum,
1704 1825 1760 1866 qui
1784 1826 1870 1865 apud
1893 1825 2006 1856 latinos
2030 1825 2219 1863 inscribitur,
2235 1826 2331 1857 Liber
2348 1826 2389 1857 de

1317 1870 1443 1899 causis:
1470 1869 1556 1900 hunc
1579 1879 1654 1899 vero
1684 1870 1805 1900 arabice
1834 1870 1987 1910 scriptum
2010 1869 2123 1908 fuisse,
2150 1877 2180 1900 et
2203 1880 2240 1900 ex
2262 1870 2387 1901 arabico

1318 1913 1444 1950 factam,
1455 1923 1538 1954 quae
1555 1913 1711 1945 ferebatur
1726 1914 1823 1945 latina
1838 1914 2016 1945 translatio:
2033 1914 2239 1955 eiusdemque
2256 1915 2388 1945 demum

1318 1958 1432 1988 arabici
1455 1958 1526 1988 libri
1548 1958 1600 1989 De
1623 1960 1730 1989 causis
1753 1966 1916 1989 auctorem
1936 1959 1996 1990 dici
2020 1959 2132 1989 debere
2156 1959 2295 2000 aliquem
2318 1959 2387 1999 phi-

1318 2003 1532 2043 losophorum
1555 2003 1718 2041 Arabum,
1745 2003 1800 2044 qui
1825 2013 1861 2034 ex
1885 2013 1980 2043 opere
2004 2013 2116 2043 graeco
2146 2003 2250 2034 Procli
2281 2004 2388 2044 ipsum

1318 2047 1482 2087 decerpsit.
1508 2048 1582 2078 Non
1614 2047 1657 2078 ita
1687 2048 1851 2088 diligenter
1875 2058 1910 2078 ac
1942 2058 2014 2078 vere
2043 2048 2175 2078 Iacobus
2205 2048 2388 2087 Echardus,

1318 2092 1442 2123 tametsi
1467 2092 1590 2122 criticae
1622 2092 1695 2123 artis
1719 2092 1936 2132 peritissimus.
1964 2093 1999 2122 In
2023 2092 2127 2132 elogio
2160 2092 2322 2123 Guillelmi
2351 2093 2389 2123 de

1318 2137 1481 2174 Morbeka,
1499 2137 1567 2167 viro
1590 2136 1664 2167 huic
1689 2137 1873 2168 doctissimo
1898 2137 2037 2167 attribuit
2057 2137 2188 2167 latinam
2212 2137 2388 2167 translatio-

1318 2191 1394 2213 nem
1417 2181 1533 2221 operis,
1557 2181 1646 2222 quod
1662 2192 1680 2212 a
1703 2182 1816 2212 Proclo
1839 2181 2005 2212 Diadocho
2029 2182 2116 2222 tyrio
2134 2181 2297 2212 Platonico
2314 2182 2388 2221 phi-

1318 2226 1447 2266 losopho
1471 2225 1653 2256 confectum
1677 2226 1871 2264 inscribitur,
1895 2226 2107 2256 Elementatio
2131 2226 2308 2266 theologica
2332 2235 2388 2256 seu

1317 2271 1369 2301 De
1399 2271 1562 2300 elementis
1594 2271 1788 2311 theologicis.
1822 2271 1915 2300 Tunc
1939 2270 1982 2300 sic
2015 2269 2076 2300 ait:
2112 2270 2283 2300 Caeterum
2314 2280 2386 2301 cum

1317 2320 1449 2345 sanctus
1477 2315 1614 2345 Thomas
1642 2316 1673 2345 in
1697 2324 1756 2346 suo
1783 2325 1881 2355 super
1910 2315 1994 2345 hunc
2021 2319 2194 2345 tractatum
2222 2315 2388 2345 Commen-

1319 2361 1402 2390 tario
1427 2359 1518 2389 illum
1543 2364 1676 2389 testetur
1691 2369 1734 2390 ex
1755 2360 1884 2390 arabico
1902 2369 2042 2396 versum,
2062 2368 2119 2389 nec
2143 2364 2265 2389 textum
2289 2368 2387 2399 grae-

1318 2414 1390 2434 cum
1415 2413 1475 2434 sua
1499 2408 1605 2434 aetate
1623 2404 1728 2434 adhuc
1752 2405 1878 2441 visum;
1896 2404 1969 2434 hinc
1987 2403 2115 2434 arabice
2132 2404 2275 2443 peritum
2298 2404 2389 2433 Mor-

1318 2448 1476 2478 bekanum
1492 2458 1592 2488 supra
1607 2449 1799 2489 arguebam,
1810 2458 1885 2479 nam
1900 2449 1996 2478 huius
2010 2448 2154 2478 versione
2164 2457 2242 2478 usus
2256 2453 2302 2478 est
2316 2457 2389 2478 san-

1318 2498 1389 2523 ctus
1404 2493 1535 2523 Doctor.
1553 2492 1685 2523 Minime
1700 2493 1844 2523 Thomas
1861 2491 2139 2523 Commentarium
2155 2492 2278 2532 scripsit
2293 2502 2391 2532 super

1319 2542 1493 2567 tractatum
1517 2537 1624 2567 Procli
1657 2537 1695 2567 de
1724 2537 1886 2568 elementis
1916 2536 2117 2576 theologicis:
2148 2543 2179 2567 at
2207 2547 2266 2567 suo
2291 2536 2389 2567 Com‘-

1319 2581 1475 2612 mentatio
1507 2581 1674 2612 illustravit
1704 2581 1841 2620 librum,
1868 2581 1953 2622 apud
1977 2581 2108 2612 Latinos
2131 2580 2318 2621 inscriptum
2340 2581 2391 2611 De

1319 2627 1442 2663 causis,
1459 2626 1709 2666 decerptumque
1733 2636 1770 2656 ex
1793 2626 1911 2657 fusiore
1935 2625 2038 2656 Procli
2055 2635 2160 2665 opere.
2185 2626 2260 2655 Non
2283 2625 2390 2665 ipsum

1320 2677 1478 2710 praeterea
1510 2670 1614 2701 Procli
1644 2681 1727 2711 opus
1760 2681 1827 2701 non
1856 2670 1988 2701 inveniri
2022 2670 2054 2699 in
2087 2680 2198 2709 graeco
2229 2669 2391 2700 adnotavit

1320 2714 1474 2755 Aquinas,
1498 2715 1553 2745 sed
1577 2722 1760 2755 excerptum
1789 2715 1872 2746 eius:
1900 2715 1990 2755 quod
2018 2714 2061 2744 ait
2090 2714 2210 2744 arabice
2238 2714 2390 2753 scripturn

1321 2759 1416 2789 fuisse
1443 2766 1473 2790 et
1500 2759 1533 2789 in
1564 2769 1676 2799 graeco
1707 2770 1774 2790 non
1807 2766 1918 2790 extare.
1944 2759 2027 2789 Hinc
2051 2759 2234 2789 Morbekam
2259 2758 2390 2788 latinam

1320 2804 1534 2835 institutionis
1566 2804 1764 2845 theologicae
1797 2803 1976 2834 versionem
2009 2803 2176 2833 adornasse
2209 2802 2387 2842 colligitur:

1321 2858 1401 2878 num
1425 2848 1520 2879 etiam
1543 2848 1638 2879 latine
1656 2849 1848 2879 transtulerit
1864 2858 1901 2878 ex
1924 2847 2047 2878 arabico
2070 2847 2187 2877 librum
2210 2847 2261 2877 De
2283 2848 2389 2877 causis

1321 2903 1387 2923 non
1412 2899 1543 2924 constat.

1398 2937 1548 2977 Optimae
1579 2937 1694 2967 criseos
1724 2937 1842 2978 passim
1871 2936 1904 2966 in
1933 2935 2090 2976 Operibus
2119 2935 2185 2966 eius
2216 2934 2389 2965 maioribus

1323 2982 1564 3022 minoribusque
1589 2982 1762 3022 specimina
1785 2981 1922 3021 fulgent:
1949 2989 2048 3020 eaque
2070 2979 2132 3009 hoc
2156 2980 2287 3009 demum
2316 2979 2390 3009 loco

1323 3026 1396 3057 satis
1421 3033 1466 3056 est
1489 3026 1626 3056 recolere
1648 3036 1730 3066 quae
1758 3026 1913 3056 habentur
1936 3024 1968 3054 in
1993 3024 2158 3063 Opusculo
2184 3024 2239 3054 XII
2264 3023 2304 3053 ad
2331 3024 2390 3053 Le-

1324 3078 1444 3101 ctorem
1466 3067 1710 3108 vesontiensem,
1735 3070 1789 3100 ubi
1813 3069 2002 3106 historiolas,
2024 3078 2106 3108 quae
2130 3067 2317 3105 ferebantur,
2335 3067 2390 3098 cri-

1323 3115 1386 3145 tico
1411 3115 1553 3145 examine
1577 3114 1758 3145 reiiciendas
1781 3114 1885 3144 iubet:
1910 3122 2025 3153 easque
2049 3112 2291 3152 prudentissime
2316 3121 2390 3142 con-

1323 3159 1499 3189 cionatores
1524 3159 1676 3189 admonet
1698 3168 1738 3188 ne
1769 3156 1875 3188 coram
1906 3157 2074 3197 palamque
2103 3156 2251 3196 evulgent
2278 3166 2294 3186 e
2318 3166 2390 3195 sug-

1323 3210 1428 3242 gestu,
1446 3213 1521 3233 curn
1544 3210 1629 3233 tanta
1653 3204 1799 3242 suppetat
1823 3202 1914 3242 copia
1937 3201 2136 3242 praedicandi
2160 3211 2196 3231 ea
2212 3210 2293 3241 quae
2317 3206 2391 3230 sunt

1323 3247 1512 3278 certissimae
1544 3247 1690 3277 veritatis.
1717 3247 1866 3277 Nostram
1893 3246 1962 3286 lege
1985 3245 2244 3276 Dissertationem
2267 3244 2389 3282 XVIII,

1323 3298 1423 3332 capite
1446 3302 1489 3322 111.

1707 3361 1916 3398 CAPUT
1952 3361 1998 3398 V.

1323 3438 1458 3471 Diligentia
1476 3438 1610 3471 Aquinatis
1630 3439 1654 3463 in
1674 3439 1831 3471 exponendis
1850 3438 1929 3463 sacris
1948 3438 2093 3470 Scripturis,
2108 3446 2137 3462 ac
2151 3437 2390 3471 interpretationum

1573 3474 1696 3499 soliditas.
1712 3474 1818 3498 Simonii
1833 3479 1858 3498 et
1876 3474 1977 3498 Erasmi
1996 3473 2126 3498 iudicium.

1324 3555 1346 3585 Ι.
1370 3552 1501 3633 Levia
1525 3560 1598 3584 sunt
1620 3554 1697 3584 haec
1720 3553 1892 3594 specimina
1923 3553 2125 3592 eruditionis,
2150 3564 2213 3594 qua
2236 3563 2292 3594 per
2319 3563 2391 3584 earn

1433 3605 1652 3638 tempestatem
1676 3599 1815 3638 pollebat
1841 3598 1994 3638 Aquinas.
2017 3598 2239 3628 Eruditionem
2262 3598 2391 3628 solidio-

1323 3653 1410 3681 rem,
1442 3643 1548 3673 sanius
1578 3643 1742 3682 ingenium
1770 3653 1994 3683 summamque
2027 3642 2221 3682 diligentiam
2251 3642 2392 3673 laudavit

2212 3712 2243 3736 4¹
