2788 4204
99 388 108 396 ·
123 393 148 407 a:
160 385 263 413 speciem
272 391 307 406 rt:

99 413 162 434 illam
174 411 281 439 speciem.

97 655 108 665 “
115 661 128 675 ι
136 656 213 675 om.et
222 654 245 675 in
260 653 306 674 cir-

98 681 155 702 culo.

94 919 105 929 ⁸
115 918 148 966 [ἐτ’
165 918 268 940 cremiae
277 923 303 938 ex

96 951 122 966 co
157 961 163 966 .

91 1134 102 1144 ⁶
116 1133 178 1154 Lect.
196 1131 299 1159 praeced.

91 1235 102 1245 ⁸
111 1233 145 1255 Cf.
154 1233 205 1254 lect.
214 1237 296 1259 praec„

91 1266 155 1282 num.
166 1266 186 1286 7.

90 1340 100 1350 ⁸
110 1345 158 1360 1:10:
172 1338 296 1360 communi-

89 1366 138 1387 bus.
186 1392 199 1425 β

83 1768 91 1776 ·
100 1767 134 1789 Cf.
142 1766 294 1792 lib.1‚lect.x1,

86 1800 135 1821 seq.

86 2200 94 2208 '¹
103 2203 178 2224 amq:
187 2196 294 2219 ostende-

86 2226 132 2245 tur.

85 2306 95 2316 ⁸
118 2311 176 2325 nuo:
197 2305 295 2331 posset,-

85 2337 115 2352 σε
156 2333 231 2354 mesu
252 2334 294 2351 cet.

86 2337 161 2379 codes:
192 2357 259 2377 ossii.

86 2385 97 2395 ⁵
112 2384 160 2406 eod
179 2390 238 2404 .-Ρ;
254 2383 295 2404 Ιιιι-

86 2410 193 2432 iusmodi.

86 2625 96 2636 ⁸
113 2624 185 2655 Codd.
205 2635 214 2640 -
230 2630 255 2645 1’:
272 2624 294 2645 in

83 2652 294 2699 E’rifzii-tgividen-

87 2704 147 2725 dum.

88 2897 96 2904 “
112 2894 173 2915 Lect.
184 2900 214 2915 tv.

88 2948 99 2958 ¹⁵
113 2947 152 2967 Sic·
172 2953 199 2967 ex
220 2945 296 2972 codd„

90 2979 137 2995 exc.
146 2979 189 2998 κα.
199 2973 233 2994 Cf.
242 2976 296 2994 text.

91 3054 98 3061 ¹
114 3051 170 3073 lbid.

340 247 413 294 378

335 325 476 373 primas
504 332 628 372 partes
662 323 757 360 illius
786 323 948 371 generis,
985 333 1082 370 quae
1111 327 1197 356 sunt
1230 319 1396 355 indivisi—

336 378 427 414 biles
447 377 656 414 secundum
677 376 841 425 speciem
865 376 893 420 *,
914 382 1005 423 puta
1034 374 1138 422 quod
1167 373 1309 410 dividat
1328 385 1395 408 nu-

335 443 484 467 merum
505 430 542 467 in
558 430 744 467 binarium
766 436 800 465 et
819 427 1039 464 ternarium:
1063 433 1097 462 et
1116 428 1187 464 hac
1208 425 1394 462 divisione

334 483 557 532 praemissa,
586 495 655 531 per
681 494 796 531 quarn
835 480 1072 527 cognoscitur
1111 491 1250 527 genus,
1280 485 1396 514 tentet

333 545 466 585 postea
495 536 662 584 accipere
701 534 960 571 definitionem
996 533 1227 580 singularum
1252 532 1394 580 specie-

335 602 437 635 rum;
467 590 560 625 sicut
588 588 700 624 etiam
728 587 770 623 fit
793 587 830 622 in
859 586 954 632 aliis,
983 593 1074 634 puta
1099 586 1137 622 in
1166 592 1266 621 recta
1294 585 1393 621 linea

335 650 370 678 et
397 643 434 679 in
473 642 607 678 circulo
628 641 647 661 '¹²'
675 647 710 676 et
738 640 775 676 in
804 646 904 675 recto
934 640 1085 686 angulo.
1122 638 1265 675 Omnia
1290 638 1393 675 enim

333 696 427 732 haec
465 706 625 741 congrue
664 692 914 738 definiuntur,
952 692 1162 740 praemissa
1205 691 1392 728 divisione

333 748 487 796 generis.

387 802 420 837 3.
450 799 596 836 Deinde
618 811 703 835 cum
725 797 827 834 dicit:
848 798 937 834 Post
952 798 1045 834 haec
1064 802 1188 834 autem
1208 797 1391 845 accipien-

332 860 402 890 tem
433 860 520 898 etc.,
551 851 712 888 ostendit
732 851 890 899 qualiter
909 850 980 887 sint
1013 850 1258 899 accipiendae
1284 851 1390 887 diffe-

330 906 468 943 rentiae
483 905 519 951 *;
538 912 572 940 et
591 904 678 942 dicit
697 905 799 952 quod
818 914 1023 952 postquam
1044 904 1303 953 acceperimus
1322 916 1392 953 per

330 959 553 996 divisionem
573 957 718 1005 generis
738 957 776 993 in
797 957 941 1005 species
965 957 1057 1006 quid
1077 957 1122 994 sit
1146 969 1277 1005 genuS,
1298 965 1390 1006 puta

328 1019 451 1049 utrum
473 1013 518 1048 sit
538 1012 574 1047 in
590 1023 725 1059 genere
742 1011 927 1058 qualitatis
946 1012 1008 1047 vel
1028 1011 1255 1059 quantitatis,
1278 1023 1389 1060 opor-

327 1072 377 1101 tet
397 1065 443 1101 ad
464 1064 767 1112 investigandum
788 1063 1017 1100 differentias
1043 1064 1282 1101 considerare
1301 1077 1388 1113 pro-

326 1119 424 1166 prias
437 1119 644 1166 passiones,
661 1129 769 1166 quae,
786 1117 880 1153 sicut
895 1117 1037 1154 dictum
1058 1119 1156 1164 esst,
1177 1125 1264 1154 sunt
1283 1118 1389 1166 signa

326 1171 601 1208 manifestantia
627 1171 767 1207 formas
792 1171 964 1219 proprias
990 1171 1215 1219 specierum.
1243 1173 1292 1208 Et
1315 1172 1390 1208 hoc

327 1231 472 1273 oportet
487 1225 652 1273 primum
673 1224 793 1260 facere
818 1236 887 1272 per
905 1224 1031 1274 aliqua
1052 1225 1274 1262 communia
1295 1225 1325 1261 ³¹³.
1349 1225 1388 1262 Si

327 1277 427 1314 enirn
457 1290 526 1314 nos
565 1289 837 1324 congregemus
867 1278 1076 1315 accidentia
1110 1291 1154 1315 ex
1188 1278 1388 1325 generibus

326 1331 650 1368 communioribus
669 1331 689 1351 *
709 1333 820 1379 (quae
849 1330 910 1367 hic
940 1331 1116 1368 dicuntur
1134 1331 1386 1378 indivisibilia,

325 1385 412 1433 quia
432 1397 509 1421 non
538 1385 776 1421 resolvuntur
799 1383 836 1420 in
862 1384 986 1432 aliqua
1013 1385 1140 1434 priora
1169 1397 1309 1432 genera
1327 1384 1385 1431 β),

325 1438 449 1475 statim
483 1450 526 1475 ex
559 1437 842 1475 definitionibus
876 1450 1010 1474 eorum
1045 1446 1153 1475 erunt
1186 1438 1387 1475 manifesta

326 1504 369 1527 ea
388 1503 484 1539 quae
504 1491 730 1540 quaerimus.
763 1491 924 1539 Oportet
957 1492 1060 1528 enim
1095 1492 1264 1528 omnium
1299 1493 1387 1540 defi-

324 1545 502 1581 nitionum
536 1557 612 1581 esse
644 1544 872 1593 principium
911 1545 950 1581 id
981 1545 1082 1594 quod
1115 1545 1277 1593 simplex
1313 1551 1385 1592 est,

323 1598 417 1634 idest
437 1611 554 1646 genus
575 1611 802 1635 commune:
835 1606 869 1634 et
902 1598 1124 1636 huiusmodi
1153 1598 1386 1648 simplicibus

323 1652 447 1688 solum
461 1663 533 1699 per
550 1664 589 1688 se
609 1652 735 1688 insunt
763 1652 989 1699 accidentia,
1011 1664 1109 1701 quae
1131 1651 1388 1689 communiter

322 1705 564 1742 inveniuntur
583 1706 619 1742 in
641 1705 783 1751 multis;
805 1705 984 1742 omnibus
1004 1713 1133 1742 autem
1149 1706 1229 1743 aliis
1246 1719 1386 1743 conve-

323 1758 430 1794 niunt
449 1760 659 1796 secundum
690 1759 749 1795 illa
761 1760 791 1795 ⁴².
815 1759 918 1796 Sicut
937 1759 1066 1796 album
1088 1766 1123 1795 et
1146 1759 1296 1807 nigrum
1320 1772 1388 1809 per

323 1824 362 1848 se
396 1812 550 1860 quidem
580 1812 812 1849 conveniunt
841 1813 987 1862 corpori
1018 1812 1235 1859 terminato,
1267 1820 1302 1849 et
1329 1825 1385 1849 se-

325 1866 491 1902 cundum
515 1866 589 1902 hoc
619 1878 824 1902 commune
855 1866 1090 1903 conveniunt
1120 1873 1154 1902 et
1182 1866 1330 1903 homini
1352 1874 1387 1902 et

325 1931 422 1968 equo
462 1926 497 1956 et
534 1919 823 1968 quibuscunque
862 1919 954 1956 aliis.
994 1920 1104 1957 Unde
1137 1920 1167 1956 si
1196 1927 1387 1969 oporteret

324 1973 492 2021 accipere
527 1972 789 2010 definitionem
822 1973 996 2018 alicuius,
1034 1973 1092 2010 cui
1125 1973 1387 2010 universaliter

325 2026 543 2063 conveniret
563 2027 707 2072 album,
734 2033 825 2074 puta
854 2026 1117 2063 definitionem
1142 2027 1251 2073 nivis,
1274 2039 1386 2076 opor-

323 2086 415 2116 teret
448 2086 650 2116 recurrere'
670 2080 719 2116 ad
747 2092 867 2127 genus
902 2080 1167 2127 communius,
1198 2082 1303 2130 quod
1333 2087 1387 2117 est

324 2145 459 2181 corpus
480 2139 744 2180 terminatum,
775 2140 811 2169 et
840 2145 885 2169 ex
915 2146 960 2170 eo
982 2133 1207 2182 investigare
1229 2146 1385 2171 causam

323 2186 525 2232 albedinis;
556 2194 591 2223 et
618 2186 830 2223 secundum
855 2187 929 2223 hoc
958 2187 1219 2225 ostenderetur
1236 2189 1255 2209 '²²
1275 2187 1386 2225 nobis

322 2252 437 2287 quare
458 2240 520 2276 nix
539 2239 798 2276 universaliter
816 2240 861 2277 sit
880 2241 976 2277 alba.
999 2242 1048 2277 Et
1067 2241 1127 2278 illa
1147 2254 1260 2278 causa
1279 2248 1386 2290 pote-

323 2294 367 2330 rit
384 2295 403 2314 ²*
422 2294 608 2342 pertinere
628 2294 676 2330 ad
695 2294 800 2341 quod
820 2294 911 2342 quid
933 2300 987 2330 est
1006 2294 1119 2340 nivis;
1140 2302 1231 2343 puta
1251 2295 1384 2344 inspis—

323 2347 416 2383 satio
445 2347 590 2384 humidi
621 2348 660 2392 ’ἢ
699 2359 797 2396 quae
836 2347 921 2383 facit
955 2347 1158 2385 humidum
1193 2348 1386 2385 terminari

324 2413 411 2438 cum
441 2400 726 2437 conservatione
756 2400 858 2438 lucis.

376 2466 412 2501 4.
442 2453 590 2491 Deinde
625 2466 712 2490 cum
748 2453 860 2491 dicit:
889 2453 1102 2491 Divisiones
1134 2460 1259 2492 autem
1289 2467 1387 2503 quae

322 2513 409 2544 sunt
435 2515 514 2554 etc.‚
537 2507 698 2544 ostendit
717 2508 916 2556 quomodo
941 2508 1156 2557 praedictus
1184 2521 1386 2557 processus

325 2561 489 2597 conferat
523 2562 570 2598 ad
604 2561 864 2607 definitiones;
905 2569 940 2598 et
976 2562 1063 2599 dicit
1095 2563 1200 2610 quod
1234 2562 1283 2599 ad
1311 2563 1386 2599 hoc

323 2616 427 2663 quod
455 2614 587 2663 aliquis
615 2614 807 2663 praedicto
826 2615 844 2635 ²³*
865 2615 985 2652 modo
1008 2616 1190 2663 procedat
1219 2615 1267 2652 ad
1293 2616 1385 2653 defi-

323 2668 523 2714 niendum,
553 2668 689 2704 scilicet
723 2667 931 2705 dividendo
959 2669 978 2690 ’ἓ
1007 2680 1126 2716 genus
1154 2668 1192 2705 in
1227 2668 1384 2717 species,

323 2722 409 2758 utile
439 2729 492 2757 est
520 2721 623 2770 quod
652 2722 772 2758 homo
802 2721 960 2770 accipiat
988 2721 1217 2759 divisionem
1239 2722 1386 2769 generis

322 2787 390 2824 per
424 2774 662 2811 differentias.
704 2775 780 2811 Sed
813 2782 942 2811 tamen
978 2775 1178 2824 quomodo
1211 2787 1280 2824 per
1312 2775 1386 2811 hoc

324 2828 580 2865 manifestetur
599 2828 700 2876 quod
725 2828 815 2876 quid
841 2834 904 2874 est,
935 2828 1078 2865 dictum
1100 2835 1154 2864 est
1174 2827 1212 2864 in
1231 2840 1386 2877 praece-

324 2882 496 2919 dentibus
509 2882 539 2918 *.
563 2882 657 2918 Sunt
676 2881 832 2930 quidem
859 2881 969 2918 utiles
988 2882 1204 2930 praedictae
1233 2882 1386 2919 divisio-

324 2947 391 2971 nes
420 2937 467 2972 ad
496 2935 760 2983 accipiendum
789 2934 895 2983 quod
920 2934 1011 2983 quid
1041 2942 1096 2971 est
1124 2934 1177 2971 sic
1199 2935 1219 2955 *
1248 2936 1385 2981 solum,

325 2989 417 3025 sicut
437 2988 577 3025 dictum
599 2995 669 3033 est;
691 2987 757 3024 sed
778 2988 827 3025 ad
855 2987 1156 3036 syllogizandum
1176 2988 1281 3037 quod
1296 2989 1387 3038 quid

326 3049 379 3078 est
394 3042 482 3078 nihil
496 3042 674 3079 videntur
693 3041 827 3086 facere,
845 3048 886 3077 ut
904 3041 1007 3090 prius
1028 3041 1169 3078 dictum
1191 3049 1246 3078 est
1257 3043 1288 3078 *.
1311 3042 1388 3079 Sed

324 3095 471 3133 videtur
499 3095 604 3144 quod
633 3094 844 3131 dividentes
879 3094 1004 3131 statim
1040 3095 1225 3144 accipiant
1258 3095 1387 3132 omnia

325 3210 349 3234 in
369 3217 410 3234 eas
430 3217 496 3241 quae
514 3210 539 3234 in
565 3209 621 3241 ipso
640 3213 763 3241 apparent
787 3209 900 3241 specieS,
921 3217 1014 3242 nempe
1034 3211 1143 3236 mortale
1162 3216 1187 3236 et
1205 3211 1359 3237 immonale.
1371 3222 1384 3235 ³

326 3245 515 3277 (stromatum,
537 3245 578 3269 lib.
594 3244 656 3274 vm,
677 3244 692 3276 ξ
706 3245 757 3276 νι).

379 3279 403 3312 β)
425 3281 453 3304 In
473 3281 563 3312 aliqua
575 3280 671 3312 priora
690 3286 798 3313 genera.
809 3294 826 3298 —
836 3280 873 3305 O:
889 3281 915 3306 in
932 3281 1022 3314 aliqua
1032 3282 1129 3314 priora
1139 3283 1264 3316 propria.
1279 3283 1316 3308 Ex
1331 3283 1386 3308 aliis

327 3316 399 3339 codd.
413 3316 529 3340 addimus
548 3315 640 3340 Pinnae
658 3322 766 3348 genera.

378 3351 404 3384 γ)
427 3351 522 3375 Omnia
541 3358 591 3375 non
611 3351 772 3384 syllogizant
788 3356 836 3376 etc.
848 3364 867 3371 —
881 3352 916 3376 Ita
935 3352 1018 3383 codd„
1034 3359 1086 3377 exc.
1101 3353 1136 3377 F:
1151 3354 1241 3379 omm'a
1261 3361 1312 3379 non
1333 3361 1383 3379 non

327 3386 429 3418 syllog„
443 3387 465 3410 Α
479 3395 504 3419 p.
520 3394 562 3411 m.:
581 3387 648 3411 sicut
662 3394 686 3416 a,
707 3386 776 3422 AIT:v
795 3388 939 3419 accepisse,
955 3388 992 3412 G:
1006 3388 1144 3420 acciperet.
1160 3389 1181 3414 N
1197 3398 1218 3414 s.
1234 3397 1277 3414 m.:
1296 3390 1385 3423 acqui-

328 3424 404 3448 reret,
420 3426 444 3444 et
458 3421 489 3451 Q,
500 3423 543 3453 qui
558 3421 615 3446 hab.
627 3422 672 3446 Iac.
682 3435 701 3440 —
713 3422 744 3446 P:
759 3422 892 3454 accipiant
904 3423 994 3448 omnia
1007 3424 1177 3457 syllogizata,
1192 3425 1260 3450 sicut
1274 3425 1298 3450 si
1307 3426 1387 3457 prius

330 3453 365 3487 (ἐξ
385 3451 472 3489 ἀρχῖς)
491 3457 585 3489 aliquis
605 3463 652 3482 etc.

381 3490 405 3522 δ)
425 3492 476 3515 Per
494 3492 541 3517 hoc
560 3493 629 3524 quod
647 3496 751 3524 oportet
769 3500 845 3518 omne
864 3494 981 3519 ete.-Ita
1001 3494 1082 3525 CMQ,
1101 3495 1196 3528 quibus
1216 3496 1292 3520 ceteri
1312 3497 1387 3521 codd.

330 3526 505 3558 suffragantur.
521 3528 554 3551 A:
570 3535 621 3559 per
635 3528 683 3553 hoc
696 3529 758 3560 quia
772 3529 843 3561 quod
857 3533 962 3560 oportet
977 3530 1048 3562 quod
1062 3537 1179 3556 omne...
1189 3531 1316 3556 constitui
1330 3529 1387 3558 otest

332 3561 376 3584 sed
395 3561 472 3591 signis
492 3562 619 3591 indicatur.
635 3571 682 3595 pro
696 3563 757 3596 quia
772 3565 849 3596 quod,
866 3565 914 3597 legi
930 3565 1025 3590 debere
1040 3566 1110 3598 quod
1122 3566 1202 3598 quim·
1222 3567 1254 3591 B:
1270 3574 1322 3599 per
1340 3567 1389 3592 hoc

331 3596 400 3627 quod
413 3599 515 3627 oportet
533 3598 602 3629 quod
614 3605 729 3623 omne...
743 3600 922 3624 constituatur
932 3606 988 3632 etc.;
1003 3600 1179 3626 DGKLNST:
1188 3609 1241 3634 per
1254 3602 1303 3627 hoc
1317 3603 1388 3635 quod

918 240 1295 280 POSTERIORUM
1322 238 1754 276 ANALYTICORUM
1783 239 1876 275 LIB.
1909 240 1940 274 II

1454 330 1533 354 non
1562 318 1791 366 syllogizata,
1823 317 1918 353 sicut
1946 316 1976 353 si
1997 328 2018 352 a
2036 316 2225 366 principio
2254 317 2391 367 aliquis
2419 330 2525 356 acce·

1452 371 1585 419 pisset,
1617 378 1823 419 antequam
1854 370 2039 407 divideret
2059 374 2083 406 ⁷.

1511 425 1543 461 5.
1578 424 1729 461 Deinde
1770 435 1858 459 cum
1903 422 2011 460 dicit:
2045 422 2190 472 Differt
2219 429 2345 460 autem
2383 424 2527 473 aliquid

1445 477 1556 524 prius
1586 485 1668 523 etc.‚
1691 476 1855 513 ostendit
1875 475 1967 524 quid
1987 484 2162 524 oporteat
2183 489 2335 523 cavere,
2357 489 2405 513 ne
2426 478 2524 515 circa

1450 530 1688 579 praedictum
1718 541 1943 578 processum
1973 529 2143 566 defectus
2172 530 2330 567 accidat.
2357 531 2406 566 Et
2427 531 2525 568 circa

1450 584 1525 619 hoc
1556 584 1633 620 duo
1654 582 1755 619 facit:
1785 582 1923 630 primo,
1938 583 2114 620 ‘ostendit
2132 584 2239 632 quod
2255 584 2274 604 ²⁸
2295 591 2445 632 oportet
2465 596 2524 621 ca-

1450 649 1541 672 vere
1566 635 1910 673 inordinationem:
1940 636 2123 682 secundo,
2150 637 2256 684 quod
2285 644 2435 686 oportet
2464 650 2524 674 ca-

1449 701 1540 726 vere
1576 688 1891 734 diminutionem3
1927 688 1999 725 ibi:
2033 689 2208 737 Amplius
2236 696 2361 727 autem
2391 691 2444 727 ad
2471 691 2525 727 nil

1449 742 1734 791 relinquendum
1748 743 1767 763 ²³⁴
1784 749 1852 778 etc.
1870 741 1971 778 Dicit
1987 754 2076 790 ergo
2094 742 2221 791 primo
2236 743 2342 791 quod
2357 745 2522 780 multum

1449 796 1574 832 differt
1602 795 1694 844 quid
1721 795 1825 844 prius
1862 801 1898 831 et
1930 795 2023 844 quid
2055 796 2244 844 posterius
2281 797 2522 845 praedicetur

1448 849 1544 885 inter
1563 861 1608 885 ea
1632 861 1730 897 quae
1745 856 1942 897 ponuntur
1956 849 1995 884 in
2015 848 2250 886 definitione.
2268 850 2399 886 Potest
2419 850 2521 887 enim

1446 915 1526 939 uno
1556 903 1676 938 modo
1706 902 1758 938 sic
1787 901 1872 948 dici,
1891 901 1995 950 quod
2023 903 2137 939 homo
2161 908 2216 939 est
2246 903 2392 940 animal
2414 915 2522 940 man-

1445 961 1590 992 suetum
1611 955 1732 1003 bipes‚·
1760 955 1833 991 alio
1863 955 1983 992 modo
2011 962 2137 1003 potest
2165 956 2272 992 aliter
2292 957 2312 977 '²²
2341 956 2521 1004 ordinari,

1445 1017 1487 1046 ut
1502 1009 1647 1046 dicatur
1662 1008 1767 1057 quod
1783 1010 1896 1045 homo
1912 1013 1967 1044 est
1984 1009 2085 1057 bipes
2104 1009 2250 1046 animal
2268 1015 2517 1047 mansuetum.

1447 1064 1495 1099 Et
1515 1063 1620 1112 quod
1634 1062 1710 1099 hoc
1725 1062 1874 1099 differat
1888 1062 1938 1098 ad
1954 1061 2217 1100 definiendum
2231 1070 2336 1112 patet
2349 1075 2419 1112 per
2433 1064 2519 1111 hoc,

1446 1117 1552 1165 quod
1589 1123 1740 1164 oportet
1768 1127 1885 1152 omne
1921 1115 2027 1164 quod
2063 1115 2242 1153 definitur
2270 1116 2446 1154 constitui
2475 1129 2521 1153 ex

1447 1170 1610 1216 duobus,
1631 1169 1772 1206 scilicet
1800 1181 1845 1205 ex
1874 1181 2012 1216 genere
2034 1176 2069 1205 et
2090 1169 2304 1206 differentia
2319 1167 2343 1206 δ.
2367 1170 2430 1207 Sic
2453 1170 2519 1218 igi-

1446 1231 1505 1260 tur
1524 1223 1553 1260 si
1574 1229 1811 1260 mansuetum
1832 1222 2015 1270 accipitur
2034 1230 2076 1259 ut
2097 1222 2311 1260 differentia
2330 1223 2518 1271 animalis,

1446 1284 1595 1326 oportet
1615 1276 1720 1325 quod
1739 1277 1880 1313 animal
1905 1284 2150 1313 mansuetum
2171 1276 2216 1313 sit
2235 1276 2377 1326 aliquid
2397 1277 2521 1314 unum*

1446 1331 1551 1379 quod
1580 1329 1786 1379 accipiatur
1804 1337 1845 1366 ut
1864 1342 1995 1378 genus,
2018 1342 2064 1366 ex
2084 1342 2162 1379 quo
2184 1337 2221 1367 et
2249 1329 2320 1367 alia
2341 1330 2519 1368 differen-

1444 1384 1495 1420 tia
1515 1395 1612 1432 quae
1635 1391 1690 1420 est
1709 1384 1822 1432 bipes,
1840 1383 2088 1420 constituatur
2109 1385 2128 1405 ’Β
2157 1384 2289 1420 homo.
2312 1384 2362 1420 Et
2381 1383 2519 1421 eadem

1445 1437 1539 1474 ratio
1570 1444 1626 1473 est
1654 1436 1702 1473 de
1731 1449 1964 1486 quocunque
2001 1437 2076 1474 alio
2111 1437 2217 1487 quod
2245 1437 2289 1474 fit
2316 1450 2438 1474 unum
2473 1450 2520 1475 ex
2549 1461 2551 1463 ·

1443 1490 1615 1539 pluribus
1637 1501 1712 1538 per
1728 1502 1779 1537 se,
1802 1497 1839 1526 et
1857 1502 1936 1527 non
1961 1502 2032 1539 per
2059 1492 2243 1528 accidens.
2276 1490 2382 1528 Sicut
2409 1491 2520 1542 igitur

1445 1544 1570 1581 differt
1595 1543 1702 1592 quod
1730 1543 1936 1592 accipiatur
1963 1545 2039 1580 hoc
2066 1545 2129 1581 vel
2158 1544 2250 1581 illud
2277 1557 2349 1593 pro
2378 1557 2519 1593 genere

1443 1598 1505 1635 vel
1528 1598 1548 1618 '¹‘
1575 1596 1808 1644 differentia,
1843 1605 1909 1634 aut
1944 1597 2050 1646 quod
2079 1597 2285 1646 accipiatur
2311 1597 2455 1647 aliquid
2477 1606 2520 1635 ut

1443 1659 1500 1688 est
1519 1650 1732 1688 differentia
1752 1650 1994 1688 constitutiva
2013 1651 2161 1699 generis
2182 1658 2218 1688 et
2238 1650 2401 1688 divisiva
2420 1651 2518 1689 eius-

1444 1705 1555 1751 dem;
1582 1705 1635 1741 vita
1673 1704 1799 1741 differt
1833 1704 1882 1741 ad
1921 1705 2187 1742 definiendum
2225 1704 2332 1754 quod
2368 1705 2423 1742 sic
2455 1705 2518 1742 vel

1443 1759 1550 1795 aliter
1577 1765 1704 1807 partes
1734 1758 1965 1795 definitionis
1995 1758 2229 1795 ordinentur.
2261 1758 2302 1795 Si
2331 1759 2435 1795 enirn
2464 1758 2519 1796 di-

1444 1824 1529 1849 cam
1550 1811 1655 1861 quod
1683 1813 1797 1848 homo
1823 1817 1877 1848 est
1894 1812 2039 1849 animal
2058 1817 2296 1849 mansuetum
2316 1812 2434 1862 bipes,
2457 1817 2518 1849 ac-

1443 1865 1602 1914 cipietur
1623 1866 1642 1886 *
1671 1865 1811 1902 animal
1834 1866 1876 1887 ²³²*
1905 1873 1947 1902 ut
1964 1878 2097 1914 genus,
2119 1873 2365 1903 mansuetum
2386 1873 2516 1903 autem

1443 1927 1484 1956 ut
1513 1918 1726 1956 differentia
1760 1919 2002 1956 constitutiva
2036 1919 2136 1967 eius,
2171 1919 2279 1969 bipes
2312 1927 2454 1957 autem·
2476 1927 2518 1956 ut

1443 1972 1656 2010 differentia
1682 1972 1845 2010 divisiva
1873 1973 2003 2022 ipsius.
2034 1974 2067 2010 E
2088 1985 2278 2010 converso
2299 1980 2428 2010 autem
2447 1973 2519 2016 erit

1441 2027 1472 2063 si
1502 2026 1648 2064 dicatur
1680 2026 1787 2076 quod
1819 2028 1932 2063 homo
1961 2032 2016 2063 est
2042 2027 2188 2064 animal
2214 2027 2316 2076 bipes
2344 2039 2516 2064 mansue⁴

1441 2086 1532 2118 tum.
1563 2079 1665 2127 Quia
1693 2079 1804 2128 igitur
1833 2080 2046 2117 differentia
2071 2080 2215 2118 ordinis
2235 2080 2323 2118 facit
2342 2080 2518 2118 differen-

1441 2133 1532 2170 tiam
1554 2133 1592 2170 in
1613 2134 1718 2182 quod
1737 2133 1831 2183 quid
1860 2141 1930 2181 cst,
1963 2146 2203 2183 consequens
2233 2142 2288 2172 est
2322 2133 2429 2183 quod
2456 2133 2517 2171 ille

1442 2187 1507 2237 qui
1536 2187 1681 2234 dividit,
1711 2199 1790 2224 non
1820 2188 1947 2224 solum
1981 2196 2174 2237 supponat
2207 2200 2253 2225 ea
2287 2200 2386 2238 quae
2416 2187 2517 2237 ‘acci-

1441 2241 1596 2290 piuntur
1615 2241 1664 2278 ad
1684 2240 1967 2288 definiendum,
1993 2243 2061 2279 sed
2081 2242 2196 2279 etiarn
2216 2249 2320 2291 petat
2339 2241 2516 2279 ordinem

1442 2294 1683 2332 eorumdem.
1715 2295 1764 2331 Et
1785 2294 1839 2331 sic
1859 2295 2104 2332 manifestum
2134 2303 2191 2333 est
2218 2295 2324 2345 quod
2345 2295 2516 2333 definitio

1442 2361 1521 2386 non
1550 2349 1744 2397 syllogizat
1772 2349 1878 2398 quod
1907 2348 1998 2398 quid
2028 2356 2094 2386 est.

1495 2403 1531 2438 6.
1563 2402 1713 2439 Deinde
1749 2402 1981 2439 cumdicit:
2014 2402 2189 2452 Amplius
2221 2407 2348 2439 autem
2381 2402 2434 2439 ad
2463 2401 2518 2439 nil

1441 2456 1728 2504 relinquendum
1758 2463 1847 2502 etc.‚
1883 2455 1996 2493 docet
2029 2469 2167 2493 cavere
2197 2454 2514 2503 diminutionem,

1442 2509 1649 2546 ostendens
1664 2511 1684 2529 ⁵
1700 2509 1901 2558 quomodo
1917 2509 2000 2546 fieri
2014 2510 2136 2558 possit
2149 2518 2191 2546 ut
2210 2510 2261 2547 nil
2276 2508 2514 2559 praetermit-

1441 2570 1540 2600 tatur
1568 2575 1703 2599 eorum
1733 2575 1832 2612 quae
1859 2563 2102 2611 requiruntur
2130 2563 2179 2600 ad
2199 2563 2304 2612 quod
2325 2563 2416 2612 quid
2442 2569 2514 2609 est;

1442 2625 1479 2654 et
1507 2617 1596 2654 dicit
1615 2616 1721 2665 quod
1740 2617 1816 2653 hoc
1836 2616 2016 2665 contingit
2036 2617 2118 2654 fieri
2143 2617 2269 2654 solum
2296 2616 2367 2654 isto
2394 2616 2514 2654 modo

1442 2683 1519 2719 quo
1554 2669 1709 2707 dicetur.
1740 2669 1802 2706 Ad
1832 2669 1938 2706 cuius
1977 2669 2207 2707 evidentiam
2231 2675 2243 2690 ¹
2272 2669 2516 2708 consideran-

1443 2724 1536 2760 dum
1575 2731 1649 2770 est,
1685 2722 1790 2772 quod
1829 2735 1965 2760 omnes
2001 2723 2237 2761 differentiae
2270 2723 2514 2773 superiorum

1441 2788 1625 2825 generum
1644 2776 1834 2825 pertinent
1853 2776 1902 2813 ad
1932 2777 2037 2826 quod
2057 2777 2149 2826 quid
2169 2785 2225 2814 est
2253 2777 2410 2814 alicuius
2429 2789 2515 2827 spe-

1442 2830 1523 2867 ciei.
1545 2830 1649 2866 Nam
1670 2829 1823 2866 inferius
1848 2842 1968 2878 genus
1989 2831 2226 2868 constituitur
2245 2843 2315 2880 per
2339 2830 2516 2869 differen-

1442 2883 1533 2920 tiam
1563 2882 1765 2920 divisivam
1794 2883 2000 2932 superioris
2033 2884 2194 2932 generis.
2216 2884 2279 2922 Ad
2313 2884 2515 2923 vitandum

1442 2949 1531 2985 ergo
1553 2936 1858 2983 diminutionem,
1876 2945 2027 2986 oportet
2045 2938 2151 2988 quod
2171 2939 2274 2975 nulla
2293 2938 2516 2976 huiusmodi

1443 2990 1741 3027 differentiarum
1760 2991 2091 3039 praetermittatur.
2113 2992 2429 3030 Praetermittitur
2448 3004 2514 3030 au·

1442 3051 1520 3080 tem
1541 3044 1570 3081 si
1599 3043 1744 3094 aliquis,
1775 3052 1932 3094 accepto
1962 3058 2144 3094 supremo
2173 3058 2325 3094 genere,
2355 3045 2515 3096 accipiat

1443 3105 1722 3147 consequenter
1763 3097 1931 3147 aliquam
1967 3099 2220 3137 differentiam
2261 3099 2465 3137 divisivam
2500 3097 2516 3126 ἶ

1440 3213 1503 3245 quia
1522 3216 1627 3245 oportet
1646 3213 1718 3246 quod
1735 3221 1852 3238 omne...
1871 3213 1999 3239 constitui
2017 3219 2078 3243 επις
2098 3213 2180 3239 EFO:
2195 3221 2247 3246 per
2265 3214 2315 3240 hoc
2329 3214 2393 3248 quia
2408 3217 2516 3247 oportet

1440 3249 1511 3281 quod
1524 3255 1634 3274 omne...
1646 3249 1774 3274 constitui
1786 3254 1846 3278 ete:
1862 3249 1899 3274 H:
1911 3256 1961 3281 per
1973 3249 2023 3274 hoc
2034 3249 2106 3282 quod
2117 3249 2181 3282 quia
2196 3253 2302 3282 oportet
2319 3250 2392 3283 quod
2405 3257 2514 3275 omne...

1440 3285 1613 3310 constituitur
1631 3290 1694 3315 etc.;
1714 3285 1736 3309 I:
1752 3292 1804 3317 per
1822 3285 1871 3310 hoc
1890 3285 1953 3317 quia
1968 3288 2074 3317 oportet
2091 3285 2164 3318 quod
2177 3293 2295 3311 omne...
2313 3285 2442 3312 constitui
2455 3291 2514 3312 etc-a

1441 3320 1487 3344 sed
1503 3319 1558 3352 ipse
1577 3327 1660 3345 arnan.
1676 3321 1700 3345 in
1715 3327 1796 3353 marg.
1815 3320 1898 3345 interl.
1919 3320 1987 3345 addit
2006 3320 2084 3354 quod,
2101 3321 2239 3353 tegendum
2259 3322 2325 3346 inter
2339 3322 2388 3347 hoc
2402 3326 2427 3346 et
2441 3321 2513 3354 quia.

1441 3355 1475 3379 P:
1487 3362 1538 3387 per·
1552 3355 1600 3381 hoc
1615 3355 1677 3388 quia
1692 3358 1798 3388 oportet
1811 3355 1883 3388 quod
1900 3363 2018 3381 omne...
2036 3356 2218 3381 constituatur
2234 3363 2273 3382 ex
2286 3363 2384 3390 genere
2397 3359 2423 3382 et
2438 3355 2513 3391 diffe-

1441 3391 1528 3416 remia
1535 3398 1544 3419 ,·
1562 3391 1602 3416 cui
1619 3391 1721 3416 lectioni
1735 3391 1917 3417 substituimus
1932 3391 2070 3417 lectionem
2085 3391 2168 3423 CMQ,
2181 3400 2249 3425 quae
2262 3393 2346 3425 magi·
2360 3392 2447 3425 quoad
2461 3392 2514 3418 for-

1441 3434 1511 3451 mam
1531 3426 1647 3459 expedita
1666 3427 1775 3451 videtur.

1495 3462 1517 3494 ε)
1536 3462 1580 3487 Ad
1593 3462 1668 3488 cuius
1681 3462 1850 3488 evidentiam.
1860 3476 1878 3482 —-
1890 3462 2092 3488 ABCFHIMOT
2105 3468 2131 3488 et
2145 3470 2170 3495 p.
2181 3471 2216 3488 m.
2231 3463 2278 3488 ΚΝ
2285 3471 2291 3488 :
2306 3463 2344 3488 ad
2355 3463 2430 3488 cuius
2440 3461 2514 3488 modi

1441 3497 1618 3526 evidentiam:
1637 3498 1692 3522 DS:
1711 3498 1748 3523 ad
1767 3498 1881 3523 eiusdem
1902 3499 1984 3524 modi.

1494 3532 1519 3564 ζ)
1541 3533 1572 3557 Si
1589 3533 1712 3565 aliquis...
1725 3533 1841 3566 accipiat
1859 3539 1908 3559 etc.
1918 3547 1937 3552 -
1947 3534 2099 3559 Retinemus
2113 3533 2180 3559 hanc
2199 3534 2336 3558 lectionem
2355 3533 2376 3558 Ρ
2395 3538 2422 3558 et
2438 3539 2460 3558 ι.
2475 3539 2512 3557 m.

1442 3567 1609 3593 c.—13M:s1‘
1628 3569 1692 3601 (om.
1711 3569 1845 3603 aliquis)...
1866 3569 2015 3601 accipiatur
2033 3572 2224 3602 consequenter·
2246 3569 2337 3601 aliqua
2361 3567 2513 3602 differentia

1442 3603 1569 3633 divisiva,-
1589 3609 1636 3629 cet.
1656 3605 1744 3629 codd-z
1768 3605 1793 3630 si
1811 3605 1933 3637 aliquis...
1952 3604 2101 3637 acctpi'atur
2119 3607 2310 3637 consequenter
2327 3604 2418 3637 aliqua
2437 3603 2511 3637 diffe-

2552 595 2563 605 '⁴
2574 600 2599 615 a:
2627 593 2734 620 uomodo,
2743 597 2768 616 et

2553 620 2585 642 ita
2599 620 2605 641 i
2626 620 2667 642 fra.

2553 758 2561 766 '
2576 758 2647 780 Num.
2661 764 2712 787 seq.

2549 970 2559 981 ³
2565 969 2642 991 Aliter
2648 976 2677 991 ex
2683 970 2765 997 eodm,

2551 1002 2602 1017 exc.
2612 1002 2639 1017 o:
2649 997 2764 1024 aliqnan-

2549 1022 2602 1044 do.-
2609 1029 2623 1044 ι.
2632 1029 2682 1045 om.
2692 1025 2718 1045 ue
2727 1023 2764 1045 di-

2549 1051 2627 1071 catur.

2546 1398 2558 1410 ·
2565 1397 2654 1420 Codd.-
2661 1404 2697 1420 m:
2705 1404 2761 1420 con-

2548 1425 2663 1447 cumaur-

2546 1544 2682 1576 Differentin
2705 1551 2763 1576 con-

2546 1575 2763 1620 {wamma}

2547 1624 2610 1647 dem.

2545 1651 2557 1663 ⁹
2567 1657 2593 1673 u:
2608 1651 2707 1680 »dm-o.

2543 1879 2555 1892 ⁸
2572 1885 2602 1902 a:
2624 1879 2680 1901 aed
2703 1881 2761 1907 m,-

2544 1912 2582 1928 ηε
2597 1906 2652 1929 στα·
2675 1909 2740 1929 atur.

2544 1933 2566 1944 ⁸·
2576 1939 2667 1955 ancon·
2674 1940 2759 1956 ertum:

2544 1960 2637 1982 aalma!
2650 1966 2760 1983 namue-

2532 1993 2535 1996 ·
2545 1988 2592 2009 tum
2602 1988 2628 2008 ut
2639 1992 2726 2015 genu.

2543 2521 2552 2530 ”
2567 2527 2594 2543 r:
2608 2520 2758 2547 ostendunt

2543 2549 2568 2569 et
2580 2547 2690 2569 ostendn't.
