<?xml version="1.0" encoding="UTF-8"?>
<!DOCTYPE html PUBLIC "-//W3C//DTD XHTML 1.0 Transitional//EN"
    "http://www.w3.org/TR/xhtml1/DTD/xhtml1-transitional.dtd">
<html xmlns="http://www.w3.org/1999/xhtml" xml:lang="en" lang="en">
 <head>
  <title>
</title>
<meta http-equiv="Content-Type" content="text/html;charset=utf-8" />
  <meta name='ocr-system' content='tesseract 3.04.00' />
  <meta name='ocr-capabilities' content='ocr_page ocr_carea ocr_par ocr_line ocrx_word'/>
</head>
<body>
  <div class='ocr_page' id='page_1' title='image "./operaomniaiussui01thom/operaomniaiussui01thom_0352.png"; bbox 0 0 2548 4192; ppageno 0'>
   <div class='ocr_carea' id='block_1_1' title="bbox 215 283 355 309">
    <p class='ocr_par' dir='ltr' id='par_1_1' title="bbox 215 283 355 309">
     <span class='ocr_line' id='line_1_1' title="bbox 215 283 355 309; baseline -0.007 0"><span class='ocrx_word' id='word_1_1' title='bbox 215 283 355 309; x_wconf 86' lang='lat' dir='ltr'>CCCXXX</span> 
     </span>
    </p>
   </div>
   <div class='ocr_carea' id='block_1_2' title="bbox 203 349 1286 3675">
    <p class='ocr_par' dir='ltr' id='par_1_2' title="bbox 213 349 1286 658">
     <span class='ocr_line' id='line_1_2' title="bbox 214 349 1286 388; baseline -0.003 -5"><span class='ocrx_word' id='word_1_2' title='bbox 214 354 246 383; x_wconf 94' lang='lat' dir='ltr'>in</span> <span class='ocrx_word' id='word_1_3' title='bbox 271 359 378 382; x_wconf 90' lang='lat' dir='ltr'>sancto</span> <span class='ocrx_word' id='word_1_4' title='bbox 402 349 645 381; x_wconf 89' lang='lat' dir='ltr'>Bonaventura?</span> <span class='ocrx_word' id='word_1_5' title='bbox 669 351 748 388; x_wconf 92' lang='lat' dir='ltr'>Quis</span> <span class='ocrx_word' id='word_1_6' title='bbox 767 351 860 381; x_wconf 91' lang='lat' dir='ltr'>etiam</span> <span class='ocrx_word' id='word_1_7' title='bbox 877 351 1055 381; x_wconf 88' lang='lat' dir='ltr'>maturioris</span> <span class='ocrx_word' id='word_1_8' title='bbox 1073 350 1196 381; x_wconf 89' lang='lat' dir='ltr'>consilii</span> <span class='ocrx_word' id='word_1_9' title='bbox 1220 361 1286 381; x_wconf 93' lang='lat' dir='ltr'>non</span> 
     </span>
     <span class='ocr_line' id='line_1_3' title="bbox 213 393 1285 436; baseline -0.001 -9"><span class='ocrx_word' id='word_1_10' title='bbox 213 397 292 428; x_wconf 90' lang='lat' dir='ltr'>illud</span> <span class='ocrx_word' id='word_1_11' title='bbox 308 395 514 436; x_wconf 78' lang='lat' dir='ltr'>praeteriisset</span> <span class='ocrx_word' id='word_1_12' title='bbox 531 393 687 425; x_wconf 88' lang='lat' dir='ltr'>omnino?</span> <span class='ocrx_word' id='word_1_13' title='bbox 711 396 826 425; x_wconf 89' lang='lat' dir='ltr'>Nonne</span> <span class='ocrx_word' id='word_1_14' title='bbox 850 405 924 425; x_wconf 90' lang='lat' dir='ltr'>vero</span> <span class='ocrx_word' id='word_1_15' title='bbox 949 396 1089 425; x_wconf 89' lang='lat' dir='ltr'>Ioannes</span> <span class='ocrx_word' id='word_1_16' title='bbox 1105 395 1285 433; x_wconf 87' lang='lat' dir='ltr'><em>Fabricius,</em></span> 
     </span>
     <span class='ocr_line' id='line_1_4' title="bbox 213 439 1285 482; baseline -0.002 -10"><span class='ocrx_word' id='word_1_17' title='bbox 213 442 269 482; x_wconf 93' lang='lat' dir='ltr'>qui</span> <span class='ocrx_word' id='word_1_18' title='bbox 286 450 449 471; x_wconf 85' lang='lat' dir='ltr'>censorem</span> <span class='ocrx_word' id='word_1_19' title='bbox 466 439 539 479; x_wconf 91' lang='lat' dir='ltr'>agit,</span> <span class='ocrx_word' id='word_1_20' title='bbox 564 446 618 469; x_wconf 91' lang='lat' dir='ltr'>aut</span> <span class='ocrx_word' id='word_1_21' title='bbox 634 439 772 469; x_wconf 86' lang='lat' dir='ltr'>inscitiae</span> <span class='ocrx_word' id='word_1_22' title='bbox 792 439 1026 479; x_wconf 85' lang='lat' dir='ltr'>redarguendus</span> <span class='ocrx_word' id='word_1_23' title='bbox 1044 446 1100 476; x_wconf 86' lang='lat' dir='ltr'>est,</span> <span class='ocrx_word' id='word_1_24' title='bbox 1125 439 1180 479; x_wconf 91' lang='lat' dir='ltr'>qui</span> <span class='ocrx_word' id='word_1_25' title='bbox 1197 449 1285 470; x_wconf 88' lang='lat' dir='ltr'>men-</span> 
     </span>
     <span class='ocr_line' id='line_1_5' title="bbox 214 483 1283 524; baseline -0.002 -8"><span class='ocrx_word' id='word_1_26' title='bbox 214 487 292 516; x_wconf 92' lang='lat' dir='ltr'>dum</span> <span class='ocrx_word' id='word_1_27' title='bbox 309 486 387 515; x_wconf 91' lang='lat' dir='ltr'>illud</span> <span class='ocrx_word' id='word_1_28' title='bbox 403 484 435 514; x_wconf 94' lang='lat' dir='ltr'>in</span> <span class='ocrx_word' id='word_1_29' title='bbox 452 485 545 514; x_wconf 89' lang='lat' dir='ltr'>Petro</span> <span class='ocrx_word' id='word_1_30' title='bbox 562 484 741 514; x_wconf 88' lang='lat' dir='ltr'>Lombardo</span> <span class='ocrx_word' id='word_1_31' title='bbox 765 494 830 513; x_wconf 94' lang='lat' dir='ltr'>non</span> <span class='ocrx_word' id='word_1_32' title='bbox 854 483 966 513; x_wconf 91' lang='lat' dir='ltr'>viderit</span> <span class='ocrx_word' id='word_1_33' title='bbox 986 490 1057 513; x_wconf 91' lang='lat' dir='ltr'>ante</span> <span class='ocrx_word' id='word_1_34' title='bbox 1074 483 1283 524; x_wconf 84' lang='lat' dir='ltr'>Aquinatem:</span> 
     </span>
     <span class='ocr_line' id='line_1_6' title="bbox 213 527 1284 561; baseline -0.003 0"><span class='ocrx_word' id='word_1_35' title='bbox 213 537 268 561; x_wconf 93' lang='lat' dir='ltr'>aut</span> <span class='ocrx_word' id='word_1_36' title='bbox 296 537 376 560; x_wconf 92' lang='lat' dir='ltr'>certe</span> <span class='ocrx_word' id='word_1_37' title='bbox 403 528 572 558; x_wconf 89' lang='lat' dir='ltr'>iniustitiae</span> <span class='ocrx_word' id='word_1_38' title='bbox 597 537 652 557; x_wconf 88' lang='lat' dir='ltr'>seu</span> <span class='ocrx_word' id='word_1_39' title='bbox 677 527 792 557; x_wconf 86' lang='lat' dir='ltr'>nimiae</span> <span class='ocrx_word' id='word_1_40' title='bbox 822 527 1008 557; x_wconf 91' lang='lat' dir='ltr'>criminandi</span> <span class='ocrx_word' id='word_1_41' title='bbox 1039 528 1191 558; x_wconf 86' lang='lat' dir='ltr'>Thomam</span> <span class='ocrx_word' id='word_1_42' title='bbox 1215 527 1284 558; x_wconf 86' lang='lat' dir='ltr'>libi-</span> 
     </span>
     <span class='ocr_line' id='line_1_7' title="bbox 213 571 1284 614; baseline -0.002 -9"><span class='ocrx_word' id='word_1_43' title='bbox 213 575 306 612; x_wconf 89' lang='lat' dir='ltr'>dinis,</span> <span class='ocrx_word' id='word_1_44' title='bbox 323 583 420 614; x_wconf 92' lang='lat' dir='ltr'>quem</span> <span class='ocrx_word' id='word_1_45' title='bbox 436 582 549 609; x_wconf 90' lang='lat' dir='ltr'>unum,</span> <span class='ocrx_word' id='word_1_46' title='bbox 573 571 791 611; x_wconf 88' lang='lat' dir='ltr'>praetermisso</span> <span class='ocrx_word' id='word_1_47' title='bbox 814 573 989 612; x_wconf 86' lang='lat' dir='ltr'>Magistro,</span> <span class='ocrx_word' id='word_1_48' title='bbox 1014 572 1053 602; x_wconf 93' lang='lat' dir='ltr'>de</span> <span class='ocrx_word' id='word_1_49' title='bbox 1069 582 1170 602; x_wconf 92' lang='lat' dir='ltr'>naevo</span> <span class='ocrx_word' id='word_1_50' title='bbox 1195 582 1284 603; x_wconf 89' lang='lat' dir='ltr'>accu-</span> 
     </span>
     <span class='ocr_line' id='line_1_8' title="bbox 213 613 619 658; baseline -0.012 -9"><span class='ocrx_word' id='word_1_51' title='bbox 213 627 260 650; x_wconf 86' lang='lat' dir='ltr'>sat</span> <span class='ocrx_word' id='word_1_52' title='bbox 284 619 409 658; x_wconf 90' lang='lat' dir='ltr'>utrique</span> <span class='ocrx_word' id='word_1_53' title='bbox 433 613 619 647; x_wconf 86' lang='lat' dir='ltr'>communi?</span> 
     </span>
    </p>

    <p class='ocr_par' dir='ltr' id='par_1_3' title="bbox 211 659 1285 1414">
     <span class='ocr_line' id='line_1_9' title="bbox 281 659 1284 699; baseline -0.002 -6"><span class='ocrx_word' id='word_1_54' title='bbox 281 664 331 693; x_wconf 89' lang='lat'>111.</span> <span class='ocrx_word' id='word_1_55' title='bbox 357 661 519 699; x_wconf 89' lang='lat' dir='ltr'>Quoniam</span> <span class='ocrx_word' id='word_1_56' title='bbox 542 669 617 690; x_wconf 88' lang='lat' dir='ltr'>vero</span> <span class='ocrx_word' id='word_1_57' title='bbox 641 659 673 689; x_wconf 94' lang='lat' dir='ltr'>in</span> <span class='ocrx_word' id='word_1_58' title='bbox 695 660 775 690; x_wconf 93' lang='lat' dir='ltr'>hanc</span> <span class='ocrx_word' id='word_1_59' title='bbox 795 659 1067 699; x_wconf 85' lang='lat' dir='ltr'>disceptationem,</span> <span class='ocrx_word' id='word_1_60' title='bbox 1092 660 1216 690; x_wconf 87' lang='lat' dir='ltr'>tametsi</span> <span class='ocrx_word' id='word_1_61' title='bbox 1239 661 1284 691; x_wconf 93' lang='lat' dir='ltr'>le-</span> 
     </span>
     <span class='ocr_line' id='line_1_10' title="bbox 212 703 1284 744; baseline -0.002 -7"><span class='ocrx_word' id='word_1_62' title='bbox 212 707 384 743; x_wconf 87' lang='lat' dir='ltr'>vissimam,</span> <span class='ocrx_word' id='word_1_63' title='bbox 409 704 529 744; x_wconf 88' lang='lat' dir='ltr'>ingredi</span> <span class='ocrx_word' id='word_1_64' title='bbox 546 703 688 743; x_wconf 88' lang='lat' dir='ltr'>contigit,</span> <span class='ocrx_word' id='word_1_65' title='bbox 712 704 803 734; x_wconf 87' lang='lat' dir='ltr'>liceat</span> <span class='ocrx_word' id='word_1_66' title='bbox 823 703 902 734; x_wconf 89' lang='lat' dir='ltr'>mihi</span> <span class='ocrx_word' id='word_1_67' title='bbox 918 703 1032 734; x_wconf 86' lang='lat' dir='ltr'>inferre</span> <span class='ocrx_word' id='word_1_68' title='bbox 1048 705 1182 744; x_wconf 87' lang='lat' dir='ltr'>gradum</span> <span class='ocrx_word' id='word_1_69' title='bbox 1207 711 1237 735; x_wconf 89' lang='lat' dir='ltr'>et</span> <span class='ocrx_word' id='word_1_70' title='bbox 1251 705 1284 735; x_wconf 92' lang='lat' dir='ltr'>in</span> 
     </span>
     <span class='ocr_line' id='line_1_11' title="bbox 212 748 1284 792; baseline -0.002 -10"><span class='ocrx_word' id='word_1_71' title='bbox 212 752 314 792; x_wconf 84' lang='lat' dir='ltr'>ipsam</span> <span class='ocrx_word' id='word_1_72' title='bbox 337 749 441 780; x_wconf 91' lang='lat' dir='ltr'>vitiosi</span> <span class='ocrx_word' id='word_1_73' title='bbox 465 748 575 778; x_wconf 90' lang='lat' dir='ltr'>indicis</span> <span class='ocrx_word' id='word_1_74' title='bbox 600 748 755 788; x_wconf 86' lang='lat' dir='ltr'>originem</span> <span class='ocrx_word' id='word_1_75' title='bbox 780 748 960 788; x_wconf 84' lang='lat' dir='ltr'>diligentius</span> <span class='ocrx_word' id='word_1_76' title='bbox 984 748 1151 789; x_wconf 91' lang='lat' dir='ltr'>inquirere.</span> <span class='ocrx_word' id='word_1_77' title='bbox 1176 749 1211 779; x_wconf 93' lang='lat' dir='ltr'>Id</span> <span class='ocrx_word' id='word_1_78' title='bbox 1228 750 1284 780; x_wconf 92' lang='lat' dir='ltr'>erit</span> 
     </span>
     <span class='ocr_line' id='line_1_12' title="bbox 214 792 1284 834; baseline -0.002 -8"><span class='ocrx_word' id='word_1_79' title='bbox 214 796 344 826; x_wconf 86' lang='lat' dir='ltr'>fortasse</span> <span class='ocrx_word' id='word_1_80' title='bbox 361 804 434 824; x_wconf 89' lang='lat' dir='ltr'>cum</span> <span class='ocrx_word' id='word_1_81' title='bbox 451 793 558 833; x_wconf 89' lang='lat' dir='ltr'>aliquo</span> <span class='ocrx_word' id='word_1_82' title='bbox 584 793 814 823; x_wconf 90' lang='lat' dir='ltr'>emolumento.</span> <span class='ocrx_word' id='word_1_83' title='bbox 841 793 875 823; x_wconf 90' lang='lat' dir='ltr'>ln</span> <span class='ocrx_word' id='word_1_84' title='bbox 902 792 1027 830; x_wconf 91' lang='lat' dir='ltr'>Glossa,</span> <span class='ocrx_word' id='word_1_85' title='bbox 1053 803 1134 834; x_wconf 90' lang='lat' dir='ltr'>quae</span> <span class='ocrx_word' id='word_1_86' title='bbox 1153 801 1284 824; x_wconf 87' lang='lat' dir='ltr'>vocatur</span> 
     </span>
     <span class='ocr_line' id='line_1_13' title="bbox 216 837 1284 877; baseline -0.003 -6"><span class='ocrx_word' id='word_1_87' title='bbox 216 840 403 876; x_wconf 81' lang='lat' dir='ltr'>ordinaria,</span> <span class='ocrx_word' id='word_1_88' title='bbox 429 847 523 877; x_wconf 90' lang='lat' dir='ltr'>super</span> <span class='ocrx_word' id='word_1_89' title='bbox 539 844 633 877; x_wconf 87' lang='lat' dir='ltr'>caput</span> <span class='ocrx_word' id='word_1_90' title='bbox 649 848 668 866; x_wconf 94' lang='lat' dir='ltr'>v</span> <span class='ocrx_word' id='word_1_91' title='bbox 687 837 813 868; x_wconf 88' lang='lat' dir='ltr'>Cantici</span> <span class='ocrx_word' id='word_1_92' title='bbox 831 838 1050 876; x_wconf 88' lang='lat' dir='ltr'>Canticorum,</span> <span class='ocrx_word' id='word_1_93' title='bbox 1075 838 1114 868; x_wconf 95' lang='lat' dir='ltr'>ad</span> <span class='ocrx_word' id='word_1_94' title='bbox 1139 848 1174 868; x_wconf 90' lang='lat' dir='ltr'>ea</span> <span class='ocrx_word' id='word_1_95' title='bbox 1190 839 1284 868; x_wconf 89' lang='lat' dir='ltr'>verba</span> 
     </span>
     <span class='ocr_line' id='line_1_14' title="bbox 211 881 1283 926; baseline -0.001 -12"><span class='ocrx_word' id='word_1_96' title='bbox 211 890 239 915; x_wconf 64' lang='lat' dir='ltr'>v.</span> <span class='ocrx_word' id='word_1_97' title='bbox 264 891 315 926; x_wconf 84' lang='lat'>17:</span> <span class='ocrx_word' id='word_1_98' title='bbox 340 883 410 920; x_wconf 88' lang='lat' dir='ltr'>Quo</span> <span class='ocrx_word' id='word_1_99' title='bbox 430 882 504 912; x_wconf 83' lang='lat' dir='ltr'>abiit</span> <span class='ocrx_word' id='word_1_100' title='bbox 523 881 657 912; x_wconf 82' lang='lat' dir='ltr'>dilectus</span> <span class='ocrx_word' id='word_1_101' title='bbox 675 882 778 912; x_wconf 82' lang='lat' dir='ltr'>tuus?</span> <span class='ocrx_word' id='word_1_102' title='bbox 802 883 907 921; x_wconf 87' lang='lat' dir='ltr'>plures</span> <span class='ocrx_word' id='word_1_103' title='bbox 927 881 1098 912; x_wconf 82' lang='lat' dir='ltr'>afferuntur</span> <span class='ocrx_word' id='word_1_104' title='bbox 1115 882 1283 922; x_wconf 86' lang='lat' dir='ltr'>expositio-</span> 
     </span>
     <span class='ocr_line' id='line_1_15' title="bbox 212 926 1283 968; baseline -0.002 -9"><span class='ocrx_word' id='word_1_105' title='bbox 212 939 277 960; x_wconf 88' lang='lat' dir='ltr'>nes.</span> <span class='ocrx_word' id='word_1_106' title='bbox 302 927 448 958; x_wconf 80' lang='lat' dir='ltr'>Editione</span> <span class='ocrx_word' id='word_1_107' title='bbox 473 933 556 964; x_wconf 91' lang='lat' dir='ltr'>utor,</span> <span class='ocrx_word' id='word_1_108' title='bbox 581 936 662 967; x_wconf 89' lang='lat' dir='ltr'>quae</span> <span class='ocrx_word' id='word_1_109' title='bbox 679 933 761 957; x_wconf 85' lang='lat' dir='ltr'>extat</span> <span class='ocrx_word' id='word_1_110' title='bbox 783 926 816 956; x_wconf 91' lang='lat' dir='ltr'>in</span> <span class='ocrx_word' id='word_1_111' title='bbox 840 926 947 957; x_wconf 90' lang='lat' dir='ltr'>Bibliis</span> <span class='ocrx_word' id='word_1_112' title='bbox 972 927 1064 957; x_wconf 88' lang='lat' dir='ltr'>sacris</span> <span class='ocrx_word' id='word_1_113' title='bbox 1081 927 1203 957; x_wconf 92' lang='lat' dir='ltr'>Nicolai</span> <span class='ocrx_word' id='word_1_114' title='bbox 1220 928 1283 968; x_wconf 94' lang='lat' dir='ltr'>Ly-</span> 
     </span>
     <span class='ocr_line' id='line_1_16' title="bbox 211 970 1283 1012; baseline -0.002 -9"><span class='ocrx_word' id='word_1_115' title='bbox 211 973 287 1003; x_wconf 87' lang='lat' dir='ltr'>rani.</span> <span class='ocrx_word' id='word_1_116' title='bbox 319 971 482 1012; x_wconf 86' lang='lat' dir='ltr'>Expositio</span> <span class='ocrx_word' id='word_1_117' title='bbox 505 970 607 1010; x_wconf 89' lang='lat' dir='ltr'>prima</span> <span class='ocrx_word' id='word_1_118' title='bbox 631 977 696 1001; x_wconf 91' lang='lat' dir='ltr'>est:</span> <span class='ocrx_word' id='word_1_119' title='bbox 726 984 740 999; x_wconf 68' lang='grc' dir='ltr'>«ε</span> <span class='ocrx_word' id='word_1_120' title='bbox 762 972 833 1009; x_wconf 88' lang='lat' dir='ltr'>Quo</span> <span class='ocrx_word' id='word_1_121' title='bbox 857 972 951 1001; x_wconf 82' lang='lat' dir='ltr'>abiit:</span> <span class='ocrx_word' id='word_1_122' title='bbox 979 982 1045 1002; x_wconf 92' lang='lat' dir='ltr'>non</span> <span class='ocrx_word' id='word_1_123' title='bbox 1075 971 1283 1012; x_wconf 90' lang='lat' dir='ltr'>relinquendo</span> 
     </span>
     <span class='ocr_line' id='line_1_17' title="bbox 214 1015 1283 1057; baseline 0.001 -12"><span class='ocrx_word' id='word_1_124' title='bbox 214 1031 228 1045; x_wconf 85' lang='lat'>»</span> <span class='ocrx_word' id='word_1_125' title='bbox 252 1028 317 1055; x_wconf 92' lang='lat' dir='ltr'>eos,</span> <span class='ocrx_word' id='word_1_126' title='bbox 342 1017 374 1046; x_wconf 91' lang='lat' dir='ltr'>in</span> <span class='ocrx_word' id='word_1_127' title='bbox 398 1016 515 1057; x_wconf 90' lang='lat' dir='ltr'>quibus</span> <span class='ocrx_word' id='word_1_128' title='bbox 540 1021 619 1054; x_wconf 86' lang='lat' dir='ltr'>erat;</span> <span class='ocrx_word' id='word_1_129' title='bbox 644 1015 699 1045; x_wconf 92' lang='lat' dir='ltr'>sed</span> <span class='ocrx_word' id='word_1_130' title='bbox 723 1016 777 1046; x_wconf 91' lang='lat' dir='ltr'>ubi</span> <span class='ocrx_word' id='word_1_131' title='bbox 801 1016 879 1046; x_wconf 91' lang='lat' dir='ltr'>alios</span> <span class='ocrx_word' id='word_1_132' title='bbox 905 1017 1037 1047; x_wconf 89' lang='lat' dir='ltr'>associet</span> <span class='ocrx_word' id='word_1_133' title='bbox 1061 1023 1091 1046; x_wconf 90' lang='lat' dir='ltr'>et</span> <span class='ocrx_word' id='word_1_134' title='bbox 1114 1023 1187 1055; x_wconf 91' lang='lat' dir='ltr'>post</span> <span class='ocrx_word' id='word_1_135' title='bbox 1207 1016 1283 1046; x_wconf 92' lang='lat' dir='ltr'>alios</span> 
     </span>
     <span class='ocr_line' id='line_1_18' title="bbox 214 1059 1283 1101; baseline 0.002 -12"><span class='ocrx_word' id='word_1_136' title='bbox 214 1075 228 1089; x_wconf 84' lang='lat'>&gt;›</span> <span class='ocrx_word' id='word_1_137' title='bbox 252 1061 346 1092; x_wconf 87' lang='lat' dir='ltr'>etiam</span> <span class='ocrx_word' id='word_1_138' title='bbox 361 1061 440 1091; x_wconf 92' lang='lat' dir='ltr'>alios</span> <span class='ocrx_word' id='word_1_139' title='bbox 456 1059 574 1090; x_wconf 89' lang='lat' dir='ltr'>invitet.</span> <span class='ocrx_word' id='word_1_140' title='bbox 587 1072 601 1087; x_wconf 66' lang='lat' dir='ltr'>&gt;v</span> <span class='ocrx_word' id='word_1_141' title='bbox 620 1060 740 1091; x_wconf 89' lang='lat' dir='ltr'>Altera:</span> <span class='ocrx_word' id='word_1_142' title='bbox 762 1075 775 1088; x_wconf 71' lang='grc' dir='ltr'><strong><em>α</em></strong></span> <span class='ocrx_word' id='word_1_143' title='bbox 790 1060 861 1097; x_wconf 88' lang='lat' dir='ltr'>Quo</span> <span class='ocrx_word' id='word_1_144' title='bbox 875 1060 960 1090; x_wconf 84' lang='lat' dir='ltr'>abiit.</span> <span class='ocrx_word' id='word_1_145' title='bbox 975 1060 1162 1101; x_wconf 86' lang='lat' dir='ltr'>Gregorius:</span> <span class='ocrx_word' id='word_1_146' title='bbox 1179 1061 1283 1091; x_wconf 90' lang='lat' dir='ltr'>Scien-</span> 
     </span>
     <span class='ocr_line' id='line_1_19' title="bbox 213 1105 1283 1146; baseline 0.001 -12"><span class='ocrx_word' id='word_1_147' title='bbox 213 1120 227 1134; x_wconf 82' lang='lat'>»</span> <span class='ocrx_word' id='word_1_148' title='bbox 251 1107 329 1137; x_wconf 93' lang='lat' dir='ltr'>dum</span> <span class='ocrx_word' id='word_1_149' title='bbox 353 1105 441 1146; x_wconf 91' lang='lat' dir='ltr'>quod</span> <span class='ocrx_word' id='word_1_150' title='bbox 464 1105 554 1134; x_wconf 89' lang='lat' dir='ltr'>Deus</span> <span class='ocrx_word' id='word_1_151' title='bbox 577 1105 632 1144; x_wconf 83' lang='lat' dir='ltr'>qui</span> <span class='ocrx_word' id='word_1_152' title='bbox 657 1105 769 1145; x_wconf 83' lang='lat' dir='ltr'>ubique</span> <span class='ocrx_word' id='word_1_153' title='bbox 793 1111 851 1141; x_wconf 89' lang='lat' dir='ltr'>est,</span> <span class='ocrx_word' id='word_1_154' title='bbox 876 1106 907 1134; x_wconf 88' lang='lat' dir='ltr'>in</span> <span class='ocrx_word' id='word_1_155' title='bbox 933 1105 1001 1135; x_wconf 89' lang='lat' dir='ltr'>loco</span> <span class='ocrx_word' id='word_1_156' title='bbox 1018 1111 1074 1143; x_wconf 89' lang='lat' dir='ltr'>est,</span> <span class='ocrx_word' id='word_1_157' title='bbox 1099 1105 1155 1136; x_wconf 87' lang='lat' dir='ltr'>sed</span> <span class='ocrx_word' id='word_1_158' title='bbox 1171 1106 1283 1136; x_wconf 89' lang='lat' dir='ltr'>localis</span> 
     </span>
     <span class='ocr_line' id='line_1_20' title="bbox 213 1149 1283 1189; baseline 0.001 -10"><span class='ocrx_word' id='word_1_159' title='bbox 213 1164 227 1179; x_wconf 60' lang='lat'>³&gt;</span> <span class='ocrx_word' id='word_1_160' title='bbox 252 1161 314 1181; x_wconf 87' lang='lat' dir='ltr'>non</span> <span class='ocrx_word' id='word_1_161' title='bbox 339 1155 395 1180; x_wconf 88' lang='lat' dir='ltr'>est.</span> <span class='ocrx_word' id='word_1_162' title='bbox 419 1149 537 1179; x_wconf 88' lang='lat' dir='ltr'>Locale</span> <span class='ocrx_word' id='word_1_163' title='bbox 560 1149 679 1179; x_wconf 87' lang='lat' dir='ltr'>dicitur</span> <span class='ocrx_word' id='word_1_164' title='bbox 701 1150 786 1189; x_wconf 86' lang='lat' dir='ltr'>quod</span> <span class='ocrx_word' id='word_1_165' title='bbox 813 1151 1087 1181; x_wconf 85' lang='lat' dir='ltr'>circumscribitur</span> <span class='ocrx_word' id='word_1_166' title='bbox 1109 1150 1283 1180; x_wconf 86' lang='lat' dir='ltr'>secundum</span> 
     </span>
     <span class='ocr_line' id='line_1_21' title="bbox 213 1193 1285 1235; baseline 0.001 -12"><span class='ocrx_word' id='word_1_167' title='bbox 213 1209 227 1223; x_wconf 80' lang='lat'>»</span> <span class='ocrx_word' id='word_1_168' title='bbox 246 1201 359 1235; x_wconf 85' lang='lat' dir='ltr'>partes</span> <span class='ocrx_word' id='word_1_169' title='bbox 383 1194 463 1231; x_wconf 90' lang='lat' dir='ltr'>loci,</span> <span class='ocrx_word' id='word_1_170' title='bbox 492 1203 593 1233; x_wconf 86' lang='lat' dir='ltr'>supra</span> <span class='ocrx_word' id='word_1_171' title='bbox 618 1198 648 1223; x_wconf 89' lang='lat' dir='ltr'>et</span> <span class='ocrx_word' id='word_1_172' title='bbox 672 1193 782 1234; x_wconf 88' lang='lat' dir='ltr'>infra,</span> <span class='ocrx_word' id='word_1_173' title='bbox 807 1199 882 1224; x_wconf 87' lang='lat' dir='ltr'>ante</span> <span class='ocrx_word' id='word_1_174' title='bbox 905 1199 936 1224; x_wconf 86' lang='lat' dir='ltr'>et</span> <span class='ocrx_word' id='word_1_175' title='bbox 959 1200 1066 1232; x_wconf 87' lang='lat' dir='ltr'>retro,</span> <span class='ocrx_word' id='word_1_176' title='bbox 1096 1195 1230 1225; x_wconf 85' lang='lat' dir='ltr'>dextera</span> <span class='ocrx_word' id='word_1_177' title='bbox 1255 1200 1285 1225; x_wconf 91' lang='lat' dir='ltr'>et</span> 
     </span>
     <span class='ocr_line' id='line_1_22' title="bbox 212 1237 1284 1274; baseline 0.001 -6"><span class='ocrx_word' id='word_1_178' title='bbox 212 1253 226 1268; x_wconf 80' lang='lat'><strong>»</strong></span> <span class='ocrx_word' id='word_1_179' title='bbox 249 1241 380 1271; x_wconf 88' lang='lat' dir='ltr'>sinistra</span> <span class='ocrx_word' id='word_1_180' title='bbox 405 1245 462 1268; x_wconf 89' lang='lat' dir='ltr'>etc.</span> <span class='ocrx_word' id='word_1_181' title='bbox 481 1250 496 1265; x_wconf 78' lang='lat'>›&gt;</span> <span class='ocrx_word' id='word_1_182' title='bbox 516 1237 623 1268; x_wconf 89' lang='lat' dir='ltr'>Tertia</span> <span class='ocrx_word' id='word_1_183' title='bbox 646 1238 796 1269; x_wconf 86' lang='lat' dir='ltr'>demum:</span> <span class='ocrx_word' id='word_1_184' title='bbox 821 1251 836 1267; x_wconf 75' lang='grc' dir='ltr'><em>α</em></span> <span class='ocrx_word' id='word_1_185' title='bbox 859 1238 930 1274; x_wconf 88' lang='lat' dir='ltr'>Quo</span> <span class='ocrx_word' id='word_1_186' title='bbox 954 1239 1063 1270; x_wconf 87' lang='lat' dir='ltr'>abiit...</span> <span class='ocrx_word' id='word_1_187' title='bbox 1088 1239 1175 1270; x_wconf 89' lang='lat' dir='ltr'>Licet</span> <span class='ocrx_word' id='word_1_188' title='bbox 1198 1240 1284 1269; x_wconf 92' lang='lat' dir='ltr'>Deus</span> 
     </span>
     <span class='ocr_line' id='line_1_23' title="bbox 211 1282 1284 1323; baseline 0.002 -11"><span class='ocrx_word' id='word_1_189' title='bbox 211 1297 226 1312; x_wconf 76' lang='lat'><strong>&gt;</strong></span> <span class='ocrx_word' id='word_1_190' title='bbox 250 1282 415 1315; x_wconf 90' lang='lat' dir='ltr'>communi</span> <span class='ocrx_word' id='word_1_191' title='bbox 439 1282 538 1312; x_wconf 91' lang='lat' dir='ltr'>modo</span> <span class='ocrx_word' id='word_1_192' title='bbox 562 1282 712 1313; x_wconf 89' lang='lat' dir='ltr'>omnibus</span> <span class='ocrx_word' id='word_1_193' title='bbox 736 1283 829 1313; x_wconf 89' lang='lat' dir='ltr'>rebus</span> <span class='ocrx_word' id='word_1_194' title='bbox 852 1283 926 1314; x_wconf 92' lang='lat' dir='ltr'>insit</span> <span class='ocrx_word' id='word_1_195' title='bbox 949 1284 1141 1323; x_wconf 89' lang='lat' dir='ltr'>praesentia,</span> <span class='ocrx_word' id='word_1_196' title='bbox 1173 1290 1284 1323; x_wconf 90' lang='lat' dir='ltr'>poten—</span> 
     </span>
     <span class='ocr_line' id='line_1_24' title="bbox 212 1327 1285 1366; baseline -0.001 -7"><span class='ocrx_word' id='word_1_197' title='bbox 212 1342 226 1356; x_wconf 82' lang='lat'>»</span> <span class='ocrx_word' id='word_1_198' title='bbox 249 1329 301 1366; x_wconf 88' lang='lat' dir='ltr'>tia,</span> <span class='ocrx_word' id='word_1_199' title='bbox 325 1327 513 1365; x_wconf 88' lang='lat' dir='ltr'>substantia;</span> <span class='ocrx_word' id='word_1_200' title='bbox 537 1334 643 1357; x_wconf 88' lang='lat' dir='ltr'>tamen</span> <span class='ocrx_word' id='word_1_201' title='bbox 661 1327 805 1357; x_wconf 88' lang='lat' dir='ltr'>familiari</span> <span class='ocrx_word' id='word_1_202' title='bbox 829 1327 929 1358; x_wconf 92' lang='lat' dir='ltr'>modo</span> <span class='ocrx_word' id='word_1_203' title='bbox 947 1328 1060 1358; x_wconf 91' lang='lat' dir='ltr'>dicitur</span> <span class='ocrx_word' id='word_1_204' title='bbox 1075 1328 1187 1366; x_wconf 89' lang='lat' dir='ltr'>inesse,</span> <span class='ocrx_word' id='word_1_205' title='bbox 1205 1328 1285 1358; x_wconf 90' lang='lat' dir='ltr'>idest</span> 
     </span>
     <span class='ocr_line' id='line_1_25' title="bbox 212 1372 570 1414; baseline 0 -13"><span class='ocrx_word' id='word_1_206' title='bbox 212 1387 226 1401; x_wconf 77' lang='lat'><strong>»</strong></span> <span class='ocrx_word' id='word_1_207' title='bbox 249 1383 306 1414; x_wconf 90' lang='lat' dir='ltr'>per</span> <span class='ocrx_word' id='word_1_208' title='bbox 329 1372 460 1413; x_wconf 88' lang='lat' dir='ltr'>gratiam</span> <span class='ocrx_word' id='word_1_209' title='bbox 484 1378 542 1402; x_wconf 82' lang='lat' dir='ltr'>etc.</span> <span class='ocrx_word' id='word_1_210' title='bbox 557 1384 570 1398; x_wconf 79' lang='lat'><strong>»</strong></span> 
     </span>
    </p>

    <p class='ocr_par' dir='ltr' id='par_1_4' title="bbox 205 1415 1283 1899">
     <span class='ocr_line' id='line_1_26' title="bbox 276 1415 1283 1456; baseline -0.001 -9"><span class='ocrx_word' id='word_1_211' title='bbox 276 1418 352 1454; x_wconf 93' lang='lat' dir='ltr'>Quo</span> <span class='ocrx_word' id='word_1_212' title='bbox 376 1417 408 1446; x_wconf 91' lang='lat' dir='ltr'>in</span> <span class='ocrx_word' id='word_1_213' title='bbox 433 1416 506 1446; x_wconf 92' lang='lat' dir='ltr'>loco</span> <span class='ocrx_word' id='word_1_214' title='bbox 531 1415 736 1456; x_wconf 89' lang='lat' dir='ltr'>perspicuum</span> <span class='ocrx_word' id='word_1_215' title='bbox 761 1422 807 1446; x_wconf 90' lang='lat' dir='ltr'>est</span> <span class='ocrx_word' id='word_1_216' title='bbox 845 1415 1077 1456; x_wconf 87' lang='lat' dir='ltr'>expositionem</span> <span class='ocrx_word' id='word_1_217' title='bbox 1110 1417 1283 1446; x_wconf 90' lang='lat' dir='ltr'>secundam</span> 
     </span>
     <span class='ocr_line' id='line_1_27' title="bbox 211 1459 1282 1503; baseline -0.003 -10"><span class='ocrx_word' id='word_1_218' title='bbox 211 1463 370 1503; x_wconf 83' lang='lat' dir='ltr'>Gregorio</span> <span class='ocrx_word' id='word_1_219' title='bbox 389 1460 501 1498; x_wconf 86' lang='lat' dir='ltr'>tribui;</span> <span class='ocrx_word' id='word_1_220' title='bbox 526 1460 658 1490; x_wconf 90' lang='lat' dir='ltr'>minime</span> <span class='ocrx_word' id='word_1_221' title='bbox 682 1459 816 1497; x_wconf 82' lang='lat' dir='ltr'>tertiam,</span> <span class='ocrx_word' id='word_1_222' title='bbox 841 1469 923 1500; x_wconf 88' lang='lat' dir='ltr'>quae</span> <span class='ocrx_word' id='word_1_223' title='bbox 943 1460 1131 1491; x_wconf 89' lang='lat' dir='ltr'>sententiam</span> <span class='ocrx_word' id='word_1_224' title='bbox 1147 1460 1282 1499; x_wconf 83' lang='lat' dir='ltr'>exhibet,</span> 
     </span>
     <span class='ocr_line' id='line_1_28' title="bbox 208 1504 1283 1548; baseline -0.003 -11"><span class='ocrx_word' id='word_1_225' title='bbox 208 1517 272 1548; x_wconf 88' lang='lat' dir='ltr'>qua</span> <span class='ocrx_word' id='word_1_226' title='bbox 296 1507 335 1536; x_wconf 90' lang='lat' dir='ltr'>de</span> <span class='ocrx_word' id='word_1_227' title='bbox 359 1505 491 1546; x_wconf 88' lang='lat' dir='ltr'>agimus.</span> <span class='ocrx_word' id='word_1_228' title='bbox 517 1504 803 1542; x_wconf 89' lang='lat' dir='ltr'>Quemadmodum</span> <span class='ocrx_word' id='word_1_229' title='bbox 826 1514 901 1534; x_wconf 90' lang='lat' dir='ltr'>vero</span> <span class='ocrx_word' id='word_1_230' title='bbox 930 1506 1086 1544; x_wconf 79' lang='lat' dir='ltr'>expositio</span> <span class='ocrx_word' id='word_1_231' title='bbox 1109 1506 1204 1535; x_wconf 87' lang='lat' dir='ltr'>tertia</span> <span class='ocrx_word' id='word_1_232' title='bbox 1228 1505 1283 1534; x_wconf 88' lang='lat' dir='ltr'>ha-</span> 
     </span>
     <span class='ocr_line' id='line_1_29' title="bbox 208 1548 1283 1590; baseline -0.003 -8"><span class='ocrx_word' id='word_1_233' title='bbox 208 1559 317 1582; x_wconf 90' lang='lat' dir='ltr'>ctenus</span> <span class='ocrx_word' id='word_1_234' title='bbox 340 1550 373 1580; x_wconf 89' lang='lat' dir='ltr'>in</span> <span class='ocrx_word' id='word_1_235' title='bbox 398 1549 546 1589; x_wconf 89' lang='lat' dir='ltr'>operibus</span> <span class='ocrx_word' id='word_1_236' title='bbox 571 1548 715 1587; x_wconf 86' lang='lat' dir='ltr'>Gregorii</span> <span class='ocrx_word' id='word_1_237' title='bbox 738 1548 826 1578; x_wconf 87' lang='lat' dir='ltr'>irrito</span> <span class='ocrx_word' id='word_1_238' title='bbox 849 1555 927 1579; x_wconf 90' lang='lat' dir='ltr'>voto</span> <span class='ocrx_word' id='word_1_239' title='bbox 951 1549 1123 1590; x_wconf 89' lang='lat' dir='ltr'>perquisita</span> <span class='ocrx_word' id='word_1_240' title='bbox 1148 1556 1211 1587; x_wconf 88' lang='lat' dir='ltr'>est;</span> <span class='ocrx_word' id='word_1_241' title='bbox 1240 1549 1283 1580; x_wconf 90' lang='lat' dir='ltr'>ita</span> 
     </span>
     <span class='ocr_line' id='line_1_30' title="bbox 206 1592 1282 1634; baseline -0.003 -7"><span class='ocrx_word' id='word_1_242' title='bbox 206 1595 360 1632; x_wconf 88' lang='lat' dir='ltr'>secunda,</span> <span class='ocrx_word' id='word_1_243' title='bbox 376 1594 423 1624; x_wconf 91' lang='lat' dir='ltr'>sin</span> <span class='ocrx_word' id='word_1_244' title='bbox 439 1593 545 1623; x_wconf 90' lang='lat' dir='ltr'>minus</span> <span class='ocrx_word' id='word_1_245' title='bbox 569 1593 677 1633; x_wconf 90' lang='lat' dir='ltr'>quoad</span> <span class='ocrx_word' id='word_1_246' title='bbox 702 1592 826 1632; x_wconf 90' lang='lat' dir='ltr'>singula</span> <span class='ocrx_word' id='word_1_247' title='bbox 839 1593 944 1631; x_wconf 88' lang='lat' dir='ltr'>verba,</span> <span class='ocrx_word' id='word_1_248' title='bbox 961 1594 1072 1623; x_wconf 89' lang='lat' dir='ltr'>saltem</span> <span class='ocrx_word' id='word_1_249' title='bbox 1089 1594 1197 1634; x_wconf 88' lang='lat' dir='ltr'>quoad</span> <span class='ocrx_word' id='word_1_250' title='bbox 1213 1604 1282 1624; x_wconf 90' lang='lat' dir='ltr'>sen·</span> 
     </span>
     <span class='ocr_line' id='line_1_31' title="bbox 207 1636 1282 1677; baseline -0.002 -7"><span class='ocrx_word' id='word_1_251' title='bbox 207 1650 291 1676; x_wconf 91' lang='lat' dir='ltr'>sum,</span> <span class='ocrx_word' id='word_1_252' title='bbox 316 1637 431 1669; x_wconf 92' lang='lat' dir='ltr'>hauriri</span> <span class='ocrx_word' id='word_1_253' title='bbox 449 1637 515 1667; x_wconf 90' lang='lat' dir='ltr'>sine</span> <span class='ocrx_word' id='word_1_254' title='bbox 540 1636 638 1667; x_wconf 93' lang='lat' dir='ltr'>dubio</span> <span class='ocrx_word' id='word_1_255' title='bbox 655 1646 691 1666; x_wconf 82' lang='lat' dir='ltr'>ex</span> <span class='ocrx_word' id='word_1_256' title='bbox 706 1636 798 1666; x_wconf 89' lang='lat' dir='ltr'>variis</span> <span class='ocrx_word' id='word_1_257' title='bbox 815 1637 958 1677; x_wconf 87' lang='lat' dir='ltr'>Gregorii</span> <span class='ocrx_word' id='word_1_258' title='bbox 974 1637 1053 1668; x_wconf 92' lang='lat' dir='ltr'>locis</span> <span class='ocrx_word' id='word_1_259' title='bbox 1070 1638 1193 1677; x_wconf 88' lang='lat' dir='ltr'>potuit;</span> <span class='ocrx_word' id='word_1_260' title='bbox 1218 1638 1282 1669; x_wconf 91' lang='lat' dir='ltr'>sive</span> 
     </span>
     <span class='ocr_line' id='line_1_32' title="bbox 207 1682 1281 1721; baseline -0.002 -6"><span class='ocrx_word' id='word_1_261' title='bbox 207 1695 244 1715; x_wconf 84' lang='lat' dir='ltr'>ex</span> <span class='ocrx_word' id='word_1_262' title='bbox 259 1684 339 1714; x_wconf 93' lang='lat' dir='ltr'>libro</span> <span class='ocrx_word' id='word_1_263' title='bbox 358 1683 382 1713; x_wconf 92' lang='lat'>11</span> <span class='ocrx_word' id='word_1_264' title='bbox 407 1682 439 1711; x_wconf 94' lang='lat' dir='ltr'>in</span> <span class='ocrx_word' id='word_1_265' title='bbox 465 1682 531 1719; x_wconf 90' lang='lat' dir='ltr'>Iob,</span> <span class='ocrx_word' id='word_1_266' title='bbox 557 1682 657 1721; x_wconf 92' lang='lat' dir='ltr'>capite</span> <span class='ocrx_word' id='word_1_267' title='bbox 673 1692 725 1717; x_wconf 74' lang='grc' dir='ltr'>ΧΠ,</span> <span class='ocrx_word' id='word_1_268' title='bbox 745 1691 835 1712; x_wconf 90' lang='lat' dir='ltr'>num.</span> <span class='ocrx_word' id='word_1_269' title='bbox 855 1691 907 1720; x_wconf 90' lang='lat'>20,</span> <span class='ocrx_word' id='word_1_270' title='bbox 932 1682 996 1712; x_wconf 89' lang='lat' dir='ltr'>sive</span> <span class='ocrx_word' id='word_1_271' title='bbox 1016 1692 1052 1712; x_wconf 90' lang='lat' dir='ltr'>ex</span> <span class='ocrx_word' id='word_1_272' title='bbox 1075 1682 1156 1712; x_wconf 89' lang='lat' dir='ltr'>libro</span> <span class='ocrx_word' id='word_1_273' title='bbox 1175 1683 1215 1721; x_wconf 90' lang='lat' dir='ltr'>X,</span> <span class='ocrx_word' id='word_1_274' title='bbox 1233 1693 1281 1713; x_wconf 88' lang='lat' dir='ltr'>ca-</span> 
     </span>
     <span class='ocr_line' id='line_1_33' title="bbox 206 1725 1280 1769; baseline 0 -11"><span class='ocrx_word' id='word_1_275' title='bbox 206 1729 270 1769; x_wconf 89' lang='lat' dir='ltr'>pite</span> <span class='ocrx_word' id='word_1_276' title='bbox 289 1739 330 1766; x_wconf 86' lang='lat' dir='ltr'>1x,</span> <span class='ocrx_word' id='word_1_277' title='bbox 355 1736 444 1757; x_wconf 91' lang='lat' dir='ltr'>num.</span> <span class='ocrx_word' id='word_1_278' title='bbox 469 1735 517 1765; x_wconf 90' lang='lat'>14,</span> <span class='ocrx_word' id='word_1_279' title='bbox 543 1725 606 1755; x_wconf 88' lang='lat' dir='ltr'>sive</span> <span class='ocrx_word' id='word_1_280' title='bbox 632 1736 668 1756; x_wconf 82' lang='lat' dir='ltr'>ex</span> <span class='ocrx_word' id='word_1_281' title='bbox 691 1725 771 1756; x_wconf 90' lang='lat' dir='ltr'>libro</span> <span class='ocrx_word' id='word_1_282' title='bbox 796 1726 880 1764; x_wconf 86' lang='lat' dir='ltr'>XVI,</span> <span class='ocrx_word' id='word_1_283' title='bbox 905 1726 1005 1766; x_wconf 85' lang='lat' dir='ltr'>capite</span> <span class='ocrx_word' id='word_1_284' title='bbox 1025 1737 1090 1765; x_wconf 85' lang='lat' dir='ltr'>vm,</span> <span class='ocrx_word' id='word_1_285' title='bbox 1116 1737 1205 1758; x_wconf 90' lang='lat' dir='ltr'>num.</span> <span class='ocrx_word' id='word_1_286' title='bbox 1232 1738 1280 1767; x_wconf 83' lang='lat'>12,</span> 
     </span>
     <span class='ocr_line' id='line_1_34' title="bbox 206 1770 1281 1811; baseline 0 -8"><span class='ocrx_word' id='word_1_287' title='bbox 206 1773 271 1803; x_wconf 90' lang='lat' dir='ltr'>sive</span> <span class='ocrx_word' id='word_1_288' title='bbox 295 1783 331 1802; x_wconf 84' lang='lat' dir='ltr'>ex</span> <span class='ocrx_word' id='word_1_289' title='bbox 354 1771 434 1801; x_wconf 93' lang='lat' dir='ltr'>libro</span> <span class='ocrx_word' id='word_1_290' title='bbox 458 1771 590 1807; x_wconf 86' lang='lat' dir='ltr'>XXVII,</span> <span class='ocrx_word' id='word_1_291' title='bbox 615 1770 716 1810; x_wconf 89' lang='lat' dir='ltr'>capite</span> <span class='ocrx_word' id='word_1_292' title='bbox 739 1781 784 1808; x_wconf 89' lang='lat' dir='ltr'>x1,</span> <span class='ocrx_word' id='word_1_293' title='bbox 812 1780 902 1801; x_wconf 92' lang='lat' dir='ltr'>num.</span> <span class='ocrx_word' id='word_1_294' title='bbox 933 1782 985 1811; x_wconf 83' lang='lat'>19,</span> <span class='ocrx_word' id='word_1_295' title='bbox 1015 1770 1079 1801; x_wconf 90' lang='lat' dir='ltr'>sive</span> <span class='ocrx_word' id='word_1_296' title='bbox 1103 1781 1140 1801; x_wconf 87' lang='lat' dir='ltr'>ex</span> <span class='ocrx_word' id='word_1_297' title='bbox 1163 1772 1244 1802; x_wconf 91' lang='lat' dir='ltr'>libro</span> <span class='ocrx_word' id='word_1_298' title='bbox 1269 1773 1281 1803; x_wconf 95' lang='lat'>1</span> 
     </span>
     <span class='ocr_line' id='line_1_35' title="bbox 205 1814 1281 1855; baseline 0 -8"><span class='ocrx_word' id='word_1_299' title='bbox 205 1817 238 1847; x_wconf 92' lang='lat' dir='ltr'>in</span> <span class='ocrx_word' id='word_1_300' title='bbox 262 1816 472 1853; x_wconf 89' lang='lat' dir='ltr'>Ezechielem,</span> <span class='ocrx_word' id='word_1_301' title='bbox 493 1814 626 1845; x_wconf 90' lang='lat' dir='ltr'>homilia</span> <span class='ocrx_word' id='word_1_302' title='bbox 639 1825 704 1853; x_wconf 89' lang='lat' dir='ltr'>vm,</span> <span class='ocrx_word' id='word_1_303' title='bbox 729 1824 819 1845; x_wconf 89' lang='lat' dir='ltr'>num.</span> <span class='ocrx_word' id='word_1_304' title='bbox 841 1816 889 1853; x_wconf 84' lang='lat'>16,</span> <span class='ocrx_word' id='word_1_305' title='bbox 910 1815 975 1846; x_wconf 90' lang='lat' dir='ltr'>sive</span> <span class='ocrx_word' id='word_1_306' title='bbox 999 1826 1036 1846; x_wconf 88' lang='lat' dir='ltr'>ex</span> <span class='ocrx_word' id='word_1_307' title='bbox 1055 1815 1136 1846; x_wconf 90' lang='lat' dir='ltr'>libro</span> <span class='ocrx_word' id='word_1_308' title='bbox 1161 1816 1198 1855; x_wconf 89' lang='lat'>11,</span> <span class='ocrx_word' id='word_1_309' title='bbox 1223 1817 1281 1847; x_wconf 90' lang='lat' dir='ltr'>ho-</span> 
     </span>
     <span class='ocr_line' id='line_1_36' title="bbox 207 1861 527 1899; baseline -0.009 -7"><span class='ocrx_word' id='word_1_310' title='bbox 207 1861 294 1892; x_wconf 88' lang='lat' dir='ltr'>milia</span> <span class='ocrx_word' id='word_1_311' title='bbox 317 1872 352 1899; x_wconf 93' lang='lat' dir='ltr'>v,</span> <span class='ocrx_word' id='word_1_312' title='bbox 377 1869 456 1890; x_wconf 90' lang='lat' dir='ltr'>num</span> <span class='ocrx_word' id='word_1_313' title='bbox 479 1870 527 1889; x_wconf 86' lang='lat'>11.</span> 
     </span>
    </p>

    <p class='ocr_par' dir='ltr' id='par_1_5' title="bbox 204 1904 1280 2390">
     <span class='ocr_line' id='line_1_37' title="bbox 273 1904 1280 1943; baseline -0.001 -6"><span class='ocrx_word' id='word_1_314' title='bbox 273 1906 415 1936; x_wconf 87' lang='lat' dir='ltr'>Allatum</span> <span class='ocrx_word' id='word_1_315' title='bbox 441 1904 574 1934; x_wconf 90' lang='lat' dir='ltr'>Glossae</span> <span class='ocrx_word' id='word_1_316' title='bbox 602 1910 724 1934; x_wconf 88' lang='lat' dir='ltr'>textum</span> <span class='ocrx_word' id='word_1_317' title='bbox 746 1904 954 1943; x_wconf 87' lang='lat' dir='ltr'>perpendenti</span> <span class='ocrx_word' id='word_1_318' title='bbox 982 1904 1047 1934; x_wconf 88' lang='lat' dir='ltr'>iam</span> <span class='ocrx_word' id='word_1_319' title='bbox 1076 1904 1165 1936; x_wconf 85' lang='lat' dir='ltr'>facile</span> <span class='ocrx_word' id='word_1_320' title='bbox 1189 1906 1280 1936; x_wconf 92' lang='lat' dir='ltr'>inno-</span> 
     </span>
     <span class='ocr_line' id='line_1_38' title="bbox 205 1948 1278 1988; baseline 0 -7"><span class='ocrx_word' id='word_1_321' title='bbox 205 1950 295 1981; x_wconf 87' lang='lat' dir='ltr'>tescit</span> <span class='ocrx_word' id='word_1_322' title='bbox 314 1948 460 1980; x_wconf 90' lang='lat' dir='ltr'>mendosi</span> <span class='ocrx_word' id='word_1_323' title='bbox 476 1948 587 1978; x_wconf 92' lang='lat' dir='ltr'>indicis</span> <span class='ocrx_word' id='word_1_324' title='bbox 612 1948 702 1988; x_wconf 86' lang='lat' dir='ltr'>origo</span> <span class='ocrx_word' id='word_1_325' title='bbox 726 1949 812 1988; x_wconf 89' lang='lat' dir='ltr'>apud</span> <span class='ocrx_word' id='word_1_326' title='bbox 832 1949 1018 1988; x_wconf 87' lang='lat' dir='ltr'>Magistrum</span> <span class='ocrx_word' id='word_1_327' title='bbox 1035 1949 1278 1982; x_wconf 88' lang='lat' dir='ltr'>Sententiarum.</span> 
     </span>
     <span class='ocr_line' id='line_1_39' title="bbox 207 1993 1279 2034; baseline 0.001 -9"><span class='ocrx_word' id='word_1_328' title='bbox 207 1996 298 2025; x_wconf 89' lang='lat' dir='ltr'>Hanc</span> <span class='ocrx_word' id='word_1_329' title='bbox 321 1994 400 2024; x_wconf 87' lang='lat' dir='ltr'>vidit</span> <span class='ocrx_word' id='word_1_330' title='bbox 423 1993 617 2023; x_wconf 87' lang='lat' dir='ltr'>Franciscus</span> <span class='ocrx_word' id='word_1_331' title='bbox 632 1993 775 2033; x_wconf 82' lang='lat' dir='ltr'>Sylvius,</span> <span class='ocrx_word' id='word_1_332' title='bbox 801 1993 856 2033; x_wconf 92' lang='lat' dir='ltr'>qui</span> <span class='ocrx_word' id='word_1_333' title='bbox 880 1994 892 2023; x_wconf 86' lang='lat'>1</span> <span class='ocrx_word' id='word_1_334' title='bbox 917 2004 961 2033; x_wconf 90' lang='lat' dir='ltr'>p.‚</span> <span class='ocrx_word' id='word_1_335' title='bbox 986 2004 1017 2034; x_wconf 86' lang='lat' dir='ltr'>q.</span> <span class='ocrx_word' id='word_1_336' title='bbox 1034 2005 1099 2031; x_wconf 87' lang='lat' dir='ltr'>vm,</span> <span class='ocrx_word' id='word_1_337' title='bbox 1125 2002 1181 2026; x_wconf 87' lang='lat' dir='ltr'>art.</span> <span class='ocrx_word' id='word_1_338' title='bbox 1198 2006 1231 2025; x_wconf 92' lang='lat'>111</span> <span class='ocrx_word' id='word_1_339' title='bbox 1246 1995 1279 2026; x_wconf 90' lang='lat' dir='ltr'>in</span> 
     </span>
     <span class='ocr_line' id='line_1_40' title="bbox 206 2037 1278 2080; baseline 0.001 -10"><span class='ocrx_word' id='word_1_340' title='bbox 206 2040 289 2070; x_wconf 89' lang='lat' dir='ltr'>calce</span> <span class='ocrx_word' id='word_1_341' title='bbox 313 2039 357 2069; x_wconf 88' lang='lat' dir='ltr'>sic</span> <span class='ocrx_word' id='word_1_342' title='bbox 377 2038 432 2068; x_wconf 87' lang='lat' dir='ltr'>ait:</span> <span class='ocrx_word' id='word_1_343' title='bbox 462 2050 476 2065; x_wconf 66' lang='grc' dir='ltr'>ε</span> <span class='ocrx_word' id='word_1_344' title='bbox 490 2038 662 2077; x_wconf 81' lang='lat' dir='ltr'>Magister,</span> <span class='ocrx_word' id='word_1_345' title='bbox 689 2047 763 2067; x_wconf 91' lang='lat' dir='ltr'>cum</span> <span class='ocrx_word' id='word_1_346' title='bbox 779 2037 927 2068; x_wconf 88' lang='lat' dir='ltr'>Glossam</span> <span class='ocrx_word' id='word_1_347' title='bbox 945 2038 1136 2070; x_wconf 84' lang='lat' dir='ltr'>ordinariam</span> <span class='ocrx_word' id='word_1_348' title='bbox 1153 2039 1278 2080; x_wconf 88' lang='lat' dir='ltr'>legeret,</span> 
     </span>
     <span class='ocr_line' id='line_1_41' title="bbox 206 2081 1279 2124; baseline 0.005 -13"><span class='ocrx_word' id='word_1_349' title='bbox 206 2096 221 2111; x_wconf 64' lang='lat' dir='ltr'>a·</span> <span class='ocrx_word' id='word_1_350' title='bbox 245 2093 326 2124; x_wconf 85' lang='lat' dir='ltr'>quae</span> <span class='ocrx_word' id='word_1_351' title='bbox 343 2083 383 2113; x_wconf 88' lang='lat' dir='ltr'>ad</span> <span class='ocrx_word' id='word_1_352' title='bbox 398 2081 495 2112; x_wconf 89' lang='lat' dir='ltr'>finem</span> <span class='ocrx_word' id='word_1_353' title='bbox 513 2081 622 2121; x_wconf 88' lang='lat' dir='ltr'>capitis</span> <span class='ocrx_word' id='word_1_354' title='bbox 645 2092 666 2111; x_wconf 90' lang='lat' dir='ltr'>v</span> <span class='ocrx_word' id='word_1_355' title='bbox 688 2081 721 2111; x_wconf 91' lang='lat' dir='ltr'>in</span> <span class='ocrx_word' id='word_1_356' title='bbox 737 2081 867 2112; x_wconf 86' lang='lat' dir='ltr'>Cantica</span> <span class='ocrx_word' id='word_1_357' title='bbox 891 2082 985 2113; x_wconf 90' lang='lat' dir='ltr'>habet</span> <span class='ocrx_word' id='word_1_358' title='bbox 1008 2083 1068 2113; x_wconf 87' lang='lat' dir='ltr'>ista</span> <span class='ocrx_word' id='word_1_359' title='bbox 1089 2085 1196 2123; x_wconf 82' lang='lat' dir='ltr'>verba,</span> <span class='ocrx_word' id='word_1_360' title='bbox 1213 2095 1279 2116; x_wconf 91' lang='lat' dir='ltr'>non</span> 
     </span>
     <span class='ocr_line' id='line_1_42' title="bbox 207 2126 1279 2168; baseline 0.004 -12"><span class='ocrx_word' id='word_1_361' title='bbox 207 2141 222 2156; x_wconf 81' lang='grc'>»</span> <span class='ocrx_word' id='word_1_362' title='bbox 245 2129 376 2168; x_wconf 89' lang='lat' dir='ltr'>quidem</span> <span class='ocrx_word' id='word_1_363' title='bbox 400 2127 458 2157; x_wconf 91' lang='lat' dir='ltr'>sub</span> <span class='ocrx_word' id='word_1_364' title='bbox 483 2126 614 2156; x_wconf 75' lang='lat' dir='ltr'>nomine</span> <span class='ocrx_word' id='word_1_365' title='bbox 640 2126 806 2167; x_wconf 84' lang='lat' dir='ltr'>Gregorii,</span> <span class='ocrx_word' id='word_1_366' title='bbox 832 2127 887 2157; x_wconf 92' lang='lat' dir='ltr'>sed</span> <span class='ocrx_word' id='word_1_367' title='bbox 911 2127 986 2168; x_wconf 89' lang='lat' dir='ltr'>quia</span> <span class='ocrx_word' id='word_1_368' title='bbox 1010 2127 1119 2167; x_wconf 90' lang='lat' dir='ltr'>paullo</span> <span class='ocrx_word' id='word_1_369' title='bbox 1144 2135 1215 2160; x_wconf 89' lang='lat' dir='ltr'>ante</span> <span class='ocrx_word' id='word_1_370' title='bbox 1239 2129 1279 2160; x_wconf 90' lang='lat' dir='ltr'>ci-</span> 
     </span>
     <span class='ocr_line' id='line_1_43' title="bbox 206 2170 1279 2212; baseline 0.005 -12"><span class='ocrx_word' id='word_1_371' title='bbox 206 2185 221 2200; x_wconf 73' lang='lat'>»</span> <span class='ocrx_word' id='word_1_372' title='bbox 244 2178 327 2203; x_wconf 90' lang='lat' dir='ltr'>tatus</span> <span class='ocrx_word' id='word_1_373' title='bbox 351 2178 416 2202; x_wconf 87' lang='lat' dir='ltr'>erat</span> <span class='ocrx_word' id='word_1_374' title='bbox 441 2171 632 2211; x_wconf 81' lang='lat' dir='ltr'>Gregorius,</span> <span class='ocrx_word' id='word_1_375' title='bbox 656 2170 779 2211; x_wconf 85' lang='lat' dir='ltr'>putavit</span> <span class='ocrx_word' id='word_1_376' title='bbox 803 2171 898 2201; x_wconf 91' lang='lat' dir='ltr'>etiam</span> <span class='ocrx_word' id='word_1_377' title='bbox 922 2172 1085 2212; x_wconf 85' lang='lat' dir='ltr'>sequentia</span> <span class='ocrx_word' id='word_1_378' title='bbox 1109 2183 1176 2204; x_wconf 89' lang='lat' dir='ltr'>esse</span> <span class='ocrx_word' id='word_1_379' title='bbox 1202 2174 1279 2205; x_wconf 90' lang='lat' dir='ltr'>Gre-</span> 
     </span>
     <span class='ocr_line' id='line_1_44' title="bbox 207 2215 1279 2258; baseline 0.005 -14"><span class='ocrx_word' id='word_1_380' title='bbox 207 2229 221 2244; x_wconf 82' lang='lat'>»</span> <span class='ocrx_word' id='word_1_381' title='bbox 244 2218 343 2258; x_wconf 81' lang='lat' dir='ltr'>gorii:</span> <span class='ocrx_word' id='word_1_382' title='bbox 358 2228 372 2243; x_wconf 79' lang='grc'>»</span> <span class='ocrx_word' id='word_1_383' title='bbox 401 2226 475 2246; x_wconf 91' lang='lat' dir='ltr'>cum</span> <span class='ocrx_word' id='word_1_384' title='bbox 499 2215 562 2245; x_wconf 90' lang='lat' dir='ltr'>sint</span> <span class='ocrx_word' id='word_1_385' title='bbox 579 2215 693 2254; x_wconf 91' lang='lat' dir='ltr'>procul</span> <span class='ocrx_word' id='word_1_386' title='bbox 709 2215 807 2245; x_wconf 91' lang='lat' dir='ltr'>dubio</span> <span class='ocrx_word' id='word_1_387' title='bbox 829 2215 928 2256; x_wconf 90' lang='lat' dir='ltr'>ipsius</span> <span class='ocrx_word' id='word_1_388' title='bbox 950 2216 1092 2248; x_wconf 89' lang='lat' dir='ltr'>Glossae.</span> <span class='ocrx_word' id='word_1_389' title='bbox 1118 2218 1209 2249; x_wconf 86' lang='lat' dir='ltr'>Hanc</span> <span class='ocrx_word' id='word_1_390' title='bbox 1228 2229 1279 2249; x_wconf 89' lang='lat' dir='ltr'>ve-</span> 
     </span>
     <span class='ocr_line' id='line_1_45' title="bbox 204 2259 1279 2302; baseline 0.002 -10"><span class='ocrx_word' id='word_1_391' title='bbox 204 2272 271 2292; x_wconf 92' lang='lat' dir='ltr'>ram</span> <span class='ocrx_word' id='word_1_392' title='bbox 287 2261 443 2301; x_wconf 86' lang='lat' dir='ltr'>originem</span> <span class='ocrx_word' id='word_1_393' title='bbox 464 2259 528 2290; x_wconf 90' lang='lat' dir='ltr'>sive</span> <span class='ocrx_word' id='word_1_394' title='bbox 553 2259 796 2290; x_wconf 86' lang='lat' dir='ltr'>dissimulaverit</span> <span class='ocrx_word' id='word_1_395' title='bbox 819 2260 884 2291; x_wconf 91' lang='lat' dir='ltr'>sive</span> <span class='ocrx_word' id='word_1_396' title='bbox 903 2261 1092 2300; x_wconf 83' lang='lat' dir='ltr'>ignoraverit</span> <span class='ocrx_word' id='word_1_397' title='bbox 1108 2263 1279 2302; x_wconf 87' lang='lat' dir='ltr'>Fabricius,</span> 
     </span>
     <span class='ocr_line' id='line_1_46' title="bbox 204 2304 1279 2348; baseline 0.003 -13"><span class='ocrx_word' id='word_1_398' title='bbox 204 2306 390 2346; x_wconf 88' lang='lat' dir='ltr'>pudendum</span> <span class='ocrx_word' id='word_1_399' title='bbox 409 2314 483 2334; x_wconf 90' lang='lat' dir='ltr'>sane</span> <span class='ocrx_word' id='word_1_400' title='bbox 507 2310 562 2334; x_wconf 89' lang='lat' dir='ltr'>est.</span> <span class='ocrx_word' id='word_1_401' title='bbox 590 2304 723 2336; x_wconf 91' lang='lat' dir='ltr'>Glossae</span> <span class='ocrx_word' id='word_1_402' title='bbox 747 2314 830 2344; x_wconf 91' lang='lat' dir='ltr'>opus</span> <span class='ocrx_word' id='word_1_403' title='bbox 855 2304 1032 2348; x_wconf 85' lang='lat' dir='ltr'>Walafrido</span> <span class='ocrx_word' id='word_1_404' title='bbox 1057 2306 1204 2338; x_wconf 86' lang='lat' dir='ltr'>Straboni</span> <span class='ocrx_word' id='word_1_405' title='bbox 1228 2308 1279 2339; x_wconf 89' lang='lat' dir='ltr'>tri-</span> 
     </span>
     <span class='ocr_line' id='line_1_47' title="bbox 204 2349 932 2390; baseline -0.001 -9"><span class='ocrx_word' id='word_1_406' title='bbox 204 2350 323 2388; x_wconf 89' lang='lat' dir='ltr'>buitur,</span> <span class='ocrx_word' id='word_1_407' title='bbox 348 2349 403 2390; x_wconf 91' lang='lat' dir='ltr'>qui</span> <span class='ocrx_word' id='word_1_408' title='bbox 428 2359 516 2379; x_wconf 91' lang='lat' dir='ltr'>nono</span> <span class='ocrx_word' id='word_1_409' title='bbox 540 2349 667 2379; x_wconf 89' lang='lat' dir='ltr'>saeculo</span> <span class='ocrx_word' id='word_1_410' title='bbox 691 2349 788 2379; x_wconf 89' lang='lat' dir='ltr'>vitam</span> <span class='ocrx_word' id='word_1_411' title='bbox 812 2350 932 2389; x_wconf 85' lang='lat' dir='ltr'>agebat.</span> 
     </span>
    </p>

    <p class='ocr_par' dir='ltr' id='par_1_6' title="bbox 203 2393 1280 3100">
     <span class='ocr_line' id='line_1_48' title="bbox 273 2393 1279 2435; baseline 0.002 -10"><span class='ocrx_word' id='word_1_412' title='bbox 273 2397 324 2425; x_wconf 91' lang='lat' dir='ltr'>An</span> <span class='ocrx_word' id='word_1_413' title='bbox 343 2394 489 2424; x_wconf 90' lang='lat' dir='ltr'>Glossam</span> <span class='ocrx_word' id='word_1_414' title='bbox 506 2393 615 2433; x_wconf 88' lang='lat' dir='ltr'>legerit</span> <span class='ocrx_word' id='word_1_415' title='bbox 638 2400 764 2424; x_wconf 88' lang='lat' dir='ltr'>sanctus</span> <span class='ocrx_word' id='word_1_416' title='bbox 780 2393 925 2424; x_wconf 85' lang='lat' dir='ltr'>Thomas</span> <span class='ocrx_word' id='word_1_417' title='bbox 949 2401 980 2424; x_wconf 91' lang='lat' dir='ltr'>et</span> <span class='ocrx_word' id='word_1_418' title='bbox 1002 2405 1042 2425; x_wconf 92' lang='lat' dir='ltr'>an</span> <span class='ocrx_word' id='word_1_419' title='bbox 1063 2395 1171 2435; x_wconf 91' lang='lat' dir='ltr'>potius</span> <span class='ocrx_word' id='word_1_420' title='bbox 1190 2396 1279 2427; x_wconf 92' lang='lat' dir='ltr'>Glos-</span> 
     </span>
     <span class='ocr_line' id='line_1_49' title="bbox 205 2437 1279 2481; baseline 0 -10"><span class='ocrx_word' id='word_1_421' title='bbox 205 2450 274 2471; x_wconf 85' lang='lat' dir='ltr'>sam</span> <span class='ocrx_word' id='word_1_422' title='bbox 299 2439 331 2468; x_wconf 91' lang='lat' dir='ltr'>in</span> <span class='ocrx_word' id='word_1_423' title='bbox 356 2437 515 2478; x_wconf 88' lang='lat' dir='ltr'>praedicto</span> <span class='ocrx_word' id='word_1_424' title='bbox 536 2437 668 2468; x_wconf 89' lang='lat' dir='ltr'>articulo</span> <span class='ocrx_word' id='word_1_425' title='bbox 692 2437 847 2477; x_wconf 88' lang='lat' dir='ltr'>scripserit</span> <span class='ocrx_word' id='word_1_426' title='bbox 865 2438 943 2478; x_wconf 91' lang='lat' dir='ltr'>ipse,</span> <span class='ocrx_word' id='word_1_427' title='bbox 968 2438 1170 2481; x_wconf 87' lang='lat' dir='ltr'>imperitique</span> <span class='ocrx_word' id='word_1_428' title='bbox 1194 2451 1279 2471; x_wconf 89' lang='lat' dir='ltr'>ama-</span> 
     </span>
     <span class='ocr_line' id='line_1_50' title="bbox 206 2480 1279 2522; baseline 0.002 -8"><span class='ocrx_word' id='word_1_429' title='bbox 206 2493 341 2514; x_wconf 91' lang='lat' dir='ltr'>nuenses</span> <span class='ocrx_word' id='word_1_430' title='bbox 363 2483 557 2522; x_wconf 84' lang='lat' dir='ltr'>Gregorium</span> <span class='ocrx_word' id='word_1_431' title='bbox 575 2480 814 2512; x_wconf 85' lang='lat' dir='ltr'>substituerint?</span> <span class='ocrx_word' id='word_1_432' title='bbox 838 2482 994 2513; x_wconf 89' lang='lat' dir='ltr'>Francisci</span> <span class='ocrx_word' id='word_1_433' title='bbox 1012 2483 1140 2515; x_wconf 88' lang='lat' dir='ltr'>Garciae</span> <span class='ocrx_word' id='word_1_434' title='bbox 1165 2485 1197 2515; x_wconf 92' lang='lat' dir='ltr'>in</span> <span class='ocrx_word' id='word_1_435' title='bbox 1214 2485 1279 2516; x_wconf 89' lang='lat' dir='ltr'>suis</span> 
     </span>
     <span class='ocr_line' id='line_1_51' title="bbox 206 2527 1278 2560; baseline 0.001 -1"><span class='ocrx_word' id='word_1_436' title='bbox 206 2527 478 2559; x_wconf 84' lang='lat' dir='ltr'>emendationibus</span> <span class='ocrx_word' id='word_1_437' title='bbox 505 2532 688 2557; x_wconf 87' lang='lat' dir='ltr'>erratorum</span> <span class='ocrx_word' id='word_1_438' title='bbox 714 2533 770 2556; x_wconf 92' lang='lat' dir='ltr'>etc.</span> <span class='ocrx_word' id='word_1_439' title='bbox 795 2527 890 2557; x_wconf 87' lang='lat' dir='ltr'>verba</span> <span class='ocrx_word' id='word_1_440' title='bbox 914 2534 1002 2558; x_wconf 87' lang='lat' dir='ltr'>sunt:</span> <span class='ocrx_word' id='word_1_441' title='bbox 1035 2529 1095 2559; x_wconf 77' lang='lat' dir='ltr'>«Si</span> <span class='ocrx_word' id='word_1_442' title='bbox 1126 2539 1178 2559; x_wconf 91' lang='lat' dir='ltr'>me</span> <span class='ocrx_word' id='word_1_443' title='bbox 1202 2539 1278 2560; x_wconf 92' lang='lat' dir='ltr'>con-</span> 
     </span>
     <span class='ocr_line' id='line_1_52' title="bbox 208 2570 1278 2613; baseline 0.004 -13"><span class='ocrx_word' id='word_1_444' title='bbox 208 2586 222 2600; x_wconf 79' lang='lat'>»</span> <span class='ocrx_word' id='word_1_445' title='bbox 245 2573 362 2603; x_wconf 85' lang='lat' dir='ltr'>iectura</span> <span class='ocrx_word' id='word_1_446' title='bbox 382 2581 447 2601; x_wconf 93' lang='lat' dir='ltr'>non</span> <span class='ocrx_word' id='word_1_447' title='bbox 462 2570 550 2608; x_wconf 86' lang='lat' dir='ltr'>fallit,</span> <span class='ocrx_word' id='word_1_448' title='bbox 566 2570 711 2601; x_wconf 85' lang='lat' dir='ltr'>Thomas</span> <span class='ocrx_word' id='word_1_449' title='bbox 732 2570 775 2600; x_wconf 92' lang='lat' dir='ltr'>sic</span> <span class='ocrx_word' id='word_1_450' title='bbox 797 2570 914 2601; x_wconf 88' lang='lat' dir='ltr'>citavit:</span> <span class='ocrx_word' id='word_1_451' title='bbox 933 2571 971 2601; x_wconf 89' lang='lat' dir='ltr'>G.</span> <span class='ocrx_word' id='word_1_452' title='bbox 988 2573 1062 2603; x_wconf 86' lang='lat' dir='ltr'>dicit</span> <span class='ocrx_word' id='word_1_453' title='bbox 1076 2583 1176 2613; x_wconf 83' lang='lat' dir='ltr'>supra</span> <span class='ocrx_word' id='word_1_454' title='bbox 1194 2574 1278 2605; x_wconf 89' lang='lat' dir='ltr'>Can-</span> 
     </span>
     <span class='ocr_line' id='line_1_53' title="bbox 207 2614 1280 2658; baseline 0.004 -13"><span class='ocrx_word' id='word_1_455' title='bbox 207 2630 222 2645; x_wconf 57' lang='lat'>,</span> <span class='ocrx_word' id='word_1_456' title='bbox 245 2618 319 2654; x_wconf 87' lang='lat' dir='ltr'>tica,</span> <span class='ocrx_word' id='word_1_457' title='bbox 343 2616 454 2646; x_wconf 91' lang='lat' dir='ltr'>volens</span> <span class='ocrx_word' id='word_1_458' title='bbox 483 2614 656 2655; x_wconf 85' lang='lat' dir='ltr'>significare</span> <span class='ocrx_word' id='word_1_459' title='bbox 682 2615 827 2645; x_wconf 92' lang='lat' dir='ltr'>Glossam</span> <span class='ocrx_word' id='word_1_460' title='bbox 857 2621 888 2645; x_wconf 86' lang='lat' dir='ltr'>et</span> <span class='ocrx_word' id='word_1_461' title='bbox 911 2625 973 2645; x_wconf 89' lang='lat' dir='ltr'>non</span> <span class='ocrx_word' id='word_1_462' title='bbox 1005 2617 1219 2658; x_wconf 83' lang='lat' dir='ltr'>Gregorium:</span> <span class='ocrx_word' id='word_1_463' title='bbox 1249 2625 1280 2649; x_wconf 90' lang='lat' dir='ltr'>et</span> 
     </span>
     <span class='ocr_line' id='line_1_54' title="bbox 206 2659 1278 2701; baseline 0.003 -12"><span class='ocrx_word' id='word_1_464' title='bbox 206 2674 221 2689; x_wconf 78' lang='grc'><strong>»</strong></span> <span class='ocrx_word' id='word_1_465' title='bbox 245 2668 351 2692; x_wconf 84' lang='lat' dir='ltr'>tamen</span> <span class='ocrx_word' id='word_1_466' title='bbox 376 2660 495 2701; x_wconf 90' lang='lat' dir='ltr'>aliquis·</span> <span class='ocrx_word' id='word_1_467' title='bbox 508 2670 566 2700; x_wconf 94' lang='lat' dir='ltr'>pro</span> <span class='ocrx_word' id='word_1_468' title='bbox 584 2659 698 2690; x_wconf 85' lang='lat' dir='ltr'>Glossa</span> <span class='ocrx_word' id='word_1_469' title='bbox 713 2659 822 2699; x_wconf 87' lang='lat' dir='ltr'>posuit</span> <span class='ocrx_word' id='word_1_470' title='bbox 838 2659 1046 2700; x_wconf 85' lang='lat' dir='ltr'>Gregorium,</span> <span class='ocrx_word' id='word_1_471' title='bbox 1063 2671 1136 2692; x_wconf 88' lang='lat' dir='ltr'>cum</span> <span class='ocrx_word' id='word_1_472' title='bbox 1156 2669 1278 2692; x_wconf 90' lang='lat' dir='ltr'>utrum-</span> 
     </span>
     <span class='ocr_line' id='line_1_55' title="bbox 206 2703 1278 2747; baseline 0.001 -11"><span class='ocrx_word' id='word_1_473' title='bbox 206 2718 222 2733; x_wconf 82' lang='lat'><strong>»</strong></span> <span class='ocrx_word' id='word_1_474' title='bbox 245 2715 307 2747; x_wconf 90' lang='lat' dir='ltr'>que</span> <span class='ocrx_word' id='word_1_475' title='bbox 331 2705 369 2735; x_wconf 86' lang='lat' dir='ltr'>ab</span> <span class='ocrx_word' id='word_1_476' title='bbox 394 2705 505 2735; x_wconf 86' lang='lat' dir='ltr'>eadem</span> <span class='ocrx_word' id='word_1_477' title='bbox 528 2704 628 2734; x_wconf 89' lang='lat' dir='ltr'>littera</span> <span class='ocrx_word' id='word_1_478' title='bbox 652 2703 691 2734; x_wconf 93' lang='lat' dir='ltr'>G.</span> <span class='ocrx_word' id='word_1_479' title='bbox 717 2703 843 2733; x_wconf 87' lang='lat' dir='ltr'>initium</span> <span class='ocrx_word' id='word_1_480' title='bbox 868 2712 981 2735; x_wconf 84' lang='lat' dir='ltr'>sumat.</span> <span class='ocrx_word' id='word_1_481' title='bbox 997 2717 1011 2731; x_wconf 68' lang='grc' dir='ltr'>ιι</span> <span class='ocrx_word' id='word_1_482' title='bbox 1039 2705 1219 2736; x_wconf 87' lang='lat' dir='ltr'>Eruditioni</span> <span class='ocrx_word' id='word_1_483' title='bbox 1243 2716 1278 2737; x_wconf 87' lang='lat' dir='ltr'>ac</span> 
     </span>
     <span class='ocr_line' id='line_1_56' title="bbox 205 2747 1277 2790; baseline 0 -10"><span class='ocrx_word' id='word_1_484' title='bbox 205 2749 383 2790; x_wconf 87' lang='lat' dir='ltr'>diligentiae</span> <span class='ocrx_word' id='word_1_485' title='bbox 406 2748 574 2790; x_wconf 84' lang='lat' dir='ltr'>Aquinatis</span> <span class='ocrx_word' id='word_1_486' title='bbox 598 2747 745 2778; x_wconf 88' lang='lat' dir='ltr'>convenit</span> <span class='ocrx_word' id='word_1_487' title='bbox 769 2748 961 2779; x_wconf 82' lang='lat' dir='ltr'>coniectura.</span> <span class='ocrx_word' id='word_1_488' title='bbox 987 2749 1049 2779; x_wconf 87' lang='lat' dir='ltr'>Res</span> <span class='ocrx_word' id='word_1_489' title='bbox 1066 2756 1203 2780; x_wconf 79' lang='lat' dir='ltr'>attamen</span> <span class='ocrx_word' id='word_1_490' title='bbox 1221 2757 1277 2789; x_wconf 89' lang='lat' dir='ltr'>est,</span> 
     </span>
     <span class='ocr_line' id='line_1_57' title="bbox 204 2791 1277 2836; baseline 0 -12"><span class='ocrx_word' id='word_1_491' title='bbox 204 2804 286 2836; x_wconf 89' lang='lat' dir='ltr'>quae</span> <span class='ocrx_word' id='word_1_492' title='bbox 301 2794 450 2825; x_wconf 91' lang='lat' dir='ltr'>codicum</span> <span class='ocrx_word' id='word_1_493' title='bbox 465 2802 539 2823; x_wconf 89' lang='lat' dir='ltr'>mss.</span> <span class='ocrx_word' id='word_1_494' title='bbox 555 2791 616 2822; x_wconf 87' lang='lat' dir='ltr'>fide</span> <span class='ocrx_word' id='word_1_495' title='bbox 634 2791 830 2822; x_wconf 88' lang='lat' dir='ltr'>conficienda</span> <span class='ocrx_word' id='word_1_496' title='bbox 845 2792 977 2824; x_wconf 91' lang='lat' dir='ltr'>videtur.</span> <span class='ocrx_word' id='word_1_497' title='bbox 998 2793 1169 2824; x_wconf 90' lang='lat' dir='ltr'>Vetustum</span> <span class='ocrx_word' id='word_1_498' title='bbox 1185 2794 1277 2824; x_wconf 88' lang='lat' dir='ltr'>Sum-</span> 
     </span>
     <span class='ocr_line' id='line_1_58' title="bbox 205 2836 1279 2879; baseline 0 -10"><span class='ocrx_word' id='word_1_499' title='bbox 205 2849 277 2869; x_wconf 90' lang='lat' dir='ltr'>mae</span> <span class='ocrx_word' id='word_1_500' title='bbox 301 2839 480 2879; x_wconf 85' lang='lat' dir='ltr'>theologiae</span> <span class='ocrx_word' id='word_1_501' title='bbox 507 2836 650 2867; x_wconf 89' lang='lat' dir='ltr'>codicem</span> <span class='ocrx_word' id='word_1_502' title='bbox 679 2836 711 2866; x_wconf 93' lang='lat' dir='ltr'>in</span> <span class='ocrx_word' id='word_1_503' title='bbox 735 2837 856 2867; x_wconf 86' lang='lat' dir='ltr'>Veneta</span> <span class='ocrx_word' id='word_1_504' title='bbox 880 2844 1062 2868; x_wconf 89' lang='lat' dir='ltr'>sanctorum</span> <span class='ocrx_word' id='word_1_505' title='bbox 1091 2838 1217 2868; x_wconf 88' lang='lat' dir='ltr'>loannis</span> <span class='ocrx_word' id='word_1_506' title='bbox 1249 2845 1279 2870; x_wconf 90' lang='lat' dir='ltr'>et</span> 
     </span>
     <span class='ocr_line' id='line_1_59' title="bbox 203 2879 1277 2920; baseline 0 -7"><span class='ocrx_word' id='word_1_507' title='bbox 203 2883 293 2914; x_wconf 91' lang='lat' dir='ltr'>Pauli</span> <span class='ocrx_word' id='word_1_508' title='bbox 316 2882 507 2912; x_wconf 90' lang='lat' dir='ltr'>bibliotheca</span> <span class='ocrx_word' id='word_1_509' title='bbox 535 2881 678 2912; x_wconf 86' lang='lat' dir='ltr'>lustravit</span> <span class='ocrx_word' id='word_1_510' title='bbox 705 2879 912 2920; x_wconf 88' lang='lat' dir='ltr'>peritissimus</span> <span class='ocrx_word' id='word_1_511' title='bbox 935 2883 1124 2912; x_wconf 88' lang='lat' dir='ltr'>Dominicus</span> <span class='ocrx_word' id='word_1_512' title='bbox 1147 2883 1194 2912; x_wconf 89' lang='lat' dir='ltr'>M.</span> <span class='ocrx_word' id='word_1_513' title='bbox 1216 2883 1277 2913; x_wconf 92' lang='lat' dir='ltr'>Be-</span> 
     </span>
     <span class='ocr_line' id='line_1_60' title="bbox 204 2925 1276 2968; baseline 0 -10"><span class='ocrx_word' id='word_1_514' title='bbox 204 2928 339 2958; x_wconf 86' lang='lat' dir='ltr'>rardelli</span> <span class='ocrx_word' id='word_1_515' title='bbox 362 2926 429 2957; x_wconf 88' lang='lat' dir='ltr'>eius</span> <span class='ocrx_word' id='word_1_516' title='bbox 450 2925 596 2956; x_wconf 90' lang='lat' dir='ltr'>coenobii</span> <span class='ocrx_word' id='word_1_517' title='bbox 620 2925 785 2955; x_wconf 86' lang='lat' dir='ltr'>alumnus:</span> <span class='ocrx_word' id='word_1_518' title='bbox 816 2925 1033 2967; x_wconf 86' lang='lat' dir='ltr'>scriptumque</span> <span class='ocrx_word' id='word_1_519' title='bbox 1056 2926 1175 2957; x_wconf 90' lang='lat' dir='ltr'>invenit</span> <span class='ocrx_word' id='word_1_520' title='bbox 1192 2937 1218 2967; x_wconf 85' lang='lat' dir='ltr'>g</span> <span class='ocrx_word' id='word_1_521' title='bbox 1237 2935 1276 2968; x_wconf 87' lang='lat' dir='ltr'>g:</span> 
     </span>
     <span class='ocr_line' id='line_1_61' title="bbox 205 2969 1276 3013; baseline 0 -11"><span class='ocrx_word' id='word_1_522' title='bbox 205 2981 285 3013; x_wconf 88' lang='lat' dir='ltr'>quae</span> <span class='ocrx_word' id='word_1_523' title='bbox 309 2971 404 3011; x_wconf 88' lang='lat' dir='ltr'>siglae</span> <span class='ocrx_word' id='word_1_524' title='bbox 429 2971 624 3011; x_wconf 86' lang='lat' dir='ltr'>Gregorium</span> <span class='ocrx_word' id='word_1_525' title='bbox 650 2969 798 3000; x_wconf 84' lang='lat' dir='ltr'>indicant.</span> <span class='ocrx_word' id='word_1_526' title='bbox 822 2971 865 3000; x_wconf 87' lang='lat' dir='ltr'>At</span> <span class='ocrx_word' id='word_1_527' title='bbox 888 2970 939 3000; x_wconf 89' lang='lat' dir='ltr'>alii</span> <span class='ocrx_word' id='word_1_528' title='bbox 970 2978 1129 3010; x_wconf 85' lang='lat' dir='ltr'>praeterea</span> <span class='ocrx_word' id='word_1_529' title='bbox 1153 2971 1276 3002; x_wconf 89' lang='lat' dir='ltr'>codices</span> 
     </span>
     <span class='ocr_line' id='line_1_62' title="bbox 204 3013 1277 3056; baseline 0.001 -10"><span class='ocrx_word' id='word_1_530' title='bbox 204 3017 306 3046; x_wconf 91' lang='lat' dir='ltr'>bonae</span> <span class='ocrx_word' id='word_1_531' title='bbox 330 3021 423 3046; x_wconf 90' lang='lat' dir='ltr'>notae</span> <span class='ocrx_word' id='word_1_532' title='bbox 447 3013 643 3054; x_wconf 87' lang='lat' dir='ltr'>expendendi</span> <span class='ocrx_word' id='word_1_533' title='bbox 668 3013 781 3052; x_wconf 88' lang='lat' dir='ltr'>forent,</span> <span class='ocrx_word' id='word_1_534' title='bbox 806 3020 842 3044; x_wconf 91' lang='lat' dir='ltr'>ut</span> <span class='ocrx_word' id='word_1_535' title='bbox 865 3014 943 3054; x_wconf 91' lang='lat' dir='ltr'>quid</span> <span class='ocrx_word' id='word_1_536' title='bbox 967 3015 1098 3045; x_wconf 91' lang='lat' dir='ltr'>demum</span> <span class='ocrx_word' id='word_1_537' title='bbox 1122 3015 1277 3056; x_wconf 88' lang='lat' dir='ltr'>scripserit</span> 
     </span>
     <span class='ocr_line' id='line_1_63' title="bbox 203 3058 1214 3100; baseline 0 -10"><span class='ocrx_word' id='word_1_538' title='bbox 203 3060 360 3097; x_wconf 88' lang='lat' dir='ltr'>Thomas,</span> <span class='ocrx_word' id='word_1_539' title='bbox 384 3059 462 3100; x_wconf 89' lang='lat' dir='ltr'>quid</span> <span class='ocrx_word' id='word_1_540' title='bbox 486 3068 693 3089; x_wconf 90' lang='lat' dir='ltr'>amanuenses</span> <span class='ocrx_word' id='word_1_541' title='bbox 717 3058 915 3098; x_wconf 89' lang='lat' dir='ltr'>peccaverint</span> <span class='ocrx_word' id='word_1_542' title='bbox 938 3066 1022 3090; x_wconf 91' lang='lat' dir='ltr'>certo</span> <span class='ocrx_word' id='word_1_543' title='bbox 1049 3066 1214 3091; x_wconf 90' lang='lat' dir='ltr'>constaret.</span> 
     </span>
    </p>

    <p class='ocr_par' dir='ltr' id='par_1_7' title="bbox 203 3102 1275 3675">
     <span class='ocr_line' id='line_1_64' title="bbox 271 3102 1275 3143; baseline 0.001 -9"><span class='ocrx_word' id='word_1_544' title='bbox 271 3104 323 3134; x_wconf 92' lang='lat' dir='ltr'>IV.</span> <span class='ocrx_word' id='word_1_545' title='bbox 349 3103 488 3143; x_wconf 86' lang='lat' dir='ltr'>Magistri</span> <span class='ocrx_word' id='word_1_546' title='bbox 504 3103 566 3133; x_wconf 88' lang='lat' dir='ltr'>fide</span> <span class='ocrx_word' id='word_1_547' title='bbox 582 3103 732 3143; x_wconf 92' lang='lat' dir='ltr'>deceptus</span> <span class='ocrx_word' id='word_1_548' title='bbox 753 3102 847 3133; x_wconf 84' lang='lat' dir='ltr'>fuerit</span> <span class='ocrx_word' id='word_1_549' title='bbox 863 3110 989 3134; x_wconf 87' lang='lat' dir='ltr'>sanctus</span> <span class='ocrx_word' id='word_1_550' title='bbox 1005 3104 1159 3134; x_wconf 84' lang='lat' dir='ltr'>Thomas.</span> <span class='ocrx_word' id='word_1_551' title='bbox 1184 3105 1275 3135; x_wconf 82' lang='lat' dir='ltr'>Adeo</span> 
     </span>
     <span class='ocr_line' id='line_1_65' title="bbox 203 3147 1275 3188; baseline 0.001 -10"><span class='ocrx_word' id='word_1_552' title='bbox 203 3148 281 3178; x_wconf 90' lang='lat' dir='ltr'>levis</span> <span class='ocrx_word' id='word_1_553' title='bbox 305 3148 381 3178; x_wconf 88' lang='lat' dir='ltr'>haec</span> <span class='ocrx_word' id='word_1_554' title='bbox 405 3148 471 3178; x_wconf 88' lang='lat' dir='ltr'>eius</span> <span class='ocrx_word' id='word_1_555' title='bbox 495 3147 677 3178; x_wconf 80' lang='lat' dir='ltr'>allucinatio</span> <span class='ocrx_word' id='word_1_556' title='bbox 694 3154 750 3184; x_wconf 90' lang='lat' dir='ltr'>est,</span> <span class='ocrx_word' id='word_1_557' title='bbox 768 3154 804 3177; x_wconf 92' lang='lat' dir='ltr'>ut</span> <span class='ocrx_word' id='word_1_558' title='bbox 818 3147 945 3177; x_wconf 90' lang='lat' dir='ltr'>nonnisi</span> <span class='ocrx_word' id='word_1_559' title='bbox 959 3147 1155 3188; x_wconf 86' lang='lat' dir='ltr'>ineptissima</span> <span class='ocrx_word' id='word_1_560' title='bbox 1169 3148 1275 3179; x_wconf 89' lang='lat' dir='ltr'>haberi</span> 
     </span>
     <span class='ocr_line' id='line_1_66' title="bbox 205 3191 1274 3234; baseline 0.002 -12"><span class='ocrx_word' id='word_1_561' title='bbox 205 3193 316 3222; x_wconf 88' lang='lat' dir='ltr'>debeat</span> <span class='ocrx_word' id='word_1_562' title='bbox 340 3201 490 3229; x_wconf 90' lang='lat' dir='ltr'>censura,</span> <span class='ocrx_word' id='word_1_563' title='bbox 519 3201 617 3232; x_wconf 89' lang='lat' dir='ltr'>quam</span> <span class='ocrx_word' id='word_1_564' title='bbox 640 3191 755 3222; x_wconf 89' lang='lat' dir='ltr'>iterum</span> <span class='ocrx_word' id='word_1_565' title='bbox 781 3192 946 3231; x_wconf 88' lang='lat' dir='ltr'>propalare</span> <span class='ocrx_word' id='word_1_566' title='bbox 974 3192 1118 3223; x_wconf 85' lang='lat' dir='ltr'>Fabricio</span> <span class='ocrx_word' id='word_1_567' title='bbox 1147 3193 1274 3234; x_wconf 83' lang='lat' dir='ltr'>placuit.</span> 
     </span>
     <span class='ocr_line' id='line_1_67' title="bbox 204 3235 1275 3277; baseline 0.001 -10"><span class='ocrx_word' id='word_1_568' title='bbox 204 3236 359 3267; x_wconf 89' lang='lat' dir='ltr'>Mendum</span> <span class='ocrx_word' id='word_1_569' title='bbox 382 3236 513 3277; x_wconf 90' lang='lat' dir='ltr'>quidem</span> <span class='ocrx_word' id='word_1_570' title='bbox 537 3236 631 3266; x_wconf 90' lang='lat' dir='ltr'>cubat</span> <span class='ocrx_word' id='word_1_571' title='bbox 653 3236 685 3266; x_wconf 92' lang='lat' dir='ltr'>in</span> <span class='ocrx_word' id='word_1_572' title='bbox 708 3235 825 3266; x_wconf 89' lang='lat' dir='ltr'>indice:</span> <span class='ocrx_word' id='word_1_573' title='bbox 855 3242 887 3266; x_wconf 86' lang='lat' dir='ltr'>at</span> <span class='ocrx_word' id='word_1_574' title='bbox 909 3246 990 3277; x_wconf 90' lang='lat' dir='ltr'>quae</span> <span class='ocrx_word' id='word_1_575' title='bbox 1020 3237 1131 3268; x_wconf 88' lang='lat' dir='ltr'>citatur</span> <span class='ocrx_word' id='word_1_576' title='bbox 1163 3237 1275 3268; x_wconf 89' lang='lat' dir='ltr'>descri-</span> 
     </span>
     <span class='ocr_line' id='line_1_68' title="bbox 204 3280 1275 3322; baseline 0.002 -12"><span class='ocrx_word' id='word_1_577' title='bbox 204 3281 352 3321; x_wconf 89' lang='lat' dir='ltr'>biturque</span> <span class='ocrx_word' id='word_1_578' title='bbox 372 3280 534 3319; x_wconf 87' lang='lat' dir='ltr'>sententia,</span> <span class='ocrx_word' id='word_1_579' title='bbox 559 3280 711 3320; x_wconf 88' lang='lat' dir='ltr'>reperitur</span> <span class='ocrx_word' id='word_1_580' title='bbox 734 3280 767 3310; x_wconf 93' lang='lat' dir='ltr'>in</span> <span class='ocrx_word' id='word_1_581' title='bbox 793 3280 919 3317; x_wconf 87' lang='lat' dir='ltr'>Glossa,</span> <span class='ocrx_word' id='word_1_582' title='bbox 943 3281 1202 3322; x_wconf 85' lang='lat' dir='ltr'>verissimamque</span> <span class='ocrx_word' id='word_1_583' title='bbox 1219 3282 1275 3312; x_wconf 93' lang='lat' dir='ltr'>do-</span> 
     </span>
     <span class='ocr_line' id='line_1_69' title="bbox 205 3324 1275 3367; baseline 0.003 -13"><span class='ocrx_word' id='word_1_584' title='bbox 205 3324 336 3355; x_wconf 88' lang='lat' dir='ltr'>ctrinam</span> <span class='ocrx_word' id='word_1_585' title='bbox 361 3324 519 3362; x_wconf 87' lang='lat' dir='ltr'>continet,</span> <span class='ocrx_word' id='word_1_586' title='bbox 548 3334 646 3365; x_wconf 86' lang='lat' dir='ltr'>quarn</span> <span class='ocrx_word' id='word_1_587' title='bbox 670 3325 841 3355; x_wconf 89' lang='lat' dir='ltr'>latinorum</span> <span class='ocrx_word' id='word_1_588' title='bbox 872 3335 1122 3367; x_wconf 87' lang='lat' dir='ltr'>graecorumque</span> <span class='ocrx_word' id='word_1_589' title='bbox 1145 3327 1275 3357; x_wconf 86' lang='lat' dir='ltr'>Patrum</span> 
     </span>
     <span class='ocr_line' id='line_1_70' title="bbox 205 3368 1274 3410; baseline 0.003 -12"><span class='ocrx_word' id='word_1_590' title='bbox 205 3369 404 3399; x_wconf 89' lang='lat' dir='ltr'>documentis</span> <span class='ocrx_word' id='word_1_591' title='bbox 432 3368 565 3399; x_wconf 86' lang='lat' dir='ltr'>illustrat</span> <span class='ocrx_word' id='word_1_592' title='bbox 590 3369 763 3410; x_wconf 90' lang='lat' dir='ltr'>Dionysius</span> <span class='ocrx_word' id='word_1_593' title='bbox 786 3369 931 3399; x_wconf 89' lang='lat' dir='ltr'>Petavius</span> <span class='ocrx_word' id='word_1_594' title='bbox 958 3370 1039 3401; x_wconf 87' lang='lat' dir='ltr'>libro</span> <span class='ocrx_word' id='word_1_595' title='bbox 1064 3371 1104 3401; x_wconf 90' lang='lat'>111</span> <span class='ocrx_word' id='word_1_596' title='bbox 1133 3371 1181 3401; x_wconf 92' lang='lat' dir='ltr'>De</span> <span class='ocrx_word' id='word_1_597' title='bbox 1204 3371 1274 3401; x_wconf 90' lang='lat' dir='ltr'>Deo</span> 
     </span>
     <span class='ocr_line' id='line_1_71' title="bbox 205 3412 1274 3454; baseline 0.004 -12"><span class='ocrx_word' id='word_1_598' title='bbox 205 3413 327 3453; x_wconf 90' lang='lat' dir='ltr'>Deique</span> <span class='ocrx_word' id='word_1_599' title='bbox 357 3412 599 3453; x_wconf 87' lang='lat' dir='ltr'>proprietatibus</span> <span class='ocrx_word' id='word_1_600' title='bbox 624 3423 641 3443; x_wconf 88' lang='lat' dir='ltr'>a</span> <span class='ocrx_word' id='word_1_601' title='bbox 665 3413 765 3454; x_wconf 91' lang='lat' dir='ltr'>capite</span> <span class='ocrx_word' id='word_1_602' title='bbox 788 3423 840 3444; x_wconf 86' lang='lat' dir='ltr'>vn.</span> <span class='ocrx_word' id='word_1_603' title='bbox 870 3414 957 3445; x_wconf 86' lang='lat' dir='ltr'>Patet</span> <span class='ocrx_word' id='word_1_604' title='bbox 980 3415 1043 3445; x_wconf 88' lang='lat' dir='ltr'>iam</span> <span class='ocrx_word' id='word_1_605' title='bbox 1067 3424 1142 3446; x_wconf 88' lang='lat' dir='ltr'>vero</span> <span class='ocrx_word' id='word_1_606' title='bbox 1170 3415 1274 3446; x_wconf 89' lang='lat' dir='ltr'>vitiosi</span> 
     </span>
     <span class='ocr_line' id='line_1_72' title="bbox 206 3457 1275 3498; baseline 0.004 -12"><span class='ocrx_word' id='word_1_607' title='bbox 206 3457 354 3496; x_wconf 84' lang='lat' dir='ltr'>praedicti</span> <span class='ocrx_word' id='word_1_608' title='bbox 374 3457 483 3487; x_wconf 88' lang='lat' dir='ltr'>indicis</span> <span class='ocrx_word' id='word_1_609' title='bbox 499 3457 753 3488; x_wconf 86' lang='lat' dir='ltr'>emendationem</span> <span class='ocrx_word' id='word_1_610' title='bbox 770 3459 982 3498; x_wconf 81' lang='lat' dir='ltr'>quaerendam</span> <span class='ocrx_word' id='word_1_611' title='bbox 998 3469 1064 3490; x_wconf 91' lang='lat' dir='ltr'>non</span> <span class='ocrx_word' id='word_1_612' title='bbox 1079 3469 1146 3490; x_wconf 88' lang='lat' dir='ltr'>esse</span> <span class='ocrx_word' id='word_1_613' title='bbox 1160 3459 1192 3490; x_wconf 91' lang='lat' dir='ltr'>in</span> <span class='ocrx_word' id='word_1_614' title='bbox 1207 3459 1275 3490; x_wconf 86' lang='lat' dir='ltr'>aliis</span> 
     </span>
     <span class='ocr_line' id='line_1_73' title="bbox 208 3501 1275 3544; baseline 0.004 -14"><span class='ocrx_word' id='word_1_615' title='bbox 208 3501 359 3541; x_wconf 87' lang='lat' dir='ltr'>Gregorii</span> <span class='ocrx_word' id='word_1_616' title='bbox 381 3501 530 3541; x_wconf 85' lang='lat' dir='ltr'>operibus</span> <span class='ocrx_word' id='word_1_617' title='bbox 556 3511 592 3532; x_wconf 91' lang='lat' dir='ltr'>ac</span> <span class='ocrx_word' id='word_1_618' title='bbox 615 3502 692 3533; x_wconf 90' lang='lat' dir='ltr'>locis</span> <span class='ocrx_word' id='word_1_619' title='bbox 717 3502 861 3543; x_wconf 88' lang='lat' dir='ltr'>superius</span> <span class='ocrx_word' id='word_1_620' title='bbox 890 3502 1053 3534; x_wconf 86' lang='lat' dir='ltr'>indicatis:</span> <span class='ocrx_word' id='word_1_621' title='bbox 1083 3504 1172 3544; x_wconf 90' lang='lat' dir='ltr'>quod</span> <span class='ocrx_word' id='word_1_622' title='bbox 1195 3513 1275 3534; x_wconf 89' lang='lat' dir='ltr'>non-</span> 
     </span>
     <span class='ocr_line' id='line_1_74' title="bbox 207 3544 1275 3588; baseline 0.005 -14"><span class='ocrx_word' id='word_1_623' title='bbox 207 3545 286 3574; x_wconf 89' lang='lat' dir='ltr'>nulli</span> <span class='ocrx_word' id='word_1_624' title='bbox 303 3544 450 3575; x_wconf 90' lang='lat' dir='ltr'>fecerunt.</span> <span class='ocrx_word' id='word_1_625' title='bbox 475 3545 608 3577; x_wconf 86' lang='lat' dir='ltr'>Glossae</span> <span class='ocrx_word' id='word_1_626' title='bbox 623 3556 741 3577; x_wconf 89' lang='lat' dir='ltr'>nomen</span> <span class='ocrx_word' id='word_1_627' title='bbox 762 3547 839 3577; x_wconf 92' lang='lat' dir='ltr'>nihil</span> <span class='ocrx_word' id='word_1_628' title='bbox 854 3557 968 3588; x_wconf 86' lang='lat' dir='ltr'>anceps</span> <span class='ocrx_word' id='word_1_629' title='bbox 983 3557 1102 3588; x_wconf 91' lang='lat' dir='ltr'>repone</span> <span class='ocrx_word' id='word_1_630' title='bbox 1118 3557 1177 3588; x_wconf 91' lang='lat' dir='ltr'>pro</span> <span class='ocrx_word' id='word_1_631' title='bbox 1195 3547 1275 3579; x_wconf 88' lang='lat' dir='ltr'>Gre-</span> 
     </span>
     <span class='ocr_line' id='line_1_75' title="bbox 206 3589 1273 3629; baseline 0.005 -11"><span class='ocrx_word' id='word_1_632' title='bbox 206 3589 317 3628; x_wconf 81' lang='lat' dir='ltr'>gorio:</span> <span class='ocrx_word' id='word_1_633' title='bbox 340 3589 428 3629; x_wconf 91' lang='lat' dir='ltr'>quod</span> <span class='ocrx_word' id='word_1_634' title='bbox 445 3589 563 3620; x_wconf 87' lang='lat' dir='ltr'>factum</span> <span class='ocrx_word' id='word_1_635' title='bbox 578 3591 671 3620; x_wconf 91' lang='lat' dir='ltr'>video</span> <span class='ocrx_word' id='word_1_636' title='bbox 688 3591 719 3621; x_wconf 87' lang='lat' dir='ltr'>in</span> <span class='ocrx_word' id='word_1_637' title='bbox 735 3591 900 3621; x_wconf 85' lang='lat' dir='ltr'>Parisiensi</span> <span class='ocrx_word' id='word_1_638' title='bbox 925 3592 1062 3622; x_wconf 88' lang='lat' dir='ltr'>editione</span> <span class='ocrx_word' id='word_1_639' title='bbox 1083 3602 1167 3622; x_wconf 92' lang='lat' dir='ltr'>anno</span> <span class='ocrx_word' id='word_1_640' title='bbox 1194 3593 1273 3622; x_wconf 84' lang='lat'>1652</span> 
     </span>
     <span class='ocr_line' id='line_1_76' title="bbox 208 3633 1274 3675; baseline 0.005 -14"><span class='ocrx_word' id='word_1_641' title='bbox 208 3638 323 3663; x_wconf 87' lang='lat' dir='ltr'>curata.</span> <span class='ocrx_word' id='word_1_642' title='bbox 349 3633 420 3664; x_wconf 88' lang='lat' dir='ltr'>Hoc</span> <span class='ocrx_word' id='word_1_643' title='bbox 443 3643 559 3673; x_wconf 87' lang='lat' dir='ltr'>opere,</span> <span class='ocrx_word' id='word_1_644' title='bbox 593 3635 682 3675; x_wconf 91' lang='lat' dir='ltr'>quod</span> <span class='ocrx_word' id='word_1_645' title='bbox 707 3634 854 3666; x_wconf 88' lang='lat' dir='ltr'>Glossam</span> <span class='ocrx_word' id='word_1_646' title='bbox 879 3635 1078 3666; x_wconf 83' lang='lat' dir='ltr'>ordinariam</span> <span class='ocrx_word' id='word_1_647' title='bbox 1102 3640 1274 3675; x_wconf 84' lang='lat' dir='ltr'>vocamus,</span> 
     </span>
    </p>
   </div>
   <div class='ocr_carea' id='block_1_3' title="bbox 944 272 1683 312">
    <p class='ocr_par' dir='ltr' id='par_1_8' title="bbox 944 272 1683 312">
     <span class='ocr_line' id='line_1_77' title="bbox 944 272 1683 312; baseline 0.005 -4"><span class='ocrx_word' id='word_1_648' title='bbox 944 272 1402 310; x_wconf 87' lang='lat' dir='ltr'>DISSERTATIONES</span> <span class='ocrx_word' id='word_1_649' title='bbox 1435 275 1683 312; x_wconf 89' lang='lat' dir='ltr'>CRITICAE</span> 
     </span>
    </p>
   </div>
   <div class='ocr_carea' id='block_1_4' title="bbox 1337 351 2419 1756">
    <p class='ocr_par' dir='ltr' id='par_1_9' title="bbox 1339 351 2418 740">
     <span class='ocr_line' id='line_1_78' title="bbox 1343 351 2418 395; baseline 0.007 -13"><span class='ocrx_word' id='word_1_650' title='bbox 1343 351 1540 393; x_wconf 89' lang='lat' dir='ltr'>frequentius</span> <span class='ocrx_word' id='word_1_651' title='bbox 1557 354 1655 385; x_wconf 91' lang='lat' dir='ltr'>utitur</span> <span class='ocrx_word' id='word_1_652' title='bbox 1670 361 1795 386; x_wconf 92' lang='lat' dir='ltr'>sanctus</span> <span class='ocrx_word' id='word_1_653' title='bbox 1810 355 1964 388; x_wconf 87' lang='lat' dir='ltr'>Thomas.</span> <span class='ocrx_word' id='word_1_654' title='bbox 1990 357 2077 395; x_wconf 90' lang='lat' dir='ltr'>Quid</span> <span class='ocrx_word' id='word_1_655' title='bbox 2091 356 2189 388; x_wconf 90' lang='lat' dir='ltr'>vero?</span> <span class='ocrx_word' id='word_1_656' title='bbox 2212 358 2337 389; x_wconf 87' lang='lat' dir='ltr'>Accidit</span> <span class='ocrx_word' id='word_1_657' title='bbox 2350 369 2418 390; x_wconf 89' lang='lat' dir='ltr'>non</span> 
     </span>
     <span class='ocr_line' id='line_1_79' title="bbox 1341 398 2416 442; baseline 0.007 -16"><span class='ocrx_word' id='word_1_658' title='bbox 1341 406 1413 427; x_wconf 92' lang='lat' dir='ltr'>raro</span> <span class='ocrx_word' id='word_1_659' title='bbox 1439 398 1584 438; x_wconf 89' lang='lat' dir='ltr'>allegatas</span> <span class='ocrx_word' id='word_1_660' title='bbox 1609 409 1626 428; x_wconf 91' lang='lat' dir='ltr'>a</span> <span class='ocrx_word' id='word_1_661' title='bbox 1650 399 1778 430; x_wconf 88' lang='lat' dir='ltr'>Thoma</span> <span class='ocrx_word' id='word_1_662' title='bbox 1802 401 1970 431; x_wconf 89' lang='lat' dir='ltr'>sententias</span> <span class='ocrx_word' id='word_1_663' title='bbox 1994 402 2026 431; x_wconf 93' lang='lat' dir='ltr'>in</span> <span class='ocrx_word' id='word_1_664' title='bbox 2051 402 2162 432; x_wconf 91' lang='lat' dir='ltr'>eadem</span> <span class='ocrx_word' id='word_1_665' title='bbox 2193 413 2259 432; x_wconf 92' lang='lat' dir='ltr'>non</span> <span class='ocrx_word' id='word_1_666' title='bbox 2287 403 2416 442; x_wconf 89' lang='lat' dir='ltr'>reperiri</span> 
     </span>
     <span class='ocr_line' id='line_1_80' title="bbox 1344 441 2418 485; baseline 0.007 -15"><span class='ocrx_word' id='word_1_667' title='bbox 1344 441 1470 479; x_wconf 89' lang='lat' dir='ltr'>Glossa,</span> <span class='ocrx_word' id='word_1_668' title='bbox 1488 453 1586 482; x_wconf 91' lang='lat' dir='ltr'>quam</span> <span class='ocrx_word' id='word_1_669' title='bbox 1602 443 1718 474; x_wconf 86' lang='lat' dir='ltr'>scilicet</span> <span class='ocrx_word' id='word_1_670' title='bbox 1734 444 1826 474; x_wconf 85' lang='lat' dir='ltr'>variis</span> <span class='ocrx_word' id='word_1_671' title='bbox 1841 445 1924 485; x_wconf 91' lang='lat' dir='ltr'>typis</span> <span class='ocrx_word' id='word_1_672' title='bbox 1945 446 2061 476; x_wconf 88' lang='lat' dir='ltr'>editam</span> <span class='ocrx_word' id='word_1_673' title='bbox 2081 446 2245 477; x_wconf 88' lang='lat' dir='ltr'>habemus.</span> <span class='ocrx_word' id='word_1_674' title='bbox 2268 449 2310 477; x_wconf 89' lang='lat' dir='ltr'>At</span> <span class='ocrx_word' id='word_1_675' title='bbox 2326 447 2418 477; x_wconf 90' lang='lat' dir='ltr'>Glos-</span> 
     </span>
     <span class='ocr_line' id='line_1_81' title="bbox 1341 487 2416 521; baseline 0.007 -7"><span class='ocrx_word' id='word_1_676' title='bbox 1341 494 1397 515; x_wconf 89' lang='lat' dir='ltr'>sae</span> <span class='ocrx_word' id='word_1_677' title='bbox 1413 487 1556 517; x_wconf 92' lang='lat' dir='ltr'>codicem</span> <span class='ocrx_word' id='word_1_678' title='bbox 1580 498 1638 518; x_wconf 91' lang='lat' dir='ltr'>ms.</span> <span class='ocrx_word' id='word_1_679' title='bbox 1665 495 1794 519; x_wconf 88' lang='lat' dir='ltr'>nactum</span> <span class='ocrx_word' id='word_1_680' title='bbox 1811 499 1843 518; x_wconf 87' lang='lat' dir='ltr'>se</span> <span class='ocrx_word' id='word_1_681' title='bbox 1860 500 1926 519; x_wconf 91' lang='lat' dir='ltr'>esse</span> <span class='ocrx_word' id='word_1_682' title='bbox 1948 496 2078 520; x_wconf 90' lang='lat' dir='ltr'>testatur</span> <span class='ocrx_word' id='word_1_683' title='bbox 2102 491 2235 521; x_wconf 86' lang='lat' dir='ltr'>loannes</span> <span class='ocrx_word' id='word_1_684' title='bbox 2252 491 2416 521; x_wconf 90' lang='lat' dir='ltr'>Nicolaius</span> 
     </span>
     <span class='ocr_line' id='line_1_82' title="bbox 1340 528 2415 575; baseline 0.007 -16"><span class='ocrx_word' id='word_1_685' title='bbox 1340 528 1373 558; x_wconf 91' lang='lat' dir='ltr'>in</span> <span class='ocrx_word' id='word_1_686' title='bbox 1390 530 1585 569; x_wconf 88' lang='lat' dir='ltr'>praefatione</span> <span class='ocrx_word' id='word_1_687' title='bbox 1601 533 1640 562; x_wconf 89' lang='lat' dir='ltr'>ad</span> <span class='ocrx_word' id='word_1_688' title='bbox 1658 532 1824 563; x_wconf 88' lang='lat' dir='ltr'>Summam</span> <span class='ocrx_word' id='word_1_689' title='bbox 1852 534 2042 574; x_wconf 85' lang='lat' dir='ltr'>theologiae,</span> <span class='ocrx_word' id='word_1_690' title='bbox 2067 535 2123 574; x_wconf 90' lang='lat' dir='ltr'>qui</span> <span class='ocrx_word' id='word_1_691' title='bbox 2145 535 2242 565; x_wconf 90' lang='lat' dir='ltr'>fidem</span> <span class='ocrx_word' id='word_1_692' title='bbox 2259 535 2415 575; x_wconf 89' lang='lat' dir='ltr'>integram</span> 
     </span>
     <span class='ocr_line' id='line_1_83' title="bbox 1340 574 2416 620; baseline 0.007 -17"><span class='ocrx_word' id='word_1_693' title='bbox 1340 574 1439 604; x_wconf 83' lang='lat' dir='ltr'>sancti</span> <span class='ocrx_word' id='word_1_694' title='bbox 1462 575 1610 606; x_wconf 91' lang='lat' dir='ltr'>Thomae</span> <span class='ocrx_word' id='word_1_695' title='bbox 1634 576 1815 615; x_wconf 89' lang='lat' dir='ltr'>confirmat,</span> <span class='ocrx_word' id='word_1_696' title='bbox 1841 587 1957 618; x_wconf 88' lang='lat' dir='ltr'>easque</span> <span class='ocrx_word' id='word_1_697' title='bbox 1981 579 2149 609; x_wconf 85' lang='lat' dir='ltr'>sententias</span> <span class='ocrx_word' id='word_1_698' title='bbox 2174 580 2314 610; x_wconf 91' lang='lat' dir='ltr'>continet</span> <span class='ocrx_word' id='word_1_699' title='bbox 2336 590 2416 620; x_wconf 87' lang='lat' dir='ltr'>quas</span> 
     </span>
     <span class='ocr_line' id='line_1_84' title="bbox 1339 618 2416 660; baseline 0.006 -13"><span class='ocrx_word' id='word_1_700' title='bbox 1339 618 1436 648; x_wconf 91' lang='lat' dir='ltr'>veluti</span> <span class='ocrx_word' id='word_1_701' title='bbox 1453 629 1470 649; x_wconf 92' lang='lat' dir='ltr'>e</span> <span class='ocrx_word' id='word_1_702' title='bbox 1489 619 1602 650; x_wconf 90' lang='lat' dir='ltr'>Glossa</span> <span class='ocrx_word' id='word_1_703' title='bbox 1627 621 1810 660; x_wconf 90' lang='lat' dir='ltr'>desumptas</span> <span class='ocrx_word' id='word_1_704' title='bbox 1834 622 1921 652; x_wconf 87' lang='lat' dir='ltr'>affert</span> <span class='ocrx_word' id='word_1_705' title='bbox 1944 623 2158 653; x_wconf 90' lang='lat' dir='ltr'>sanctissimus</span> <span class='ocrx_word' id='word_1_706' title='bbox 2173 624 2304 654; x_wconf 91' lang='lat' dir='ltr'>Doctor.</span> <span class='ocrx_word' id='word_1_707' title='bbox 2331 624 2416 654; x_wconf 93' lang='lat' dir='ltr'>Hinc</span> 
     </span>
     <span class='ocr_line' id='line_1_85' title="bbox 1339 664 2414 708; baseline 0.007 -17"><span class='ocrx_word' id='word_1_708' title='bbox 1339 672 1414 692; x_wconf 81' lang='lat' dir='ltr'>vero</span> <span class='ocrx_word' id='word_1_709' title='bbox 1438 664 1579 702; x_wconf 91' lang='lat' dir='ltr'>prudens</span> <span class='ocrx_word' id='word_1_710' title='bbox 1603 665 1739 705; x_wconf 89' lang='lat' dir='ltr'>quisque</span> <span class='ocrx_word' id='word_1_711' title='bbox 1764 666 1872 704; x_wconf 87' lang='lat' dir='ltr'>discat,</span> <span class='ocrx_word' id='word_1_712' title='bbox 1897 677 1936 696; x_wconf 91' lang='lat' dir='ltr'>ne</span> <span class='ocrx_word' id='word_1_713' title='bbox 1955 673 2021 697; x_wconf 87' lang='lat' dir='ltr'>tarn</span> <span class='ocrx_word' id='word_1_714' title='bbox 2039 678 2189 708; x_wconf 88' lang='lat' dir='ltr'>praeceps</span> <span class='ocrx_word' id='word_1_715' title='bbox 2212 668 2245 698; x_wconf 93' lang='lat' dir='ltr'>in</span> <span class='ocrx_word' id='word_1_716' title='bbox 2269 668 2414 698; x_wconf 91' lang='lat' dir='ltr'>huiusce-</span> 
     </span>
     <span class='ocr_line' id='line_1_86' title="bbox 1340 706 1837 740; baseline 0.01 -5"><span class='ocrx_word' id='word_1_717' title='bbox 1340 706 1430 739; x_wconf 90' lang='lat' dir='ltr'>modi</span> <span class='ocrx_word' id='word_1_718' title='bbox 1452 707 1547 738; x_wconf 85' lang='lat' dir='ltr'>rebus</span> <span class='ocrx_word' id='word_1_719' title='bbox 1569 708 1725 739; x_wconf 88' lang='lat' dir='ltr'>iudicium</span> <span class='ocrx_word' id='word_1_720' title='bbox 1750 709 1837 740; x_wconf 87' lang='lat' dir='ltr'>ferat.</span> 
     </span>
    </p>

    <p class='ocr_par' dir='ltr' id='par_1_10' title="bbox 1337 751 2419 1756">
     <span class='ocr_line' id='line_1_87' title="bbox 1406 751 2412 794; baseline 0.006 -13"><span class='ocrx_word' id='word_1_721' title='bbox 1406 751 1444 781; x_wconf 89' lang='lat' dir='ltr'>V.</span> <span class='ocrx_word' id='word_1_722' title='bbox 1470 751 1601 782; x_wconf 88' lang='lat' dir='ltr'>Fuerint</span> <span class='ocrx_word' id='word_1_723' title='bbox 1624 753 1676 783; x_wconf 89' lang='lat' dir='ltr'>alii</span> <span class='ocrx_word' id='word_1_724' title='bbox 1699 753 1732 783; x_wconf 91' lang='lat' dir='ltr'>in</span> <span class='ocrx_word' id='word_1_725' title='bbox 1756 753 1915 794; x_wconf 89' lang='lat' dir='ltr'>Operibus</span> <span class='ocrx_word' id='word_1_726' title='bbox 1939 755 2086 786; x_wconf 90' lang='lat' dir='ltr'>Thomae</span> <span class='ocrx_word' id='word_1_727' title='bbox 2110 756 2255 786; x_wconf 90' lang='lat' dir='ltr'>mendosi</span> <span class='ocrx_word' id='word_1_728' title='bbox 2283 756 2412 787; x_wconf 88' lang='lat' dir='ltr'>indices.</span> 
     </span>
     <span class='ocr_line' id='line_1_88' title="bbox 1339 794 2413 839; baseline 0.007 -15"><span class='ocrx_word' id='word_1_729' title='bbox 1339 794 1460 825; x_wconf 90' lang='lat' dir='ltr'>Verum</span> <span class='ocrx_word' id='word_1_730' title='bbox 1480 795 1641 826; x_wconf 89' lang='lat' dir='ltr'>enimvero</span> <span class='ocrx_word' id='word_1_731' title='bbox 1666 807 1732 827; x_wconf 91' lang='lat' dir='ltr'>non</span> <span class='ocrx_word' id='word_1_732' title='bbox 1757 808 1869 828; x_wconf 92' lang='lat' dir='ltr'>omnes</span> <span class='ocrx_word' id='word_1_733' title='bbox 1892 798 2044 838; x_wconf 88' lang='lat' dir='ltr'>Aquinati</span> <span class='ocrx_word' id='word_1_734' title='bbox 2068 800 2163 831; x_wconf 92' lang='lat' dir='ltr'>tribui</span> <span class='ocrx_word' id='word_1_735' title='bbox 2187 801 2312 839; x_wconf 89' lang='lat' dir='ltr'>debent,</span> <span class='ocrx_word' id='word_1_736' title='bbox 2338 810 2413 831; x_wconf 87' lang='lat' dir='ltr'>curn</span> 
     </span>
     <span class='ocr_line' id='line_1_89' title="bbox 1339 838 2414 885; baseline 0.007 -17"><span class='ocrx_word' id='word_1_737' title='bbox 1339 838 1445 877; x_wconf 88' lang='lat' dir='ltr'>plures</span> <span class='ocrx_word' id='word_1_738' title='bbox 1470 849 1506 869; x_wconf 88' lang='lat' dir='ltr'>ex</span> <span class='ocrx_word' id='word_1_739' title='bbox 1522 840 1643 871; x_wconf 92' lang='lat' dir='ltr'>inscitia</span> <span class='ocrx_word' id='word_1_740' title='bbox 1668 848 1698 871; x_wconf 91' lang='lat' dir='ltr'>et</span> <span class='ocrx_word' id='word_1_741' title='bbox 1721 842 1885 872; x_wconf 88' lang='lat' dir='ltr'>oscitantia</span> <span class='ocrx_word' id='word_1_742' title='bbox 1911 844 2156 874; x_wconf 83' lang='lat' dir='ltr'>amanuensium</span> <span class='ocrx_word' id='word_1_743' title='bbox 2179 844 2336 884; x_wconf 85' lang='lat' dir='ltr'>proficisci</span> <span class='ocrx_word' id='word_1_744' title='bbox 2355 854 2414 885; x_wconf 95' lang='lat' dir='ltr'>po-</span> 
     </span>
     <span class='ocr_line' id='line_1_90' title="bbox 1340 883 2413 926; baseline 0.007 -14"><span class='ocrx_word' id='word_1_745' title='bbox 1340 883 1473 914; x_wconf 83' lang='lat' dir='ltr'>tuerint:</span> <span class='ocrx_word' id='word_1_746' title='bbox 1499 891 1529 914; x_wconf 93' lang='lat' dir='ltr'>et</span> <span class='ocrx_word' id='word_1_747' title='bbox 1545 884 1570 914; x_wconf 91' lang='lat' dir='ltr'>si</span> <span class='ocrx_word' id='word_1_748' title='bbox 1587 885 1643 925; x_wconf 92' lang='lat' dir='ltr'>qui</span> <span class='ocrx_word' id='word_1_749' title='bbox 1667 895 1703 915; x_wconf 85' lang='lat' dir='ltr'>ex</span> <span class='ocrx_word' id='word_1_750' title='bbox 1727 885 1826 925; x_wconf 89' lang='lat' dir='ltr'>ipsius</span> <span class='ocrx_word' id='word_1_751' title='bbox 1850 886 1997 916; x_wconf 89' lang='lat' dir='ltr'>Thomae</span> <span class='ocrx_word' id='word_1_752' title='bbox 2018 887 2140 918; x_wconf 89' lang='lat' dir='ltr'>calamo</span> <span class='ocrx_word' id='word_1_753' title='bbox 2157 888 2314 926; x_wconf 88' lang='lat' dir='ltr'>exciderit,</span> <span class='ocrx_word' id='word_1_754' title='bbox 2332 899 2413 919; x_wconf 92' lang='lat' dir='ltr'>non-</span> 
     </span>
     <span class='ocr_line' id='line_1_91' title="bbox 1339 927 2414 973; baseline 0.007 -17"><span class='ocrx_word' id='word_1_755' title='bbox 1339 927 1398 956; x_wconf 89' lang='lat' dir='ltr'>nisi</span> <span class='ocrx_word' id='word_1_756' title='bbox 1423 938 1478 967; x_wconf 90' lang='lat' dir='ltr'>per</span> <span class='ocrx_word' id='word_1_757' title='bbox 1502 928 1652 959; x_wconf 90' lang='lat' dir='ltr'>iniuriam</span> <span class='ocrx_word' id='word_1_758' title='bbox 1680 936 1745 959; x_wconf 89' lang='lat' dir='ltr'>tam</span> <span class='ocrx_word' id='word_1_759' title='bbox 1769 930 1859 960; x_wconf 89' lang='lat' dir='ltr'>facile</span> <span class='ocrx_word' id='word_1_760' title='bbox 1884 930 2076 961; x_wconf 90' lang='lat' dir='ltr'>obiiciuntur</span> <span class='ocrx_word' id='word_1_761' title='bbox 2104 942 2140 962; x_wconf 92' lang='lat' dir='ltr'>ac</span> <span class='ocrx_word' id='word_1_762' title='bbox 2166 932 2262 962; x_wconf 91' lang='lat' dir='ltr'>etiam</span> <span class='ocrx_word' id='word_1_763' title='bbox 2285 942 2414 973; x_wconf 84' lang='lat' dir='ltr'>exagge-</span> 
     </span>
     <span class='ocr_line' id='line_1_92' title="bbox 1339 972 2415 1015; baseline 0.006 -14"><span class='ocrx_word' id='word_1_764' title='bbox 1339 979 1457 1002; x_wconf 90' lang='lat' dir='ltr'>rantur.</span> <span class='ocrx_word' id='word_1_765' title='bbox 1493 972 1622 1003; x_wconf 82' lang='lat' dir='ltr'>[nterim</span> <span class='ocrx_word' id='word_1_766' title='bbox 1646 974 1762 1004; x_wconf 90' lang='lat' dir='ltr'>menda</span> <span class='ocrx_word' id='word_1_767' title='bbox 1785 974 1817 1004; x_wconf 91' lang='lat' dir='ltr'>id</span> <span class='ocrx_word' id='word_1_768' title='bbox 1841 985 1941 1014; x_wconf 90' lang='lat' dir='ltr'>genus</span> <span class='ocrx_word' id='word_1_769' title='bbox 1970 975 2079 1005; x_wconf 88' lang='lat' dir='ltr'>omnia</span> <span class='ocrx_word' id='word_1_770' title='bbox 2109 983 2163 1007; x_wconf 91' lang='lat' dir='ltr'>aut</span> <span class='ocrx_word' id='word_1_771' title='bbox 2195 986 2276 1015; x_wconf 91' lang='lat' dir='ltr'>pene</span> <span class='ocrx_word' id='word_1_772' title='bbox 2306 977 2415 1006; x_wconf 88' lang='lat' dir='ltr'>omnia</span> 
     </span>
     <span class='ocr_line' id='line_1_93' title="bbox 1339 1015 2415 1060; baseline 0.006 -15"><span class='ocrx_word' id='word_1_773' title='bbox 1339 1015 1403 1045; x_wconf 90' lang='lat' dir='ltr'>iam</span> <span class='ocrx_word' id='word_1_774' title='bbox 1419 1017 1679 1048; x_wconf 90' lang='lat' dir='ltr'>doctissimorum</span> <span class='ocrx_word' id='word_1_775' title='bbox 1695 1018 1838 1049; x_wconf 91' lang='lat' dir='ltr'>virorum</span> <span class='ocrx_word' id='word_1_776' title='bbox 1862 1019 2023 1059; x_wconf 86' lang='lat' dir='ltr'>diligentia</span> <span class='ocrx_word' id='word_1_777' title='bbox 2039 1021 2227 1050; x_wconf 89' lang='lat' dir='ltr'>emendavit.</span> <span class='ocrx_word' id='word_1_778' title='bbox 2254 1021 2335 1050; x_wconf 90' lang='lat' dir='ltr'>Inter</span> <span class='ocrx_word' id='word_1_779' title='bbox 2351 1020 2415 1060; x_wconf 90' lang='lat' dir='ltr'>pri-</span> 
     </span>
     <span class='ocr_line' id='line_1_94' title="bbox 1340 1061 2415 1104; baseline 0.005 -14"><span class='ocrx_word' id='word_1_780' title='bbox 1340 1070 1421 1099; x_wconf 92' lang='lat' dir='ltr'>mos,</span> <span class='ocrx_word' id='word_1_781' title='bbox 1447 1061 1502 1101; x_wconf 91' lang='lat' dir='ltr'>qui</span> <span class='ocrx_word' id='word_1_782' title='bbox 1521 1062 1602 1092; x_wconf 89' lang='lat' dir='ltr'>hanc</span> <span class='ocrx_word' id='word_1_783' title='bbox 1627 1069 1765 1102; x_wconf 88' lang='lat' dir='ltr'>spartam</span> <span class='ocrx_word' id='word_1_784' title='bbox 1782 1073 1893 1093; x_wconf 91' lang='lat' dir='ltr'>ornare</span> <span class='ocrx_word' id='word_1_785' title='bbox 1911 1071 2095 1104; x_wconf 90' lang='lat' dir='ltr'>coeperunt,</span> <span class='ocrx_word' id='word_1_786' title='bbox 2121 1064 2239 1094; x_wconf 90' lang='lat' dir='ltr'>eminet</span> <span class='ocrx_word' id='word_1_787' title='bbox 2261 1065 2341 1095; x_wconf 90' lang='lat' dir='ltr'>inter</span> <span class='ocrx_word' id='word_1_788' title='bbox 2358 1074 2415 1095; x_wconf 91' lang='lat' dir='ltr'>no-</span> 
     </span>
     <span class='ocr_line' id='line_1_95' title="bbox 1340 1107 2415 1149; baseline 0.005 -15"><span class='ocrx_word' id='word_1_789' title='bbox 1340 1112 1447 1136; x_wconf 90' lang='lat' dir='ltr'>strates</span> <span class='ocrx_word' id='word_1_790' title='bbox 1471 1107 1630 1137; x_wconf 88' lang='lat' dir='ltr'>Antonius</span> <span class='ocrx_word' id='word_1_791' title='bbox 1658 1107 1759 1146; x_wconf 87' lang='lat' dir='ltr'>patria</span> <span class='ocrx_word' id='word_1_792' title='bbox 1790 1108 1966 1145; x_wconf 85' lang='lat' dir='ltr'>lusitanus,</span> <span class='ocrx_word' id='word_1_793' title='bbox 2002 1109 2247 1149; x_wconf 87' lang='lat' dir='ltr'>cognominatus</span> <span class='ocrx_word' id='word_1_794' title='bbox 2270 1109 2298 1138; x_wconf 89' lang='lat' dir='ltr'><em>A</em></span> <span class='ocrx_word' id='word_1_795' title='bbox 2333 1109 2415 1139; x_wconf 91' lang='lat' dir='ltr'>Con-</span> 
     </span>
     <span class='ocr_line' id='line_1_96' title="bbox 1340 1151 2414 1192; baseline 0.005 -13"><span class='ocrx_word' id='word_1_796' title='bbox 1340 1151 1492 1189; x_wconf 81' lang='lat' dir='ltr'>ceptione‚</span> <span class='ocrx_word' id='word_1_797' title='bbox 1518 1158 1707 1192; x_wconf 87' lang='lat' dir='ltr'>mutatoque</span> <span class='ocrx_word' id='word_1_798' title='bbox 1724 1152 1917 1192; x_wconf 90' lang='lat' dir='ltr'>cognomine</span> <span class='ocrx_word' id='word_1_799' title='bbox 1941 1152 2042 1183; x_wconf 92' lang='lat' dir='ltr'>dictus</span> <span class='ocrx_word' id='word_1_800' title='bbox 2068 1153 2181 1183; x_wconf 89' lang='lat' dir='ltr'>deinde</span> <span class='ocrx_word' id='word_1_801' title='bbox 2205 1153 2356 1184; x_wconf 84' lang='lat' dir='ltr'>Senensis</span> <span class='ocrx_word' id='word_1_802' title='bbox 2372 1153 2414 1183; x_wconf 92' lang='lat' dir='ltr'>ob</span> 
     </span>
     <span class='ocr_line' id='line_1_97' title="bbox 1340 1194 2415 1236; baseline 0.004 -13"><span class='ocrx_word' id='word_1_803' title='bbox 1340 1194 1531 1233; x_wconf 90' lang='lat' dir='ltr'>singularem</span> <span class='ocrx_word' id='word_1_804' title='bbox 1562 1205 1634 1235; x_wconf 90' lang='lat' dir='ltr'>erga</span> <span class='ocrx_word' id='word_1_805' title='bbox 1666 1203 1806 1226; x_wconf 87' lang='lat' dir='ltr'>sanctam</span> <span class='ocrx_word' id='word_1_806' title='bbox 1833 1196 1989 1236; x_wconf 89' lang='lat' dir='ltr'>virginem</span> <span class='ocrx_word' id='word_1_807' title='bbox 2019 1197 2225 1227; x_wconf 88' lang='lat' dir='ltr'>Catharinam</span> <span class='ocrx_word' id='word_1_808' title='bbox 2256 1197 2294 1227; x_wconf 89' lang='lat' dir='ltr'>de</span> <span class='ocrx_word' id='word_1_809' title='bbox 2325 1197 2415 1228; x_wconf 90' lang='lat' dir='ltr'>Senis</span> 
     </span>
     <span class='ocr_line' id='line_1_98' title="bbox 1340 1238 2414 1282; baseline 0.004 -14"><span class='ocrx_word' id='word_1_810' title='bbox 1340 1238 1582 1270; x_wconf 86' lang='lat' dir='ltr'>observantiam.</span> <span class='ocrx_word' id='word_1_811' title='bbox 1614 1241 1816 1280; x_wconf 88' lang='lat' dir='ltr'>Antwerpiae</span> <span class='ocrx_word' id='word_1_812' title='bbox 1847 1251 1930 1280; x_wconf 90' lang='lat' dir='ltr'>opus</span> <span class='ocrx_word' id='word_1_813' title='bbox 1961 1241 2060 1272; x_wconf 93' lang='lat' dir='ltr'>edidit</span> <span class='ocrx_word' id='word_1_814' title='bbox 2087 1241 2171 1282; x_wconf 89' lang='lat' dir='ltr'>typis</span> <span class='ocrx_word' id='word_1_815' title='bbox 2194 1241 2331 1272; x_wconf 83' lang='lat' dir='ltr'>Plautini</span> <span class='ocrx_word' id='word_1_816' title='bbox 2359 1252 2414 1272; x_wconf 84' lang='lat' dir='ltr'>an-</span> 
     </span>
     <span class='ocr_line' id='line_1_99' title="bbox 1339 1283 2414 1326; baseline 0.004 -14"><span class='ocrx_word' id='word_1_817' title='bbox 1339 1292 1382 1312; x_wconf 92' lang='lat' dir='ltr'>no</span> <span class='ocrx_word' id='word_1_818' title='bbox 1414 1284 1495 1323; x_wconf 88' lang='lat'>1569</span> <span class='ocrx_word' id='word_1_819' title='bbox 1525 1283 1580 1314; x_wconf 87' lang='lat' dir='ltr'>fol.</span> <span class='ocrx_word' id='word_1_820' title='bbox 1609 1284 1812 1325; x_wconf 88' lang='lat' dir='ltr'>inscriptum,</span> <span class='ocrx_word' id='word_1_821' title='bbox 1847 1286 2040 1316; x_wconf 88' lang='lat' dir='ltr'>Testimonia</span> <span class='ocrx_word' id='word_1_822' title='bbox 2069 1286 2202 1316; x_wconf 89' lang='lat' dir='ltr'>Patrum</span> <span class='ocrx_word' id='word_1_823' title='bbox 2230 1286 2414 1326; x_wconf 79' lang='lat' dir='ltr'>prophano—</span> 
     </span>
     <span class='ocr_line' id='line_1_100' title="bbox 1339 1330 2416 1370; baseline 0.003 -13"><span class='ocrx_word' id='word_1_824' title='bbox 1339 1337 1475 1368; x_wconf 85' lang='lat' dir='ltr'>rumque</span> <span class='ocrx_word' id='word_1_825' title='bbox 1489 1333 1671 1366; x_wconf 83' lang='lat' dir='ltr'>auctorum,</span> <span class='ocrx_word' id='word_1_826' title='bbox 1683 1339 1723 1360; x_wconf 88' lang='lat' dir='ltr'>ac</span> <span class='ocrx_word' id='word_1_827' title='bbox 1731 1330 1857 1360; x_wconf 82' lang='lat' dir='ltr'>demum</span> <span class='ocrx_word' id='word_1_828' title='bbox 1874 1340 2094 1370; x_wconf 82' lang='lat' dir='ltr'>quaecumque</span> <span class='ocrx_word' id='word_1_829' title='bbox 2109 1331 2176 1360; x_wconf 86' lang='lat' dir='ltr'>alia</span> <span class='ocrx_word' id='word_1_830' title='bbox 2191 1331 2268 1360; x_wconf 88' lang='lat' dir='ltr'>citat</span> <span class='ocrx_word' id='word_1_831' title='bbox 2282 1335 2416 1361; x_wconf 86' lang='lat' dir='ltr'>sanctus</span> 
     </span>
     <span class='ocr_line' id='line_1_101' title="bbox 1344 1371 2415 1415; baseline 0.004 -14"><span class='ocrx_word' id='word_1_832' title='bbox 1344 1371 1481 1402; x_wconf 83' lang='lat' dir='ltr'>Thomas</span> <span class='ocrx_word' id='word_1_833' title='bbox 1502 1373 1607 1403; x_wconf 90' lang='lat' dir='ltr'>solum</span> <span class='ocrx_word' id='word_1_834' title='bbox 1623 1374 1654 1403; x_wconf 88' lang='lat' dir='ltr'>in</span> <span class='ocrx_word' id='word_1_835' title='bbox 1676 1373 1811 1415; x_wconf 87' lang='lat' dir='ltr'>confuso</span> <span class='ocrx_word' id='word_1_836' title='bbox 1836 1375 1868 1404; x_wconf 90' lang='lat' dir='ltr'>in</span> <span class='ocrx_word' id='word_1_837' title='bbox 1892 1379 1958 1404; x_wconf 86' lang='lat' dir='ltr'>tota</span> <span class='ocrx_word' id='word_1_838' title='bbox 1981 1384 2042 1405; x_wconf 90' lang='lat' dir='ltr'>sua</span> <span class='ocrx_word' id='word_1_839' title='bbox 2062 1375 2198 1405; x_wconf 88' lang='lat' dir='ltr'>Summa</span> <span class='ocrx_word' id='word_1_840' title='bbox 2222 1374 2415 1415; x_wconf 83' lang='lat' dir='ltr'>theologiae,</span> 
     </span>
     <span class='ocr_line' id='line_1_102' title="bbox 1339 1415 2416 1458; baseline 0.005 -13"><span class='ocrx_word' id='word_1_841' title='bbox 1339 1415 1498 1456; x_wconf 86' lang='lat' dir='ltr'>indefesso</span> <span class='ocrx_word' id='word_1_842' title='bbox 1522 1417 1632 1447; x_wconf 91' lang='lat' dir='ltr'>labore</span> <span class='ocrx_word' id='word_1_843' title='bbox 1654 1419 1833 1458; x_wconf 85' lang='lat' dir='ltr'>perquisita</span> <span class='ocrx_word' id='word_1_844' title='bbox 1858 1425 1915 1449; x_wconf 91' lang='lat' dir='ltr'>etc.</span> <span class='ocrx_word' id='word_1_845' title='bbox 1947 1418 2053 1449; x_wconf 89' lang='lat' dir='ltr'>Huius</span> <span class='ocrx_word' id='word_1_846' title='bbox 2076 1418 2206 1458; x_wconf 87' lang='lat' dir='ltr'>vestigia</span> <span class='ocrx_word' id='word_1_847' title='bbox 2234 1425 2416 1458; x_wconf 84' lang='lat' dir='ltr'>presserunt</span> 
     </span>
     <span class='ocr_line' id='line_1_103' title="bbox 1338 1459 2415 1503; baseline 0.004 -14"><span class='ocrx_word' id='word_1_848' title='bbox 1338 1459 1390 1489; x_wconf 88' lang='lat' dir='ltr'>alii</span> <span class='ocrx_word' id='word_1_849' title='bbox 1410 1460 1493 1490; x_wconf 85' lang='lat' dir='ltr'>exitu</span> <span class='ocrx_word' id='word_1_850' title='bbox 1518 1460 1710 1492; x_wconf 89' lang='lat' dir='ltr'>felicissimo.</span> <span class='ocrx_word' id='word_1_851' title='bbox 1736 1463 1835 1503; x_wconf 92' lang='lat' dir='ltr'>quue</span> <span class='ocrx_word' id='word_1_852' title='bbox 1852 1463 1983 1493; x_wconf 92' lang='lat' dir='ltr'>demum</span> <span class='ocrx_word' id='word_1_853' title='bbox 2002 1470 2126 1493; x_wconf 85' lang='lat' dir='ltr'>constat</span> <span class='ocrx_word' id='word_1_854' title='bbox 2149 1470 2318 1493; x_wconf 90' lang='lat' dir='ltr'>auctorum</span> <span class='ocrx_word' id='word_1_855' title='bbox 2345 1473 2415 1494; x_wconf 89' lang='lat' dir='ltr'>sen-</span> 
     </span>
     <span class='ocr_line' id='line_1_104' title="bbox 1338 1503 2419 1547; baseline 0.005 -14"><span class='ocrx_word' id='word_1_856' title='bbox 1338 1503 1450 1534; x_wconf 89' lang='lat' dir='ltr'>tentias</span> <span class='ocrx_word' id='word_1_857' title='bbox 1466 1505 1504 1534; x_wconf 86' lang='lat' dir='ltr'>ab</span> <span class='ocrx_word' id='word_1_858' title='bbox 1519 1505 1679 1545; x_wconf 85' lang='lat' dir='ltr'>Aquinate</span> <span class='ocrx_word' id='word_1_859' title='bbox 1697 1506 1816 1545; x_wconf 88' lang='lat' dir='ltr'>citatas,</span> <span class='ocrx_word' id='word_1_860' title='bbox 1832 1514 1887 1537; x_wconf 89' lang='lat' dir='ltr'>aut</span> <span class='ocrx_word' id='word_1_861' title='bbox 1900 1507 1977 1547; x_wconf 92' lang='lat' dir='ltr'>ipsis</span> <span class='ocrx_word' id='word_1_862' title='bbox 2000 1507 2103 1537; x_wconf 89' lang='lat' dir='ltr'>verbis</span> <span class='ocrx_word' id='word_1_863' title='bbox 2127 1514 2220 1538; x_wconf 91' lang='lat' dir='ltr'>tenus</span> <span class='ocrx_word' id='word_1_864' title='bbox 2235 1514 2290 1537; x_wconf 87' lang='lat' dir='ltr'>aut</span> <span class='ocrx_word' id='word_1_865' title='bbox 2306 1507 2419 1538; x_wconf 82' lang='lat' dir='ltr'>saltem</span> 
     </span>
     <span class='ocr_line' id='line_1_105' title="bbox 1338 1549 2417 1592; baseline 0.005 -15"><span class='ocrx_word' id='word_1_866' title='bbox 1338 1549 1446 1588; x_wconf 88' lang='lat' dir='ltr'>quoad</span> <span class='ocrx_word' id='word_1_867' title='bbox 1471 1558 1622 1587; x_wconf 84' lang='lat' dir='ltr'>sensum,</span> <span class='ocrx_word' id='word_1_868' title='bbox 1646 1550 1697 1580; x_wconf 89' lang='lat' dir='ltr'>vel</span> <span class='ocrx_word' id='word_1_869' title='bbox 1719 1551 1874 1590; x_wconf 85' lang='lat' dir='ltr'>genuinas</span> <span class='ocrx_word' id='word_1_870' title='bbox 1903 1561 1970 1581; x_wconf 89' lang='lat' dir='ltr'>esse</span> <span class='ocrx_word' id='word_1_871' title='bbox 2001 1561 2143 1592; x_wconf 91' lang='lat' dir='ltr'>suosque</span> <span class='ocrx_word' id='word_1_872' title='bbox 2174 1558 2277 1582; x_wconf 87' lang='lat' dir='ltr'>certos</span> <span class='ocrx_word' id='word_1_873' title='bbox 2300 1551 2417 1583; x_wconf 85' lang='lat' dir='ltr'>habere</span> 
     </span>
     <span class='ocr_line' id='line_1_106' title="bbox 1338 1593 2417 1635; baseline 0.004 -13"><span class='ocrx_word' id='word_1_874' title='bbox 1338 1599 1500 1632; x_wconf 84' lang='lat' dir='ltr'>parentes:</span> <span class='ocrx_word' id='word_1_875' title='bbox 1525 1593 1576 1623; x_wconf 87' lang='lat' dir='ltr'>vel</span> <span class='ocrx_word' id='word_1_876' title='bbox 1599 1594 1624 1624; x_wconf 88' lang='lat' dir='ltr'>si</span> <span class='ocrx_word' id='word_1_877' title='bbox 1644 1604 1727 1634; x_wconf 87' lang='lat' dir='ltr'>quae</span> <span class='ocrx_word' id='word_1_878' title='bbox 1746 1595 1925 1625; x_wconf 85' lang='lat' dir='ltr'>admodum</span> <span class='ocrx_word' id='word_1_879' title='bbox 1944 1605 2064 1634; x_wconf 89' lang='lat' dir='ltr'>paucae</span> <span class='ocrx_word' id='word_1_880' title='bbox 2084 1595 2306 1635; x_wconf 85' lang='lat' dir='ltr'>supposititiae</span> <span class='ocrx_word' id='word_1_881' title='bbox 2326 1602 2417 1634; x_wconf 92' lang='lat' dir='ltr'>sunt,</span> 
     </span>
     <span class='ocr_line' id='line_1_107' title="bbox 1337 1636 2418 1680; baseline 0.004 -14"><span class='ocrx_word' id='word_1_882' title='bbox 1337 1636 1466 1676; x_wconf 90' lang='lat' dir='ltr'>reperiri</span> <span class='ocrx_word' id='word_1_883' title='bbox 1490 1643 1597 1668; x_wconf 84' lang='lat' dir='ltr'>tamen</span> <span class='ocrx_word' id='word_1_884' title='bbox 1628 1637 1659 1668; x_wconf 87' lang='lat' dir='ltr'>in</span> <span class='ocrx_word' id='word_1_885' title='bbox 1692 1639 1907 1669; x_wconf 86' lang='lat' dir='ltr'>ecclesiasticis</span> <span class='ocrx_word' id='word_1_886' title='bbox 1938 1639 2175 1670; x_wconf 74' lang='lat' dir='ltr'>monumentis:</span> <span class='ocrx_word' id='word_1_887' title='bbox 2208 1639 2354 1680; x_wconf 89' lang='lat' dir='ltr'>adeoque</span> <span class='ocrx_word' id='word_1_888' title='bbox 2384 1639 2418 1670; x_wconf 90' lang='lat' dir='ltr'>in</span> 
     </span>
     <span class='ocr_line' id='line_1_108' title="bbox 1337 1681 2419 1723; baseline 0.004 -13"><span class='ocrx_word' id='word_1_889' title='bbox 1337 1681 1524 1712; x_wconf 91' lang='lat' dir='ltr'>huiusmodi</span> <span class='ocrx_word' id='word_1_890' title='bbox 1548 1681 1705 1713; x_wconf 88' lang='lat' dir='ltr'>indicibus</span> <span class='ocrx_word' id='word_1_891' title='bbox 1729 1683 1849 1713; x_wconf 89' lang='lat' dir='ltr'>bonam</span> <span class='ocrx_word' id='word_1_892' title='bbox 1873 1690 1903 1714; x_wconf 92' lang='lat' dir='ltr'>et</span> <span class='ocrx_word' id='word_1_893' title='bbox 1926 1683 2085 1723; x_wconf 83' lang='lat' dir='ltr'>optimam</span> <span class='ocrx_word' id='word_1_894' title='bbox 2109 1690 2253 1715; x_wconf 87' lang='lat' dir='ltr'>constare</span> <span class='ocrx_word' id='word_1_895' title='bbox 2269 1683 2419 1714; x_wconf 87' lang='lat' dir='ltr'>Thomae</span> 
     </span>
     <span class='ocr_line' id='line_1_109' title="bbox 1337 1724 1444 1756; baseline 0.009 -1"><span class='ocrx_word' id='word_1_896' title='bbox 1337 1724 1444 1756; x_wconf 89' lang='lat' dir='ltr'>fidem.</span> 
     </span>
    </p>
   </div>
   <div class='ocr_carea' id='block_1_5' title="bbox 1722 1810 2024 1848">
    <p class='ocr_par' dir='ltr' id='par_1_11' title="bbox 1722 1810 2024 1848">
     <span class='ocr_line' id='line_1_110' title="bbox 1722 1810 2024 1848; baseline 0.007 -2"><span class='ocrx_word' id='word_1_897' title='bbox 1722 1810 1935 1848; x_wconf 93' lang='lat' dir='ltr'>CAPUT</span> <span class='ocrx_word' id='word_1_898' title='bbox 1971 1812 2024 1848; x_wconf 96' lang='lat' dir='ltr'>II.</span> 
     </span>
    </p>
   </div>
   <div class='ocr_carea' id='block_1_6' title="bbox 1334 1904 2415 2117">
    <p class='ocr_par' dir='ltr' id='par_1_12' title="bbox 1334 1904 2415 2117">
     <span class='ocr_line' id='line_1_111' title="bbox 1334 1904 2414 1941; baseline 0.005 -12"><span class='ocrx_word' id='word_1_899' title='bbox 1334 1904 1421 1929; x_wconf 85' lang='lat' dir='ltr'>Altera</span> <span class='ocrx_word' id='word_1_900' title='bbox 1436 1904 1544 1930; x_wconf 79' lang='lat' dir='ltr'>Fabricii</span> <span class='ocrx_word' id='word_1_901' title='bbox 1559 1914 1669 1931; x_wconf 85' lang='lat' dir='ltr'>censura</span> <span class='ocrx_word' id='word_1_902' title='bbox 1687 1907 1830 1932; x_wconf 85' lang='lat' dir='ltr'>doctrinam</span> <span class='ocrx_word' id='word_1_903' title='bbox 1849 1907 1968 1932; x_wconf 87' lang='lat' dir='ltr'>Thomae</span> <span class='ocrx_word' id='word_1_904' title='bbox 1987 1908 2051 1940; x_wconf 82' lang='lat' dir='ltr'>petit</span> <span class='ocrx_word' id='word_1_905' title='bbox 2066 1908 2098 1933; x_wconf 88' lang='lat' dir='ltr'>de</span> <span class='ocrx_word' id='word_1_906' title='bbox 2111 1908 2218 1941; x_wconf 84' lang='lat' dir='ltr'>proprio</span> <span class='ocrx_word' id='word_1_907' title='bbox 2236 1908 2281 1934; x_wconf 86' lang='lat' dir='ltr'>illo</span> <span class='ocrx_word' id='word_1_908' title='bbox 2299 1908 2348 1934; x_wconf 89' lang='lat' dir='ltr'>Dei</span> <span class='ocrx_word' id='word_1_909' title='bbox 2367 1916 2414 1934; x_wconf 59' lang='lat' dir='ltr'>nm</span> 
     </span>
     <span class='ocr_line' id='line_1_112' title="bbox 1407 1940 2414 1972; baseline 0.005 -8"><span class='ocrx_word' id='word_1_910' title='bbox 1407 1940 1485 1971; x_wconf 85' lang='lat' dir='ltr'>mine,</span> <span class='ocrx_word' id='word_1_911' title='bbox 1507 1941 1560 1972; x_wconf 80' lang='lat' dir='ltr'>Qui</span> <span class='ocrx_word' id='word_1_912' title='bbox 1577 1946 1631 1967; x_wconf 85' lang='lat' dir='ltr'>est:</span> <span class='ocrx_word' id='word_1_913' title='bbox 1650 1942 1767 1968; x_wconf 89' lang='lat' dir='ltr'>eiusdem</span> <span class='ocrx_word' id='word_1_914' title='bbox 1787 1943 1917 1968; x_wconf 86' lang='lat' dir='ltr'>doctrinae</span> <span class='ocrx_word' id='word_1_915' title='bbox 1935 1943 2063 1968; x_wconf 83' lang='lat' dir='ltr'>subtilitas</span> <span class='ocrx_word' id='word_1_916' title='bbox 2079 1951 2109 1969; x_wconf 89' lang='lat' dir='ltr'>ac</span> <span class='ocrx_word' id='word_1_917' title='bbox 2124 1944 2200 1969; x_wconf 89' lang='lat' dir='ltr'>etiam</span> <span class='ocrx_word' id='word_1_918' title='bbox 2216 1944 2341 1969; x_wconf 79' lang='lat' dir='ltr'>soliditas.</span> <span class='ocrx_word' id='word_1_919' title='bbox 2359 1943 2414 1969; x_wconf 80' lang='lat' dir='ltr'>Ad-</span> 
     </span>
     <span class='ocr_line' id='line_1_113' title="bbox 1405 1977 2415 2012; baseline 0.004 -12"><span class='ocrx_word' id='word_1_920' title='bbox 1405 1983 1496 2001; x_wconf 85' lang='lat' dir='ltr'>versae</span> <span class='ocrx_word' id='word_1_921' title='bbox 1515 1977 1623 2002; x_wconf 82' lang='lat' dir='ltr'>Fabricii</span> <span class='ocrx_word' id='word_1_922' title='bbox 1642 1978 1753 2003; x_wconf 88' lang='lat' dir='ltr'>rationes</span> <span class='ocrx_word' id='word_1_923' title='bbox 1773 1986 1902 2012; x_wconf 86' lang='lat' dir='ltr'>expensae</span> <span class='ocrx_word' id='word_1_924' title='bbox 1916 1984 1942 2004; x_wconf 91' lang='lat' dir='ltr'>et</span> <span class='ocrx_word' id='word_1_925' title='bbox 1956 1987 2075 2004; x_wconf 84' lang='lat' dir='ltr'>eversae:</span> <span class='ocrx_word' id='word_1_926' title='bbox 2094 1979 2289 2012; x_wconf 88' lang='lat' dir='ltr'>vindicaturque</span> <span class='ocrx_word' id='word_1_927' title='bbox 2299 1987 2415 2005; x_wconf 85' lang='lat' dir='ltr'>masore-</span> 
     </span>
     <span class='ocr_line' id='line_1_114' title="bbox 1407 2011 2415 2040; baseline 0.004 -4"><span class='ocrx_word' id='word_1_928' title='bbox 1407 2011 1474 2036; x_wconf 85' lang='lat' dir='ltr'>thica</span> <span class='ocrx_word' id='word_1_929' title='bbox 1492 2017 1576 2038; x_wconf 86' lang='lat' dir='ltr'>textus</span> <span class='ocrx_word' id='word_1_930' title='bbox 1596 2013 1700 2038; x_wconf 88' lang='lat' dir='ltr'>hebraei</span> <span class='ocrx_word' id='word_1_931' title='bbox 1720 2014 1803 2039; x_wconf 79' lang='lat' dir='ltr'>lectio.</span> <span class='ocrx_word' id='word_1_932' title='bbox 1827 2014 1911 2039; x_wconf 87' lang='lat' dir='ltr'>Sancti</span> <span class='ocrx_word' id='word_1_933' title='bbox 1937 2014 2057 2039; x_wconf 85' lang='lat' dir='ltr'>Thomae</span> <span class='ocrx_word' id='word_1_934' title='bbox 2081 2014 2196 2040; x_wconf 87' lang='lat' dir='ltr'>doctrina</span> <span class='ocrx_word' id='word_1_935' title='bbox 2220 2020 2338 2040; x_wconf 87' lang='lat' dir='ltr'>veterum</span> <span class='ocrx_word' id='word_1_936' title='bbox 2358 2015 2415 2040; x_wconf 87' lang='lat' dir='ltr'>lati-</span> 
     </span>
     <span class='ocr_line' id='line_1_115' title="bbox 1407 2049 2415 2081; baseline 0.005 -10"><span class='ocrx_word' id='word_1_937' title='bbox 1407 2054 1500 2072; x_wconf 87' lang='lat' dir='ltr'>norum</span> <span class='ocrx_word' id='word_1_938' title='bbox 1525 2055 1732 2081; x_wconf 84' lang='lat' dir='ltr'>graecorumque</span> <span class='ocrx_word' id='word_1_939' title='bbox 1756 2050 1862 2075; x_wconf 85' lang='lat' dir='ltr'>Patrurn</span> <span class='ocrx_word' id='word_1_940' title='bbox 1891 2049 2054 2075; x_wconf 84' lang='lat' dir='ltr'>documentis</span> <span class='ocrx_word' id='word_1_941' title='bbox 2080 2049 2240 2076; x_wconf 81' lang='lat' dir='ltr'>conformis:</span> <span class='ocrx_word' id='word_1_942' title='bbox 2272 2058 2302 2076; x_wconf 81' lang='lat' dir='ltr'>ac</span> <span class='ocrx_word' id='word_1_943' title='bbox 2326 2050 2415 2076; x_wconf 78' lang='lat' dir='ltr'>favent</span> 
     </span>
     <span class='ocr_line' id='line_1_116' title="bbox 1407 2083 1731 2117; baseline 0.009 -10"><span class='ocrx_word' id='word_1_944' title='bbox 1407 2083 1587 2109; x_wconf 84' lang='lat' dir='ltr'>Hebraeorum</span> <span class='ocrx_word' id='word_1_945' title='bbox 1607 2084 1731 2117; x_wconf 79' lang='lat' dir='ltr'>magistri.</span> 
     </span>
    </p>
   </div>
   <div class='ocr_carea' id='block_1_7' title="bbox 1332 2170 2434 3671">
    <p class='ocr_par' dir='ltr' id='par_1_13' title="bbox 1332 2170 2434 3671">
     <span class='ocr_line' id='line_1_117' title="bbox 1336 2170 2414 2211; baseline 0.005 -12"><span class='ocrx_word' id='word_1_946' title='bbox 1336 2170 1359 2200; x_wconf 91' lang='grc' dir='ltr'>Ι.</span> <span class='ocrx_word' id='word_1_947' title='bbox 1463 2170 1540 2201; x_wconf 85' lang='lat' dir='ltr'>ltera</span> <span class='ocrx_word' id='word_1_948' title='bbox 1555 2171 1698 2211; x_wconf 87' lang='lat' dir='ltr'>sequitur</span> <span class='ocrx_word' id='word_1_949' title='bbox 1713 2171 1840 2201; x_wconf 87' lang='lat' dir='ltr'>loannis</span> <span class='ocrx_word' id='word_1_950' title='bbox 1855 2171 1988 2202; x_wconf 87' lang='lat' dir='ltr'>Fabricii</span> <span class='ocrx_word' id='word_1_951' title='bbox 2003 2181 2146 2202; x_wconf 87' lang='lat' dir='ltr'>censura.</span> <span class='ocrx_word' id='word_1_952' title='bbox 2169 2185 2184 2200; x_wconf 86' lang='lat'>‹</span> <span class='ocrx_word' id='word_1_953' title='bbox 2196 2172 2287 2203; x_wconf 84' lang='lat' dir='ltr'>Parte</span> <span class='ocrx_word' id='word_1_954' title='bbox 2302 2173 2414 2204; x_wconf 78' lang='lat' dir='ltr'>eadem</span> 
     </span>
     <span class='ocr_line' id='line_1_118' title="bbox 1342 2213 2413 2258; baseline 0.003 -13"><span class='ocrx_word' id='word_1_955' title='bbox 1342 2227 1356 2241; x_wconf 84' lang='grc'>»</span> <span class='ocrx_word' id='word_1_956' title='bbox 1464 2213 1603 2258; x_wconf 88' lang='lat' dir='ltr'>(prima)</span> <span class='ocrx_word' id='word_1_957' title='bbox 1633 2223 1754 2256; x_wconf 89' lang='lat' dir='ltr'>quaest.</span> <span class='ocrx_word' id='word_1_958' title='bbox 1775 2226 1844 2254; x_wconf 86' lang='lat' dir='ltr'>xm,</span> <span class='ocrx_word' id='word_1_959' title='bbox 1869 2222 1926 2246; x_wconf 90' lang='lat' dir='ltr'>art.</span> <span class='ocrx_word' id='word_1_960' title='bbox 1947 2224 1991 2246; x_wconf 87' lang='lat' dir='ltr'>x1:</span> <span class='ocrx_word' id='word_1_961' title='bbox 2025 2216 2100 2246; x_wconf 88' lang='lat' dir='ltr'>Hoc</span> <span class='ocrx_word' id='word_1_962' title='bbox 2118 2226 2246 2254; x_wconf 86' lang='lat' dir='ltr'>nomen,</span> <span class='ocrx_word' id='word_1_963' title='bbox 2271 2217 2336 2254; x_wconf 89' lang='lat' dir='ltr'>Qui</span> <span class='ocrx_word' id='word_1_964' title='bbox 2355 2224 2413 2256; x_wconf 78' lang='lat' dir='ltr'>est,</span> 
     </span>
     <span class='ocr_line' id='line_1_119' title="bbox 1338 2260 2414 2300; baseline 0.004 -12"><span class='ocrx_word' id='word_1_965' title='bbox 1338 2271 1352 2286; x_wconf 81' lang='lat'><strong>»</strong></span> <span class='ocrx_word' id='word_1_966' title='bbox 1375 2260 1494 2299; x_wconf 83' lang='lat' dir='ltr'>triplici</span> <span class='ocrx_word' id='word_1_967' title='bbox 1510 2261 1634 2291; x_wconf 83' lang='lat' dir='ltr'>ratione</span> <span class='ocrx_word' id='word_1_968' title='bbox 1650 2265 1696 2291; x_wconf 88' lang='lat' dir='ltr'>est</span> <span class='ocrx_word' id='word_1_969' title='bbox 1713 2261 1855 2291; x_wconf 84' lang='lat' dir='ltr'>maxime</span> <span class='ocrx_word' id='word_1_970' title='bbox 1865 2261 2036 2300; x_wconf 84' lang='lat' dir='ltr'>proprium</span> <span class='ocrx_word' id='word_1_971' title='bbox 2054 2270 2168 2291; x_wconf 86' lang='lat' dir='ltr'>nomen</span> <span class='ocrx_word' id='word_1_972' title='bbox 2184 2261 2264 2292; x_wconf 86' lang='lat' dir='ltr'>Dei:</span> <span class='ocrx_word' id='word_1_973' title='bbox 2292 2272 2318 2293; x_wconf 87' lang='lat'>1.</span> <span class='ocrx_word' id='word_1_974' title='bbox 2334 2262 2414 2292; x_wconf 86' lang='lat' dir='ltr'>Pro-</span> 
     </span>
     <span class='ocr_line' id='line_1_120' title="bbox 1338 2305 2414 2346; baseline 0.003 -12"><span class='ocrx_word' id='word_1_975' title='bbox 1338 2315 1352 2330; x_wconf 80' lang='lat'><strong>»</strong></span> <span class='ocrx_word' id='word_1_976' title='bbox 1370 2309 1446 2344; x_wconf 84' lang='lat' dir='ltr'>pter</span> <span class='ocrx_word' id='word_1_977' title='bbox 1460 2306 1512 2334; x_wconf 87' lang='lat' dir='ltr'>sui</span> <span class='ocrx_word' id='word_1_978' title='bbox 1527 2305 1813 2346; x_wconf 75' lang='lat' dir='ltr'>significationem:</span> <span class='ocrx_word' id='word_1_979' title='bbox 1831 2314 1860 2335; x_wconf 89' lang='lat'>2.</span> <span class='ocrx_word' id='word_1_980' title='bbox 1881 2305 2018 2345; x_wconf 79' lang='lat' dir='ltr'>Propter</span> <span class='ocrx_word' id='word_1_981' title='bbox 2033 2306 2103 2335; x_wconf 86' lang='lat' dir='ltr'>eius</span> <span class='ocrx_word' id='word_1_982' title='bbox 2119 2306 2414 2337; x_wconf 79' lang='lat' dir='ltr'>universalitatem:</span> 
     </span>
     <span class='ocr_line' id='line_1_121' title="bbox 1338 2349 2412 2391; baseline 0.004 -13"><span class='ocrx_word' id='word_1_983' title='bbox 1338 2360 1351 2374; x_wconf 86' lang='grc'><strong><em>»</em></strong></span> <span class='ocrx_word' id='word_1_984' title='bbox 1378 2349 1406 2379; x_wconf 88' lang='lat'>3.</span> <span class='ocrx_word' id='word_1_985' title='bbox 1426 2350 1562 2389; x_wconf 81' lang='lat' dir='ltr'>Propter</span> <span class='ocrx_word' id='word_1_986' title='bbox 1583 2350 1654 2380; x_wconf 85' lang='lat' dir='ltr'>eius</span> <span class='ocrx_word' id='word_1_987' title='bbox 1676 2350 1955 2390; x_wconf 73' lang='lat' dir='ltr'>significationem.</span> <span class='ocrx_word' id='word_1_988' title='bbox 1982 2349 2042 2380; x_wconf 84' lang='lat' dir='ltr'>lsta</span> <span class='ocrx_word' id='word_1_989' title='bbox 2066 2349 2213 2380; x_wconf 90' lang='lat' dir='ltr'>subtilius</span> <span class='ocrx_word' id='word_1_990' title='bbox 2237 2349 2412 2391; x_wconf 74' lang='lat' dir='ltr'>excogitat-</span> 
     </span>
     <span class='ocr_line' id='line_1_122' title="bbox 1337 2393 2412 2434; baseline 0.002 -11"><span class='ocrx_word' id='word_1_991' title='bbox 1337 2403 1351 2419; x_wconf 84' lang='lat'><strong>»</strong></span> <span class='ocrx_word' id='word_1_992' title='bbox 1374 2393 1532 2424; x_wconf 86' lang='lat' dir='ltr'>videntur.</span> <span class='ocrx_word' id='word_1_993' title='bbox 1556 2393 1674 2424; x_wconf 88' lang='lat' dir='ltr'>Saltem</span> <span class='ocrx_word' id='word_1_994' title='bbox 1691 2403 1806 2434; x_wconf 87' lang='lat' dir='ltr'>parum</span> <span class='ocrx_word' id='word_1_995' title='bbox 1822 2394 1923 2424; x_wconf 88' lang='lat' dir='ltr'>solida</span> <span class='ocrx_word' id='word_1_996' title='bbox 1943 2400 2028 2432; x_wconf 89' lang='lat' dir='ltr'>sunt,</span> <span class='ocrx_word' id='word_1_997' title='bbox 2053 2393 2237 2434; x_wconf 86' lang='lat' dir='ltr'>praesertim</span> <span class='ocrx_word' id='word_1_998' title='bbox 2253 2404 2329 2425; x_wconf 90' lang='lat' dir='ltr'>cum</span> <span class='ocrx_word' id='word_1_999' title='bbox 2344 2404 2412 2425; x_wconf 88' lang='lat' dir='ltr'>non</span> 
     </span>
     <span class='ocr_line' id='line_1_123' title="bbox 1337 2436 2411 2479; baseline 0.002 -11"><span class='ocrx_word' id='word_1_1000' title='bbox 1337 2448 1352 2463; x_wconf 62' lang='grc' dir='ltr'><strong><em>ι</em></strong></span> <span class='ocrx_word' id='word_1_1001' title='bbox 1375 2436 1414 2468; x_wconf 86' lang='lat' dir='ltr'>sit</span> <span class='ocrx_word' id='word_1_1002' title='bbox 1432 2447 1539 2468; x_wconf 87' lang='lat' dir='ltr'>revera</span> <span class='ocrx_word' id='word_1_1003' title='bbox 1555 2438 1720 2478; x_wconf 86' lang='lat' dir='ltr'>scriptum,</span> <span class='ocrx_word' id='word_1_1004' title='bbox 1737 2438 1816 2468; x_wconf 87' lang='lat' dir='ltr'>Sum</span> <span class='ocrx_word' id='word_1_1005' title='bbox 1831 2439 1887 2479; x_wconf 88' lang='lat' dir='ltr'>qui</span> <span class='ocrx_word' id='word_1_1006' title='bbox 1899 2448 1984 2476; x_wconf 88' lang='lat' dir='ltr'>sum,</span> <span class='ocrx_word' id='word_1_1007' title='bbox 2005 2439 2060 2468; x_wconf 89' lang='lat' dir='ltr'>sed</span> <span class='ocrx_word' id='word_1_1008' title='bbox 2074 2438 2142 2468; x_wconf 87' lang='lat' dir='ltr'>Ero</span> <span class='ocrx_word' id='word_1_1009' title='bbox 2157 2439 2212 2478; x_wconf 84' lang='lat' dir='ltr'>qui</span> <span class='ocrx_word' id='word_1_1010' title='bbox 2226 2448 2292 2470; x_wconf 90' lang='lat' dir='ltr'>ero.</span> <span class='ocrx_word' id='word_1_1011' title='bbox 2309 2439 2411 2476; x_wconf 82' lang='lat' dir='ltr'>Quid-</span> 
     </span>
     <span class='ocr_line' id='line_1_124' title="bbox 1337 2481 2412 2522; baseline 0.002 -10"><span class='ocrx_word' id='word_1_1012' title='bbox 1337 2493 1351 2507; x_wconf 79' lang='lat'><strong>»</strong></span> <span class='ocrx_word' id='word_1_1013' title='bbox 1374 2481 1452 2522; x_wconf 92' lang='lat' dir='ltr'>quid</span> <span class='ocrx_word' id='word_1_1014' title='bbox 1476 2483 1605 2513; x_wconf 87' lang='lat' dir='ltr'>tandem</span> <span class='ocrx_word' id='word_1_1015' title='bbox 1629 2483 1677 2513; x_wconf 86' lang='lat' dir='ltr'>his</span> <span class='ocrx_word' id='word_1_1016' title='bbox 1696 2482 1799 2513; x_wconf 90' lang='lat' dir='ltr'>verbis</span> <span class='ocrx_word' id='word_1_1017' title='bbox 1822 2482 1960 2513; x_wconf 85' lang='lat' dir='ltr'>indicare</span> <span class='ocrx_word' id='word_1_1018' title='bbox 1984 2483 2072 2513; x_wconf 89' lang='lat' dir='ltr'>Deus</span> <span class='ocrx_word' id='word_1_1019' title='bbox 2095 2482 2250 2513; x_wconf 84' lang='lat' dir='ltr'>voluerit:</span> <span class='ocrx_word' id='word_1_1020' title='bbox 2276 2483 2338 2514; x_wconf 89' lang='lat' dir='ltr'>hoc</span> <span class='ocrx_word' id='word_1_1021' title='bbox 2354 2490 2412 2522; x_wconf 77' lang='lat' dir='ltr'>est,</span> 
     </span>
     <span class='ocr_line' id='line_1_125' title="bbox 1337 2525 2411 2568; baseline 0.003 -12"><span class='ocrx_word' id='word_1_1022' title='bbox 1337 2538 1351 2552; x_wconf 86' lang='lat'><strong>»</strong></span> <span class='ocrx_word' id='word_1_1023' title='bbox 1375 2525 1439 2556; x_wconf 90' lang='lat' dir='ltr'>sive</span> <span class='ocrx_word' id='word_1_1024' title='bbox 1458 2527 1617 2557; x_wconf 90' lang='lat' dir='ltr'>curiosam</span> <span class='ocrx_word' id='word_1_1025' title='bbox 1634 2527 1733 2558; x_wconf 89' lang='lat' dir='ltr'>Mosis</span> <span class='ocrx_word' id='word_1_1026' title='bbox 1749 2526 2031 2568; x_wconf 82' lang='lat' dir='ltr'>interrogationem</span> <span class='ocrx_word' id='word_1_1027' title='bbox 2053 2526 2238 2567; x_wconf 88' lang='lat' dir='ltr'>simpliciter</span> <span class='ocrx_word' id='word_1_1028' title='bbox 2267 2527 2411 2559; x_wconf 82' lang='lat' dir='ltr'>reiicere:</span> 
     </span>
     <span class='ocr_line' id='line_1_126' title="bbox 1337 2570 2412 2611; baseline 0.002 -11"><span class='ocrx_word' id='word_1_1029' title='bbox 1337 2582 1351 2596; x_wconf 86' lang='lat'><strong>»</strong></span> <span class='ocrx_word' id='word_1_1030' title='bbox 1374 2570 1438 2601; x_wconf 92' lang='lat' dir='ltr'>sive</span> <span class='ocrx_word' id='word_1_1031' title='bbox 1462 2571 1672 2611; x_wconf 87' lang='lat' dir='ltr'>praesentiam</span> <span class='ocrx_word' id='word_1_1032' title='bbox 1697 2581 1788 2602; x_wconf 88' lang='lat' dir='ltr'>suam</span> <span class='ocrx_word' id='word_1_1033' title='bbox 1811 2571 1872 2611; x_wconf 88' lang='lat' dir='ltr'>ipsi</span> <span class='ocrx_word' id='word_1_1034' title='bbox 1895 2571 2097 2611; x_wconf 86' lang='lat' dir='ltr'>promittere:</span> <span class='ocrx_word' id='word_1_1035' title='bbox 2124 2571 2188 2602; x_wconf 90' lang='lat' dir='ltr'>sive</span> <span class='ocrx_word' id='word_1_1036' title='bbox 2205 2581 2242 2601; x_wconf 86' lang='lat' dir='ltr'>ex</span> <span class='ocrx_word' id='word_1_1037' title='bbox 2260 2571 2412 2611; x_wconf 76' lang='lat' dir='ltr'>operibus</span> 
     </span>
     <span class='ocr_line' id='line_1_127' title="bbox 1337 2614 2413 2656; baseline 0.001 -11"><span class='ocrx_word' id='word_1_1038' title='bbox 1337 2626 1350 2640; x_wconf 64' lang='grc' dir='ltr'><strong>ι</strong></span> <span class='ocrx_word' id='word_1_1039' title='bbox 1373 2614 1450 2654; x_wconf 89' lang='lat' dir='ltr'>suis,</span> <span class='ocrx_word' id='word_1_1040' title='bbox 1458 2615 1562 2656; x_wconf 87' lang='lat' dir='ltr'>qualis</span> <span class='ocrx_word' id='word_1_1041' title='bbox 1578 2615 1627 2654; x_wconf 89' lang='lat' dir='ltr'>sit,</span> <span class='ocrx_word' id='word_1_1042' title='bbox 1638 2616 1860 2656; x_wconf 84' lang='lat' dir='ltr'>appariturum</span> <span class='ocrx_word' id='word_1_1043' title='bbox 1874 2625 1940 2646; x_wconf 86' lang='lat' dir='ltr'>esse</span> <span class='ocrx_word' id='word_1_1044' title='bbox 1957 2616 2082 2647; x_wconf 88' lang='lat' dir='ltr'>docere.</span> <span class='ocrx_word' id='word_1_1045' title='bbox 2101 2615 2137 2645; x_wconf 93' lang='lat' dir='ltr'>C.</span> <span class='ocrx_word' id='word_1_1046' title='bbox 2155 2615 2256 2647; x_wconf 89' lang='lat' dir='ltr'>Vorst.</span> <span class='ocrx_word' id='word_1_1047' title='bbox 2273 2615 2308 2646; x_wconf 92' lang='lat' dir='ltr'>in</span> <span class='ocrx_word' id='word_1_1048' title='bbox 2328 2615 2413 2647; x_wconf 71' lang='lat' dir='ltr'>notis</span> 
     </span>
     <span class='ocr_line' id='line_1_128' title="bbox 1336 2659 2411 2700; baseline 0.002 -12"><span class='ocrx_word' id='word_1_1049' title='bbox 1336 2669 1350 2684; x_wconf 73' lang='grc' dir='ltr'>ι·</span> <span class='ocrx_word' id='word_1_1050' title='bbox 1373 2659 1414 2688; x_wconf 88' lang='lat' dir='ltr'>ad</span> <span class='ocrx_word' id='word_1_1051' title='bbox 1438 2659 1555 2699; x_wconf 87' lang='lat' dir='ltr'>disput.</span> <span class='ocrx_word' id='word_1_1052' title='bbox 1576 2670 1598 2689; x_wconf 87' lang='lat' dir='ltr'>n</span> <span class='ocrx_word' id='word_1_1053' title='bbox 1622 2660 1663 2690; x_wconf 88' lang='lat' dir='ltr'>de</span> <span class='ocrx_word' id='word_1_1054' title='bbox 1685 2660 1765 2690; x_wconf 85' lang='lat' dir='ltr'>Deo.</span> <span class='ocrx_word' id='word_1_1055' title='bbox 1780 2671 1794 2686; x_wconf 86' lang='lat'><strong>»</strong></span> <span class='ocrx_word' id='word_1_1056' title='bbox 1825 2660 2012 2691; x_wconf 76' lang='lat' dir='ltr'>Conradum</span> <span class='ocrx_word' id='word_1_1057' title='bbox 2036 2660 2194 2690; x_wconf 86' lang='lat' dir='ltr'>Vorstium</span> <span class='ocrx_word' id='word_1_1058' title='bbox 2219 2659 2360 2700; x_wconf 84' lang='lat' dir='ltr'>intellige</span> <span class='ocrx_word' id='word_1_1059' title='bbox 2377 2659 2411 2690; x_wconf 86' lang='lat' dir='ltr'>in</span> 
     </span>
     <span class='ocr_line' id='line_1_129' title="bbox 1332 2702 2252 2734; baseline 0.002 -2"><span class='ocrx_word' id='word_1_1060' title='bbox 1332 2707 1465 2733; x_wconf 86' lang='lat' dir='ltr'>tractatu</span> <span class='ocrx_word' id='word_1_1061' title='bbox 1490 2703 1537 2733; x_wconf 92' lang='lat' dir='ltr'>De</span> <span class='ocrx_word' id='word_1_1062' title='bbox 1561 2704 1631 2734; x_wconf 91' lang='lat' dir='ltr'>Deo</span> <span class='ocrx_word' id='word_1_1063' title='bbox 1654 2703 1719 2734; x_wconf 89' lang='lat' dir='ltr'>sive</span> <span class='ocrx_word' id='word_1_1064' title='bbox 1743 2703 1791 2733; x_wconf 90' lang='lat' dir='ltr'>De</span> <span class='ocrx_word' id='word_1_1065' title='bbox 1814 2710 1927 2734; x_wconf 85' lang='lat' dir='ltr'>natura</span> <span class='ocrx_word' id='word_1_1066' title='bbox 1950 2710 1981 2734; x_wconf 88' lang='lat' dir='ltr'>et</span> <span class='ocrx_word' id='word_1_1067' title='bbox 2004 2702 2159 2734; x_wconf 86' lang='lat' dir='ltr'>attributis</span> <span class='ocrx_word' id='word_1_1068' title='bbox 2182 2703 2252 2734; x_wconf 91' lang='lat' dir='ltr'>Dei.</span> 
     </span>
     <span class='ocr_line' id='line_1_130' title="bbox 1400 2747 2409 2787; baseline 0.002 -11"><span class='ocrx_word' id='word_1_1069' title='bbox 1400 2747 1562 2787; x_wconf 89' lang='lat' dir='ltr'>Integrum</span> <span class='ocrx_word' id='word_1_1070' title='bbox 1586 2747 1734 2777; x_wconf 86' lang='lat' dir='ltr'>Thomae</span> <span class='ocrx_word' id='word_1_1071' title='bbox 1758 2754 1879 2778; x_wconf 87' lang='lat' dir='ltr'>textum</span> <span class='ocrx_word' id='word_1_1072' title='bbox 1903 2747 2017 2777; x_wconf 87' lang='lat' dir='ltr'>referre</span> <span class='ocrx_word' id='word_1_1073' title='bbox 2040 2753 2187 2787; x_wconf 84' lang='lat' dir='ltr'>praestat,</span> <span class='ocrx_word' id='word_1_1074' title='bbox 2212 2754 2248 2778; x_wconf 92' lang='lat' dir='ltr'>ut</span> <span class='ocrx_word' id='word_1_1075' title='bbox 2267 2747 2336 2778; x_wconf 91' lang='lat' dir='ltr'>eius</span> <span class='ocrx_word' id='word_1_1076' title='bbox 2352 2747 2409 2778; x_wconf 92' lang='lat' dir='ltr'>do-</span> 
     </span>
     <span class='ocr_line' id='line_1_131' title="bbox 1333 2790 2411 2831; baseline 0.002 -11"><span class='ocrx_word' id='word_1_1077' title='bbox 1333 2790 1449 2821; x_wconf 88' lang='lat' dir='ltr'>ctrinae</span> <span class='ocrx_word' id='word_1_1078' title='bbox 1466 2791 1631 2829; x_wconf 86' lang='lat' dir='ltr'>subtilitas,</span> <span class='ocrx_word' id='word_1_1079' title='bbox 1649 2791 1809 2831; x_wconf 88' lang='lat' dir='ltr'>simulque</span> <span class='ocrx_word' id='word_1_1080' title='bbox 1825 2791 1966 2822; x_wconf 86' lang='lat' dir='ltr'>soliditas</span> <span class='ocrx_word' id='word_1_1081' title='bbox 1985 2790 2086 2831; x_wconf 87' lang='lat' dir='ltr'>magis</span> <span class='ocrx_word' id='word_1_1082' title='bbox 2103 2790 2281 2831; x_wconf 84' lang='lat' dir='ltr'>effulgeant.</span> <span class='ocrx_word' id='word_1_1083' title='bbox 2306 2792 2411 2822; x_wconf 82' lang='lat' dir='ltr'>Verba</span> 
     </span>
     <span class='ocr_line' id='line_1_132' title="bbox 1333 2835 2409 2876; baseline 0.002 -12"><span class='ocrx_word' id='word_1_1084' title='bbox 1333 2841 1422 2865; x_wconf 90' lang='lat' dir='ltr'>sunt:</span> <span class='ocrx_word' id='word_1_1085' title='bbox 1452 2835 1660 2866; x_wconf 83' lang='lat' dir='ltr'>«Dicendum</span> <span class='ocrx_word' id='word_1_1086' title='bbox 1684 2836 1773 2876; x_wconf 92' lang='lat' dir='ltr'>quod</span> <span class='ocrx_word' id='word_1_1087' title='bbox 1797 2835 1858 2866; x_wconf 90' lang='lat' dir='ltr'>hoc</span> <span class='ocrx_word' id='word_1_1088' title='bbox 1882 2844 2017 2873; x_wconf 88' lang='lat' dir='ltr'>nomen,</span> <span class='ocrx_word' id='word_1_1089' title='bbox 2045 2835 2111 2872; x_wconf 88' lang='lat' dir='ltr'>Qui</span> <span class='ocrx_word' id='word_1_1090' title='bbox 2133 2841 2197 2873; x_wconf 86' lang='lat' dir='ltr'>est,</span> <span class='ocrx_word' id='word_1_1091' title='bbox 2222 2835 2337 2876; x_wconf 85' lang='lat' dir='ltr'>triplici</span> <span class='ocrx_word' id='word_1_1092' title='bbox 2359 2842 2409 2866; x_wconf 78' lang='lat' dir='ltr'>ra-</span> 
     </span>
     <span class='ocr_line' id='line_1_133' title="bbox 1335 2879 2409 2920; baseline 0.001 -11"><span class='ocrx_word' id='word_1_1093' title='bbox 1335 2891 1350 2906; x_wconf 77' lang='grc'>»</span> <span class='ocrx_word' id='word_1_1094' title='bbox 1372 2879 1459 2910; x_wconf 89' lang='lat' dir='ltr'>tione</span> <span class='ocrx_word' id='word_1_1095' title='bbox 1484 2886 1530 2910; x_wconf 90' lang='lat' dir='ltr'>est</span> <span class='ocrx_word' id='word_1_1096' title='bbox 1548 2879 1685 2910; x_wconf 87' lang='lat' dir='ltr'>maxime</span> <span class='ocrx_word' id='word_1_1097' title='bbox 1709 2879 1877 2920; x_wconf 87' lang='lat' dir='ltr'>proprium</span> <span class='ocrx_word' id='word_1_1098' title='bbox 1906 2889 2025 2910; x_wconf 91' lang='lat' dir='ltr'>nomen</span> <span class='ocrx_word' id='word_1_1099' title='bbox 2048 2879 2117 2910; x_wconf 89' lang='lat' dir='ltr'>Dei.</span> <span class='ocrx_word' id='word_1_1100' title='bbox 2143 2879 2251 2910; x_wconf 89' lang='lat' dir='ltr'>Primo</span> <span class='ocrx_word' id='word_1_1101' title='bbox 2276 2879 2409 2920; x_wconf 87' lang='lat' dir='ltr'>quidem</span> 
     </span>
     <span class='ocr_line' id='line_1_134' title="bbox 1335 2922 2434 2965; baseline 0.001 -11"><span class='ocrx_word' id='word_1_1102' title='bbox 1335 2935 1348 2949; x_wconf 82' lang='lat'><strong>»</strong></span> <span class='ocrx_word' id='word_1_1103' title='bbox 1372 2930 1502 2964; x_wconf 87' lang='lat' dir='ltr'>propter</span> <span class='ocrx_word' id='word_1_1104' title='bbox 1525 2925 1576 2954; x_wconf 88' lang='lat' dir='ltr'>sui</span> <span class='ocrx_word' id='word_1_1105' title='bbox 1598 2924 1877 2965; x_wconf 71' lang='lat' dir='ltr'>significationem.</span> <span class='ocrx_word' id='word_1_1106' title='bbox 1903 2924 1976 2954; x_wconf 94' lang='lat' dir='ltr'>Non</span> <span class='ocrx_word' id='word_1_1107' title='bbox 1998 2923 2084 2954; x_wconf 92' lang='lat' dir='ltr'>enim</span> <span class='ocrx_word' id='word_1_1108' title='bbox 2099 2922 2253 2964; x_wconf 84' lang='lat' dir='ltr'>significat</span> <span class='ocrx_word' id='word_1_1109' title='bbox 2267 2923 2407 2955; x_wconf 76' lang='lat' dir='ltr'>formam</span> <span class='ocrx_word' id='word_1_1110' title='bbox 2430 2932 2434 2936; x_wconf 90' lang='grc'><strong>’</strong></span> 
     </span>
     <span class='ocr_line' id='line_1_135' title="bbox 1335 2967 2407 3010; baseline 0.001 -12"><span class='ocrx_word' id='word_1_1111' title='bbox 1335 2979 1349 2994; x_wconf 81' lang='grc'>»</span> <span class='ocrx_word' id='word_1_1112' title='bbox 1372 2967 1532 3008; x_wconf 88' lang='lat' dir='ltr'>aliquam,</span> <span class='ocrx_word' id='word_1_1113' title='bbox 1562 2968 1617 2999; x_wconf 92' lang='lat' dir='ltr'>sed</span> <span class='ocrx_word' id='word_1_1114' title='bbox 1640 2968 1747 3009; x_wconf 89' lang='lat' dir='ltr'>ipsum</span> <span class='ocrx_word' id='word_1_1115' title='bbox 1775 2976 1859 2999; x_wconf 88' lang='lat' dir='ltr'>esse:</span> <span class='ocrx_word' id='word_1_1116' title='bbox 1889 2968 1974 2999; x_wconf 90' lang='lat' dir='ltr'>unde</span> <span class='ocrx_word' id='word_1_1117' title='bbox 1999 2978 2073 2999; x_wconf 89' lang='lat' dir='ltr'>cum</span> <span class='ocrx_word' id='word_1_1118' title='bbox 2097 2978 2164 2998; x_wconf 88' lang='lat' dir='ltr'>esse</span> <span class='ocrx_word' id='word_1_1119' title='bbox 2187 2968 2247 2999; x_wconf 92' lang='lat' dir='ltr'>Dei</span> <span class='ocrx_word' id='word_1_1120' title='bbox 2275 2968 2316 2999; x_wconf 87' lang='lat' dir='ltr'>sit</span> <span class='ocrx_word' id='word_1_1121' title='bbox 2337 2967 2407 3010; x_wconf 82' lang='lat' dir='ltr'>ipsa</span> 
     </span>
     <span class='ocr_line' id='line_1_136' title="bbox 1334 3012 2406 3053; baseline 0.001 -11"><span class='ocrx_word' id='word_1_1122' title='bbox 1334 3023 1348 3038; x_wconf 81' lang='lat'><strong>»</strong></span> <span class='ocrx_word' id='word_1_1123' title='bbox 1372 3012 1439 3042; x_wconf 88' lang='lat' dir='ltr'>eius</span> <span class='ocrx_word' id='word_1_1124' title='bbox 1464 3012 1596 3043; x_wconf 85' lang='lat' dir='ltr'>essentia</span> <span class='ocrx_word' id='word_1_1125' title='bbox 1620 3019 1651 3043; x_wconf 89' lang='lat' dir='ltr'>et</span> <span class='ocrx_word' id='word_1_1126' title='bbox 1668 3013 1730 3043; x_wconf 88' lang='lat' dir='ltr'>hoc</span> <span class='ocrx_word' id='word_1_1127' title='bbox 1754 3012 1834 3043; x_wconf 90' lang='lat' dir='ltr'>nulli</span> <span class='ocrx_word' id='word_1_1128' title='bbox 1857 3012 1909 3042; x_wconf 90' lang='lat' dir='ltr'>alii</span> <span class='ocrx_word' id='word_1_1129' title='bbox 1933 3012 2110 3050; x_wconf 88' lang='lat' dir='ltr'>conveniat,</span> <span class='ocrx_word' id='word_1_1130' title='bbox 2135 3019 2171 3043; x_wconf 92' lang='lat' dir='ltr'>ut</span> <span class='ocrx_word' id='word_1_1131' title='bbox 2189 3022 2286 3053; x_wconf 85' lang='lat' dir='ltr'>supra</span> <span class='ocrx_word' id='word_1_1132' title='bbox 2301 3019 2406 3043; x_wconf 86' lang='lat' dir='ltr'>osten-</span> 
     </span>
     <span class='ocr_line' id='line_1_137' title="bbox 1334 3056 2406 3097; baseline 0.002 -11"><span class='ocrx_word' id='word_1_1133' title='bbox 1334 3067 1348 3083; x_wconf 80' lang='lat'><strong>»</strong></span> <span class='ocrx_word' id='word_1_1134' title='bbox 1372 3066 1444 3086; x_wconf 90' lang='lat' dir='ltr'>sum</span> <span class='ocrx_word' id='word_1_1135' title='bbox 1468 3064 1534 3095; x_wconf 89' lang='lat' dir='ltr'>est,</span> <span class='ocrx_word' id='word_1_1136' title='bbox 1563 3056 1769 3087; x_wconf 85' lang='lat' dir='ltr'>manifestum</span> <span class='ocrx_word' id='word_1_1137' title='bbox 1792 3064 1839 3088; x_wconf 85' lang='lat' dir='ltr'>est</span> <span class='ocrx_word' id='word_1_1138' title='bbox 1862 3057 1952 3097; x_wconf 88' lang='lat' dir='ltr'>quod</span> <span class='ocrx_word' id='word_1_1139' title='bbox 1974 3056 2054 3088; x_wconf 90' lang='lat' dir='ltr'>inter</span> <span class='ocrx_word' id='word_1_1140' title='bbox 2077 3056 2138 3087; x_wconf 88' lang='lat' dir='ltr'>alia</span> <span class='ocrx_word' id='word_1_1141' title='bbox 2162 3056 2314 3095; x_wconf 80' lang='lat' dir='ltr'>nomina,</span> <span class='ocrx_word' id='word_1_1142' title='bbox 2342 3056 2406 3088; x_wconf 81' lang='lat' dir='ltr'>hoc</span> 
     </span>
     <span class='ocr_line' id='line_1_138' title="bbox 1333 3100 2406 3142; baseline 0.001 -11"><span class='ocrx_word' id='word_1_1143' title='bbox 1333 3111 1348 3126; x_wconf 74' lang='lat'>³·</span> <span class='ocrx_word' id='word_1_1144' title='bbox 1371 3101 1508 3132; x_wconf 87' lang='lat' dir='ltr'>maxime</span> <span class='ocrx_word' id='word_1_1145' title='bbox 1538 3101 1666 3142; x_wconf 86' lang='lat' dir='ltr'>proprie</span> <span class='ocrx_word' id='word_1_1146' title='bbox 1697 3101 1842 3132; x_wconf 87' lang='lat' dir='ltr'>nominat</span> <span class='ocrx_word' id='word_1_1147' title='bbox 1871 3101 1998 3139; x_wconf 88' lang='lat' dir='ltr'>Deum;</span> <span class='ocrx_word' id='word_1_1148' title='bbox 2030 3101 2289 3142; x_wconf 89' lang='lat' dir='ltr'>unumquodque</span> <span class='ocrx_word' id='word_1_1149' title='bbox 2319 3100 2406 3132; x_wconf 85' lang='lat' dir='ltr'>enim</span> 
     </span>
     <span class='ocr_line' id='line_1_139' title="bbox 1333 3145 2406 3186; baseline 0.001 -11"><span class='ocrx_word' id='word_1_1150' title='bbox 1333 3156 1348 3171; x_wconf 76' lang='lat'><strong>»</strong></span> <span class='ocrx_word' id='word_1_1151' title='bbox 1371 3145 1596 3176; x_wconf 82' lang='lat' dir='ltr'>denominatur</span> <span class='ocrx_word' id='word_1_1152' title='bbox 1627 3155 1645 3175; x_wconf 89' lang='lat' dir='ltr'>a</span> <span class='ocrx_word' id='word_1_1153' title='bbox 1677 3155 1734 3176; x_wconf 88' lang='lat' dir='ltr'>sua</span> <span class='ocrx_word' id='word_1_1154' title='bbox 1759 3145 1871 3176; x_wconf 86' lang='lat' dir='ltr'>forma.</span> <span class='ocrx_word' id='word_1_1155' title='bbox 1901 3145 2050 3176; x_wconf 90' lang='lat' dir='ltr'>Secundo</span> <span class='ocrx_word' id='word_1_1156' title='bbox 2079 3151 2210 3186; x_wconf 86' lang='lat' dir='ltr'>propter</span> <span class='ocrx_word' id='word_1_1157' title='bbox 2238 3146 2307 3176; x_wconf 81' lang='lat' dir='ltr'>eius</span> <span class='ocrx_word' id='word_1_1158' title='bbox 2335 3145 2406 3176; x_wconf 73' lang='lat' dir='ltr'>uni·-</span> 
     </span>
     <span class='ocr_line' id='line_1_140' title="bbox 1334 3189 2405 3227; baseline -0.001 -7"><span class='ocrx_word' id='word_1_1159' title='bbox 1334 3201 1347 3215; x_wconf 82' lang='lat'><strong>»</strong></span> <span class='ocrx_word' id='word_1_1160' title='bbox 1371 3190 1596 3221; x_wconf 83' lang='lat' dir='ltr'>versalitatem.</span> <span class='ocrx_word' id='word_1_1161' title='bbox 1621 3189 1742 3220; x_wconf 86' lang='lat' dir='ltr'>Omnia</span> <span class='ocrx_word' id='word_1_1162' title='bbox 1765 3189 1851 3220; x_wconf 89' lang='lat' dir='ltr'>enim</span> <span class='ocrx_word' id='word_1_1163' title='bbox 1874 3189 1935 3220; x_wconf 85' lang='lat' dir='ltr'>alia</span> <span class='ocrx_word' id='word_1_1164' title='bbox 1958 3189 2101 3227; x_wconf 81' lang='lat' dir='ltr'>nomina,</span> <span class='ocrx_word' id='word_1_1165' title='bbox 2127 3189 2178 3219; x_wconf 89' lang='lat' dir='ltr'>vel</span> <span class='ocrx_word' id='word_1_1166' title='bbox 2201 3195 2276 3220; x_wconf 90' lang='lat' dir='ltr'>sunt</span> <span class='ocrx_word' id='word_1_1167' title='bbox 2297 3189 2405 3220; x_wconf 72' lang='lat' dir='ltr'>minus</span> 
     </span>
     <span class='ocr_line' id='line_1_141' title="bbox 1333 3233 2404 3274; baseline 0 -10"><span class='ocrx_word' id='word_1_1168' title='bbox 1333 3245 1347 3260; x_wconf 81' lang='lat'>›</span> <span class='ocrx_word' id='word_1_1169' title='bbox 1371 3233 1571 3264; x_wconf 85' lang='lat' dir='ltr'>communia:</span> <span class='ocrx_word' id='word_1_1170' title='bbox 1595 3234 1646 3264; x_wconf 87' lang='lat' dir='ltr'>vel</span> <span class='ocrx_word' id='word_1_1171' title='bbox 1662 3233 1687 3264; x_wconf 89' lang='lat' dir='ltr'>si</span> <span class='ocrx_word' id='word_1_1172' title='bbox 1704 3240 1927 3264; x_wconf 85' lang='lat' dir='ltr'>convertantur</span> <span class='ocrx_word' id='word_1_1173' title='bbox 1950 3244 2025 3264; x_wconf 89' lang='lat' dir='ltr'>cum</span> <span class='ocrx_word' id='word_1_1174' title='bbox 2048 3233 2132 3274; x_wconf 89' lang='lat' dir='ltr'>ipso,</span> <span class='ocrx_word' id='word_1_1175' title='bbox 2156 3240 2263 3264; x_wconf 86' lang='lat' dir='ltr'>tamen</span> <span class='ocrx_word' id='word_1_1176' title='bbox 2281 3233 2404 3264; x_wconf 79' lang='lat' dir='ltr'>addunt</span> 
     </span>
     <span class='ocr_line' id='line_1_142' title="bbox 1332 3275 2402 3324; baseline 0 -16"><span class='ocrx_word' id='word_1_1177' title='bbox 1332 3289 1346 3304; x_wconf 80' lang='lat'><strong>»</strong></span> <span class='ocrx_word' id='word_1_1178' title='bbox 1370 3277 1476 3319; x_wconf 85' lang='lat' dir='ltr'>aliqua</span> <span class='ocrx_word' id='word_1_1179' title='bbox 1485 3287 1580 3324; x_wconf 59' lang='lat' dir='ltr'>supra</span> <span class='ocrx_word' id='word_1_1180' title='bbox 1589 3277 1697 3318; x_wconf 88' lang='lat' dir='ltr'>ipsum</span> <span class='ocrx_word' id='word_1_1181' title='bbox 1708 3278 1885 3309; x_wconf 87' lang='lat' dir='ltr'>secundum</span> <span class='ocrx_word' id='word_1_1182' title='bbox 1899 3278 2056 3309; x_wconf 88' lang='lat' dir='ltr'>rationem</span> <span class='ocrx_word' id='word_1_1183' title='bbox 2067 3277 2119 3319; x_wconf 89' lang='lat' dir='ltr'>(ut</span> <span class='ocrx_word' id='word_1_1184' title='bbox 2127 3287 2250 3315; x_wconf 79' lang='lat' dir='ltr'>verum,</span> <span class='ocrx_word' id='word_1_1185' title='bbox 2258 3275 2402 3318; x_wconf 77' lang='lat' dir='ltr'>bonum),</span> 
     </span>
     <span class='ocr_line' id='line_1_143' title="bbox 1333 3321 2403 3363; baseline -0.001 -11"><span class='ocrx_word' id='word_1_1186' title='bbox 1333 3334 1347 3349; x_wconf 86' lang='lat'><strong>»</strong></span> <span class='ocrx_word' id='word_1_1187' title='bbox 1370 3322 1455 3353; x_wconf 90' lang='lat' dir='ltr'>unde</span> <span class='ocrx_word' id='word_1_1188' title='bbox 1474 3322 1719 3363; x_wconf 85' lang='lat' dir='ltr'>quodammodo</span> <span class='ocrx_word' id='word_1_1189' title='bbox 1739 3322 1914 3353; x_wconf 88' lang='lat' dir='ltr'>informant</span> <span class='ocrx_word' id='word_1_1190' title='bbox 1934 3329 1965 3353; x_wconf 93' lang='lat' dir='ltr'>et</span> <span class='ocrx_word' id='word_1_1191' title='bbox 1983 3322 2194 3353; x_wconf 83' lang='lat' dir='ltr'>determinant</span> <span class='ocrx_word' id='word_1_1192' title='bbox 2211 3322 2329 3362; x_wconf 81' lang='lat' dir='ltr'>ipsum.</span> <span class='ocrx_word' id='word_1_1193' title='bbox 2354 3321 2403 3351; x_wconf 89' lang='lat' dir='ltr'>ln-</span> 
     </span>
     <span class='ocr_line' id='line_1_144' title="bbox 1332 3364 2403 3407; baseline -0.002 -10"><span class='ocrx_word' id='word_1_1194' title='bbox 1332 3378 1346 3392; x_wconf 82' lang='lat'><strong>»</strong></span> <span class='ocrx_word' id='word_1_1195' title='bbox 1369 3367 1511 3397; x_wconf 88' lang='lat' dir='ltr'>tellectus</span> <span class='ocrx_word' id='word_1_1196' title='bbox 1535 3373 1643 3397; x_wconf 84' lang='lat' dir='ltr'>autem</span> <span class='ocrx_word' id='word_1_1197' title='bbox 1669 3373 1776 3397; x_wconf 88' lang='lat' dir='ltr'>noster</span> <span class='ocrx_word' id='word_1_1198' title='bbox 1799 3376 1865 3397; x_wconf 90' lang='lat' dir='ltr'>non</span> <span class='ocrx_word' id='word_1_1199' title='bbox 1889 3373 1995 3407; x_wconf 88' lang='lat' dir='ltr'>potest</span> <span class='ocrx_word' id='word_1_1200' title='bbox 2021 3366 2125 3407; x_wconf 85' lang='lat' dir='ltr'>ipsam</span> <span class='ocrx_word' id='word_1_1201' title='bbox 2153 3366 2213 3396; x_wconf 92' lang='lat' dir='ltr'>Dei</span> <span class='ocrx_word' id='word_1_1202' title='bbox 2236 3364 2403 3396; x_wconf 80' lang='lat' dir='ltr'>essentiam</span> 
     </span>
     <span class='ocr_line' id='line_1_145' title="bbox 1332 3408 2404 3451; baseline -0.002 -10"><span class='ocrx_word' id='word_1_1203' title='bbox 1332 3423 1347 3438; x_wconf 79' lang='lat'><strong>»</strong></span> <span class='ocrx_word' id='word_1_1204' title='bbox 1371 3421 1560 3451; x_wconf 86' lang='lat' dir='ltr'>cognoscere</span> <span class='ocrx_word' id='word_1_1205' title='bbox 1584 3410 1616 3441; x_wconf 90' lang='lat' dir='ltr'>in</span> <span class='ocrx_word' id='word_1_1206' title='bbox 1641 3417 1723 3441; x_wconf 84' lang='lat' dir='ltr'>statu</span> <span class='ocrx_word' id='word_1_1207' title='bbox 1747 3411 1826 3449; x_wconf 86' lang='lat' dir='ltr'>viae,</span> <span class='ocrx_word' id='word_1_1208' title='bbox 1844 3411 2022 3442; x_wconf 89' lang='lat' dir='ltr'>secundum</span> <span class='ocrx_word' id='word_1_1209' title='bbox 2044 3410 2134 3451; x_wconf 92' lang='lat' dir='ltr'>quod</span> <span class='ocrx_word' id='word_1_1210' title='bbox 2150 3410 2190 3447; x_wconf 33' lang='lat' dir='ltr'>in*</span> <span class='ocrx_word' id='word_1_1211' title='bbox 2201 3419 2234 3440; x_wconf 88' lang='lat' dir='ltr'>se</span> <span class='ocrx_word' id='word_1_1212' title='bbox 2258 3415 2337 3440; x_wconf 85' lang='lat' dir='ltr'>est...</span> <span class='ocrx_word' id='word_1_1213' title='bbox 2361 3408 2404 3439; x_wconf 87' lang='lat' dir='ltr'>Et</span> 
     </span>
     <span class='ocr_line' id='line_1_146' title="bbox 1332 3453 2403 3496; baseline -0.002 -11"><span class='ocrx_word' id='word_1_1214' title='bbox 1332 3467 1346 3482; x_wconf 63' lang='grc' dir='ltr'><strong><em>ι</em></strong></span> <span class='ocrx_word' id='word_1_1215' title='bbox 1370 3455 1442 3486; x_wconf 89' lang='lat' dir='ltr'>ideo</span> <span class='ocrx_word' id='word_1_1216' title='bbox 1466 3461 1587 3496; x_wconf 85' lang='lat' dir='ltr'>quanto</span> <span class='ocrx_word' id='word_1_1217' title='bbox 1612 3455 1718 3495; x_wconf 86' lang='lat' dir='ltr'>aliqua</span> <span class='ocrx_word' id='word_1_1218' title='bbox 1748 3455 1879 3486; x_wconf 81' lang='lat' dir='ltr'>nomina</span> <span class='ocrx_word' id='word_1_1219' title='bbox 1907 3461 1982 3486; x_wconf 88' lang='lat' dir='ltr'>sunt</span> <span class='ocrx_word' id='word_1_1220' title='bbox 2009 3454 2116 3485; x_wconf 84' lang='lat' dir='ltr'>minus</span> <span class='ocrx_word' id='word_1_1221' title='bbox 2144 3453 2349 3484; x_wconf 77' lang='lat' dir='ltr'>determinata</span> <span class='ocrx_word' id='word_1_1222' title='bbox 2371 3459 2403 3483; x_wconf 83' lang='lat' dir='ltr'>et</span> 
     </span>
     <span class='ocr_line' id='line_1_147' title="bbox 1332 3496 2402 3540; baseline -0.004 -10"><span class='ocrx_word' id='word_1_1223' title='bbox 1332 3511 1346 3526; x_wconf 70' lang='lat'>³·</span> <span class='ocrx_word' id='word_1_1224' title='bbox 1370 3499 1470 3540; x_wconf 83' lang='lat' dir='ltr'>magis</span> <span class='ocrx_word' id='word_1_1225' title='bbox 1494 3499 1679 3530; x_wconf 84' lang='lat' dir='ltr'>communia</span> <span class='ocrx_word' id='word_1_1226' title='bbox 1695 3506 1725 3530; x_wconf 91' lang='lat' dir='ltr'>et</span> <span class='ocrx_word' id='word_1_1227' title='bbox 1740 3499 1896 3538; x_wconf 85' lang='lat' dir='ltr'>absoluta,</span> <span class='ocrx_word' id='word_1_1228' title='bbox 1920 3505 2008 3530; x_wconf 84' lang='lat' dir='ltr'>tanto</span> <span class='ocrx_word' id='word_1_1229' title='bbox 2032 3498 2132 3538; x_wconf 77' lang='lat' dir='ltr'>magis</span> <span class='ocrx_word' id='word_1_1230' title='bbox 2148 3497 2276 3538; x_wconf 84' lang='lat' dir='ltr'>proprie</span> <span class='ocrx_word' id='word_1_1231' title='bbox 2293 3496 2402 3527; x_wconf 83' lang='lat' dir='ltr'>dicun·</span> 
     </span>
     <span class='ocr_line' id='line_1_148' title="bbox 1332 3540 2398 3584; baseline -0.004 -10"><span class='ocrx_word' id='word_1_1232' title='bbox 1332 3556 1346 3571; x_wconf 79' lang='grc'><strong>»</strong></span> <span class='ocrx_word' id='word_1_1233' title='bbox 1370 3548 1421 3574; x_wconf 86' lang='lat' dir='ltr'>tur</span> <span class='ocrx_word' id='word_1_1234' title='bbox 1445 3543 1483 3574; x_wconf 91' lang='lat' dir='ltr'>de</span> <span class='ocrx_word' id='word_1_1235' title='bbox 1501 3543 1571 3574; x_wconf 89' lang='lat' dir='ltr'>Deo</span> <span class='ocrx_word' id='word_1_1236' title='bbox 1586 3553 1605 3574; x_wconf 85' lang='lat' dir='ltr'>a</span> <span class='ocrx_word' id='word_1_1237' title='bbox 1621 3543 1723 3574; x_wconf 86' lang='lat' dir='ltr'>nobis.</span> <span class='ocrx_word' id='word_1_1238' title='bbox 1750 3543 1842 3574; x_wconf 89' lang='lat' dir='ltr'>Unde</span> <span class='ocrx_word' id='word_1_1239' title='bbox 1858 3550 1888 3574; x_wconf 88' lang='lat' dir='ltr'>et</span> <span class='ocrx_word' id='word_1_1240' title='bbox 1903 3543 2119 3574; x_wconf 79' lang='lat' dir='ltr'>Damascenus</span> <span class='ocrx_word' id='word_1_1241' title='bbox 2144 3540 2215 3584; x_wconf 87' lang='lat' dir='ltr'>(lib.</span> <span class='ocrx_word' id='word_1_1242' title='bbox 2233 3541 2244 3571; x_wconf 91' lang='lat'>1</span> <span class='ocrx_word' id='word_1_1243' title='bbox 2261 3540 2398 3571; x_wconf 88' lang='lat' dir='ltr'>Orthod.</span> 
     </span>
     <span class='ocr_line' id='line_1_149' title="bbox 1332 3584 2401 3630; baseline -0.004 -12"><span class='ocrx_word' id='word_1_1244' title='bbox 1332 3600 1347 3615; x_wconf 81' lang='lat'><strong>»</strong></span> <span class='ocrx_word' id='word_1_1245' title='bbox 1370 3586 1462 3630; x_wconf 89' lang='lat' dir='ltr'>fidei)</span> <span class='ocrx_word' id='word_1_1246' title='bbox 1491 3587 1565 3618; x_wconf 89' lang='lat' dir='ltr'>dicit</span> <span class='ocrx_word' id='word_1_1247' title='bbox 1596 3588 1685 3628; x_wconf 90' lang='lat' dir='ltr'>quod</span> <span class='ocrx_word' id='word_1_1248' title='bbox 1713 3587 1917 3628; x_wconf 87' lang='lat' dir='ltr'>principalius</span> <span class='ocrx_word' id='word_1_1249' title='bbox 1949 3586 2120 3623; x_wconf 87' lang='lat' dir='ltr'>omnibus,</span> <span class='ocrx_word' id='word_1_1250' title='bbox 2148 3594 2230 3625; x_wconf 82' lang='lat' dir='ltr'>quae</span> <span class='ocrx_word' id='word_1_1251' title='bbox 2261 3584 2300 3615; x_wconf 88' lang='lat' dir='ltr'>de</span> <span class='ocrx_word' id='word_1_1252' title='bbox 2330 3585 2401 3615; x_wconf 86' lang='lat' dir='ltr'>Deo</span> 
     </span>
     <span class='ocr_line' id='line_1_150' title="bbox 1333 3629 2402 3671; baseline -0.003 -9"><span class='ocrx_word' id='word_1_1253' title='bbox 1333 3644 1347 3659; x_wconf 65' lang='grc' dir='ltr'><strong><em>ι</em></strong></span> <span class='ocrx_word' id='word_1_1254' title='bbox 1370 3631 1528 3671; x_wconf 87' lang='lat' dir='ltr'>dicuntur,</span> <span class='ocrx_word' id='word_1_1255' title='bbox 1553 3631 1737 3662; x_wconf 88' lang='lat' dir='ltr'>nominibus</span> <span class='ocrx_word' id='word_1_1256' title='bbox 1761 3638 1818 3670; x_wconf 88' lang='lat' dir='ltr'>est,</span> <span class='ocrx_word' id='word_1_1257' title='bbox 1845 3631 1911 3668; x_wconf 71' lang='lat' dir='ltr'>Qun·</span> <span class='ocrx_word' id='word_1_1258' title='bbox 1932 3636 2012 3662; x_wconf 86' lang='lat' dir='ltr'>est...</span> <span class='ocrx_word' id='word_1_1259' title='bbox 2028 3629 2139 3661; x_wconf 81' lang='lat' dir='ltr'>Tertio</span> <span class='ocrx_word' id='word_1_1260' title='bbox 2159 3638 2247 3668; x_wconf 87' lang='lat' dir='ltr'>vero,</span> <span class='ocrx_word' id='word_1_1261' title='bbox 2272 3638 2314 3659; x_wconf 85' lang='lat' dir='ltr'>ex</span> <span class='ocrx_word' id='word_1_1262' title='bbox 2332 3630 2402 3660; x_wconf 83' lang='lat' dir='ltr'>eius</span> 
     </span>
    </p>
   </div>
  </div>
 </body>
</html>
