2548 4192
1064 476 1482 562 INDEX

593 668 1372 724 DISSERTATIONUM
1408 671 1518 724 ET
1558 672 1945 727 CAPITUM

517 1131 748 1157 DISSERTATIO
767 1131 884 1156 PRIMA.

154 1193 296 1220 Adversus
314 1194 504 1220 monachatum
524 1194 728 1220 Benedictinum
756 1201 778 1220 s.
796 1194 914 1220 Thomae
931 1193 1076 1227 Aquinatis
1093 1193 1170 1226 apud
1190 1194 1241 1219 Ca-

211 1230 328 1256 tinenses
353 1234 498 1264 antequam
523 1230 562 1256 ad
586 1230 795 1256 Dominicenum
818 1229 1043 1256 Praedicatorum
1065 1229 1194 1255 Ordinem
1213 1237 1242 1255 se

211 1267 383 1302 mer-m.

502 1316 517 1321 a
533 1311 572 1315 --
630 1308 736 1331 caru-r
748 1309 767 1331 1.

154 1341 599 1377 ffl-mmffi6f‘ssenedictinos,
613 1346 726 1372 solemni
745 1346 889 1380 Religionis
901 1350 965 1372 voto
984 1346 1136 1379 obnoxium,
1151 1347 1241 1380 plures

210 1389 295 1409 annos
310 1382 397 1415 egisse
412 1382 502 1407 divum
515 1382 648 1407 Thomsm
665 1388 814 1416 propugnat
828 1382 964 1408 cuiusdam
984 1382 1122 1408 historicae
1141 1383 1241 1416 disqui-

203 1417 312 1445 ,titionis
331 1418 440 1443 Auctor.
455 1417 554 1444 Eadem
574 1417 625 1443 iam
645 1419 744 1444 dudum
764 1418 849 1444 fuerat
867 1418 961 1451 Angeli
987 1419 1112 1444 ‹te-Nuce
1135 1423 1241 1444 senten-

155 1454 169 1458 ”
206 1453 253 1480 tia.
273 1453 396 1482 Obscure
414 1453 519 1487 loquuti
537 1458 601 1480 sunt
619 1453 807 1480 Constantinus
827 1454 967 1480 Caietanus
991 1459 1018 1480 et
1036 1455 1139 1480 Marcus
1158 1455 1241 1480 Anto-

155 1519 158 1522 ,
209 1488 271 1516 nius
290 1490 386 1524 Scipio.
410 1490 522 1516 Nonnisi
546 1490 664 1516 oblatum
690 1499 719 1516 ac
739 1490 866 1516 novitium
890 1490 973 1516 fuisse
991 1490 1124 1516 Thomam
1144 1491 1241 1522 Casini,

209 1531 301 1552 censet
310 1526 421 1552 loannes
432 1526 585 1552 Caramuel:
600 1527 642 1552 vel
653 1526 730 1552 etiam
744 1526 870 1552 saeculari
884 1527 1018 1552 dumtaxat
1025 1531 1101 1552 veste
1110 1527 1240 1558 indutum,

209 1562 308 1588 unctis
316 1562 437 1588 moribus
451 1562 633 1595 imbuendum,
645 1571 698 1588 non
712 1563 803 1588 abnuit
815 1563 943 1588 Erasmus
956 1563 1070 1588 Gattula.
1103 1571 1171 1597 pag.
1208 1571 1242 1588 nv

257 1637 326 1664 eun,
335 1640 404 1667 quae
413 1633 536 1659 videntur
549 1604 892 1668 evincgssffl-girlnlduenuem
906 1633 1039 1660 Thomam
1059 1642 1074 1660 a
1087 1634 1240 1668 parentibus

233 1677 267 1695 eo
284 1669 403 1696 oblatum
422 1670 492 1703 apud
511 1669 679 1696 casinenses.
699 1670 776 1696 Ritus
799 1670 939 1696 oblationis
958 1670 1125 1702 huiusmodi,
1146 1670 1169 1695 si
1188 1679 1241 1704 qua

208 1704 266 1737 mit,
289 1706 475 1731 monachatum
494 1706 613 1732 eiusdem
628 1711 673 1731 aut
691 1707 839 1732 solemnem
854 1706 1046 1740 professionem
1066 1714 1119 1732 non
1138 1707 1240 1740 probat.

207 1739 303 1775 Neque
316 1741 391 1767 illum
406 1742 526 1774 suadent,
541 1749 609 1776 quae
623 1742 756 1768 decentiae
771 1747 924 1775 argumenta
934 1748 1070 1768 vocantur.
1086 1742 1180 1768 Adhuc
1191 1743 1243 1768 im-

207 1777 338 1813 puberem
356 1777 502 1810 Titomam,
517 1778 620 1804 Abbate
638 1779 747 1804 cedente
766 1779 814 1804 iuri
834 1778 856 1804 si
875 1779 938 1812 quid
958 1779 1122 1813 acquisierat,
1137 1779 1169 1804 ad
1183 1787 1240 1805 sae-

209 1810 299 1841 duum
317 1813 429 1840 rediisse
453 1813 480 1839 in
499 1814 596 1840 scholis
625 1814 796 1848 neapolitanis
822 1814 1017 1840 informandum
1043 1814 1149 1846 litteris,
1176 1815 1240 1841 satis

156 1882 159 1883 ⁷
208 1846 323 1877 {afflant
339 1848 464 1875 historiae
483 1868 490 1875 .
526 1854 544 1876 .”
572 1869 1076 1877 ............
1116 1861 1129 1874 »

153 1921 335 1956 Argumentis,
350 1929 420 1957 quse
437 1929 486 1955 pro
501 1921 553 1947 divi
566 1891 834 1948 ngssggbigfione
853 1921 1005 1954 afferuntur,
1020 1922 1143 1947 traditum
1163 1922 1240 1948 dum-

208 1962 278 1985 taxat
289 1957 378 1992 ipsum
392 1957 568 1989 Cninafibus,
584 1962 718 1991 tamquam
739 1958 854 1983 nobilem
870 1959 1031 1984 saecularem
1046 1966 1167 1992 puerum,
1183 1967 1240 1984 mo-

207 1993 282 2021 ribus
300 1999 328 2020 et
345 1993 436 2021 litteris
456 1993 649 2025 instruendum,
665 1994 800 2020 evincitur.
815 1993 883 2019 Petri
898 1994 1017 2020 Damiani
1037 1994 1167 2020 sententia
1181 2002 1240 2028 per—

208 2038 300 2065 peram
318 2030 469 2066 opponitur.
484 2030 661 2056 Saecularium
676 2038 819 2064 puerorum
833 2030 930 2055 scholis
950 2038 1003 2055 non
1023 2030 1130 2056 obstant
1148 2039 1240 2056 mona-

208 2065 319 2094 chorum
338 2075 427 2093 mores
442 2072 469 2093 et
486 2066 701 2092 consuetudines.
725 2066 765 2092 De
783 2066 873 2092 habitu
890 2066 1035 2098 disseritur,
1051 2074 1132 2100 quem
1152 2067 1240 2095 Casini

204 2107 310 2138 gestare
327 2103 448 2129 'ihomas
467 2102 582 2136 potuerit
618 2121 942 2128 ........
1017 2121 1024 2128 .
1062 2121 1069 2128 .
1109 2113 1122 2127 ι
1199 2111 1240 2137 ιι,

614 2144 720 2167 CAPUT
736 2144 778 2167 tv.

152 2176 223 2204 Ante
236 2174 381 2211 puber-ntis
395 2182 480 2200 annos
494 2174 591 2200 Casino
610 2173 719 2199 discedit
737 2174 865 2205 Thomas,
880 2182 895 2199 a
909 2174 1061 2208 parentibus
1081 2174 1114 2200 de
1129 2174 1240 2200 consilio

207 2210 318 2238 Abbatis
341 2215 488 2236 revocatus.
508 2210 647 2244 Neapolim
672 2210 782 2236 mittitur
800 2211 832 2236 ad
852 2209 957 2235 scholas
981 2210 1138 2235 saeculares.
1162 2210 1239 2235 Eius-

209 2247 270 2274 dem
295 2246 454 2272 iamiliaritas
478 2250 504 2272 et
522 2247 688 2272 consuetudo
713 2254 773 2272 cum
802 2246 925 2272 fratribus
949 2245 1056 2272 Ordinis
1076 2246 1239 2272 Praedicato-

207 2291 268 2310 rum
293 2300 1067 2309 ..................
1106 2291 1120 2306 s
1177 2290 1237 2308 mv

621 2323 727 2347 CAPUT
741 2323 771 2346 V.

151 2351 276 2382 mma
295 2358 352 2380 tum
366 2353 474 2379 saeculo
493 2353 600 2379 demum
615 2353 743 2385 valedixit,
758 2362 819 2379 cum
835 2353 944 2379 fratrum
959 2353 1171 2379 Praedicatorum
1187 2354 1238 2379 Or-

207 2390 262 2418 dini
281 2397 379 2416 nomen
399 2389 477 2415 dedit.
500 2389 683 2424 Disquisitoris
703 2390 771 2415 mala
789 2389 855 2415 fides
870 2394 896 2415 et
914 2389 1058 2415 oscitantia.
1110 2398 1124 2414 ›
1181 2398 1238 2415 vax

153 2460 275 2489 nomae
289 2460 422 2495 Aquinati,
436 2460 487 2485 iam
501 2465 603 2486 vestem
613 2431 822 2486 caenuissnigl‘iam
841 2460 941 2491 induto,
958 2460 1131 2485 Casinensem
1150 2460 1239 2486 Abba-

207 2497 269 2523 tiam
288 2495 320 2522 ab
340 2495 491 2521 Innocentio
506 2501 601 2530 quarto
620 2497 731 2522 Summo
750 2495 876 2522 Pontifice
894 2496 1018 2527 oblatam,
1032 2496 1148 2521 referunt
1166 2496 1239 2521 Tho-

206 2541 264 2559 mes
275 2533 308 2558 de
317 2532 496 2566 Cantimptato
515 2538 541 2558 et
551 2532 719 2558 Ptolomaeus
734 2532 871 2557 Lucensis.
886 2533 957 2557 Haec
967 2532 1079 2557 narratio
1090 2532 1238 2566 diligentius

207 2568 369 2604 apenditur.
383 2568 556 2594 Monachatus
574 2568 695 2594 Thomae
713 2568 808 2594 iterum
828 2567 980 2601 profligatur
1008 2586 1015 2593 .
1053 2586 1060 2593 .
1103 2577 1118 2592 s
1160 2576 1239 2594 αντη

151 2640 256 2667 hehetti
266 2640 435 2674 Malespinae,
446 2640 592 2666 monastico
606 2640 727 2666 Instituto
741 2639 883 2666 addicentis
898 2639 1039 2670 Thomam,
1050 2639 1171 2672 pluribus
1186 2640 1238 2665 ele-

152 2698 156 2702 .
205 2681 283 2702 vatur
291 2676 459 2710 eluditurque
469 2676 658 2701 testimonium.
678 2677 742 2701 Acta
752 2675 929 2701 uanslafionis
940 2676 1058 2709 corporis
1069 2676 1126 2701 eius
1141 2684 1238 2710 expen-

206 2713 313 2744 duntur,
328 2720 397 2746 quae
416 2712 601 2737 monachatum
621 2712 740 2738 eiusdem
760 2717 881 2738 evertunt
922 2730 929 2737 .
967 2731 974 2737 .
1012 2730 1019 2737 .
1057 2730 1064 2737 .
1103 2721 1117 2735 ι
1190 2720 1238 2737 Lxx

152 2782 330 2811 additamenti
349 2783 382 2809 ad
399 2787 535 2808 vetustum
554 2753 709 2808 Casiissztster
717 2754 933 2816 riaritnrt'yrologium
958 2782 1023 2809 fides
1048 2791 1102 2808 non
1122 2788 1163 2809 est
1181 2783 1237 2809 ido-

205 2827 271 2851 nea,
295 2827 349 2854 qua
369 2819 541 2845 monachatus
565 2819 686 2844 Thomae
710 2819 813 2844 suaderi
832 2825 920 2852 queat.
943 2820 1091 2850 Nonnulla,
1113 2827 1182 2853 quae
1200 2820 1237 2845 fe-

205 2855 439 2917 Σιὲηῐιῖἑεείυεάεω
464 2855 638 2881 monachatus
663 2855 770 2887 indicia,
791 2855 902 2880 levitatis
927 2860 954 2881 et
977 2855 1035 2880 salsi
1061 2855 1179 2881 convicta
1169 2864 1237 2916 nge

240 2899 277 2925 pu
318 2909 326 2917 .

1186 1859 1240 1877 Lvn

156 2960 345 2995 chronogr-afim
362 2968 499 2996 gestorum
514 2962 594 2988 sancti
607 2933 728 2988 &Agge
735 2933 768 2988 1}
771 2950 948 2996 bisquisitore
962 2963 1074 2996 aliisque
1089 2963 1174 2996 posita
1194 2971 1237 2988 ex—

156 2995 165 3001 ’
208 2998 346 3032 penditur:
356 2999 504 3032 eademque
513 2998 677 3024 reformatur.
689 2999 856 3024 Postremum
870 3004 960 3025 contra
971 2999 1156 3024 monachatum
1167 2999 1236 3024 eius-

210 3034 272 3059 dem
290 3039 476 3068 argumentum
501 3053 1049 3060 .............
1089 3045 1102 3058 »
1159 3043 1236 3060 Lxxm

491 3087 722 3114 DlSSERTATlO
741 3088 911 3113 SECUNDA.

155 3138 198 3164 De
211 3139 323 3164 vetustis
332 3146 442 3171 operum
457 3147 478 3165 s.
490 3139 608 3166 Thomae
622 3140 773 3166 Indicibus:
792 3141 876 3174 deque
884 3140 1008 3174 genuinis
1030 3141 1236 3166 Commentariis

207 3174 265 3200 eius
278 3175 305 3199 in
320 3175 421 3204 Iobum,
437 3175 464 3200 in
478 3176 613 3205 Psalmos,
629 3176 656 3201 in
674 3176 814 3202 Canticum
831 3177 1021 3202 Canticorum:
1038 3177 1235 3210 suppositisque

208 3210 236 3236 in
258 3211 391 3240 Genesim,
407 3211 434 3236 in
454 3214 539 3237 totum
559 3211 779 3242 Pentateuchum,
794 3212 821 3237 in
842 3213 1039 3238 EcclesIastem.

151 3281 262 3315 Antiqui
281 3286 372 3312 testes,
387 3289 502 3314 quorum
517 3281 569 3307 fide
588 3253 762 3314 decgtiiiiilrii}
781 3290 803 3308 ε.
813 3283 933 3308 Thomae
948 3283 1148 3316 suppositisque
1161 3283 1235 3316 Ope-

206 3317 280 3342 ribus
300 3317 468 3342 iudicandum
482 3317 522 3342 sit.
538 3317 677 3350 Specimen
699 3318 756 3343 libri
770 3318 803 3344 de
814 3319 885 3344 Viris
902 3319 1047 3344 illustribus
1062 3319 1112 3343 sub
1127 3319 1234 3344 nomine

206 3353 364 3378 Ioannis.de
383 3353 513 3378 Columna
528 3353 593 3378 Ord.
612 3353 831 3385 Praedicatorum,
847 3362 907 3379 cum
921 3354 1015 3379 criticis
1030 3354 1235 3379 animadversio-

207 3389 294 3414 nibus.
310 3389 388 3422 Opus
402 3394 443 3414 est
453 3389 484 3414 ab
499 3389 629 3422 sequioris
649 3390 739 3414 aetatis
758 3395 864 3415 auctore
883 3390 1076 3423 interpolatum.
1088 3399 1102 3413 ι
1159 3398 1234 3415 mm

154 3459 341 3485 Commentarii
361 3459 387 3484 in
406 3460 502 3485 librum
526 3459 572 3484 lob
597 3430 825 3484 satit‘zgu-rThlb‘mae
849 3460 1041 3486 adiudicantur:
1062 3460 1179 3493 itemque
1207 3461 1233 3485 in

207 3495 308 3529 priores
329 3496 519 3529 quinquaginta
534 3500 560 3520 et
573 3503 655 3521 unum
671 3495 806 3520 Psalmos:
822 3500 848 3520 et
862 3496 887 3520 in
902 3496 1037 3520 Canticum
1058 3495 1233 3521 Canticorum.

206 3531 342 3565 Expositio
361 3540 430 3565 quae
448 3532 554 3564 incipit:
570 3531 699 3557 Salomon
719 3531 874 3564 inspiratus,
896 3531 1043 3564 diligentius
1063 3532 1232 3564 expenditur:

206 3567 352 3601 eademque
371 3568 412 3592 vel
433 3568 542 3593 dubium
561 3567 699 3601 Aquinatis
719 3567 795 3600 Opus
815 3571 863 3598 est,
884 3567 925 3592 vel
945 3567 1022 3592 etiam
1042 3567 1091 3600 ipsi
1111 3567 1233 3599 supposi-

206 3607 272 3628 tum.
285 3603 420 3636 Expositio
430 3605 510 3629 altera
523 3603 597 3629 cuius
613 3603 726 3628 initium:
742 3603 826 3629 Sonet
835 3610 892 3628 vox
901 3606 956 3632 tua,
968 3603 1099 3636 legitimus
1115 3602 1233 3628 eiusdem

205 3637 292 3664 foetus
310 3639 414 3664 videtur
1159 3646 1233 3663 uxxt

296 3692 366 3725 Opp.
386 3693 417 3717 D.
432 3693 547 3717 Taoma
566 3692 598 3717 T.
614 3692 632 3717 1.

1758 1132 1864 1154 CAPUT
1880 1132 1920 1154 m.

1297 1165 1421 1190 Postillae
1439 1165 1466 1191 in
1485 1166 1612 1192 Genesim
1631 1168 1664 1193 ab
1682 1169 1814 1202 Aquinate
1839 1175 1945 1195 auctore
1964 1178 2017 1195 non
2037 1171 2196 1204 prodierunt.
2216 1173 2309 1207 Neque
2332 1175 2383 1200 Po-

1350 1200 1435 1226 stillae
1454 1201 1480 1227 in
1500 1202 1700 1229 Ecclesiastem:
1722 1212 1743 1230 s.
1759 1205 1883 1230 Antonini
1903 1213 2014 1231 censura
2032 1207 2178 1233 vindicatur
2190 1209 2316 1235 adversus
2331 1211 2382 1236 Na-

1350 1237 1459 1263 zarium.
1479 1238 1521 1263 Ab
1536 1239 1631 1264 eodem
1645 1240 1776 1273 Aquinate
1790 1241 1984 1267 Commentaria
2002 1242 2028 1267 in
2052 1243 2170 1277 quinque
2185 1244 2267 1270 libros
2282 1246 2382 1279 Moysis

1349 1272 1530 1299 abiudicantur
2186 1288 2254 1314 pag.
2292 1289 2383 1312 Lxxxv1

1647 1329 1878 1356 DISSERTATIO
1898 1330 2037 1356 TERTIA.

1297 1378 1340 1404 De
1357 1379 1484 1413 genuinis
1497 1388 1531 1406 ac
1548 1382 1694 1415 suppositis
1717 1383 1926 1409 Commentariis
1941 1385 1968 1409 in
1990 1385 2097 1414 Isaiam,
2114 1386 2263 1417 Ieremiam,
2280 1388 2381 1415 Danie-

1350 1415 1402 1440 lem
1419 1415 1538 1450 duosque
1556 1417 1784 1446 Machabaeorum
1805 1419 1903 1446 libros:
1922 1421 2005 1454 deque
2025 1422 2149 1448 methodo
2168 1422 2195 1448 in
2215 1425 2383 1456 exponendis

1350 1451 1504 1484 F'rophetiis
1518 1456 1599 1486 atque
1618 1454 1693 1488 typis
1710 1455 1744 1480 ab
1763 1456 1899 1488 Aquinate
1917 1460 2034 1482 servata.

1772 1498 1878 1521 CAPUT
1891 1499 1910 1521 1.

1296 1522 1509 1550 Commentarius
1528 1525 1555 1550 in
1574 1526 1666 1551 lsaiam
1682 1526 1850 1560 Prophetam,
1865 1528 1946 1554 veluti
1961 1537 2103 1562 germanus
2123 1529 2223 1561 foetus,
2239 1531 2384 1558 vindicatur

1351 1567 1372 1584 s.
1387 1559 1509 1586 Thomae
1527 1562 1659 1595 Aquinati.
1690 1562 1776 1588 Sixtus
1801 1564 1926 1589 Senensis
1938 1583 1944 1595 ‚
1972 1565 2110 1590 Cornelius
2129 1573 2144 1590 a
2163 1566 2261 1599 Lapide
2286 1567 2382 1601 aliique

1351 1595 1506 1622 refelluntur
1515 1615 2200 1627 ................
2239 1611 2253 1626 »
2291 1611 2381 1630 Lxxxtx

1319 1667 1325 1673 ⁴
1763 1642 1868 1665 CAPUT
1883 1643 1912 1665 11.

1296 1668 1426 1693 Lmen-alis
1452 1669 1580 1702 expositio
1599 1670 1689 1703 capitis
1713 1678 1760 1696 vm
1786 1672 1905 1697 eiusdem
1931 1672 2077 1706 Prophetae
2096 1673 2177 1699 Isaiae
2200 1681 2215 1699 a
2234 1682 2256 1699 s.
2277 1675 2382 1700 Thoma

1350 1704 1486 1737 proposita
1496 1705 1610 1730 affertur.
1621 1707 1644 1731 A
1655 1706 1810 1732 ludaeorum
1826 1708 1982 1733 commentis
1997 1709 2152 1742 longissime
2162 1709 2280 1736 dissitam
2290 1716 2378 1736 osten-

1350 1740 1416 1764 dunt
1435 1741 1584 1773 peritissimi
1599 1742 1791 1775 scripturarum
1813 1744 1966 1778 interpretes
1982 1752 2011 1770 ac
2039 1745 2162 1778 theologi.
2186 1745 2262 1771 Viam
2281 1747 2382 1780 aperuit

1350 1775 1393 1800 ille
1418 1776 1445 1800 in
1474 1777 1635 1810 exponendis
1660 1778 1756 1804 veteris
1779 1779 1941 1805 Testamenti
1967 1780 2110 1814 prophetiis
2136 1789 2165 1806 ac
2184 1782 2271 1815 typis,
2301 1791 2381 1816 quam

1350 1811 1481 1837 doctiores
1501 1813 1600 1846 quique
1619 1814 1750 1847 sequioris
1770 1816 1859 1841 aetatis
1879 1816 1984 1849 sequuti
2004 1821 2067 1842 sunt
2103 1835 2110 1843 .
2148 1835 2155 1843 .
2193 1836 2200 1843 .
2239 1827 2254 1842 ›
2347 1826 2381 1844 xc

1757 1856 1862 1879 CAPUT
1878 1857 1918 1880 111.

1295 1881 1415 1907 Thomae
1428 1882 1551 1916 Aquinati
1571 1884 1751 1910 adiudicantur
1770 1886 1957 1912 Commentarii
1972 1886 1998 1912 in
2014 1887 2149 1913 [eremium
2165 1896 2194 1913 ac
2209 1888 2234 1913 in
2248 1888 2380 1915 Threnos.

1350 1918 1513 1944 Reiiciuntur
1532 1919 1656 1946 Postillae
1679 1921 1705 1946 in
1724 1921 1860 1947 Danielem
1886 1923 2008 1956 duosque
2037 1923 2118 1948 libros
2148 1924 2379 1950 Machabaeorum:

1350 1961 1415 1979 num
1429 1954 1549 1980 Thomae
1564 1956 1683 1989 Anglico,
1708 1957 1763 1983 sive
1784 1958 1866 1983 lorsio
1881 1959 1936 1984 sive
1954 1959 2086 1990 Vallensi,
2106 1959 2183 1984 tribui
2203 1960 2315 1990 debeant
2331 1961 2379 1986 du-

1350 1990 1432 2016 bium.
1447 1991 1567 2017 Casimiri
1587 1991 1684 2018 Oudini
1705 1993 1809 2019 dicteria
1828 1994 1987 2028 castigantur
2014 2013 2200 2021 .....
2239 2005 2254 2020 ›
2327 2004 2380 2022 xcn

1657 2048 1887 2075 DISSERTATIO
1908 2049 2062 2080 QUARTA.

1296 2100 1339 2126 De
1366 2101 1573 2128 Commentariis
1597 2102 1624 2128 in
1650 2103 1800 2137 Evangelia
1823 2104 1968 2129 secundum
1987 2104 2158 2130 Matthaeum
2182 2108 2209 2130 et
2236 2105 2380 2131 Ioannem.-

1350 2137 1435 2171 deque
1448 2137 1542 2171 primo
1561 2138 1680 2172 ipsorum
1700 2139 1804 2165 editore
1818 2140 2027 2166 Bar-tholomaeo
2047 2140 2080 2166 de
2099 2140 2192 2173 Spina.

1295 2207 1506 2234 Commentarius
1527 2209 1552 2234 in
1567 2209 1727 2235 Matthaeum
1747 2210 1814 2235 inter
1826 2211 1914 2244 Opera
1928 2211 2009 2236 sancti
2024 2211 2151 2242 Thomae,
2167 2219 2234 2244 quae
2248 2216 2378 2244 reportata

1350 2244 1484 2275 dicuntur,
1508 2247 1712 2271 enumerandus.
1737 2247 1814 2271 Hunc
1840 2247 1941 2279 primus
1963 2247 2095 2272 edendum
2120 2247 2219 2272 curavit
2241 2247 2378 2272 Bartholo-

1350 2288 1442 2305 maeus
1467 2281 1499 2306 de
1518 2282 1606 2314 Spina.
1622 2282 1699 2307 Petro
1714 2282 1846 2314 Scaligero
1867 2283 1931 2308 Ord.
1947 2283 2061 2308 Praedic.
2078 2283 2210 2316 Episcopo
2229 2283 2377 2308 Veronensi

1348 2323 1487 2357 perperam
1519 2317 1643 2343 eumdem
1675 2318 1822 2342 adiudicant
1850 2318 2028 2351 Hieronymus
2053 2318 2181 2343 Vielmius
2212 2319 2307 2352 aliique
2329 2319 2377 2343 viri

1349 2352 1428 2376 critici
1465 2370 2192 2380 .................
2232 2364 2247 2378 »
2326 2362 2377 2380 xcv

1761 2395 1868 2418 CAPUT
1882 2397 1911 2419 11.

1294 2422 1417 2455 Elogium
1433 2424 1625 2449 Bartholomaei
1646 2424 1750 2458 Spinae‚
1766 2426 1838 2458 quod
1855 2426 1925 2458 apud
1940 2426 2088 2451 Echardum
2103 2431 2217 2459 prostat,
2232 2431 2337 2452 auctum
2352 2432 2379 2452 et

1348 2465 1503 2485 correctum.
1520 2460 1606 2485 Prima
1625 2460 1682 2485 eius
1702 2461 1890 2494 nuncupatoria
1909 2462 2021 2494 epistola
2039 2462 2071 2487 ad
2088 2462 2255 2487 Dominicum
2274 2462 2376 2488 Grima-

1348 2503 1422 2526 num,
1437 2504 1498 2521 cum
1518 2496 1796 2522 animadversionibus.
1810 2497 1900 2523 Altera
1918 2498 1951 2522 ad
1970 2498 2099 2523 Marinum
2119 2498 2283 2530 Grimanum,
2303 2498 2377 2523 item-

1348 2538 1401 2564 que
1420 2531 1660 2557 animadversiones
1679 2550 2182 2559 ............
2221 2543 2235 2558 »
2304 2542 2374 2559 xcvn

1755 2575 1860 2598 CAPUT
1874 2576 1914 2598 m.

1293 2602 1507 2629 Commentarius
1518 2604 1543 2629 in
1563 2604 1697 2635 Ioannem,
1712 2605 1806 2638 partim
1820 2605 1926 2638 proprio
1941 2605 2022 2630 sancti
2037 2605 2157 2631 Thomae
2170 2606 2240 2639 stylo
2253 2606 2375 2639 scriptus,

1348 2639 1442 2672 partim
1461 2648 1476 2665 a
1495 2640 1641 2672 Reginaldo
1661 2640 1811 2666 Privernate
1830 2646 1992 2674 reportatus,
2012 2641 2044 2666 ab
2060 2634 2123 2675 ipso
2142 2647 2230 2666 tamen
2244 2642 2374 2675 Aquinate

1348 2681 1481 2701 correctus
1497 2677 1720 2710 adprobatusque.
1748 2677 1810 2702 Sixti
1825 2677 1951 2702 Senensis
1971 2678 2045 2702 locus
2061 2678 2093 2702 de
2109 2677 2228 2710 Philippo
2242 2678 2373 2710 Apostolo

1348 2715 1375 2772 g
1394 2711 1515 2772 g'hi‘lippo
1533 2712 1651 2738 Diacono
1670 2713 1702 2737 ad
1722 2720 1831 2738 examen
1845 2717 1962 2738 vocatur.
1977 2713 2095 2738 Censura
2114 2713 2240 2738 refellitur
2254 2713 2373 2738 Casimiri

1374 2755 1391 2772 u
1412 2755 1447 2772 im
1458 2766 2187 2774 .................
2226 2758 2240 2773 ι
2357 2756 2373 2774 c

1636 2801 1867 2826 DISSERTATIO
1887 2801 2028 2831 QUINTA.

1294 2853 1336 2879 De
1357 2854 1536 2887 Expositione
1554 2855 1694 2884 continua,
1714 2862 1783 2888 quae
1801 2855 1955 2887 appellatur
1977 2855 2078 2880 Catena
2091 2855 2195 2884 Aurea,
2215 2854 2242 2879 in
2257 2858 2374 2887 quatuor

1349 2890 1516 2924 Evangelia:
1534 2891 1618 2924 deque
1640 2891 1736 2924 Operis
1749 2891 1848 2924 pretio,
1869 2894 1982 2916 textura
2001 2894 2028 2915 et
2046 2891 2134 2915 modo.

1763 2932 1868 2955 CAPUT
1886 2932 1904 2954 Ι.

1290 2960 1418 2986 Veterum
1434 2962 1592 2994 scriptorum
1607 2961 1659 2987 fide
1673 2967 1763 2987 sancto
1773 2962 1894 2986 Thomae
1908 2961 2036 2986 adseritur
2046 2961 2131 2994 Opus,
2142 2961 2215 2993 quod
2229 2961 2310 2992 vulgo
2324 2960 2373 2985 Ca·

1346 3002 1406 3022 tena
1415 2998 1503 3022 Aurea
1518 2998 1543 3022 in
1558 3003 1672 3031 quatuor
1686 2998 1827 3030 Evangelia
1841 2997 1997 3022 inscribitur.
2013 2997 2098 3029 Ipsius
2108 2997 2227 3021 Thomae
2242 2996 2373 3029 amplissi-

1346 3041 1421 3057 mum
1434 3034 1630 3058 testimonium:
1642 3034 1761 3066 ratioque
1771 3033 1797 3058 in
1808 3041 1840 3058 eo
1851 3033 2013 3058 contexendo
2028 3032 2117 3065 Opere
2127 3037 2254 3057 servata.»
2325 3039 2372 3057 0111

1757 3074 1862 3097 CAPUT
1875 3075 1904 3096 Π.

1291 3103 1385 3128 Petrus
1405 3104 1438 3129 de
1456 3104 1522 3129 Alva
1540 3104 1674 3135 refellitur,
1694 3104 1739 3137 qui
1759 3104 1883 3128 Catenam
1903 3103 1973 3136 typis
1992 3103 2088 3128 editam
2108 3103 2254 3128 adiudicare
2277 3103 2371 3127 Pontio

1345 3139 1503 3164 Carbonello
1522 3139 1629 3165 Ordinis
1649 3140 1780 3164 Minorum
1800 3140 1908 3164 alumno
1927 3147 2008 3164 ausus
2023 3143 2071 3164 est.
2096 3139 2279 3170 Quorumdam
2299 3139 2370 3163 codi-

1345 3183 1405 3200 cum
1430 3180 1456 3200 et
1470 3176 1671 3209 nuncupationis
1686 3177 1718 3200 ad
1732 3175 1907 3200 Patriarcham
1922 3175 2098 3206 Gradensem,
2118 3183 2148 3200 ac
2167 3175 2257 3200 aetatis
2272 3175 2370 3199 Carbo—

1345 3211 1405 3236 nelli
1425 3219 1534 3236 examen
1562 3228 2199 3237 ...............
2238 3221 2251 3234 »
2326 3218 2370 3235 etv

1749 3253 1853 3276 CAPUT
1867 3254 1907 3275 111.

1289 3283 1458 3314 Adscititius,
1483 3283 1587 3308 tametsi
1605 3287 1742 3314 vetustus,
1768 3283 1880 3308 Catenae
1899 3282 2005 3307 titulus:
2031 3282 2203 3315 primigenius
2223 3281 2368 3315 inquiritur.

1344 3319 1435 3343 Patres
1463 3319 1658 3351 scriptoresque
1684 3319 1864 3349 ecclesiastici,
1890 3326 1959 3351 quos
1978 3318 2005 3342 in
2033 3318 2127 3342 eodem
2152 3318 2240 3350 Opere
2264 3317 2369 3342 concin-

1344 3354 1431 3378 nando
1460 3354 1578 3379 adhibuit
1602 3354 1730 3379 Thomas.
1761 3354 1864 3378 loannis
1894 3354 1992 3379 Nicolai
2021 3353 2124 3378 labores
2158 3358 2184 3378 et
2211 3361 2289 3378 curae
2313 3353 2368 3377 lau-

1345 3390 1440 3414 dantur
2315 3396 2369 3413 cvn

1289 3460 1539 3485 Animadversiones
1559 3460 1660 3485 criticae
1673 3461 1699 3485 in
1717 3431 2011 3492 teanAgIgbIVbionysfi
2026 3459 2198 3492 Areopagitae
2222 3467 2251 3484 ac
2265 3458 2369 3491 Iosephi

1343 3496 1452 3520 nomine
1471 3496 1599 3520 laudatos.
1619 3496 1682 3520 Item
1702 3496 1728 3520 in
1748 3496 1825 3529 Opus
1844 3495 2025 3528 imperfectum
2045 3495 2071 3519 in
2091 3495 2250 3519 Matthaeurn
2275 3502 2304 3519 ac
2322 3502 2368 3519 ve-

1343 3536 1442 3556 tustam
1462 3532 1567 3555 latinam
1592 3531 1765 3555 Homiliarum
1790 3531 1972 3564 Chrysostomi
1995 3531 2153 3555 versionem.
2179 3531 2242 3555 Item
2262 3530 2288 3555 in
2309 3538 2369 3555 sen-

1342 3567 1439 3592 tentias
1454 3567 1594 3591 nonnullas
1610 3567 1708 3600 Cyrillo
1722 3567 1898 3592 Alexandrino
1917 3566 2026 3591 tributas
2047 3574 2076 3590 ac
2095 3566 2184 3590 Hilarii
2200 3566 2367 3591 Pictaviensis

1342 3602 1486 3635 genuinam
1506 3602 1642 3627 cuiusdam
1662 3602 1711 3627 loci
1726 3603 1873 3628 lectionem.
1888 3603 1916 3627 In
1931 3602 2103 3635 Euthymium
2119 3602 2279 3634 Zigabenum
2295 3601 2367 3626 deni-

1342 3646 1397 3671 que
1416 3643 1495 3671 atque
1514 3638 1625 3663 Glossas
1654 3655 2200 3663 .............
2240 3648 2253 3661 ιι
2323 3645 2366 3662 etx

2205 3699 2220 3724 7
