2788 4204
80 385 90 394 ⁴
105 382 190 404 Scient.
205 387 252 402 om.
269 386 291 401 o.

82 437 89 445 ·
106 434 136 456 El
150 440 197 456 om.
213 440 235 454 o.

85 598 91 605 ¹
103 602 128 617 o:
141 596 198 617 haec
209 597 245 617 est
253 601 297 617 au-

85 625 136 644 tem.

88 705 94 710 ·
111 701 173 723 Lect.
190 707 243 722 xxv.

85 810 95 819 ⁸
110 814 124 829 n
132 815 136 829 :
151 807 261 828 medicus.

85 866 96 876 ⁴
111 871 157 889 oQ:
172 865 296 885 sanantur.

88 974 95 981 ·
111 977 137 991 o:
153 969 222 997 quod.

88 1135 97 1144 ³
120 1140 148 1154 Αι
171 1133 298 1154 circularia

86 1160 235 1190 angularia,-

88 1193 133 1208 non
162 1186 259 1211 cv'cul.,·
284 1192 299 1207 ο

88 1219 143 1244 om:
159 1220 184 1234 τι
200 1212 300 1234 circula-

87 1401 97 1411 *
114 1400 202 1427 Cap.n‚
213 1406 236 1420 n.
246 1405 266 1427 5.
278 1411 294 1415 -

89 1427 220 1448 Comment.
228 1432 247 1447 s.
254 1426 299 1448 Th.

88 1454 138 1474 lect.
148 1459 180 1474 ιιι.

80 2096 88 2106 “
103 2101 129 2115 o:
145 2101 192 2116 om.
204 2096 278 2116 tanto.

78 2251 87 2261 ⁹
96 2249 166 2277 Quod
174 2250 252 2271 scient.
263 2256 291 2271 cx

80 2276 148 2297 codd.

77 2357 88 2367 ⁹
98 2362 112 2377 1.
120 2363 124 2376 z
133 2361 178 2383 per
187 2354 291 2377 additio-

77 2388 136 2404 nem.

80 2497 91 2506 ⁴
99 2497 291 2527 Ct'.lect.1x,n.3,

82 2531 103 2549 ε1
118 2534 166 2552 not.
181 2536 201 2553 ε.

320 242 395 286 304

324 320 477 358 scientia
511 327 566 356 est
598 319 669 356 alia
703 318 847 355 certior.
878 318 1051 364 Primum
1085 316 1247 352 modum
1282 315 1390 364 ponit

324 375 464 421 dicens,
477 372 582 422 quod
597 372 657 408 illa
677 371 859 408 scientia*
872 379 926 407 est
944 370 1048 419 prior
1066 376 1101 405 et
1117 369 1252 405 certior
1271 381 1388 417 quam

324 428 405 474 alia,
419 439 515 475 quae
541 425 678 462 scilicet
699 425 832 461 eadem
853 424 938 460 facit
959 434 1187 471 cognoscere
1210 429 1244 458 et
1259 422 1279 442 ‘1‘
1299 422 1388 469 quia

325 489 360 518 et
381 486 538 529 propter
566 479 663 527 quid.
695 479 785 515 Non
812 485 938 513 autem
960 484 1015 513 est
1033 477 1093 512 illa
1113 475 1259 521 certior,
1290 487 1388 523 quae

325 541 380 571 est
400 532 654 581 cognoscitiva
682 533 806 568 solum
834 530 952 578 ipsius
980 530 1080 578 quia,
1111 528 1315 576 separatim
1340 529 1388 565 ab

326 600 369 624 ea
398 598 494 635 quae
525 585 716 632 cognoscit
737 590 894 632 propter
923 583 1027 631 quid:
1056 583 1152 619 haec
1177 581 1278 618 enim
1299 582 1389 618 est*

326 639 518 689 dispositio
535 638 709 675 scientiae
721 637 1009 674 subalternantis
1020 636 1067 673 ad
1080 635 1387 681 subalternatam,

323 701 365 730 ut
393 691 539 740 supra*
561 691 702 728 dictum
733 698 804 727 est:
834 702 924 726 nam
953 688 1106 727 scientia
1135 688 1390 726 subalternata

325 745 525 794 separatim
555 744 622 781 scit
649 744 748 792 quia,
774 743 946 780 nesciens
969 749 1126 792 propter
1154 742 1252 790 quid.
1285 743 1389 779 Sicut

326 798 589 846 chirurgicus'
605 797 672 834 scit
700 797 805 846 quod
833 798 992 834 vulnera
1026 796 1219 833 circularia
1247 796 1389 834 tardius

325 859 501 889 curantur
520 853 557 898 a,
585 863 662 888 non
683 859 811 889 autem
832 850 899 887 scit
920 856 1077 899 propter
1096 850 1194 898 quid.
1222 850 1299 887 Sed
1319 851 1388 887 hu-

324 905 489 942 iusmodi
510 905 672 952 cognitio
697 905 857 953 pertinet
876 904 924 941 ad
944 911 1191 953 geometram,
1214 904 1278 952 qui
1299 917 1387 941 con-

281 955 284 958 *
325 959 462 997 siderat
482 958 666 995 rationem
688 957 830 1005 circuli,
849 958 1073 1001 ,secundum
1098 969 1214 1006 quarn
1229 958 1249 978 *
1262 965 1388 1008 partes

326 1013 406 1050 eius
435 1024 512 1049 non
541 1013 847 1061 appropinquant
866 1012 936 1048 sibi
964 1024 1033 1061 per
1057 1011 1219 1048 modum
1249 1012 1386 1059 anguli,

327 1079 371 1103 ex
387 1079 462 1115 qua
476 1065 756 1115 propinquitate
773 1065 954 1114 contingit
978 1065 1083 1115 quod
1101 1064 1262 1102 vulnera
1276 1066 1388 1103 trian-

326 1120 467 1168 gularia
485 1121 506 1142 ³¹²
524 1119 630 1156 citius
659 1127 849 1157 sanantur.

381 1175 415 1210 3.
438 1173 659 1210 Secundum
687 1173 851 1211 modum
878 1171 986 1222 ponit
1015 1171 1164 1220 dicens,
1196 1173 1301 1222 quod
1330 1173 1390 1210 illa

327 1227 491 1274 scientia,
513 1239 610 1277 quae
636 1239 715 1264 non
745 1235 799 1264 est
819 1227 866 1264 de
887 1225 1068 1272 subiecto,
1090 1234 1146 1263 est
1175 1226 1310 1263 certior
1329 1226 1390 1263 illa

328 1293 425 1330 quae
455 1289 510 1318 est
532 1281 578 1318 de
608 1280 790 1318 subiecto.
818 1281 867 1317 Et
894 1279 1074 1328 accipitur
1096 1279 1158 1316 hic
1185 1281 1389 1317 subiectum

279 1354 281 1357 ·
325 1346 395 1383 pro
417 1335 574 1372 materia
593 1334 757 1372 sensibili
776 1340 805 1380 α,
827 1334 926 1383 quia,
946 1341 988 1370 ut
1003 1333 1259 1381 Philosophus
1279 1333 1391 1370 docet

326 1388 364 1424 in
393 1389 424 1424 11
444 1389 692 1436 Physicorum
712 1388 742 1434 *,
773 1388 963 1436 quaedam
992 1386 1168 1423 scientiae
1189 1394 1276 1424 sunt
1293 1400 1389 1436 pure

327 1442 637 1488 mathematicae,
674 1454 770 1490 quae
805 1441 963 1478 omnino
1002 1439 1223 1477 abstrahunt
1256 1453 1389 1478 secun—

328 1495 419 1532 dum
449 1495 634 1532 rationem
664 1507 686 1531 a
714 1493 871 1530 materia
904 1492 1089 1541 sensibili,
1116 1502 1158 1531 ut
1180 1494 1389 1542 geometria

326 1556 363 1585 et
401 1549 653 1586 arithmetica:
688 1547 878 1595 quaedam
921 1555 1049 1585 autem
1092 1547 1269 1585 scientiae
1303 1557 1390 1586 sunt

325 1603 487 1649 mediae,
518 1614 615 1651 quae
644 1600 783 1638 scilicet
810 1601 994 1650 principia
1022 1601 1290 1638 mathematica
1323 1615 1387 1651 ap-

322 1655 461 1704 plicant
489 1656 538 1693 ad
557 1654 755 1692 materiam
777 1655 1006 1701 sensibilem,
1028 1655 1122 1692 sicut
1149 1655 1388 1705 perspectiva

322 1709 484 1758 applicat
501 1708 686 1759 principia
709 1708 940 1756 geometriae
960 1709 1009 1746 ad
1028 1708 1168 1746 lineam
1187 1709 1385 1758 visualem,

322 1770 358 1799 et
372 1763 605 1810 harmonica,
622 1763 717 1800 idest
731 1763 889 1810 musica,
902 1762 1063 1812 applicat
1076 1763 1261 1813 principia
1275 1764 1387 1801 arith-

321 1816 481 1853 meticae
510 1817 559 1854 ad
578 1829 695 1854 sonos
723 1815 929 1854 sensibiles.
951 1816 1061 1854 Unde
1082 1816 1143 1853 hic
1169 1817 1257 1855 dicit
1281 1819 1386 1866 quod

322 1870 555 1908 arithmetica
575 1879 630 1908 est
646 1869 781 1907 certior
796 1882 913 1920 quam
930 1870 1076 1907 musica
1093 1878 1130 1907 et
1142 1872 1263 1920 prior:
1280 1871 1386 1920 prior

323 1924 500 1974 quidem,
539 1924 628 1973 quia
664 1924 810 1961 musica
845 1923 961 1961 utitur
993 1923 1185 1975 principiis
1223 1925 1304 1964 eius
1337 1926 1386 1964 ad

321 1978 444 2024 aliud;
475 1978 609 2015 certior
637 1979 794 2024 autem,''
810 1977 899 2027 quia
926 1977 1150 2016 incertitudo
1176 1988 1351 2017 causatur
1369 1978 1387 2009 Ρ

319 2039 475 2081 propter
515 2031 906 2069 transmutabilitatem
949 2031 1129 2069 materiae
1175 2033 1384 2079 sensibilis;

319 2085 422 2122 unde
456 2094 597 2134 quanto
636 2085 755 2133 magis
793 2084 983 2122 acceditur
1015 2085 1065 2122 ad
1093 2098 1198 2134 eam,
1237 2095 1340 2124 tanto
1366 2089 1385 2107 ὓ

320 2145 474 2175 scientia
502 2146 558 2175 est
585 2151 711 2175 minus
740 2145 851 2176 certa.

357 2195 409 2239 ’4.
439 2192 614 2230 Tertium
638 2191 800 2229 modum
829 2191 936 2241 ponit
956 2191 1100 2239 dicens,
1131 2193 1236 2242 quod
1265 2194 1384 2232 scien—

318 2245 398 2282 tia*
418 2258 515 2295 quae
537 2254 591 2283 est
611 2258 656 2283 ex
673 2246 929 2295 paucioribus,
943 2253 998 2282 est
1014 2245 1120 2295 prior
1134 2254 1171 2284 et
1185 2248 1321 2285 certior
1340 2261 1385 2286 ea

320 2311 417 2347 quae
447 2307 570 2336 estex
597 2299 837 2348 appositione,
859 2300 954 2337 idest
979 2311 1096 2348 quam
1125 2300 1187 2338 illa
1211 2314 1310 2351 quae
1343 2315 1383 2340 se

318 2352 433 2389 habet
461 2365 506 2390 ex
534 2352 724 2390 additione
747 2354 777 2390 *.
811 2355 860 2391 Et
882 2353 990 2403 ponit
1018 2355 1248 2404 exemplum.
1280 2356 1385 2394 Sicut

319 2405 527 2453 geometria
542 2414 597 2443 est
610 2407 798 2455 posterior
817 2415 853 2444 et
871 2407 998 2444 minus
1014 2415 1114 2445 certa
1133 2421 1251 2458 quam
1271 2410 1382 2447 arith-

320 2458 472 2496 metica:
498 2460 640 2496 habent
669 2460 770 2497 enim
790 2473 830 2497 se
855 2473 901 2497 ea
929 2460 976 2498 de
997 2461 1134 2510 quibus
1155 2470 1210 2499 est
1228 2475 1382 2511 geome-

320 2511 399 2559 tria,
413 2525 458 2549 ex
474 2512 695 2550 additione*
711 2514 759 2551 ad
775 2525 819 2550 ea
836 2513 884 2551 de
904 2514 1041 2563 quibus
1061 2521 1117 2552 est
1135 2515 1380 2555 arithmetica.

374 2648 402 2680 α)
421 2647 474 2673 Pro
494 2648 607 2673 materia
625 2648 742 2673 sensibili
760 2648 880 2673 etc.—M:
895 2655 950 2680 pro
964 2650 1078 2675 materia
1089 2650 1199 2676 subiecti
1216 2652 1327 2683 scibilis‚·
1346 2652 1383 2677 N:

316 2690 370 2715 pro
385 2683 499 2708 materia
517 2683 705 2708 subiectibili.—
715 2683 797 2708 Codd.
811 2691 864 2708 om.
875 2683 945 2716 quia,
961 2685 1007 2709 sed
1022 2686 1048 2710 in
1063 2693 1143 2718 marg.
1158 2686 1179 2711 C
1193 2687 1294 2712 additur
1307 2694 1369 2712 nam
1374 2695 1384 2718 ,·

319 2718 381 2743 AO:
401 2721 430 2743 ut
448 2718 517 2743 enim
537 2718 703 2750 Philosoph.;
722 2719 760 2743 H:
779 2722 805 2743 et
818 2719 893 2744 docet
906 2719 1005 2744 Philos.
1019 2721 1039 2745 B
1053 2728 1107 2746 om.
1121 2721 1208 2752 verba,
1224 2725 1253 2746 ut
1266 2722 1384 2748 Philoso-

314 2753 394 2786 phus,
414 2761 499 2786 usque
517 2754 549 2778 ad
568 2754 682 2779 materia
695 2754 812 2779 sensibili
829 2755 964 2786 inclusive;
980 2763 1047 2787 quae
1061 2756 1170 2780 omissio
1184 2761 1210 2781 et
1223 2757 1383 2782 oscitantiam

319 2789 404 2821 prodit
429 2789 607 2819 amanuensis,
630 2794 655 2814 et
679 2789 832 2814 sententiam
858 2798 879 2814 s.
893 2789 1012 2815 Thomae
1037 2799 1146 2824 prorsus
1171 2792 1384 2826 inintelligibilem

318 2824 408 2849 reddit.

373 2858 399 2892 β)
420 2860 490 2890 Quia
509 2859 668 2885 incertitudo
686 2863 815 2886 causatur
833 2861 1006 2886 etc.-LMST
1025 2866 1051 2886 et
1068 2870 1094 2894 p.
1111 2870 1146 2887 m.
1167 2863 1297 2888 ACDKN:
1321 2864 1384 2896 quia

318 2896 464 2924 certitudo;
482 2895 528 2920 sed
546 2895 679 2921 cer-titudo
698 2895 747 2921 hoc
766 2897 825 2921 loco
843 2901 884 2921 est
903 2904 987 2927 error,
1013 2897 1057 2930 qui
1076 2903 1146 2923 recte
1163 2898 1189 2922 in
1207 2898 1278 2924 hisce
1296 2904 1383 2932 poste-

318 2931 427 2956 rioribus
447 2931 521 2956 codd.
541 2931 683 2964 corrigitur.
702 2932 736 2956 E:
760 2932 823 2964 quia
843 2932 879 2957 ibi
896 2932 1042 2962 certitudo;
1067 2933 1114 2958 sed
1139 2933 1175 2958 ibi
1193 2934 1295 2967 scripsit
1313 2942 1383 2960 ama—

318 2966 425 2991 nuensis
439 2967 571 2998 imperitus
586 2974 633 2999 pro
648 2967 684 2992 in.
694 2981 712 2986 —
721 2967 782 2992 BO:
795 2970 924 2992 causatur
933 2971 1048 3000 propter
1061 2969 1326 3000 transmutationem;
1338 2970 1383 2995 Ac

318 3001 542 3032 DEKLMNQST:
556 3005 671 3034 propter
690 3003 979 3029 transmutabilitatem.
998 3004 1031 3028 P:
1047 3011 1098 3036 per
1122 3005 1382 3031 transmutationem.

370 3037 397 3071 γ)
417 3037 453 3062 Et
462 3037 510 3062 hoc
524 3037 628 3070 quidem
643 3038 757 3070 planum
776 3041 816 3063 est
830 3038 920 3063 videre
933 3044 1006 3064 etc.-
1016 3039 1143 3064 Addimus
1160 3040 1249 3066 videre
1263 3048 1293 3065 ex
1308 3041 1383 3066 codd.

316 3072 365 3097 Ao
385 3077 410 3097 et
428 3081 449 3097 s.
469 3080 504 3097 m.
523 3073 561 3103 D,
580 3081 693 3106 quorum
712 3074 848 3098 lectionem
867 3074 990 3106 praebere
1006 3075 1125 3100 videntur
1144 3076 1220 3100 etiam
1240 3076 1382 3101 EHKLMN

300 3112 303 3115 '
318 3107 359 3132 ST
378 3113 403 3132 et
421 3116 446 3140 p.
466 3115 501 3132 m.
521 3108 555 3133 C:
570 3109 683 3141 planum
701 3111 742 3134 est
760 3109 830 3134 unde
847 3109 990 3135 secundum
1010 3115 1057 3135 etc.
1081 3111 1156 3136 Unde
1173 3110 1223 3136 hoc
1242 3112 1299 3136 loco
1311 3115 1383 3137 'extra

317 3143 478 3176 propositum
497 3143 609 3176 ponitur,
628 3150 654 3169 et
671 3145 772 3169 videtur
790 3151 850 3169 esse
869 3145 998 3178 corruptio
1017 3147 1065 3171 τοῦ·
1083 3146 1173 3171 videre
1192 3147 1266 3172 codd.
1279 3147 1336 3172 ΑΟ.
1356 3148 1383 3172 ld

317 3183 386 3204 certe
399 3179 485 3204 visum
500 3184 540 3204 est
558 3180 646 3204 lectori
660 3180 717 3205 cod.
730 3180 766 3210 D,
785 3179 811 3204 in
830 3187 883 3212 quo
900 3181 970 3206 unde
989 3181 1124 3214 corrigitur
1141 3181 1167 3206 in
1187 3182 1382 3208 videre-HM:

312 3214 459 3246 positiones
474 3215 634 3247 platonicas,
654 3222 735 3248 quas,·
754 3219 779 3240 ct
798 3223 857 3240 cum
874 3216 1101 3242 ABCDEKLNST
1119 3225 1173 3243 om.
1191 3218 1383 3244 Aristoteles.—

317 3249 379 3274 Item
398 3250 424 3274 M
439 3258 460 3275 s.
471 3258 521 3275 m.:
540 3250 582 3276 hic
596 3251 690 3282 ponit,·
708 3251 730 3275 D
750 3259 771 3276 s.
788 3259 827 3275 m:
846 3252 991 3277 secundum
1010 3259 1076 3285 quas
1094 3253 1136 3278 hic
1148 3253 1271 3287 exempla
1286 3254 1382 3286 ponit5

317 3285 353 3309 A:
372 3286 486 3317 exponit
504 3286 621 3311 rationes
640 3286 696 3311 eius
714 3286 752 3311 ad
772 3287 941 3318 propositum
962 3288 1202 3321 manifestandum,·
1220 3289 1382 3314 BCDEHKL

316 3320 435 3346 MNOST
449 3329 502 3346 om.
516 3327 572 3346 tum
587 3321 697 3351 ostend„
718 3326 772 3346 tum
792 3322 949 3356 manifest.-
959 3323 996 3353 Q:
1017 3323 1052 3348 Ee
1072 3323 1122 3349 hoc
1138 3324 1244 3356 quidem
1258 3325 1381 3357 planum.

321 3355 395 3381 Unde
412 3357 543 3382 secundae
564 3357 762 3389 propositiones
777 3357 931 3390 propositis
950 3358 986 3383 ibi
1006 3359 1154 3391 exponitur
1171 3359 1250 3385 litera
1273 3363 1382 3385 utamur

316 3390 353 3416 eis
367 3392 403 3416 ad
417 3392 594 3424 propositum.
610 3393 686 3418 Sicut
704 3397 752 3418 etc.
771 3393 859 3418 Lectio
878 3401 985 3426 prorsus
1004 3394 1264 3420 absurda.-Planior
1281 3395 1382 3420 videtur

317 3427 391 3451 lectio
410 3427 487 3452 Plana
506 3433 531 3453 et
549 3428 695 3453 retinenda:
719 3436 772 3453 non
791 3429 934 3462 positiones
950 3430 1092 3462 platonicas
1111 3430 1151 3455 hic
1164 3430 1269 3464 exponit
1281 3430 1382 3456 Aristo-

317 3462 389 3493 teles‚
409 3463 454 3487 sed
476 3464 620 3488 secundum
640 3463 782 3497 positiones
802 3465 943 3497 platonicas
963 3473 1009 3498 per
1027 3466 1095 3491 viam
1115 3466 1225 3500 exempli
1244 3474 1320 3492 suam
1339 3474 1382 3492 ex-

316 3496 393 3528 plicat
411 3498 561 3523 doctrinam.

369 3531 393 3564 ὀ)
414 3533 563 3559 Secundum
578 3534 737 3566 platonicos.
755 3549 774 3554 —
790 3536 860 3560 Haec
878 3535 957 3561 verba
975 3537 1015 3561 ed.
1036 3536 1130 3562 Pianae
1148 3541 1174 3562 et
1192 3537 1266 3562 codd.
1286 3538 1381 3562 desunt

316 3567 343 3591 in
362 3567 396 3597 B,
416 3569 462 3592 sed
481 3569 612 3594 retinenda
626 3574 688 3595 sunt
706 3570 738 3594 ad
757 3570 881 3595 orationis
897 3571 1116 3604 perspicuitatem,
1130 3579 1164 3597 ne
1176 3572 1296 3597 absolute
1314 3572 1380 3598 acci-

315 3601 419 3635 piantur
437 3611 503 3635 quae
518 3605 685 3629 solummodo
702 3605 820 3630 dicuntur
834 3613 863 3630 ex
877 3606 1066 3639 platonicorum
1082 3607 1219 3638 sententia;
1234 3615 1302 3640 quae
1316 3608 1379 3633 reci-

894 236 1277 275 POSTERIORUM
1305 236 1736 275 ANALYT1CORUM
1765 240 1859 276 LIB.
1892 241 1905 275 1

1445 317 1494 353 Et
1513 317 1588 354 hoc
1613 318 1769 367 quidem
1798 320 1963 368 planum
1990 328 2046 356 est
2064 320 2195 358 videre
2216 323 2428 360 secundum
2448 337 2516 373 po-

1444 369 1598 407 sitiones
1625 372 1835 420 platonicas
1864 377 1899 419 ⁷,
1921 373 2134 410 secundum
2161 387 2256 423 quas
2284 375 2345 412 hic
2373 377 2515 414 Aristo-

1443 424 1535 460 teles
1565 425 1729 474 exponit,
1749 434 1859 462 utens
1890 426 1942 462 eis
1971 426 2019 463 ad
2042 428 2283 476 propositum
2313 430 2515 467 ostenden-

1446 476 1560 522 dum;
1582 477 1677 514 sicut
1696 479 1913 527 frequenter
1931 479 1969 515 in
1989 479 2091 523 libris
2113 481 2277 528 Logicae
2297 481 2413 519 utitur
2433 483 2513 532 opi-

1443 529 1623 567 nionibus
1643 530 1806 569 aliorum
1841 532 2163 582 philosophorum
2193 534 2241 571 ad
2273 535 2514 584 propositum

1445 583 1767 622 manifestandum
1786 598 1856 634 per
1874 586 1979 622 viam
2000 588 2019 606 ⁴'
2041 587 2215 636 exempli.
2233 588 2366 625 Posuit
2385 596 2513 626 autem

1445 636 1551 672 Plato
1573 637 1678 686 quod
1714 650 1837 675 unum
1876 646 1931 676 est
1968 640 2175 677 substantia
2213 641 2265 677 rei
2295 641 2512 687 cuiuslibet;

1445 689 1533 738 quia
1552 703 1631 727 non
1661 690 1913 739 distinguebat
1932 692 2027 729 inter
2050 706 2173 730 unum
2199 695 2305 743 quod
2325 695 2512 733 converti-

1444 751 1504 780 tur
1524 756 1612 780 cum
1643 751 1744 791 ente,
1766 745 1871 792 quod
1900 745 2085 793 significat
2105 747 2353 785 substantiam
2383 749 2456 796 rei,
2479 757 2515 785 et

1443 809 1565 833 unum
1580 798 1601 824 *-
1616 797 1721 845 quod
1750 805 1805 834 est
1823 798 2054 847 principium
2073 800 2236 847 numeri,
2262 801 2367 849 quod
2393 802 2514 839 consi-

1445 850 1551 887 derat
1583 850 1850 887 arithmeticus.
1882 852 1968 888 Hoc
1997 853 2270 900 ergo*unum,
2300 855 2513 892 secundum
2542 867 2552 878 ⁸

1444 904 1550 952 quod
1578 903 1710 952 recipit
1746 904 1982 941 additionem
2019 905 2218 955 positionis
2246 906 2284 943 in
2314 908 2514 955 continuo,

1444 957 1579 1007 accipit
1615 957 1802 995 rationem
1838 958 1981 1006 puncti.
2021 959 2133 996 Unde
2171 959 2320 997 dicebat
2353 961 2373 982 *
2409 962 2514 1010 quod

1443 1023 1566 1048 unum
1587 1018 1641 1048 est
1660 1011 1869 1048 substantia
1888 1024 1967 1048 non
1986 1011 2132 1049 habens
2151 1013 2394 1061 positionem.
2413 1016 2513 1052 Pun-

1445 1073 1548 1102 ctum
1569 1072 1697 1101 autem
1718 1066 1807 1102 est*
1821 1065 2029 1102 substantia
2042 1066 2189 1103 habens
2207 1067 2456 1115 positionem:
2478 1076 2515 1105 et

1445 1118 1498 1155 sic
1524 1126 1710 1167 punctum
1730 1131 1846 1167 supra
1864 1118 2048 1156 unitatem
2077 1119 2181 1156 addit
2199 1120 2443 1168 positionem.
2465 1122 2515 1158 Et

1445 1172 1540 1209 sicut
1568 1184 1613 1208 ex
1640 1183 1719 1208 uno
1750 1179 1952 1209 causantur
1988 1184 2125 1209 omnes
2163 1174 2312 1210 numeri
2341 1187 2419 1212 non
2447 1176 2513 1212 ha-

1445 1226 1578 1263 bentes
1601 1225 1850 1275 positionem3
1871 1225 1921 1262 ita
1950 1237 1995 1262 ex
2014 1233 2169 1275 puncto,
2200 1228 2414 1265 secundum
2433 1230 2512 1278 pla-

1445 1279 1593 1317 tonicos
1608 1277 1633 1327 ὃ,
1655 1288 1857 1316 causantur
1876 1291 2012 1316 omnes
2041 1280 2267 1328 quantitates
2296 1281 2511 1319 continuae.

1446 1334 1549 1370 Nam
1577 1340 1741 1382 punctus
1769 1340 1897 1370 motus
1926 1332 2012 1369 facit
2030 1333 2189 1379 lineam3
2210 1334 2309 1371 linea
2337 1342 2443 1372 mota
2462 1336 2514 1373 fa-

1446 1386 1494 1423 cit
1522 1386 1783 1435 superficiem,
1804 1386 2025 1435 superficies
2046 1394 2151 1423 mota
2177 1387 2263 1424 facit
2292 1400 2442 1437 corpus.
2465 1390 2515 1426 Et

1445 1439 1657 1476 secundum
1686 1441 1761 1476 hoc
1789 1440 2014 1489 quantitates
2050 1440 2269 1488 continuae,
2297 1441 2344 1479 de
2374 1442 2514 1491 quibus

1445 1501 1501 1530 est
1527 1493 1756 1541 geometria,
1786 1506 1826 1530 se
1855 1493 1997 1530 habent
2025 1505 2070 1530 ex
2099 1494 2338 1543 appositione
2367 1496 2416 1533 ad
2445 1509 2513 1533 nu-

1444 1559 1584 1593 meros,
1606 1546 1653 1583 de
1683 1547 1822 1596 quibus
1851 1554 1907 1584 est
1925 1547 2171 1584 arithmetica.
2193 1548 2304 1586 Unde
2333 1550 2514 1598 platonici

1441 1607 1654 1649 posuerunt
1681 1612 1863 1637 numeros
1901 1613 1984 1637 esse
2013 1601 2156 1638 formas
2185 1601 2511 1650 magnitudinum,

1443 1654 1611 1691 dicentes
1638 1654 1804 1691 formam
1841 1654 1970 1703 puncti
2000 1667 2083 1691 esse
2110 1654 2316 1702 unitatem;
2347 1655 2512 1693 formam

1442 1715 1571 1745 autem
1591 1707 1711 1745 lineae
1728 1719 1810 1745 esse
1831 1707 2032 1755 binarium,
2049 1715 2207 1757 propter
2227 1708 2304 1745 duo
2326 1716 2512 1757 extrema;

1442 1762 1608 1798 formam
1628 1770 1756 1799 autem
1778 1761 1991 1810 superficiei
2012 1774 2094 1798 esse
2114 1761 2334 1809 ternarium,
2355 1770 2513 1812 propter

1440 1815 1606 1865 primam
1644 1814 1888 1864 superficiem
1917 1815 2204 1864 triangularem,
2235 1815 2376 1853 scilicet
2413 1829 2512 1866 quae

1441 1869 1560 1906 tribus
1579 1869 1724 1917 angulis
1743 1868 1982 1906 terminatur:
2004 1869 2171 1906 formam
2191 1876 2320 1906 autem
2341 1870 2512 1919 corporis

1440 1923 1636 1972 ponebant
1655 1922 1951 1972 quaternarium,
1971 1930 2128 1972 propter
2146 1923 2222 1959 hoc
2250 1923 2356 1972 quod
2383 1923 2510 1973 prima

1440 1977 1562 2025 figura
1595 1988 1780 2026 corporea
1809 1983 1864 2013 est
1891 1976 2060 2026 pyramis
2088 1976 2348 2025 triangularis,
2379 1979 2510 2027 quae*

1440 2038 1604 2080 quatuor
1627 2030 1785 2078 angulos
1806 2030 2023 2078 corporales
2046 2030 2174 2077 habet,
2188 2041 2311 2067 unum
2327 2030 2470 2068 scilicet
2492 2033 2512 2054 ¹⁸⁸

1438 2084 1477 2122 in
1508 2096 1650 2122 conum
1680 2091 1716 2120 et
1743 2091 1818 2121 tres
1847 2083 1885 2120 in
1914 2083 2048 2120 basim.

1497 2139 1530 2176 5.
1552 2139 1601 2175 Et
1629 2137 1842 2174 secundum
1870 2137 1946 2174 hoc
1963 2143 1974 2158 ⁸
2003 2145 2106 2186 patet
2139 2137 2245 2186 quod
2274 2138 2510 2187 comparatio

1440 2191 1670 2230 certitudinis
1707 2190 1949 2228 scientiarum
1982 2190 2164 2240 accipitur
2197 2190 2259 2228 hic
2293 2191 2509 2230 secundum

1439 2244 1532 2284 duoss
1559 2247 1664 2283 Nam
1700 2244 1848 2294 primus
1894 2244 2035 2282 modus
2077 2244 2259 2294 accipitur
2296 2245 2510 2283 secundum

1439 2300 1545 2350 quod
1564 2296 1688 2337 ‘causa
1717 2306 1773 2335 est
1800 2297 1904 2348 prior
1933 2305 1969 2335 et
1997 2297 2134 2336 certior
2161 2311 2232 2336 suo
2262 2298 2411 2336 effectu.
2433 2299 2508 2337 Alii

1437 2362 1565 2392 autem
1587 2353 1665 2392 duo
1685 2352 1792 2390 modi
1811 2351 2048 2400 accipiuntur
2076 2351 2290 2390 secundum
2310 2352 2415 2402 quod
2435 2353 2509 2390 for-

1437 2421 1502 2446 ma
1536 2416 1592 2445 est
1628 2406 1763 2444 certior
1801 2405 1979 2453 materia,
2005 2401 2137 2455 utpote
2175 2405 2264 2456 quia
2291 2406 2417 2444 forma
2455 2414 2510 2445 est

1435 2461 1666 2513 principium
1704 2459 1960 2508 cognoscendi
1997 2459 2209 2497 materiam.
2230 2479 2256 2488 -
2276 2460 2345 2498 Est
2378 2468 2508 2498 autem

1438 2517 1577 2566 duplex
1597 2513 1755 2552 materia
1769 2513 1796 2560 ς,
1816 2521 1858 2550 ut
1877 2512 2012 2550 dicitur
2030 2513 2068 2550 in
2083 2514 2152 2550 Vll
2168 2514 2507 2563 Metaphysicae*:

1436 2657 1518 2682 tamt,
1537 2652 1584 2676 sed
1603 2650 1710 2675 minime
1728 2649 1895 2682 approbatur.
1915 2648 1951 2672 T:
1970 2647 2114 2673 secundum
2130 2648 2328 2680 platonicorum
2347 2649 2507 2681 opinionem,

1437 2692 1462 2712 et
1479 2694 1541 2712 cum
1554 2685 1755 2719 platonicorum
1773 2684 1885 2709 habeant
1903 2683 1980 2708 etiam
1999 2683 2088 2716 plures
2102 2683 2186 2714 codd„
2201 2679 2231 2709 τὸ
2246 2684 2397 2716 opinionem
2413 2685 2470 2710 cod.
2484 2685 2508 2710 T

1436 2722 1536 2747 videtur
1555 2722 1639 2754 primo
1659 2720 1773 2745 additum
1793 2719 1873 2744 fuisse
1892 2719 1917 2743 in
1936 2719 2059 2752 margine,
2082 2723 2107 2743 et
2127 2719 2187 2744 inde
2205 2719 2332 2752 migrasse
2356 2721 2381 2745 in
2401 2725 2508 2746 textum.

1436 2757 1589 2782 Retinemus
1609 2756 1629 2780 P
1648 2763 1708 2781 cum
1727 2755 1783 2780 aliis
1802 2755 1876 2779 codd.
1892 2754 1974 2787 prima
1992 2754 2034 2779 vel
2053 2755 2168 2779 secunda
2186 2762 2273 2780 manu.

1490 2792 1511 2828 ε)
1523 2792 1560 2817 Et
1570 2791 1715 2817 secundum
1731 2790 1780 2816 hoc
1786 2793 1873 2822 patet.
1882 2804 1902 2809 —
1911 2789 1992 2815 Godd.
2000 2790 2061 2814 LM:
2076 2789 2112 2815 Et
2122 2790 2159 2822 (M
2169 2797 2223 2815 om.
2235 2791 2281 2823 Et)
2291 2798 2329 2816 ex
2338 2791 2388 2817 hoc
2396 2794 2509 2824 patet.-

1436 2827 1502 2853 Infra
1516 2828 1540 2852 Ο
1553 2835 1607 2852 om.
1622 2827 1672 2852 hic.
1681 2841 1701 2845 —
1713 2825 1812 2851 Deinde
1824 2825 1847 2850 K
1860 2833 1913 2851 om.
1927 2828 1953 2850 et
1966 2825 2133 2855 certium-sed
2147 2833 2200 2850 non
2215 2826 2296 2858 bene;
2311 2827 2396 2858 codd„
2409 2834 2462 2852 exc.
2472 2827 2507 2859 M,

1436 2871 1490 2888 om.
1509 2870 1557 2888 suo
1576 2867 1635 2887 ante
1652 2861 1755 2896 effectu.
2251 2885 2254 2887 ,

1489 2895 1515 2934 ζ)
1538 2899 1588 2927 Est
1605 2901 1694 2923 autem
1713 2897 1817 2929 duplex
1831 2897 1945 2922 materia
1960 2902 2007 2921 etc.
2017 2911 2036 2915 -
2046 2896 2116 2921 Haec
2131 2891 2306 2930 compaianda
2320 2903 2382 2923 sunt
2400 2905 2460 2923 cum
2475 2897 2507 2925 iis

1437 2941 1505 2967 quae
1523 2934 1633 2968 ipsemet
1652 2941 1674 2958 s.
1694 2932 1811 2958 Thomas
1831 2932 1891 2957 alibi
1911 2933 1944 2957 de
1963 2931 2010 2964 hac
2029 2932 2086 2965 ipsa
2104 2940 2132 2958 re
2157 2933 2246 2963 docet,
2267 2933 2421 2967 praesertim
2439 2933 2468 2960 Ρ.
2487 2933 2506 2970 1,

1436 2977 1481 3003 qu.
1494 2977 1581 3001 cxxxv,
1596 2968 1666 2994 artic.
1680 2976 1698 2998 1,
1713 2969 1745 2993 ad
1760 2975 1792 2993 2.:
1808 2977 1822 2992 ‹
1839 2967 1952 2999 Materia,
1967 2967 2061 3000 inquit,
2076 2973 2116 2993 est
2129 2968 2233 3002 duplex,
2248 2968 2346 2994 scilicet
2358 2969 2507 2995 communis

1438 3014 1451 3028 »
1467 3010 1493 3030 et
1510 3005 1618 3038 signata
1636 3004 1678 3030 vel
1698 3003 1879 3030 individualis.
1899 3003 2054 3028 Communis
2079 3003 2186 3036 quidem
2205 3009 2234 3029 ut
2252 3011 2316 3030 caro
2335 3009 2360 3029 et
2378 3011 2408 3030 os
2413 3011 2423 3034 ‚-
2441 3004 2507 3032 ind!-

1438 3049 1451 3063 »
1466 3041 1575 3066 vidualis
1594 3045 1680 3065 autem
1695 3045 1724 3065 ut
1742 3039 1792 3065 hae
1810 3046 1903 3065 carnes
1922 3044 1948 3064 et
1961 3039 2025 3064 haee
2039 3046 2108 3064 ossa.
2123 3039 2270 3065 Intellectus
2290 3039 2369 3073 igitur
2382 3038 2507 3073 absa-nim

1437 3085 1451 3099 »
1466 3077 1577 3109 speciem
1592 3076 1627 3101 rei
1647 3075 1770 3101 naturalis
1786 3083 1800 3100 a
1814 3075 1920 3100 materia
1935 3074 2050 3100 sensibili
2065 3075 2233 3105 individuali,
2249 3083 2302 3100 non
2317 3080 2404 3101 autem
2423 3083 2438 3100 a
2450 3082 2507 3101 mn-

1437 3121 1451 3135 »
1466 3112 1529 3137 teria
1547 3111 1663 3138 sensibili
1681 3111 1823 3137 communi.
1842 3111 1913 3135 Sicut
1930 3110 2042 3143 speciem
2061 3110 2174 3136 hominis
2197 3111 2322 3136 abstrahit
2340 3111 2372 3136 ab
2391 3111 2432 3136 his
2451 3117 2507 3136 can—

1437 3157 1450 3170 »
1466 3147 1542 3173 nibus
1561 3153 1586 3173 et
1600 3147 1639 3172 his
1658 3147 1772 3176 ossibus,
1787 3153 1855 3180 quae
1870 3154 1923 3171 non
1942 3151 2004 3171 sunt
2022 3147 2055 3171 de
2069 3147 2167 3172 ratione
2185 3146 2289 3180 speciei,
2304 3147 2351 3172 sed
2366 3151 2453 3180 partes
2466 3145 2506 3172 in-

1437 3193 1449 3206 »
1466 3183 1569 3213 dividui,
1584 3189 1613 3208 ut
1631 3182 1724 3208 dicitur
1738 3182 1764 3207 in
1781 3181 1823 3207 Vll
1837 3181 2002 3216 Metaphys.,·
2015 3186 2041 3208 et
2055 3182 2114 3207 ideo
2133 3182 2190 3208 sine
2208 3182 2246 3208 eis
2264 3182 2370 3215 (nempe
2379 3181 2506 3215 partibus

1437 3228 1449 3242 »
1465 3218 1611 3249 individui,
1634 3218 1733 3250 species
1751 3217 1884 3249 hominis)
1904 3217 2062 3243 considerari
2080 3222 2176 3252 potest.
2201 3218 2253 3243 Sed
2271 3218 2373 3251 species
2391 3217 2506 3243 hominis

1435 3263 1449 3278 »
1466 3262 1518 3279 non
1537 3259 1624 3288 potest
1642 3253 1755 3279 abstrahi
1775 3261 1822 3286 per
1841 3253 1999 3278 intellectum
2018 3261 2032 3278 a
2046 3253 2167 3278 carnibus
2186 3258 2212 3278 et
2230 3253 2336 3278 ossibus
2351 3253 2428 3286 (quia
2445 3258 2505 3279 car*-

1436 3298 1449 3313 »
1466 3297 1511 3315 nes
1529 3293 1555 3315 et
1567 3297 1634 3319 ossa,
1650 3296 1696 3315 seu
1715 3289 1988 3322 corpus.organicum
2003 3291 2043 3314 est
2059 3289 2092 3314 de
2105 3289 2219 3314 essentie:
2237 3289 2333 3321 speciei
2351 3288 2504 3321 humanae).

1436 3335 1449 3348 »
1465 3325 1570 3358 Species
1589 3330 1677 3350 nutem
1696 3324 1891 3350 mathematicae
1911 3329 2023 3358 possunt
2041 3324 2154 3350 abstrahi
2173 3332 2221 3358 per
2239 3322 2397 3361 intellectum
2416 3332 2432 3350 ι
2450 3331 2505 3349 ma·

1436 3369 1449 3384 »
1465 3361 1527 3386 teria
1546 3360 1660 3386 sensibili
1680 3368 1732 3385 non
1752 3360 1839 3385 solum
1852 3359 2000 3385 individuali
2019 3359 2099 3393 (quae
2113 3363 2154 3386 est
2166 3367 2236 3393 pars
2253 3359 2382 3386 essentiae
2399 3365 2504 3391 compo-

1435 3404 1449 3419 »
1465 3396 1533 3422 sitae
1550 3396 1714 3422 substantiae
1733 3395 1908 3428 individuae),
1922 3395 1969 3421 sed
1988 3395 2065 3421 etiam
2081 3395 2215 3421 communi
2234 3396 2314 3429 (quae
2331 3398 2372 3422 est
2383 3395 2453 3428 pm
2464 3400 2504 3436 es-

1435 3441 1448 3455 »
1463 3433 1565 3457 sentiae
1581 3432 1742 3465 compositae
1760 3431 1924 3457 substantiae
1941 3431 2105 3465 specificae);
2124 3439 2178 3457 non
2201 3436 2289 3457 tamen
2307 3439 2322 3456 a
2340 3429 2446 3456 materia
2462 3436 2503 3470 ιιι-

1435 3476 1449 3491 »
1466 3467 1591 3500 telligibili
1616 3467 1763 3499 communi,
1784 3467 1831 3492 sed
1856 3467 1943 3492 solum
1969 3466 2125 3492 individuali.
2151 3466 2256 3492 Materia
2280 3465 2350 3492 enim
2373 3463 2503 3490 sensibilis

1435 3511 1450 3526 ι
1466 3502 1557 3528 dicitur
1575 3502 1680 3528 materia
1700 3502 1842 3536 corporalis
1860 3502 2004 3528 secundum
2023 3502 2096 3535 quod
2112 3502 2231 3528 subiacet
2254 3500 2427 3542 qualitatibus
2444 3506 2503 3524 sen-

1435 3547 1450 3562 »
1463 3538 1587 3567 sibilibus,
1602 3538 1699 3563 scilicet
1717 3538 1800 3563 calido
1819 3542 1844 3563 et
1862 3538 1963 3570 frigido,
1976 3538 2043 3563 duro
2061 3542 2088 3564 et
2105 3537 2188 3570 molli,
2201 3542 2227 3562 et
2245 3535 2403 3562 huiusmodi.
2423 3535 2503 3560 Mate—

1435 3582 1450 3597 »
1465 3573 1502 3598 rin
1515 3581 1577 3598 vero
1593 3573 1759 3606 intelligibilis
1774 3573 1866 3598 dicitur
1880 3573 2024 3598 substantia
2042 3573 2185 3598 seeundum
2199 3571 2272 3606 quod
2284 3570 2400 3597 subiacet
2419 3577 2502 3603 quan-

1436 3617 1450 3633 »
1465 3609 1546 3634 titati.
1564 3608 1729 3634 Manifestum
1748 3613 1789 3634 est
1807 3613 1893 3634 autem
1919 3608 1990 3641 quod
2009 3608 2138 3641 quantitas
2157 3607 2229 3641 prius
2254 3606 2322 3632 inest
2344 3606 2503 3631 substantiae

2542 598 2644 646 auglodd.
2653 610 2663 615 -
2672 605 2697 620 P:
2708 605 2757 621 mo-

2543 656 2617 678 Plato.
2628 668 2639 673 -
2649 656 2675 678 In
2696 657 2756 679 Par-

2542 683 2640 705 menide.

2542 811 2552 821 ¹*
2567 810 2639 832 Unum
2649 816 2677 832 ex
2687 811 2758 833 codd.

2567 874 2596 889 n:
2618 867 2704 893 etiarm·
2750 876 2756 890 :

2543 894 2722 920 enim.;aliicod
2741 902 2756 916 .:

2543 920 2626 947 igitur.

2542 969 2552 979 ’
2567 968 2658 997 Nempe
2667 969 2742 991 Plato.

2543 1076 2551 1083 ·
2561 1074 2605 1096 Est
2615 1081 2664 1097 om.
2674 1081 2688 1097 ο
2699 1079 2721 1098 et
2731 1081 2757 1104 p·

2542 1107 2573 1123 m.
2584 1108 2604 1123 s.

2538 1988 2550 1999 ⁴⁸
2556 1993 2571 2009 ο
2579 1995 2585 2010 :
2594 1990 2634 2010 est
2641 1990 2753 2018 pyrami·

2539 2014 2754 2065 fissura...

2540 2041 2633 2096 qfflem
2661 2069 2712 2091 ecit.

2535 2454 2547 2466 ⁶
2637 2421 2652 2452 t

2534 2454 2754 2505 1.0‘.³f'‚¹.¹3¹.'¹1·2.1':n†13:

2537 2508 2576 2530 lib.
2592 2507 2639 2537 Vl,
2655 2515 2706 2537 cap.
2722 2515 2751 2535 x,

2536 2541 2560 2557 n.
2571 2540 2600 2563 ¹3·
