2788 4204
27 563 39 575 ⁸
49 562 126 585 codd.
134 573 145 578 -
153 568 179 584 1³:
199 561 241 583 de-

28 589 74 612 bet.

28 668 39 678 ·
58 666 105 689 Est
121 673 170 689 om.
183 672 243 688 ami-2

27 699 80 716 ms.

10 1183 11 1186 ¹
27 1191 242 1218 &dunecan

27 1218 136 1247 afflet.
145 1229 157 1236 -
170 1224 186 1240 ι.
195 1224 244 1240 om.

14 1356 15 1361 ¹
27 1360 102 1410 'nr-¹:
111 1359 244 1388 praedeca-

28 1401 82 1436 'rsx
101 1412 246 1435 δαείη·-

28 1441 121 1464 oeeuna:
146 1445 165 1466 α
193 1445 243 1462 om.

10 1519 148 1577 “nt-3⁸12

1129 259 1239 295 CAP.
1270 260 1337 308 lv,
1367 262 1519 300 LECT.
1549 264 1599 300 111

266 331 451 380 logismus
480 331 542 378 sit,
563 331 629 379 qui
660 333 851 371 concludit
878 335 979 383 quod
997 336 1087 383 quid
1104 342 1166 383 est,
1189 346 1339 386 oportet

268 396 351 423 esse
370 384 484 420 talem
499 384 763 422 habitudinem
778 387 1029 425 terminorum
1045 389 1137 436 eius,
1148 397 1190 425 ut
1204 403 1339 427 omnes

268 440 316 477 ad
344 437 511 475 invicem
540 445 821 476 convertantur.

323 493 360 529 6.
390 490 539 529 Deinde
578 503 667 528 cum
695 492 805 529 dicit:
839 493 893 529 At
916 505 1007 531 vero
1037 500 1072 531 et
1097 495 1131 531 si
1155 496 1192 532 A
1224 497 1261 533 in
1296 509 1339 533 eo

269 545 371 595 quod
396 544 487 594 quid
512 549 567 581 est
593 552 675 591 etc.,
697 545 860 582 ostendit
887 546 978 595 quid
1003 547 1140 584 debeat
1160 550 1179 570 ’²‘
1199 549 1340 586 habere

270 599 512 648 syllogismus
539 597 772 646 praedictus,
804 611 849 636 ex
878 611 924 635 eo
954 601 1059 650 quod
1088 602 1276 639 concludit
1305 603 1341 640 id

270 653 376 701 quod
402 650 644 700 praedicatur
671 651 710 688 in
739 664 786 688 eo
811 653 917 701 quod
936 654 1028 702 quid
1048 662 1104 690 est
1124 656 1155 691 ἢ
1186 655 1236 691 Et
1255 656 1343 692 dicit

270 705 376 754 quod
397 711 548 753 oportet
575 705 650 741 hoc
679 705 800 742 modo
829 706 1093 754 syllogismum
1121 710 1341 757 procedere,

269 766 312 795 ut
329 757 455 795 maior
473 758 701 804 extremitas,
722 771 820 807 quae
841 767 897 796 est
915 762 961 806 A,
980 761 1219 808 praedicetur
1237 762 1276 799 in
1296 775 1342 799 eo

270 811 377 860 quod
404 810 496 859 quid
519 812 567 848 de
586 811 709 848 medio
729 816 758 858 ⁷,
788 812 892 860 quod
913 821 968 849 est
987 814 1036 859 B;
1067 822 1104 851 et
1122 816 1153 852 B
1173 815 1343 852 similiter

269 864 508 914 praedicetur
535 865 574 902 in
603 877 649 902 eo
678 866 783 913 quod
807 866 898 914 quid
927 866 975 903 de
1003 866 1144 905 minori
1170 868 1343 906 extremi-

270 925 358 977 tate²
379 931 477 968 quae
502 926 558 956 est
578 919 626 965 C;
648 925 685 955 et
712 918 766 955 sic
794 919 1031 957 concluditur
1049 923 1153 970 quod
1172 923 1207 958 A
1234 934 1343 971 prae-

272 972 417 1010 dicetur
444 973 492 1010 de
521 972 552 1009 C
582 971 622 1009 in
650 984 697 1009 eo
726 974 833 1021 quod
861 972 954 1021 quid
983 981 1049 1011 est.

325 1037 362 1074 7.
392 1025 543 1063 Deinde
571 1038 661 1063 cum
690 1025 798 1063 dicit:
828 1027 871 1063 Si
895 1038 986 1064 vero
1015 1027 1150 1075 aliquis
1178 1040 1253 1065 non
1281 1040 1343 1065 ac-

271 1079 368 1128 cepit
391 1079 446 1116 sic
473 1079 668 1128 duplicans
697 1087 780 1127 etc.,
806 1080 970 1117 ostendit
997 1081 1102 1128 quod
1129 1081 1344 1130 praedictus

271 1132 413 1170 modus
440 1131 686 1181 syllogizandi
716 1133 939 1181 requiratur.
973 1134 1022 1171 Et
1059 1133 1147 1171 dicit
1180 1134 1286 1182 quod
1314 1135 1345 1171 si

272 1185 406 1235 aliquis
425 1198 506 1223 non
524 1186 575 1223 ita
595 1185 755 1234 accipiat
770 1188 789 1208 *
813 1187 997 1224 terminos
1017 1187 1227 1235 duplicans,
1249 1187 1346 1224 idest

271 1239 484 1277 observans
513 1239 608 1277 duas
638 1240 875 1278 conditiones
893 1240 1118 1290 praedictas,
1137 1241 1201 1277 vel
1219 1241 1345 1290 potius

271 1292 462 1342 accipiens
491 1294 593 1343 quod
619 1293 710 1343 quid
735 1300 791 1331 est
816 1306 861 1331 ex
883 1294 1039 1332 ‘duabus
1063 1293 1243 1343 partibus,
1266 1307 1345 1331 non

272 1345 441 1396 sequitur
461 1359 509 1384 ex
526 1347 747 1385 necessitate
772 1347 879 1396 quod
898 1348 1189 1397 A‘praedicetur
1203 1348 1224 1369 ⁸
1245 1348 1292 1385 de
1313 1349 1343 1385 C

271 1399 312 1438 in
340 1398 388 1437 eo
416 1400 521 1448 quod
550 1401 643 1450 quid
672 1408 738 1439 est.
770 1401 846 1439 Sed
872 1409 908 1438 et
926 1401 957 1438 si
977 1414 1023 1438 ex
1050 1414 1127 1439 una
1148 1402 1168 1422 ’¹‘
1196 1409 1343 1438 tantum

271 1461 379 1503 parte
406 1454 623 1503 praedictae
644 1456 664 1477 *²
694 1454 930 1492 conditiones
965 1455 1235 1502 observentur,
1266 1467 1344 1492 non

272 1507 412 1544 sufficit
430 1507 481 1544 ad
498 1508 740 1558 propositum
760 1505 785 1545 δ.
807 1508 888 1545 Etsi
904 1509 924 1530 *²
944 1508 1047 1545 enim
1067 1509 1176 1546 detur
1190 1508 1295 1556 quod
1309 1511 1344 1545 A

270 1560 512 1610 praedicetur
539 1562 587 1599 de
603 1563 634 1599 B
650 1562 688 1598 in
708 1574 755 1598 eo
775 1562 881 1610 quod
901 1561 994 1610 quid
1013 1570 1080 1608 est,
1097 1574 1175 1599 non
1189 1571 1346 1611 propter

270 1614 347 1652 hoc
366 1615 535 1663 sequitur
553 1615 658 1663 quod
677 1615 918 1664 praedicetur
937 1615 975 1651 in
995 1627 1042 1652 eo
1062 1615 1167 1663 quod
1186 1615 1276 1664 quid
1297 1616 1344 1653 de

272 1667 564 1717 quibuscunque
588 1668 828 1718 praedicatur
850 1669 881 1705 B
910 1668 1221 1717 qualitercunque
1243 1670 1274 1706 *.
1296 1671 1345 1706 Et

272 1721 326 1758 sic
354 1721 523 1770 sequitur
550 1722 655 1770 quod
685 1734 730 1759 ex
748 1730 908 1770 utraque
928 1730 1034 1771 parte
1055 1730 1230 1771 oporteat
1248 1723 1344 1760 acci-

271 1786 365 1824 pere
383 1774 490 1824 quod
509 1775 602 1824 quid
621 1782 694 1812 est:
720 1775 770 1812 ita
790 1775 930 1812 scilicet
947 1776 1052 1823 quod
1072 1788 1150 1812 non
1169 1776 1294 1813 solum
1309 1778 1344 1813 A

271 1827 319 1865 sit
346 1829 452 1876 quod
484 1828 575 1877 quid
604 1836 660 1866 est
691 1828 808 1878 ipsius
836 1830 888 1875 B,
919 1829 986 1866 sed
1015 1828 1129 1866 etiam
1157 1829 1284 1877 ipsum
1312 1831 1343 1866 B

272 1881 319 1918 sit
346 1882 451 1930 quod
474 1881 568 1931 quid
587 1889 643 1918 est
665 1881 781 1930 ipsius
806 1882 837 1918 C
857 1887 886 1928 ‘,
907 1889 1090 1930 tanquam
1120 1882 1345 1919 convertibi-

271 1933 353 1971 liter
382 1942 419 1971 et
445 1934 485 1971 in
514 1947 560 1971 eo
589 1934 695 1983 quod
723 1934 815 1983 quid
842 1934 1115 1984 praedicatum.

327 1989 364 2025 8.
393 1987 544 2024 Deinde
573 2000 662 2024 cum
682 1987 787 2025 dicit:
818 1988 860 2024 Si
879 1988 996 2038 igitur
1014 1988 1116 2037 quod
1133 1988 1224 2036 quid
1241 1994 1295 2025 est
1311 1994 1348 2025 et

271 2041 376 2091 quod
392 2041 483 2090 quid
509 2046 594 2078 erat
618 2053 697 2078 esse
717 2040 731 2068 ς
759 2049 842 2088 etc.,
865 2041 967 2079 ducit
986 2042 1032 2079 ad
1054 2042 1343 2079 inconveniens:

272 2093 386 2144 quia‘r
400 2094 443 2141 si,
460 2094 555 2132 sicut
570 2102 766 2132 ostensum
782 2103 848 2142 est,
871 2107 916 2132 ex
935 2103 1094 2143 utraque
1112 2103 1219 2144 parte
1239 2095 1345 2133 inve-

272 2148 373 2185 nitur
405 2160 485 2186 non
517 2149 643 2185 solum
675 2148 886 2197 praedicari
919 2148 1060 2197 aliquid
1095 2148 1133 2185 in
1162 2161 1208 2186 eo
1241 2149 1345 2197 quod

273 2201 378 2251 quid,
398 2201 494 2239 sicut
511 2214 631 2251 genus
658 2201 899 2251 praedicatur
917 2202 964 2239 de
984 2202 1122 2252 specie,
1144 2203 1210 2239 sed
1231 2202 1345 2239 etiam

272 2254 379 2304 quod
408 2268 454 2293 ex
481 2264 642 2304 utraque
665 2261 678 2284 ⁰
705 2263 812 2304 parte
837 2255 883 2292 sit
910 2256 1012 2305 quod
1033 2256 1124 2304 quid
1145 2261 1229 2293 erat
1249 2268 1344 2302 esse,

273 2309 380 2358 quod
407 2309 592 2358 significat
620 2309 802 2357 definitio,
823 2309 992 2358 sequitur
1015 2309 1120 2358 quod
1148 2309 1239 2358 quid
1267 2318 1347 2346 erat

327 2444 354 2478 γ)
376 2444 455 2475 Quod
473 2444 539 2477 quid
557 2444 590 2469 de
615 2444 701 2469 medio
721 2450 770 2470 etc.
784 2458 804 2465 -
819 2446 866 2469 HL
886 2450 912 2470 et
930 2453 952 2470 s.
967 2453 1003 2470 m.
1018 2446 1055 2470 K:
1075 2445 1147 2478 quod
1171 2446 1236 2478 quid
1254 2449 1293 2471 est
1310 2446 1345 2471 de

274 2481 370 2506 medio.
389 2481 418 2505 ln
436 2479 484 2505 hac
503 2480 623 2510 formula,
637 2483 678 2505 est
691 2481 771 2505 modo
785 2481 887 2505 additur
900 2489 915 2505 a
929 2481 948 2505 P
963 2486 988 2506 et
1000 2481 1126 2506 omittitur
1140 2489 1154 2505 a
1168 2482 1252 2512 codd.;
1266 2483 1346 2507 modo

274 2517 349 2541 codd.
357 2516 453 2541 habent
463 2521 488 2540 et
498 2516 517 2540 P
528 2516 630 2540 omittit.
641 2516 682 2540 Ad
692 2515 906 2548 significationem
916 2516 951 2540 nil
968 2517 1045 2546 addit,
1061 2517 1095 2541 nil
1107 2524 1215 2549 prorsus
1229 2518 1345 2542 detrahit.

274 2552 350 2578 Unde
362 2559 394 2576 ex
402 2551 451 2576 hac
465 2557 537 2584 parte
551 2556 637 2583 potest
650 2552 708 2576 addi
723 2557 749 2576 et
761 2557 848 2584 potest
860 2552 952 2576 omitti.
967 2552 993 2576 S.
1004 2552 1130 2583 Thomas,
1144 2558 1173 2577 ut
1186 2560 1217 2577 ex
1231 2553 1306 2578 codd.
1321 2558 1347 2578 et

274 2587 428 2613 editionibus
443 2587 532 2612 coniici
547 2592 649 2619 potest,
662 2588 742 2611 modo
756 2587 828 2620 quod
846 2587 923 2620 quid,
937 2588 1017 2612 modo
1029 2588 1100 2619 quod
1117 2588 1182 2620 quid
1194 2591 1233 2613 est
1247 2588 1344 2613 habuit.

272 2635 293 2643 —-
301 2623 323 2648 N
334 2628 360 2648 et
369 2631 391 2648 s.
403 2631 438 2647 m.
448 2623 484 2647 A:
495 2626 521 2647 et
531 2622 646 2647 medium
658 2623 683 2647 B
691 2623 849 2648 similiter.-
859 2624 929 2647 HKL
945 2628 970 2647 et
979 2631 1000 2647 s.
1009 2631 1044 2647 m.
1054 2624 1090 2647 A:
1105 2623 1177 2655 quod
1188 2623 1254 2655 quid
1263 2627 1303 2648 est
1313 2624 1346 2648 de

274 2659 405 2684 minori.—
415 2658 506 2688 Codd.,
520 2666 574 2683 exc.
585 2658 675 2682 BEFI:
689 2661 715 2683 et
728 2659 766 2683 sic
780 2658 966 2689 concludetur,·
980 2659 1015 2682 E:
1026 2659 1237 2684 concluderetur.
1247 2673 1268 2678 —
1278 2660 1319 2684 BF
1322 2660 1345 2684 1:

269 2694 448 2727 praedicatur
461 2694 494 2718 de
510 2694 537 2718 C.
547 2693 666 2724 -Codd.‚
681 2701 735 2718 exc.
748 2694 861 2724 HLOQ:
881 2694 907 2718 in
923 2701 953 2719 eo
968 2694 1040 2726 quod
1059 2694 1130 2726 quid,
1150 2702 1203 2719 om.
1216 2698 1265 2719 est.

327 2729 352 2762 ὃ)
371 2729 433 2754 Non
452 2729 552 2762 sufficit
576 2729 613 2754 ad
633 2729 813 2761 propositum.
826 2743 845 2748 —-
861 2730 889 2754 In
907 2737 1018 2754 numero
1043 2730 1168 2762 superiori
1192 2730 1346 2754 Aristoteles

275 2765 336 2790 dixit
354 2765 440 2797 quod,
460 2764 483 2789 si
502 2765 672 2797 syllogismus
687 2765 818 2790 concludit
830 2765 901 2797 quod
915 2765 980 2797 quid
998 2768 1049 2795 est,
1070 2765 1148 2790 debet
1166 2765 1262 2790 habere
1282 2766 1346 2790 duas

275 2800 452 2826 conditiones:
471 2807 566 2832 nempe
589 2801 626 2830 1⁰,
646 2801 717 2832 quod
737 2801 819 2825 maior
837 2801 984 2825 extremitas
1005 2799 1050 2834 (A)
1070 2801 1103 2825 sit
1122 2801 1192 2833 quod
1216 2801 1278 2833 quid
1298 2806 1346 2832 est,

275 2843 323 2861 seu
342 2835 455 2860 definitio
474 2835 576 2860 termini
595 2836 674 2860 medii
693 2834 750 2870 (B),
770 2835 819 2861 hoc
839 2841 879 2860 est
898 2835 993 2860 definiti
1000 2843 1007 2866 ;
1029 2837 1063 2867 2',
1083 2836 1155 2868 quod
1174 2836 1275 2861 medius
1295 2841 1346 2860 ter-

275 2871 362 2896 minus
381 2871 433 2903 (B),
452 2870 502 2895 hoc
522 2875 562 2895 est
580 2870 729 2901 definitum,
749 2873 782 2896 sit
801 2872 872 2904 quod
891 2872 954 2904 quid
973 2877 1022 2900 est,
1042 2879 1089 2896 seu
1109 2870 1222 2896 definitio
1239 2872 1347 2896 minoris

275 2907 442 2932 extremitatis
462 2904 517 2940 (C).
533 2907 646 2931 Scilicet:
666 2907 687 2931 B
703 2905 859 2941 (definitum)
880 2912 920 2931 est
933 2907 956 2931 A
977 2905 1113 2939 (definitio)
1120 2914 1127 2937 ;
1147 2907 1168 2931 C
1188 2905 1344 2941 (definitum)

275 2947 316 2967 est
334 2943 355 2966 B
376 2940 526 2974 (definitio);
540 2941 561 2966 C
576 2941 732 2974 (definitum)
753 2947 793 2966 est
807 2941 833 2966 A
846 2941 992 2974 (definitio).
1012 2942 1039 2966 ln
1058 2950 1112 2974 quo
1131 2942 1286 2975 syllogismo
1300 2942 1347 2966 ha-

275 2977 351 3002 betur
370 2977 442 3009 quod
461 2975 574 3001 definitio
594 2977 637 3009 (A)
658 2976 812 3001 definitionis
833 2977 864 3009 (B
883 2978 908 3001 in
929 2977 1045 3009 minori),
1065 2983 1106 3001 est
1119 2977 1233 3002 definitio
1250 2977 1346 3002 definiti

276 3010 330 3047 (C).
350 3012 428 3042 Quod
446 3019 508 3036 vero
527 3012 591 3036 haec
610 3012 716 3036 deberet
739 3020 798 3037 esse
817 3012 901 3036 forma
920 3013 1114 3043 argumentandi
1134 3013 1166 3037 ad
1192 3013 1346 3037 concluden-

276 3048 340 3072 dum
359 3048 430 3080 quod
449 3047 511 3080 quid
530 3052 583 3077 est,
607 3047 699 3080 probat
722 3048 875 3072 Aristoteles
902 3048 928 3072 in
947 3047 996 3072 hoc
1019 3056 1090 3072 nuru.
1109 3056 1124 3080 7
1145 3048 1192 3073 hac
1211 3048 1346 3073 ratiocina-

275 3084 354 3108 tione.
372 3083 513 3113 Ponarnus,
527 3083 617 3115 inquit,
631 3083 703 3115 quod
721 3083 889 3115 syllogismus
905 3091 956 3107 non
971 3084 1004 3108 ita
1018 3083 1191 3115 reduplicetur
1204 3089 1233 3108 ut
1246 3084 1267 3108 B
1281 3084 1314 3108 sit
1323 3084 1346 3108 A

276 3124 302 3144 et
321 3118 342 3143 C
361 3119 395 3143 sit
413 3119 434 3143 B
453 3119 478 3142 in
497 3126 577 3143 sensu
595 3126 657 3142 mox
676 3119 812 3150 explicato,
831 3118 958 3143 habemus
977 3119 1041 3143 istos
1061 3119 1243 3151 syllogismos:
1268 3120 1305 3149 1¹¹,
1324 3119 1345 3143 B

276 3159 317 3179 est
335 3154 372 3184 A;
392 3153 413 3178 C
431 3157 472 3178 est
490 3155 524 3184 B;
544 3154 564 3178 C
583 3159 623 3178 est
641 3154 674 3178 A.
693 3154 731 3178 Ex
749 3154 927 3185 suppositione
946 3154 1018 3186 quod
1033 3154 1054 3178 B
1075 3162 1127 3178 non
1146 3154 1179 3178 sit
1198 3154 1269 3186 quod
1283 3154 1345 3186 quid

276 3195 317 3214 est
335 3190 383 3214 τοῦ
402 3189 431 3220 C,
451 3189 498 3214 sed
517 3189 585 3213 aliud
606 3189 795 3221 praedicatum,
815 3189 874 3213 licet
891 3197 938 3221 per
957 3197 986 3213 se
1005 3190 1171 3218 conveniens,
1190 3197 1242 3213 non
1261 3194 1347 3220 potest

277 3225 394 3250 concludi
419 3225 491 3257 quod
509 3225 532 3249 A
551 3225 583 3249 sit
602 3224 673 3256 quod
696 3224 759 3256 quid
783 3229 823 3248 est
846 3226 894 3249 τοῦ
912 3224 941 3248 C.
961 3224 1083 3249 Similiter
1105 3225 1149 3254 2¹¹¹,
1169 3225 1192 3248 A
1211 3229 1251 3248 est
1269 3225 1304 3254 B;
1325 3224 1345 3248 C

276 3266 317 3285 est
335 3261 371 3290 A;
391 3260 412 3284 C
431 3265 471 3285 est
489 3261 523 3284 B:
543 3259 565 3284 si
583 3265 744 3292 supponatur
760 3260 831 3291 quod
850 3260 873 3284 A
892 3264 932 3284 est
950 3260 1021 3292 quod
1040 3259 1102 3291 quid
1121 3264 1161 3284 est
1179 3260 1227 3283 τοῦ·
1246 3259 1278 3290 C,
1299 3259 1345 3283 sed

277 3296 347 3329 quod
366 3296 388 3320 B
407 3303 459 3320 non
478 3300 518 3320 est
537 3295 608 3328 quod
627 3295 690 3327 quid
709 3300 750 3319 est
768 3296 815 3319 τοῦ·
833 3295 856 3319 Α
875 3295 900 3319 in
913 3295 1016 3324 maiori,
1031 3295 1148 3319 concludi
1167 3292 1256 3326 nequit
1275 3295 1345 3326 quod

276 3333 298 3356 Β
317 3332 350 3356 sit
368 3331 440 3364 quod
459 3331 521 3364 quid
541 3335 581 3355 est
599 3332 647 3354 τοῦ·
666 3330 695 3354 C.
715 3331 770 3354 Stat
789 3337 851 3362 ergo
870 3330 941 3362 quod
960 3331 986 3354 in
1005 3330 1159 3362 syllogismo
1175 3330 1345 3353 concludente

277 3367 348 3400 quod
367 3367 429 3399 quid
448 3371 488 3391 est
507 3366 542 3398 (si
558 3366 608 3391 hoc
625 3366 662 3390 sit
675 3365 808 3397 possibile,
828 3374 854 3390 n.
869 3365 904 3399 5),
924 3366 1006 3390 maior
1025 3365 1171 3389 extremitas
1191 3365 1268 3388 debet
1286 3372 1345 3388 esse

277 3403 348 3436 quod
363 3402 425 3435 quid
440 3407 480 3426 est
494 3402 579 3431 medii,
593 3406 619 3426 et
633 3401 748 3425 medium
763 3400 840 3425 debet
854 3408 913 3425 esse
926 3401 996 3433 quod
1010 3400 1072 3432 quid
1087 3405 1127 3424 est
1140 3400 1247 3424 minoris
1263 3404 1345 3424 extre-

277 3437 520 3467 mitatis.—-Dicitur‚
534 3437 559 3461 si
572 3440 612 3461 est
621 3436 763 3468 possibile:
774 3437 799 3460 in
815 3436 933 3468 sequenti
946 3436 1014 3460 enim
1030 3442 1139 3459 numero
1154 3435 1346 3459 demonstratur

277 3474 467 3499 inconveniens.
479 3473 536 3497 talis
556 3473 651 3496 modus
666 3472 848 3504 syllogizandi:
869 3471 928 3503 quia
947 3478 1041 3502 nempe
1061 3475 1100 3494 est
1118 3470 1206 3502 petitio
1220 3470 1344 3503 principii.

331 3509 353 3541 ε)
375 3508 454 3539 Quod
478 3508 542 3541 quid
561 3511 600 3532 est
625 3507 708 3539 ipsius
730 3507 753 3531 C
768 3511 816 3531 etc.
829 3521 848 3524 —
863 3506 882 3530 P
901 3514 955 3530 orn.
969 3506 1045 3538 quid,
1066 3506 1136 3537 quod
1156 3506 1295 3530 adiecimus
1315 3513 1345 3530 ex

278 3545 353 3570 codd.
366 3558 385 3564 -‹
398 3545 408 3568 I
427 3552 480 3568 om.
495 3543 585 3575 ipsius.
595 3543 746 3575 -Legimus
767 3550 826 3566 cum
846 3542 929 3571 codd.,
943 3549 997 3566 exc.
1010 3541 1048 3565 M:
1068 3545 1194 3573 tanquam
1214 3541 1345 3565 converti-

277 3581 381 3609 biliter;
400 3580 419 3604 P
439 3587 491 3604 om.
508 3582 649 3611 tanquam;
667 3579 707 3602 M:
726 3578 825 3603 scilicet
844 3580 972 3609 tanquam
991 3576 1133 3601 convertib.
1148 3591 1168 3595 —
1184 3577 1254 3600 Loco
1274 3579 1300 3600 et
1319 3576 1344 3600 in

277 3623 320 3648 eo,
340 3616 371 3640 FI
390 3616 492 3648 legunt:
511 3622 570 3640 cum
589 3621 633 3644 eo,
654 3614 691 3638 G:
712 3614 783 3643 ideo,
804 3613 866 3643 HQ:
886 3612 912 3637 in
932 3619 972 3637 eo.

421 3668 490 3701 Opp.
505 3667 536 3692 D.
555 3667 669 3692 Tnoms
688 3666 719 3691 Τ.
739 3667 756 3691 Ι.

2383 269 2458 317 337

1395 353 1476 378 esse
1510 341 1615 390 prius
1648 342 1762 379 fuisse
1790 342 1829 379 in
1862 344 1983 380 medio
2012 345 2195 392 termino;
2229 346 2325 383 idest
2356 347 2461 394 quod

1395 395 1544 431 medius
1572 396 1754 432 terminus
1783 396 1829 433 sit
1856 397 1960 444 quod
1981 398 2071 445 quid
2092 407 2170 435 erat
2195 411 2275 435 esse
2304 399 2461 437 minoris

1396 448 1652 485 extremitatis:
1674 457 1711 486 et
1729 449 1779 486 ita
1798 450 2023 499 supponitur
2037 452 2140 499 quod
2156 453 2356 501 oportebat
2373 466 2461 502 pro—

1396 501 1498 547 bare,
1528 501 1667 538 scilicet
1694 503 1942 550 quidditatem
1972 504 2088 552 ipsius
2118 505 2160 542 C.

1451 566 1486 601 9.
1516 554 1664 591 Deinde
1700 568 1787 592 cum
1821 556 1928 593 dicit:
1957 558 2009 593 Et
2034 558 2187 594 omnino
2215 558 2249 594 si
2274 563 2328 594 est
2354 570 2463 594 mon-

1395 612 1517 643 strare
1544 608 1634 655 quid
1661 616 1748 655 etc.,
1779 609 1991 646 manifestat
2022 611 2127 658 quod
2156 611 2299 648 dixerat
2325 611 2363 647 in
2391 619 2461 647 ter-

1397 659 1520 696 minis.
1541 661 1637 697 Puta
1657 661 1687 697 si
1706 663 1887 699 volumus
1911 671 2124 700 monstrare
2143 664 2235 712 quid
2254 671 2309 700 est
2327 665 2461 711 homo,

1398 712 1444 748 sit
1464 713 1511 759 C,
1533 712 1627 749 idest
1646 714 1771 751 minor
1791 716 2015 763 extremitas,
2036 718 2166 761 homo;
2185 718 2219 753 A
2238 729 2344 763 vero,
2365 717 2462 753 idest

1398 766 1523 802 maior
1550 767 1775 814 extremitas,
1806 768 1851 804 sit
1878 770 1978 817 quod
1995 770 2085 817 quid
2098 776 2152 806 est
2176 770 2354 816 hominis,
2371 777 2462 818 puta

1398 819 1542 855 animal
1555 820 1667 867 bipes,
1683 822 1744 857 vel
1760 821 1902 869 aliquid
1919 822 2023 858 aliud
2038 825 2057 844 ’²‘
2076 823 2298 860 huiusmodi.
2316 823 2356 859 Si
2372 835 2461 871 ergo

1397 871 1471 907 hoc
1505 880 1678 920 oporteat
1708 885 1777 922 per
1809 875 2068 922 syllogismum
2095 876 2268 925 probari,
2307 888 2461 913 necesse

1399 931 1455 960 est
1473 925 1576 972 quod
1598 927 1618 947 *
1648 926 1849 963 definiatur
1876 928 2029 975 aliquod
2057 929 2239 975 medium,
2260 929 2397 966 scilicet
2416 930 2459 976 B,

1399 978 1447 1014 de
1471 990 1547 1025 quo
1575 979 1715 1015 omni*
1733 981 1767 1015 A
1786 980 2038 1028 praedicetur-3
2070 990 2104 1018 et
2123 983 2173 1019 ad
2195 983 2270 1019 hoc
2289 982 2460 1020 medium

1398 1030 1598 1078 pertinebit
1617 1032 1809 1080 quaedam
1837 1033 1907 1069 alia
1927 1035 2053 1071 media
2074 1035 2254 1082 definitio,
2275 1048 2372 1084 quae
2392 1036 2461 1072 sci-

1399 1082 1484 1119 licet
1513 1092 1591 1120 erat
1619 1085 1788 1122 definitio
1817 1087 1973 1123 minoris
1994 1088 2243 1125 extremitatis.
2273 1089 2384 1126 Unde
2404 1101 2460 1125 se-

1400 1144 1536 1184 quetur
1555 1138 1574 1157 ⁸⁵
1604 1138 1708 1185 quod
1736 1139 1810 1175 hoc
1840 1139 1952 1176 etiam
1980 1141 2151 1178 medium
2175 1141 2220 1178 sit
2238 1141 2342 1189 quod
2370 1142 2461 1189 quid

1401 1196 1456 1225 est
1483 1190 1661 1227 hominis.
1692 1192 1741 1227 Et
1768 1191 1818 1228 ita
1837 1193 1902 1240 qui
1925 1192 1977 1229 sic
1997 1194 2199 1241 syllogizat,
2220 1195 2354 1243 accipit
2373 1207 2459 1243 sup-

1399 1243 1581 1291 ponendo
1610 1244 1648 1280 id
1676 1244 1781 1292 quod
1810 1246 2048 1293 oportebat*
2077 1247 2290 1294 ostendere,
2326 1248 2463 1285 scilicet

1400 1296 1506 1344 quod
1525 1297 1556 1333 B
1585 1297 1630 1333 sit
1657 1297 1762 1345 quod
1791 1298 1882 1346 quid
1911 1307 1989 1335 erat
2017 1312 2098 1336 esse
2126 1300 2301 1337 hominis.

1459 1362 1516 1386 10.
1546 1350 1695 1387 Deinde
1725 1363 1812 1387 cum
1841 1351 1945 1388 dicit:
1980 1352 2132 1400 Oportet
2157 1359 2280 1389 autem
2305 1354 2341 1390 in
2370 1353 2462 1390 dua-

1400 1403 1467 1439 bus
1495 1410 1587 1450 etc.,
1616 1403 1831 1441 manifestat
1863 1406 2062 1453 quomodo
2090 1406 2164 1442 hoc
2192 1406 2463 1443 inconveniens

1399 1464 1578 1504 sequatur
1598 1458 1618 1478 *
1647 1469 1692 1493 ex
1710 1457 1939 1505 praemissis.
1970 1460 2019 1495 Et
2043 1459 2139 1495 circa
2167 1459 2242 1495 hoc
2268 1459 2337 1495 tria
2365 1459 2461 1496 facit.

1399 1510 1550 1556 Primo,
1580 1511 1743 1547 ostendit
1770 1512 1931 1548 modum
1956 1518 1964 1532 ¹
1992 1524 2070 1560 quo
2098 1512 2368 1549 convenienter
2389 1513 2464 1549 hoc

1399 1563 1670 1600 manifestetur.
1700 1564 1748 1600 Et
1776 1564 1863 1601 dicit
1890 1565 1995 1614 quod
2023 1565 2061 1602 id
2086 1566 2190 1614 quod
2218 1565 2360 1602 dictum
2390 1573 2462 1614 est,

1400 1623 1549 1665 oportet
1586 1617 1824 1654 considerare
1861 1617 1900 1654 in
1938 1618 2084 1655 duabus
2120 1618 2462 1667 propositionibus,

1399 1682 1497 1718 quae
1526 1670 1598 1706 sint
1625 1670 1771 1719 primae
1791 1678 1827 1707 et
1847 1671 2012 1708 habeant
2034 1671 2216 1708 terminos
2244 1671 2463 1708 immediate

1399 1723 1469 1760 sibi
1497 1723 1746 1760 inhaerentes.
1775 1724 1959 1760 Possibile
1983 1724 2085 1762 enim
2119 1732 2216 1761 esset
2242 1737 2311 1773 per
2337 1725 2463 1773 plures

1398 1776 1677 1825 propositiones
1695 1778 1769 1814 hoc
1789 1778 2000 1824 ostendere,
2022 1791 2066 1815 ex
2085 1778 2222 1827 quibus
2245 1779 2370 1827 plures
2390 1779 2462 1826 syl-

1399 1830 1547 1877 logismi
1567 1838 1796 1877 constarent3
1819 1831 1881 1867 vel
1906 1831 2018 1868 etiam
2035 1833 2161 1868 esset*
2175 1831 2353 1880 possibile
2368 1831 2462 1868 duas

1399 1884 1499 1920 solas
1522 1883 1800 1932 propositiones
1829 1884 2062 1932 accipiendo,
2092 1885 2262 1933 accipere
2291 1897 2354 1921 eas
2382 1896 2461 1921 me-

1401 1936 1530 1973 diatas.
1569 1936 1645 1973 Sed
1679 1937 1768 1985 quia
1801 1945 1950 1985 oportet
1977 1950 2129 1987 semper
2157 1938 2335 1974 reducere
2364 1937 2383 1957 ²³²
2413 1937 2460 1974 ad

1401 1989 1495 2026 duas
1523 1989 1665 2038 primas
1693 1990 1951 2037 immediatas,
1981 1990 2080 2037 ideo,
2099 1999 2140 2027 ut
2168 1989 2381 2027 brevior'et
2400 2003 2460 2027 ex—

1399 2042 1562 2091 peditior
1590 2042 1635 2079 sit
1655 2043 1915 2090 consideratio,
1937 2056 2177 2080 assumamus
2198 2045 2217 2065 *
2237 2056 2259 2080 a
2278 2043 2460 2092 principio

1400 2097 1492 2132 tales
1520 2096 1799 2144 propositiones
1813 2097 1845 2144 *,
1867 2104 1902 2133 et
1921 2096 1973 2134 sic
1994 2097 2159 2134 maxime
2187 2097 2325 2146 poterit
2343 2097 2461 2133 mani-

1401 2149 1527 2186 festari
1553 2149 1805 2198 propositum.

1461 2215 1518 2239 11.
1550 2203 1745 2251 Secundo,
1774 2202 1843 2239 ibi:
1877 2203 1952 2244 Qui
1969 2203 2116 2251 quidem
2141 2203 2264 2252 itaque
2285 2215 2358 2251 per
2376 2215 2462 2240 con-

1399 2257 1609 2294 versionem
1639 2264 1724 2303 etc.,
1758 2256 1937 2305 proponit
1964 2257 2067 2305 quod
2096 2256 2266 2301 intendit;
2298 2264 2333 2292 et
2360 2256 2461 2303 dicit,

1402 2309 1631 2346 concludens
1656 2322 1701 2346 ex
1720 2309 1947 2358 praemissis,
1969 2309 2074 2358 quod
2092 2310 2141 2346 illi
2165 2309 2229 2359 qui
2247 2310 2380 2347 volunt
2398 2309 2462 2346 de-

1452 2446 1477 2479 ζ)
1498 2446 1530 2471 Si
1549 2446 1634 2479 igitur
1653 2446 1724 2479 quod
1730 2446 1807 2478 ⁸quid
1825 2449 1865 2471 est
1883 2449 1910 2470 et
1928 2445 1999 2478 quod
2017 2444 2082 2477 quid
2099 2448 2159 2469 erat
2176 2452 2239 2469 esse.
2254 2458 2273 2464 —-
2290 2445 2347 2469 Duo
2361 2445 2416 2474 ista,
2431 2441 2461 2469 τὸ

1398 2479 1423 2506 τί
1443 2479 1496 2507 ἐστι
1515 2478 1558 2506 καὶ
1577 2478 1607 2506 τὸ
1628 2479 1651 2506 τί
1670 2481 1699 2513 ἠν
1718 2479 1791 2511 εἶναι,
1807 2481 1856 2505 hoc
1875 2482 1933 2505 loco
1952 2486 1980 2505 ut
1998 2481 2116 2505 distincta
2135 2480 2236 2504 exhibet
2253 2480 2406 2504 Aristoteles
2425 2479 2463 2511 (et

1400 2517 1435 2542 ita
1449 2518 1474 2541 in
1487 2525 1534 2542 sua
1548 2518 1705 2549 expositione
1719 2525 1740 2542 s.
1752 2517 1894 2549 Thomas);
1908 2517 1954 2540 sed
1969 2516 2124 2548 quandoque
2139 2516 2170 2539 ad
2185 2516 2252 2539 idem
2268 2514 2463 2546 significandum

1400 2558 1516 2585 usurpat.
1537 2562 1550 2576 ‹
1562 2553 1728 2583 Aristoteles,
1749 2552 1834 2584 inquit
1848 2552 2048 2580 Lincolnzknsis,
2064 2551 2221 2583 quandoque
2240 2551 2319 2574 sumit
2337 2550 2402 2574 hanc
2418 2558 2463 2582 ap-

1403 2598 1415 2610 »
1431 2589 1596 2620 pellationem
1610 2588 1682 2620 quod
1695 2587 1760 2620 quid
1773 2591 1813 2612 est
1825 2595 1872 2619 pro
1885 2587 1956 2611 omni
1970 2585 2116 2611 definitione
2130 2586 2292 2618 generaliter;
2306 2586 2463 2618 quandoque

1403 2634 1415 2646 »
1431 2632 1479 2656 pro
1498 2622 1644 2647 definitione
1663 2623 1801 2653 materiali,
1820 2628 1845 2647 et
1863 2622 1934 2655 quod
1953 2622 2016 2654 quid
2034 2625 2093 2646 erat
2107 2629 2153 2653 pro
2172 2620 2317 2645 definitione
2336 2621 2460 2645 formali»

1403 2669 1415 2681 »
1433 2658 1472 2692 (ln
1486 2659 1506 2683 11
1518 2656 1628 2687 Foster„
1642 2666 1697 2690 cap.
1712 2666 1739 2689 11,
1752 2658 1796 2682 fol.
1813 2658 1854 2688 31,
1865 2659 1914 2682 col.
1923 2665 1946 2682 2.
1955 2671 1975 2676 -
1984 2657 2024 2681 Cf.
2034 2665 2056 2681 s.
2067 2657 2116 2681 Th.
2127 2657 2152 2680 in
2166 2654 2199 2680 lV
2210 2657 2335 2685 Sentent„
2347 2656 2411 2680 Dist.
2424 2663 2461 2685 nr,

1401 2702 1445 2726 qu.
1459 2702 1475 2722 1.
1491 2695 1560 2718 artic.
1575 2702 1591 2724 1,
1606 2697 1707 2726 quaest.
1720 2694 1749 2726 1).
1769 2694 1852 2718 Etiam
1872 2701 1892 2717 s.
1904 2692 2020 2717 Thomas
2040 2693 2066 2716 in
2085 2693 2141 2716 lect.
2155 2699 2211 2723 seq.
2225 2700 2249 2715 n.
2263 2691 2285 2721 5,
2305 2692 2417 2723 loquitur
2430 2691 2462 2715 de

1401 2737 1432 2754 eo
1447 2730 1518 2762 quod
1531 2727 1690 2761 praedicatur
1703 2730 1728 2753 in
1743 2737 1774 2753 eo
1788 2729 1859 2761 quod
1878 2729 1940 2760 quid
1959 2733 2013 2758 est,
2033 2732 2058 2752 et
2077 2728 2109 2751 de
2127 2735 2159 2751 eo
2178 2727 2248 2759 quod
2266 2727 2377 2751 ostendit
2391 2726 2462 2758 quod

1402 2766 1463 2798 quid
1482 2770 1537 2789 erat
1556 2772 1623 2795 esse,
1643 2765 1709 2789 idest
1723 2765 1793 2796 quod
1808 2765 1967 2788 demonstrat
1985 2763 2123 2788 essentiam
2138 2762 2185 2786 rei.
2199 2762 2273 2791 Infra,
2286 2762 2343 2786 lect.
2357 2769 2425 2789 1x‚n.
2436 2760 2461 2790 6,

1402 2801 1461 2825 dicit
1479 2808 1526 2832 per
1538 2800 1609 2832 quod
1622 2800 1686 2831 quid
1699 2803 1756 2824 erat
1772 2807 1827 2824 esse
1840 2798 1964 2823 nominari
1979 2806 2085 2823 causam
2091 2798 2245 2830 formalem,
2262 2797 2382 2829 additque
2396 2796 2463 2820 hanc

1402 2843 1460 2860 esse
1479 2836 1605 2860 rationem
1624 2834 1809 2866 significantem
1829 2834 1900 2866 quod
1918 2834 1982 2866 quid
2001 2837 2040 2858 est
2059 2831 2174 2866 (cf.1ect.
2188 2841 2212 2862 v,
2231 2840 2257 2856 n.
2271 2840 2300 2864 7,
2315 2830 2410 2865 seqq).
2430 2831 2463 2855 Et

1401 2872 1427 2896 in
1446 2871 1544 2903 Opusc.
1565 2871 1606 2895 De
1624 2874 1682 2895 ente
1701 2873 1726 2895 et
1744 2870 1870 2898 essentia,
1891 2877 1945 2901 cap.
1959 2877 1981 2898 1,
2001 2869 2048 2892 ait:
2069 2877 2081 2890 «
2095 2868 2159 2897 Quia
2179 2867 2241 2891 illud
2260 2875 2307 2899 per
2330 2867 2400 2899 quod
2419 2874 2461 2890 res

1403 2917 1416 2929 ›
1431 2907 1594 2932 constituitur
1612 2906 1636 2930 in
1656 2905 1761 2938 proprio
1785 2912 1877 2937 genere
1895 2905 1936 2928 vel
1962 2904 2048 2936 specie
2067 2908 2106 2927 est
2125 2903 2195 2935 quod
2215 2901 2388 2933 significamus
2414 2909 2461 2933 per

1403 2952 1416 2965 ι
1431 2940 1604 2966 definitionem
1620 2941 1772 2965 indicantem
1787 2940 1848 2972 quid
1863 2945 1902 2964 est
1916 2947 1966 2969 res,
1980 2939 2038 2963 inde
2051 2944 2090 2963 est
2103 2938 2173 2970 quod
2193 2945 2288 2961 nomen
2307 2937 2432 2961 essentiae
2447 2944 2462 2960 a

1403 2988 1415 3000 ιι
1432 2976 1592 3009 philosophis
1612 2976 1638 3000 in
1658 2984 1753 3000 nomen
1772 2975 1920 3008 quidditatis
1939 2979 2058 2998 mutatur.
2078 2974 2110 2997 Et
2128 2973 2177 2997 hoc
2196 2977 2236 2996 est
2254 2973 2323 3004 quod
2342 2971 2461 3002 Philoso-

1403 3023 1415 3035 »
1432 3012 1500 3045 phus
1516 3012 1541 3036 in
1555 3012 1666 3044 septimo
1682 3011 1870 3043 Metaphysicae
1883 3010 2028 3042 frequenter
2041 3008 2154 3033 nominat
2165 3007 2235 3040 quod
2247 3007 2311 3039 quid
2325 3010 2384 3031 erat
2397 3013 2460 3035 esse,

1403 3058 1415 3070 ›
1431 3048 1498 3072 idest
1516 3047 1565 3071 hoc
1580 3055 1626 3079 per
1641 3047 1711 3078 quod
1726 3046 1822 3078 aliquid
1837 3046 1912 3070 habet
1925 3052 1983 3069 esse
1998 3044 2067 3076 quid.
2080 3053 2093 3066 »
2103 3058 2122 3062 -
2132 3044 2158 3068 S.
2167 3044 2273 3067 loannes
2285 3043 2460 3066 Damascenus

1400 3089 1455 3107 tum
1474 3090 1557 3115 genus
1583 3087 1638 3106 tum
1658 3081 1770 3113 speciem
1788 3086 1863 3105 vocat
1886 3080 1950 3112 quid
1968 3083 2018 3108 est,
2039 3077 2062 3103 τί
2082 3076 2134 3103 ἐστι
2155 3077 2314 3110 (Dialectica,
2334 3085 2406 3109 capp.
2421 3085 2460 3106 vr,

1400 3126 1424 3142 1x
1439 3123 1464 3142 et
1477 3125 1500 3142 x.
1516 3118 1563 3142 Ed.
1578 3115 1752 3149 Lequien.).-
1766 3117 1835 3140 Haec
1851 3116 1998 3140 monuimus
2013 3115 2045 3139 ad
2058 3114 2197 3138 cautelam:
2211 3121 2271 3137 nam
2286 3118 2395 3144 utraque
2409 3112 2461 3136 for-

1401 3154 1471 3177 mula
1483 3152 1631 3184 promiscue
1646 3152 1768 3182 sumitur,
1784 3156 1809 3175 et
1823 3151 1926 3183 quando
1938 3158 2005 3183 opus
2020 3154 2071 3179 est,
2087 3149 2246 3173 distinctione
2261 3149 2363 3171 utimur.
2378 3147 2461 3171 Tren-

1401 3188 1543 3219 delenburg
1553 3188 1578 3211 in
1588 3187 1597 3210 1
1609 3187 1650 3211 De
1659 3187 1758 3214 anima,
1770 3194 1828 3218 pag.
1840 3185 1895 3216 160,
1907 3186 1953 3210 Ed.
1964 3186 2014 3215 cit.,
2025 3186 2057 3209 de
2066 3184 2213 3208 huiusmodi
2224 3183 2339 3207 formulis
2351 3183 2460 3212 disserit,

1400 3223 1447 3247 sed
1460 3230 1490 3247 ea
1499 3222 1655 3246 remittimus
1666 3222 1697 3245 ad
1708 3221 1909 3253 Metaphysicam
1920 3221 1970 3253 (Cf.
1978 3221 2020 3244 lib.
2028 3227 2071 3249 vn,
2082 3220 2184 3244 Comm.
2195 3218 2340 3242 s.Thomae
2351 3216 2459 3249 lect.i11).

1452 3258 1479 3289 η)
1498 3257 1542 3281 Ad
1561 3257 1758 3281 inconveniens:
1772 3256 1834 3288 quia
1848 3257 1872 3281 si
1890 3257 2009 3280 etc.—L:
2023 3255 2059 3279 ad
2073 3255 2174 3279 inconv.
2194 3253 2264 3285 quod
2278 3253 2340 3284 qu1'a
2357 3252 2381 3277 si
2398 3257 2460 3282 etc.;

1399 3293 1419 3317 F
1439 3293 1510 3325 ponit
1527 3292 1551 3317 si
1570 3297 1628 3316 ante
1646 3298 1697 3320 ex;
1720 3296 1767 3315 cet.
1787 3292 1876 3321 codd.,
1892 3294 1948 3315 exc.
1964 3291 2024 3314 CH:
2044 3290 2105 3321 quia
2126 3289 2151 3313 si
2167 3289 2244 3313 sicut.
2257 3302 2274 3307 -
2293 3288 2460 3312 Admittimus

1399 3329 1425 3352 in
1444 3333 1514 3352 textu
1531 3327 1556 3352 si
1574 3326 1723 3351 auctoritate
1742 3327 1829 3356 codd.;
1850 3334 1916 3359 quae
1936 3326 2070 3358 particula,
2095 3325 2191 3349 omissa
2210 3331 2224 3347 a
2242 3324 2262 3348 P
2281 3330 2327 3355 per
2346 3330 2461 3347 errorem

1399 3368 1510 3396 typogr„
1530 3362 1667 3394 requiritur
1686 3369 1715 3385 ex
1735 3366 1853 3385 contextu
1872 3361 2002 3385 orationis.

1453 3397 1476 3430 θ)
1490 3397 1568 3428 Quod
1579 3404 1616 3421 ex
1626 3400 1739 3428 utraque
1748 3399 1830 3428 parte
1840 3402 1889 3421 etc.
1898 3409 1917 3415 —-
1925 3395 2045 3425 ABHQT
2057 3403 2110 3419 om.
2120 3393 2192 3426 quod
2196 3402 2205 3424 ‚-
2215 3394 2284 3417 AHL
2294 3400 2347 3417 orn.
2353 3395 2462 3424 parte.-

1399 3434 1444 3458 AC
1458 3440 1578 3458 erronee:
1598 3432 1669 3464 quod
1681 3432 1784 3464 aliquid
1802 3434 1862 3456 erat
1877 3438 1946 3460 esse:
1960 3436 1985 3455 et
1997 3438 2104 3455 erronee
2119 3430 2157 3454 H:
2176 3436 2238 3459 esse,
2254 3428 2363 3460 aliquod
2376 3428 2461 3460 signi-

1392 3469 1476 3501 ficat;
1495 3468 1540 3492 F1:
1559 3467 1595 3492 sit
1613 3467 1684 3499 quod
1702 3467 1767 3499 quid
1785 3469 1824 3491 est
1839 3474 1902 3491 esse.

1454 3504 1471 3536 ι)
1489 3502 1612 3528 Ostendit
1627 3502 1734 3526 modum
1751 3507 1826 3526 etc.—-
1836 3502 1873 3526 G:
1894 3501 2011 3526 ostendit
2029 3500 2143 3525 medium
2158 3498 2289 3532 quomodo
2303 3497 2463 3523 conveniunt

1400 3540 1448 3564 hoc
1468 3538 1665 3571 manifestetur;
1684 3538 1717 3561 F:
1737 3545 1788 3569 quo
1814 3537 1997 3562 inconveniens
2015 3536 2064 3560 hoc
2082 3535 2249 3564 ostenderam
2269 3538 2293 3558 et
2307 3533 2462 3558 ostendetur

1401 3575 1477 3599 etiam
1495 3574 1518 3603 1;
1533 3573 1594 3603 BQ:
1608 3573 1804 3606 manifestatur.
1819 3573 1847 3597 P.
1863 3572 1968 3597 modum
1984 3571 2035 3603 quo
2048 3571 2096 3596 hoc
2110 3570 2301 3595 convenienter.
2315 3569 2370 3593 Cet.
2385 3568 2461 3593 codd.

1401 3616 1429 3635 ut
1446 3610 1472 3634 in
1491 3614 1568 3634 textu.

2258 3657 2318 3689 43*

2491 832 2505 880 :³
2508 832 2582 884 ⁴22411'1111
2588 839 2703 856 omoetrm

2488 937 2542 958 'aaz
2551 939 2634 960 uteac:
2640 939 2704 966 quod

2488 966 2634 986 assumatur.

2490 991 2497 998 ·
2513 996 2557 1011 cu:
2572 997 2647 1018 omne,
2661 992 2701 1013 sed

2488 1023 2590 1039 erronee.
2602 1018 2638 1039 Cf.
2645 1021 2702 1040 text.

2488 1148 2500 1159 ⁸
2508 1154 2653 1175 Arci-runco:
2664 1155 2703 1171 se-

2489 1175 2579 1202 quitur;
2587 1181 2614 1197 o:
2624 1182 2704 1204 seque·

2489 1203 2563 1223 retur.

2488 1254 2500 1264 ⁸
2506 1254 2581 1277 Codd.
2586 1265 2596 1271 -
2602 1261 2623 1276 1²:
2630 1261 2701 1283 opor-

2491 1280 2554 1302 tebit.

2490 1465 2502 1476 *
2517 1464 2599 1491 Codd.,
2611 1472 2659 1497 exe.
2671 1472 2702 1488 no

2491 1497 2542 1512 No.-
2551 1498 2574 1512 p:
2587 1495 2703 1519 sequitur,-

2491 1524 2505 1539 ο
2514 1525 2519 1539 2
2530 1521 2648 1546 sequetur.

2589 1555 2597 1570 ι

2489 1845 2499 1856 “
2508 1844 2582 1866 Codd.
2589 1856 2598 1860 -
2605 1851 2630 1866 1²:
2640 1851 2701 1867 esse.

2488 1944 2499 1955 ⁸
2513 1944 2586 1966 Codd.
2598 1951 2641 1966 -Pt
2661 1945 2702 1966 de—

2489 1970 2582 1993 ducere.

2489 2059 2500 2070 ⁸
2508 2065 2540 2080 n:
2549 2059 2701 2086 accipiamus.

2490 2112 2501 2122 ⁸
2511 2111 2602 2139 Ncrnpe
2616 2112 2701 2133 imme-

2492 2138 2573 2159 diatas.
