2788 4204
1147 284 1258 320 CAP.
1287 285 1379 332 vn,
1410 285 1560 323 LECT.
1589 285 1641 322 v1

54 373 124 398 ’και
139 374 270 394 essent-r
297 361 457 398 tationes
482 362 544 398 vel
567 361 836 398 collocutiones
865 368 1016 398 nostrae
1045 361 1117 398 sint
1135 363 1155 381 ¹⁸
1176 362 1366 410 quaedam

54 405 77 420 m
87 405 135 420 om.
144 398 269 426 quaedam.

53 426 65 437 ⁸
71 432 100 447 iu?
108 433 113 447 :
122 426 270 452 sequeretur,-

54 458 139 477 »ωηατ
155 451 270 479 sequitur.

2408 287 2484 334 349

1481 376 1537 401 10.
1566 364 1715 401 Deinde
1744 376 1832 400 cum
1862 363 1966 401 dicit:
1994 365 2058 400 Ex
2075 364 2132 400 his
2151 364 2267 413 igitur
2286 376 2404 412 neque
2422 365 2483 401 de-

299 414 557 460 definitiones;
588 423 625 451 et
661 414 829 451 similiter
866 421 1046 462 sequetur
1074 416 1093 433 ⁴*
1123 415 1228 462 quod
1262 416 1364 462 Ilias,
1409 417 1537 463 finitio
1567 425 1657 463 etc.‚
1689 417 1850 465 epilogat
1883 429 1982 466 quae
2016 417 2240 465 disputative
2274 417 2482 465 praemissa

297 467 395 503 idest
416 479 560 515 poema
589 467 750 503 Homeri
779 467 826 503 de
855 467 954 503 bello
975 466 1157 515 Troiano,
1179 467 1224 503 sit
1251 480 1366 515 quae·
1421 477 1508 505 sunt
1525 467 1548 506 λ.
1570 470 1619 506 Et
1639 469 1726 506 dicit
1753 470 1859 518 quod
1888 482 1932 506 ex
1957 469 2173 519 praemissis
2200 470 2350 507 videtur
2375 470 2482 518 sequi
2606 471 2624 496 λ

53 689 65 701 “
74 694 141 714 unq:
152 687 269 715 ¹viminu.-

55 721 86 736 κε
108 714 178 736 talem
194 713 271 735 ratio-

55 747 115 763 nern.

55 843 66 852 '¹
82 841 118 864 Cf.
128 841 139 863 1
149 841 270 867 Periher„

53 868 108 891 lect.
119 874 147 896 n,
161 874 185 889 n.
196 867 219 889 8.

299 520 390 556 dam
416 520 598 557 definitio.

353 585 389 620 9.
411 573 584 610 Tertiam
604 571 790 608 rationem
815 571 923 620 ponit
947 571 1015 608 ibi:
1044 571 1217 620 Amplius
1249 584 1368 621 neque

299 637 375 662 una
402 626 556 662 scientia
586 632 675 670 etc.;
714 637 813 673 quae
850 624 932 661 talis
965 632 1031 661 est.
1066 625 1181 662 Nulla
1214 626 1367 662 scientia

298 678 535 715 demonstrat
549 677 655 726 quod
669 677 742 714 tale
757 689 902 714 nomen
916 677 1101 725 significet
1112 680 1131 699 ²¹*
1142 679 1256 715 talem
1272 691 1365 715 rem.

298 731 471 768 Nomina
499 731 601 767 enim
618 729 833 778 'significant
847 731 896 767 ad
910 731 1108 779 placitum;
1138 731 1239 768 unde
1255 744 1368 780 opor-

298 791 351 821 tet
381 784 457 820 hoc
494 796 712 832 supponere
749 783 962 820 secundum
996 785 1234 821 voluntatem
1268 785 1368 821 insti-

298 837 437 874 tuentis
453 838 484 874 *.
515 837 762 874 Manifestum
784 845 839 873 est
858 844 986 873 autem
1016 837 1122 885 quod
1141 837 1180 874 in
1200 838 1366 886 qualibet

299 890 456 927 scientia
484 890 622 927 dantur
641 890 789 938 aliquae
815 890 1055 927 definitiones
1074 896 1099 926 ⁸.
1121 890 1367 927 Manifestum

299 951 356 981 est
384 956 474 992 ergo
511 943 619 992 quod
647 943 886 980 definitiones
924 956 1002 980 non
1031 942 1244 991 significant
1279 944 1366 990 hoc,

298 997 437 1034 scilicet
455 997 578 1034 solam
597 996 764 1033 nominis
792 996 1152 1046 interpretationem.

352 1158 378 1192 κ)
398 1158 572 1192 Manifestum
591 1161 631 1183 est
644 1160 734 1182 autem
753 1156 826 1190 quod
840 1156 866 1181 in
885 1157 1003 1189 qualibet
1020 1157 1130 1182 scientia
1145 1156 1246 1182 dantur
1263 1157 1370 1189 aliquae

298 1193 581 1227 definitiones-*Haec
599 1193 777 1218 desiderantur
796 1192 822 1216 in
839 1192 872 1222 P,
893 1197 918 1217 et
936 1193 1107 1217 restituuntur
1121 1199 1152 1216 ex
1165 1192 1279 1216 unanimi
1294 1192 1369 1216 codd.

297 1229 527 1255 auctoritate.-F:
548 1232 703 1258 causantur,
719 1235 766 1260 pro
779 1228 896 1256 dantur-‚¹
916 1227 940 1252 Ο
959 1235 1012 1252 om.
1027 1227 1134 1259 aliquae
1154 1227 1327 1260 definitiones.

313 1283 319 1287 -
351 1264 380 1298 λ)
400 1265 530 1298 Epilogat
547 1271 616 1297 quae
635 1263 797 1296 disputative
815 1262 969 1295 praemissa
987 1265 1110 1288 παλ-ι
1133 1262 1206 1287 circa
1224 1267 1305 1287 totam
1325 1262 1369 1287 ha-

299 1309 315 1324 »
330 1300 412 1326 bitam
431 1300 631 1333 disputationem
651 1307 666 1324 a
684 1299 800 1324 secundo
819 1299 901 1331 capite
919 1298 970 1323 huc
989 1305 1082 1330 usque,
1103 1298 1246 1322 notandum
1266 1303 1313 1328 est,
1330 1298 1370 1322 in-

301 1346 314 1360 »
330 1336 388 1369 quit
408 1336 560 1366 Caietanus,
575 1335 647 1368 quod
665 1334 818 1360 Aristoteles
837 1334 970 1367 proposita
985 1338 1098 1366 quatuor
1117 1331 1168 1367 (Cf.
1183 1333 1241 1358 lect.
1254 1341 1286 1364 ιι,
1300 1342 1326 1358 n.
1342 1332 1368 1367 2)

300 1381 314 1394 ²
330 1370 440 1398 fideliter
459 1376 580 1397 executus
600 1375 647 1401 est,
667 1370 726 1395 licet
744 1370 859 1403 primum
878 1374 903 1394 et
922 1369 1067 1394 secundum
1087 1369 1164 1393 simul
1189 1369 1368 1402 disputaverit;

300 1415 314 1430 ι
329 1410 356 1432 et
373 1404 460 1432 subtili
479 1406 597 1432 discursu
616 1411 723 1431 cunctos
742 1404 890 1439 pertransiit
908 1405 1016 1435 modos,
1037 1404 1132 1437 quibus
1152 1404 1222 1437 quod
1248 1404 1311 1437 quid
1330 1409 1370 1428 est

299 1451 315 1467 ι
331 1442 503 1468 demonstrari
528 1447 572 1468 aut
595 1442 721 1473 introduci
744 1440 836 1474 possit.
859 1441 966 1473 Septem
989 1448 1104 1473 namque
1128 1440 1223 1465 modos
1248 1440 1368 1470 adduxit,

1421 522 1527 570 quod
1555 522 1723 559 definitio
1753 531 1789 559 et
1817 522 2055 570 syllogismus
2083 535 2161 559 non
2181 531 2267 559 sunt
2286 522 2399 569 idern,
2416 535 2480 559 ne-

1421 586 1496 622 que
1525 575 1573 612 de
1602 575 1757 621 eodem;
1788 583 1824 612 et
1851 576 1954 623 quod
1985 575 2152 612 definitio
2172 575 2301 612 nihil*
2322 575 2481 612 demon-

1421 635 1510 663 stret
1538 628 1575 674 *,
1606 628 1694 675 quia
1722 640 1800 664 non
1829 636 1883 664 est
1912 629 1958 665 de
1988 629 2125 665 eodem
2156 629 2202 665 de
2231 640 2308 677 quo
2338 636 2393 664 est
2417 628 2480 664 de-

1421 680 1656 717 monstratio.
1692 682 1741 717 Et
1777 681 1944 718 similiter
1979 681 2128 718 videtur
2165 693 2247 718 esse
2285 688 2481 718 ostensum

1421 733 1526 781 quod
1554 745 1633 770 non
1662 741 1716 770 est
1738 733 1916 782 possibile
1936 746 2165 781 cognoscere
2185 734 2286 782 quod
2306 734 2397 782 quid
2412 739 2479 779 est,

1422 797 1546 834 neque
1574 798 1643 834 per
1666 786 1926 823 definitionem
1952 788 1986 833 ²³,
2008 799 2131 836 neque
2150 799 2219 835 per
2245 787 2480 824 demonstra-

1421 838 1583 883 tionem;
1613 839 1701 886 quia
1730 839 1897 876 definitio
1927 841 2051 876 solum
2080 840 2242 877 ostendit
2273 840 2363 888 quid
2387 845 2420 885 μ,
2446 847 2482 876 et

1422 891 1695 928 demonstratio
1711 892 1873 929 ostendit
1886 893 1973 940 quia
1989 898 2050 929 est.
2069 894 2144 930 Sed
2159 894 2207 930 ad
2228 892 2481 940 cognitionem

1422 944 1522 991 quod
1547 944 1644 992 quid=
1662 950 1716 980 est
1742 944 1940 993 requiritur
1963 946 2124 993 cognitio
2152 946 2240 994 quia
2269 953 2343 993 est,
2367 953 2409 982 ut
2427 945 2481 982 di-

1424 1004 1526 1033 ctum
1556 1003 1620 1033 est.

1425 1166 1439 1180 ι
1455 1157 1548 1189 quibus
1568 1157 1639 1189 quod
1654 1156 1716 1189 quid
1731 1161 1770 1181 est
1784 1157 1935 1190 imaginatur
1949 1156 2041 1188 induci,
2052 1157 2146 1182 scilicet
2159 1165 2206 1190 per
2218 1165 2306 1183 veram
2321 1159 2481 1184 demonstra-

1425 1200 1440 1215 »
1455 1193 1565 1221 tionem,
1585 1199 1631 1224 per
1649 1191 1816 1222 divisionem,
1836 1199 1881 1224 per
1904 1197 1985 1216 artem
2005 1191 2171 1222 definitivam,
2191 1201 2237 1225 per
2255 1194 2417 1226 oppositum,
2436 1202 2482 1227 per

1425 1235 1440 1250 x>
1454 1227 1637 1257 inductionem,
1657 1234 1702 1259 per
1721 1227 1901 1251 admixtionem
1922 1235 1979 1251 cum
1999 1227 2022 1252 si
2040 1231 2079 1252 est
2098 1235 2144 1252 seu
2163 1228 2226 1260 quia
2244 1232 2296 1257 est.
2317 1234 2342 1253 et
2359 1237 2406 1261 per
2419 1230 2482 1262 quid

1426 1272 1439 1285 ι
1455 1262 1583 1293 nominis,
1603 1267 1632 1286 ut
1650 1267 1720 1294 patet
1738 1269 1768 1286 ex
1790 1262 1870 1286 dictis.
1889 1262 1991 1286 Praeter
2009 1262 2058 1286 hos
2077 1262 2145 1287 enim
2171 1264 2263 1288 modos
2282 1271 2334 1288 non
2352 1264 2425 1289 facile
2443 1270 2483 1289 est

1426 1307 1439 1321 »
1455 1303 1578 1322 octavum
1596 1297 1711 1322 invenire
1726 1306 1740 1320 ι
1756 1297 1803 1330 (In
1823 1298 1842 1322 11
1863 1297 1974 1327 Postera,
1989 1305 2044 1329 cap.
2058 1305 2092 1328 Vl,
2108 1298 2151 1322 fol.
2165 1297 2207 1327 80,
2220 1299 2268 1323 col.
2282 1298 2319 1330 4).

1478 1333 1506 1367 μ)
1530 1333 1652 1358 Ostendit
1675 1333 1740 1365 quid
1764 1338 1811 1358 etc.
1826 1347 1845 1351 —
1861 1333 1894 1357 B:
1914 1336 1963 1357 ost.
1983 1333 2053 1365 quod
2075 1333 2154 1365 quid;
2177 1333 2237 1357 HT:
2257 1337 2306 1358 ost.
2325 1334 2389 1366 quid
2406 1337 2484 1359 est.—

1424 1368 1514 1398 Codd.,
1529 1376 1582 1393 exc.
1594 1368 1631 1398 Q:
1645 1368 1692 1393 sed
1706 1368 1906 1393 demonstratio.
1916 1381 1934 1387 —
1944 1368 1979 1398 Q:
1990 1375 2041 1400 per
2056 1368 2305 1393 demonstrationem
2313 1376 2321 1397 ,·
2335 1372 2362 1394 et
2375 1369 2483 1394 demon-

1423 1404 1520 1429 stratio
1530 1404 1646 1429 ostendit
1659 1403 1722 1435 quia
1736 1407 1782 1433 est,
1794 1403 1911 1436 definitio
1925 1404 2009 1428 solum
2020 1403 2093 1436 quid.
2105 1403 2159 1428 Sed
2171 1404 2209 1428 ad
2217 1404 2392 1437 cognitionem
2407 1410 2456 1429 etc.
2464 1417 2484 1424 —-

1423 1440 1445 1464 B
1464 1439 1529 1464 insta
1547 1439 1642 1464 omittit
1658 1439 1776 1471 cognitio
1795 1439 1858 1470 quia
1876 1442 1924 1464 est.

2508 582 2518 591 ·
2531 589 2558 603 x:
2573 587 2628 604 non.

2509 636 2518 644 '
2526 640 2722 660 Λευειικκκοαεττ

2508 660 2662 682 demonstrat.

2509 795 2518 804 “
2533 800 2555 815 ιη
2562 802 2568 815 :
2577 795 2720 822 suppositio-

2507 827 2567 842 nem.
