2788 4204
99 370 110 380 ⁸
117 368 252 390 Cf.1Peri}1.
259 368 312 388 lect.

99 406 121 425 x,
133 405 155 420 n.
167 405 190 420 10
202 402 223 420 et
233 394 307 420 ῃοῐ.λ.

98 528 108 538 ⁸
119 526 192 548 Multa
204 533 231 547 ex
242 526 310 547 codd.

96 743 107 753 ⁸
115 741 190 763 Codd.
199 742 256 765 (exc.
264 742 309 765 aso:

96 768 231 795 quaerimus
260 768 310 787 sta-

98 796 143 815 tum
152 801 160 819 ‚·
174 800 218 814 au:
236 798 309 820 quae-

97 826 177 842 ramus
192 821 285 840 statum.

95 952 106 962 ⁸
120 957 170 972 ota:
181 950 258 978 ponit.

94 1056 103 1064 ·
118 1055 188 1076 Num.
200 1060 249 1082 seq.

89 1144 102 1176 ⁸
117 1164 187 1186 Num.
203 1169 225 1191 9.

92 1325 103 1335 ⁸
114 1330 132 1346 1:
144 1324 182 1352 Qd
191 1330 246 1345 uere
252 1326 303 1351 pot.

90 1749 100 1759 ⁸
114 1754 142 1769 c:
158 1747 223 1775 quia.

90 1800 101 1811 ⁸
116 1799 206 1821 Codd.:
222 1806 302 1820 essen-

90 1826 193 1852 tialiter;
207 1833 222 1847 n
237 1832 284 1847 om.

89 1959 100 1970 ⁸
150 1965 155 1979 ι
178 1958 300 1980 subiecti.-

90 1985 225 2006 Subicctiva
234 2002 239 2011 ,
256 1986 301 2007 hoc

89 2015 131 2036 est,
148 2012 247 2038 species.
266 2012 302 2034 Cf.

90 2038 99 2058 1
114 2038 195 2059 Periit.
215 2039 267 2060 lect.
279 2045 300 2066 1,

89 2070 113 2085 n.
125 2070 146 2092 7.

89 2096 120 2116 ἰι
130 2095 193 2123 sign.
204 2096 302 2124 aliquod

89 2122 223 2144 subiectum.

343 237 419 274 274

340 305 479 351 multa,
509 316 588 340 non
616 304 754 352 poterit
789 303 1048 352 praedicatum
1082 301 1296 349 simpliciter
1333 299 1406 336 dici

340 358 430 406 quid
441 358 503 394 vel
519 357 629 405 quale
635 370 648 401 ;
663 358 730 394 sed
746 357 839 393 forte
861 356 1005 393 dicetur
1020 355 1131 391 simul
1147 353 1257 401 quale
1271 353 1362 402 quid
1372 354 1404 399 ²³⁸,

339 418 431 459 puta
459 410 489 447 si
517 410 653 457 dicam,
682 411 794 446 homo
823 414 877 445 est
902 408 1046 444 animal
1072 407 1211 443 album.
1234 406 1320 443 Fuit
1339 418 1404 442 au-

339 471 417 500 tem
445 463 657 499 necessaria
676 463 771 498 haec
800 461 958 506 additi03
979 460 1068 509 quia
1097 460 1127 496 si
1151 460 1270 495 multa
1297 471 1405 507 prae-

340 517 511 553 dicentur
540 515 586 552 de
614 527 709 561 uno,
731 514 781 550 ita
809 514 914 562 quod
934 514 1053 550 multa
1070 513 1090 534 ²¹²
1105 511 1337 560 accipiantur
1365 512 1404 548 in

339 569 482 606 ratione
496 569 608 604 unius
622 566 837 616 praedicati,
849 573 1027 614 poterunt
1042 565 1080 602 in
1094 565 1285 602 infinitum
1295 578 1404 614 prae-

340 622 544 659 dicationes
565 619 813 669 multiplicari,
835 620 1048 656 secundum
1068 618 1235 655 infinitos
1264 619 1404 655 modos

339 673 582 711 combinandi
615 672 829 721 praedicata
869 673 917 709 ad
955 672 1132 708 invicem.
1167 671 1279 708 Unde
1314 684 1403 708 cum

338 727 529 776 quaeritur
542 727 563 747 ³¹²
577 733 693 762 status
708 725 747 762 in
766 725 824 761 his
840 737 938 774 quae
953 725 1229 774 praedicantur,
1247 736 1402 762 necesse

338 787 393 816 est
421 779 591 827 accipere
619 791 741 817 unum
771 778 818 814 de
846 791 925 815 uno
954 778 1176 827 praedicari.

390 845 426 880 7.
447 832 594 869 Deinde
624 844 712 868 cum
743 831 848 868 dicit:
867 831 1040 880 Amplius
1057 830 1302 868 substantiam
1322 831 1401 878 qui-

335 887 418 922 dem
440 893 521 931 ete„
538 885 702 922 ostendit
721 884 973 929 differentiam
992 884 1274 933 praedictorum
1294 895 1402 932 prae-

335 939 558 975 dicatorum.
576 939 625 975 Et
640 938 738 975 circa
752 938 827 974 hoc
841 938 910 975 tria
926 938 1028 975 facit:
1044 938 1181 987 primo,
1198 937 1403 986 proponit*

335 991 603 1036 differentiam3
636 991 827 1038 secundo,
858 991 1071 1028 manifestat
1103 1004 1172 1039 per
1205 991 1400 1039 exempla;

333 1044 400 1081 ibi:
436 1046 486 1082 Ut
510 1045 556 1081 de
582 1045 734 1081 homine
760 1050 797 1081 et
822 1044 908 1081 albo
930 1045 949 1066 *
970 1052 1061 1091 etc.,
1088 1045 1217 1091 tertio,
1240 1044 1403 1082 excludit

334 1098 542 1146 quamdam
569 1098 851 1144 obviationem3
885 1098 954 1134 ibi:
990 1099 1136 1147 Species
1173 1097 1272 1135 enim
1305 1110 1402 1147 gau-

333 1151 446 1188 deant
464 1152 484 1173 *
504 1159 573 1188 etc.
599 1151 699 1188 Dicit
718 1164 807 1199 ergo
827 1151 965 1200 primo,
987 1151 1092 1200 quod
1111 1151 1172 1188 illa
1195 1163 1294 1200 quae
1314 1152 1401 1188 sub-

334 1204 509 1241 stantiam
538 1204 768 1252 significant,
795 1212 945 1254 oportet
973 1205 1079 1254 quod
1107 1205 1319 1253 significent
1345 1217 1401 1241 re-

333 1266 464 1306 spectu
494 1258 573 1295 eius
603 1258 650 1294 de
679 1271 755 1307 quo
775 1258 1053 1307 praedicantur,
1074 1258 1175 1306 quod
1199 1269 1289 1294 vere
1311 1258 1404 1295 illud

332 1316 404 1356 est,
425 1317 493 1348 aut
509 1311 610 1359 quod
626 1322 715 1348 vere
734 1311 826 1348 illud
843 1311 994 1360 aliquid.
1013 1311 1130 1358 Quod
1148 1318 1273 1359 potest
1294 1311 1314 1332 *
1333 1311 1401 1348 du-

331 1363 476 1412 pliciter
504 1363 666 1411 intelligi.
693 1365 780 1402 Uno
809 1365 941 1412 modo,
961 1372 1003 1401 ut
1026 1364 1246 1401 ostendatur
1273 1364 1400 1402 distin-

334 1417 406 1453 ctio
421 1423 437 1447 Ρ
456 1430 501 1454 ex
519 1424 626 1466 parte
641 1418 857 1466 praedicati,
870 1417 976 1466 quod
995 1417 1057 1454 vel
1077 1417 1260 1465 significat
1279 1425 1400 1455 totam

334 1471 537 1508 essentiam
566 1470 734 1517 subiecti,
756 1471 852 1508 sicut
875 1470 1064 1507 definitio:
1092 1477 1128 1507 et
1155 1471 1230 1507 hoc
1258 1470 1399 1518 signifi-

334 1530 392 1559 cat
418 1536 506 1561 cum
541 1524 646 1561 dicit:
676 1524 778 1572 quod
797 1536 887 1561 vere
910 1523 1002 1561 illud
1027 1529 1098 1568 est;
1125 1524 1187 1559 vel
1216 1523 1401 1571 significat

331 1583 478 1624 partem
508 1576 703 1623 essentiae,
731 1577 826 1614 sicut
853 1589 984 1625 genus,
1013 1577 1075 1614 vel
1104 1576 1334 1614 differentia:
1363 1585 1400 1615 et

331 1630 406 1665 hoc
434 1630 618 1678 significat
643 1642 731 1667 curn
765 1630 873 1676 dicit3
903 1636 970 1667 aut
987 1631 1088 1679 quod
1103 1642 1193 1667 vere
1219 1630 1312 1667 illud
1332 1631 1400 1668 ali-

332 1682 431 1730 quid.
457 1683 542 1720 Alio
568 1683 699 1729 modo,
727 1691 764 1720 et
786 1683 935 1731 melius,
960 1691 1002 1720 ut
1026 1683 1398 1722 ostendatur'distin-

333 1734 404 1771 ctio
431 1748 475 1772 ex
498 1745 604 1785 parte
625 1737 799 1785 subiecti,
820 1737 926 1786 quod
947 1737 967 1759 *
987 1738 1218 1786 quandoque
1235 1745 1291 1774 est
1310 1750 1399 1775 con-

330 1788 501 1826 vertibile
531 1803 619 1827 eum
639 1790 857 1839 praedicato
874 1791 1061 1828 essentiali
1082 1792 1120 1838 ¹⁸,
1148 1790 1243 1827 sicut
1266 1791 1399 1828 defini-

330 1847 412 1877 tum
442 1855 530 1880 cum
551 1844 789 1881 definitione:
812 1852 848 1881 et
875 1845 950 1881 hoc
970 1844 1155 1893 significat
1183 1856 1272 1881 cum
1292 1844 1398 1882 dicit:

330 1895 432 1942 quod
454 1907 542 1933 vere
567 1897 660 1934 illud
676 1904 744 1944 est;
765 1898 998 1947 quandoque
1018 1910 1113 1935 vero
1130 1904 1185 1934 est
1203 1910 1291 1946 pars
1311 1898 1399 1935 sub-

330 1947 465 1985 iectiva
485 1950 505 1970 *
524 1951 745 1999 praedicati,
773 1951 869 1988 sicut
892 1952 1012 1988 homo
1051 1951 1248 1988 animalis:
1269 1958 1305 1988 et
1323 1952 1399 1989 hoc

331 2000 515 2048 significat
539 2016 628 2041 cum
653 2004 758 2042 dicit:
791 2010 859 2042 aut
886 2005 988 2053 quod
1013 2016 1102 2042 vere
1131 2004 1224 2041 illud
1244 2004 1397 2053 aliquid.

331 2054 462 2092 Homo
501 2057 603 2094 enim
633 2058 788 2106 aliquod
813 2058 954 2095 animal
985 2066 1050 2095 est.
1087 2058 1164 2095 Sed
1201 2058 1263 2095 illa
1300 2070 1398 2107 quae

329 2119 408 2145 non
428 2110 638 2157 significant
656 2111 906 2149 substantiam
920 2113 941 2133 *
952 2141 960 2159 ,
983 2112 1050 2149 sed
1071 2111 1247 2149 dicuntur
1267 2112 1315 2149 de
1334 2111 1398 2149 ali-

329 2263 390 2283 sunt
408 2258 460 2283 duo
479 2265 602 2290 suprema
627 2264 722 2289 genera
740 2264 837 2282 rerum.
861 2257 1007 2282 Substantia
1026 2263 1113 2282 autern
1133 2259 1218 2291 prouti
1241 2258 1354 2283 sumitur
1372 2259 1398 2283 in

328 2293 378 2318 hoc
397 2299 522 2326 conceptu
546 2292 665 2325 generico
689 2293 841 2317 divisionem
861 2301 913 2317 non
933 2293 1040 2325 patitur,
1061 2294 1121 2325 quia
1140 2301 1298 2326 quocunque
1317 2294 1398 2318 modo

329 2329 512 2359 consideretur,
532 2329 587 2360 ipsa
606 2333 646 2353 est
662 2333 687 2352 et
700 2328 776 2352 debet
795 2335 854 2352 esse
871 2335 917 2353 ens
930 2329 974 2353 cui
985 2329 1111 2360 competit
1124 2336 1176 2360 per
1194 2336 1230 2358 se,
1250 2329 1300 2353 hoc
1319 2334 1359 2354 est
1371 2329 1397 2354 in

330 2365 425 2396 seipso,
439 2364 563 2393 existere,
579 2366 605 2388 et
619 2371 670 2388 non
691 2363 717 2388 in
732 2363 858 2389 subiecto.
870 2364 969 2396 Accipit
982 2364 1152 2396 proculdubio
1166 2364 1309 2389 substantia
1327 2364 1398 2390 diffe-

329 2400 424 2424 rentias
443 2398 589 2431 specificas,
609 2399 655 2423 sed
675 2398 725 2423 hae
742 2406 795 2423 non
813 2399 953 2432 respiciunt
972 2399 1089 2424 ordinem
1108 2399 1306 2429 subsistentiae,
1330 2407 1398 2433 quae

330 2435 464 2459 immutata
482 2439 629 2467 permanet,
652 2434 698 2458 sed
716 2434 802 2467 potius
821 2435 939 2459 ordinem
960 2434 1123 2466 perfectionis
1143 2435 1283 2460 obiectivae
1302 2436 1327 2460 in
1341 2436 1397 2468 ipsa

330 2470 503 2494 subsistentia.
522 2470 556 2494 At
575 2474 663 2494 contra
681 2469 813 2499 accidens,
833 2470 892 2502 quia
911 2476 1040 2502 quatenus
1059 2476 1099 2495 est
1117 2471 1142 2495 in
1162 2471 1291 2501 subiecto,
1310 2471 1397 2496 subie-

331 2510 401 2529 ctum
420 2506 506 2537 ipsum
524 2512 555 2529 ex
574 2510 663 2529 natura
682 2512 729 2529 sua
748 2503 890 2535 modificat,
910 2505 1059 2536 vestiendo,
1085 2510 1113 2530 ut
1132 2506 1166 2531 ita
1190 2506 1287 2537 dicam,
1311 2507 1397 2538 ipsum

331 2541 505 2565 determinatis
524 2540 609 2564 modis
629 2540 765 2570 existendi,
786 2548 816 2564 ex
829 2540 878 2565 hoc
898 2541 979 2572 capite
998 2541 1023 2565 in
1042 2541 1112 2565 varia
1131 2542 1178 2566 alia
1197 2549 1292 2574 genera
1309 2542 1397 2566 dividi-

330 2581 380 2600 tur.
400 2576 465 2600 Nam
483 2576 508 2600 vi
528 2576 664 2600 accidentis
683 2575 717 2600 ita
735 2580 821 2607 potest
845 2575 986 2600 modificari
1011 2576 1156 2601 subiectum
1175 2582 1204 2601 ut
1228 2582 1346 2602 concrete
1365 2578 1398 2602 sit

332 2616 375 2636 aut
394 2614 522 2643 quantum
542 2609 665 2642 (ποσόν),
685 2615 728 2635 aut
745 2611 823 2643 quale
842 2609 960 2645 (ποιόν),
981 2616 1024 2636 aut
1039 2612 1162 2641 relatum,
1176 2620 1224 2636 seu
1240 2613 1278 2637 ad
1295 2613 1398 2645 aliquid

333 2644 412 2680 (πρὸς
431 2645 486 2680 τι),
506 2651 550 2670 aut
569 2646 613 2671 ubi
632 2644 728 2679 (ποῦ),
749 2650 792 2670 aut
816 2646 924 2678 quando
949 2645 1059 2680 (ποτέ),
1082 2652 1125 2671 aut
1149 2647 1230 2672 situm
1250 2645 1396 2680 (κεῖσθαι),

332 2687 375 2706 aut
399 2682 497 2707 habens
521 2678 631 2715 (ἔχειν),
652 2685 695 2706 aut
717 2688 799 2714 agens
819 2679 946 2715 (ποιεῖν),
969 2686 1012 2706 aut
1032 2682 1140 2713 patiens
1163 2679 1312 2717 (πάσχειν).
1332 2684 1398 2708 Hinc

331 2717 454 2742 accidens
468 2717 637 2742 subdividitur
656 2717 681 2741 in
700 2724 795 2741 novem
815 2724 910 2749 genera
932 2724 1054 2748 suprema
1073 2718 1250 2747 accidentium,
1266 2725 1334 2750 quae
1346 2726 1399 2743 una

332 2760 392 2777 cum
412 2752 554 2777 substantia
573 2752 730 2777 constituunt
744 2752 834 2776 decem
849 2752 1056 2784 praedicamenta
1074 2760 1121 2777 seu
1134 2754 1283 2786 categorias.
1298 2753 1337 2778 De
1357 2753 1397 2778 his

332 2788 479 2820 singillatim
493 2788 544 2820 agit
558 2788 712 2812 Aristoteles
731 2787 757 2812 in
771 2795 850 2820 opere
865 2788 941 2812 citato
958 2795 972 2812 a
990 2795 1045 2821 cap.
1058 2795 1087 2812 ιιι
1106 2788 1138 2812 ad
1154 2795 1190 2813 vn
1211 2789 1348 2819 inclusive;
1368 2796 1398 2814 ac

332 2823 424 2847 deinde
440 2830 486 2855 per
499 2823 599 2855 reliqua
611 2823 693 2855 capita
711 2822 846 2855 (vm—xii.)
861 2823 913 2855 agit
927 2823 959 2847 de
973 2823 1070 2853 modis,
1086 2823 1130 2856 qui
1145 2823 1177 2848 ad
1192 2824 1398 2856 praedicamenta

331 2858 441 2883 invicem
456 2863 601 2890 comparata
616 2863 823 2891 consequuntur:
839 2858 883 2890 qui
893 2858 963 2882 modi
976 2858 1258 2890 Postpraedicamenta
1269 2859 1397 2890 dicuntur,

332 2894 397 2918 sicut
411 2894 564 2926 aequivoca,
583 2894 692 2918 univoca
710 2898 736 2918 et
754 2894 861 2926 analoga
880 2898 906 2918 et
924 2893 972 2918 alia
995 2901 1062 2926 quae
1081 2894 1237 2926 praecedunt
1261 2899 1397 2919 tractatum

332 2929 364 2954 de
376 2929 484 2961 singulis
497 2929 722 2961 praedicamentis,
733 2929 1020 2960 Antepraedieamenta
1033 2929 1099 2954 dicta
1113 2934 1181 2954 sunt.
1198 2939 1211 2952 α
1226 2930 1398 2962 Unumquod-

332 2972 383 2997 que
407 2972 499 2989 eorum
522 2964 842 2996 (praedicamentorum)
861 2971 929 2996 quae
949 2974 962 2987 ι
982 2970 1132 2990 enumerata
1147 2969 1216 2996 sunt,
1231 2965 1318 2998 inquit
1335 2965 1397 2990 Ari-

333 3008 347 3023 »
360 3000 465 3024 stoteles
485 2999 555 3032 (cap.
567 3000 616 3032 ιι),
636 3000 721 3031 ipsum
740 3007 786 3032 per
805 3007 834 3024 se
853 3007 900 3024 nec
924 2998 1034 3024 affirmat
1052 3000 1183 3032 quidpiam
1202 3007 1249 3025 nec
1269 3006 1358 3033 negat,
1373 3006 1399 3026 at

334 3044 347 3058 »
361 3043 452 3060 eorum
471 3035 536 3059 inter
549 3042 578 3059 se
597 3035 776 3059 coniunctione
789 3033 925 3059 affirmatio
943 3035 1105 3060 constituitur
1123 3041 1167 3061 aut
1179 3036 1289 3069 negatio.
1304 3036 1398 3061 Omnis

334 3080 347 3093 ι
362 3071 431 3095 enim
449 3069 583 3095 affirmatio
602 3075 646 3095 aut
664 3071 766 3103 negatio
783 3070 884 3095 videtur
903 3075 947 3095 aut
960 3078 1022 3095 vera
1038 3076 1082 3096 aut
1100 3070 1164 3096 falsa
1182 3079 1241 3096 esse
1247 3078 1254 3101 ;
1274 3079 1341 3104 quae
1359 3076 1398 3096 ta-

333 3114 348 3129 »
363 3113 424 3130 men
443 3106 498 3130 sine
521 3106 574 3130 ulla
597 3105 775 3130 coniunctione
800 3106 931 3136 dicuntur,
946 3113 1037 3130 eorum
1062 3107 1162 3131 nullum
1181 3107 1223 3131 vel
1246 3114 1337 3132 verum
1355 3107 1397 3132 vel

334 3151 347 3164 ι
363 3141 457 3165 falsum
470 3146 517 3172 est,
530 3146 560 3166 ut
573 3141 658 3170 homo,
668 3141 766 3170 album,
776 3141 871 3170 currit,
887 3141 970 3166 vincit
981 3151 994 3164 2
1006 3141 1055 3173 (ef.
1066 3142 1075 3166 1
1085 3142 1182 3172 Per-ih„
1194 3142 1251 3167 lect.
1262 3150 1290 3167 m
1303 3147 1328 3167 et
1338 3141 1398 3176 vn).

386 3177 441 3201 Hae
460 3182 520 3201 sunt
533 3177 701 3201 aristotelicae
720 3177 870 3209 categoriae,
889 3184 955 3208 quas
968 3177 1064 3201 summi
1082 3178 1129 3202 viri
1148 3178 1304 3210 interpretati
1323 3183 1397 3208 sunt,

332 3216 357 3236 et
376 3212 407 3236 de
427 3211 521 3244 quibus
540 3211 580 3236 hic
599 3213 758 3236 mentionem
777 3211 834 3236 facit
853 3219 874 3236 s.
888 3211 1014 3237 Thomas.

385 3248 410 3280 ρ)
434 3247 468 3271 Ut
479 3247 637 3272 ostendatur
651 3247 795 3272 distinctio.
805 3261 825 3266 -
838 3247 862 3271 1:
882 3247 953 3280 quod
971 3247 1138 3281 intelligatur
1150 3248 1268 3282 definitio
1275 3257 1284 3279 ,-
1297 3249 1315 3274 S
1328 3256 1350 3274 s.
1361 3256 1397 3274 m.

334 3290 411 3315 supra
429 3282 565 3307 distinctio
584 3283 651 3312 add„
671 3283 712 3308 vel
730 3283 857 3316 definitio.

387 3317 413 3350 σ)
434 3318 505 3342 Idest
523 3325 578 3343 esse
600 3318 689 3343 album
715 3325 766 3343 non
791 3321 830 3343 est
849 3318 962 3343 essentia
986 3318 1207 3344 hominis-eod.
1227 3319 1261 3344 B:
1285 3326 1340 3345 esse
1358 3319 1396 3344 al-

333 3352 393 3377 bum
413 3360 464 3377 non
484 3356 523 3378 est
540 3360 595 3378 esse
619 3354 660 3378 vel
684 3353 797 3378 essentia
809 3353 922 3378 hominis
928 3361 937 3382 ‚⁴
955 3354 1046 3378 ARST
1065 3359 1089 3379 et
1108 3362 1129 3379 s.
1139 3362 1174 3379 m.
1190 3355 1227 3380 N:
1246 3362 1298 3380 non
1312 3357 1352 3380 est
1365 3355 1398 3380 de

333 3389 447 3412 essentia
466 3388 593 3418 hominis5
612 3390 634 3414 K
654 3394 679 3413 et
697 3396 722 3421 p.
741 3396 775 3413 m.
795 3389 832 3414 N:
853 3396 905 3413 non
925 3395 980 3414 esse
999 3390 1132 3418 essentia5
1151 3389 1172 3414 C
1190 3398 1215 3422 p.
1229 3397 1269 3415 m:
1289 3390 1313 3415 si
1330 3393 1398 3415 esset

333 3423 459 3453 essentia‚·
478 3423 514 3453 Q:
533 3424 557 3448 si
575 3430 630 3449 esse
653 3424 766 3449 essentia
784 3424 913 3454 hon-inis,-
935 3424 959 3449 Ο
978 3424 1037 3449 hab.
1057 3425 1186 3450 lacunam.
1209 3425 1259 3450 Alii
1278 3426 1353 3451 codd.
1373 3430 1398 3451 et

334 3465 356 3482 s.
376 3466 410 3482 m.
430 3458 464 3482 C:
485 3466 536 3483 non
552 3462 591 3484 est
602 3460 716 3484 essentia
730 3460 843 3484 hominis
850 3468 859 3490 ;
879 3467 959 3492 quam
978 3460 1114 3485 lectionem
1134 3461 1322 3493 adoptavimus,
1337 3461 1397 3494 quia

334 3499 364 3517 ex
378 3493 408 3517 iis
424 3501 490 3526 quae
504 3494 650 3519 immediate
670 3500 821 3528 sequuntur,
835 3500 860 3520 et
874 3502 904 3519 ex
923 3495 953 3519 iis
973 3503 1041 3528 quae
1060 3496 1186 3520 declarata
1200 3501 1260 3521 sunt
1274 3496 1299 3521 in
1312 3503 1397 3530 praec.

335 3535 451 3558 numero,
470 3529 571 3553 videtur
589 3529 682 3554 melior
700 3537 779 3562 quam
798 3530 889 3554 Piana:
909 3537 961 3555 non
980 3533 1020 3555 est
1037 3531 1175 3556 essentiale
1193 3531 1316 3556 hominis.

388 3563 412 3595 τ)
435 3564 504 3593 Quia
527 3564 678 3589 huiusmodi
694 3565 854 3597 praedicata
879 3565 1050 3590 universalia.
1064 3579 1083 3585 -
1097 3566 1157 3591 LN:
1173 3567 1334 3598 praedicata
1358 3574 1397 3592 es-

926 223 1311 261 POSTERIORUM
1338 222 1768 259 ANALYTICORUM
1796 223 1890 259 LIB.
1921 224 1948 260 1.

1461 312 1539 349 quo
1568 301 1750 348 subiecto,
1772 302 1877 350 quod
1906 302 2062 351 quidem
2085 303 2299 341 subiectum
2327 317 2399 342 nec
2429 318 2529 354 vere,

1460 352 1557 390 idest
1591 354 1850 403 essentialiter,
1882 363 1938 392 est
1964 355 2055 392 illud
2091 357 2373 406 praedicatum,
2403 370 2530 409 neque

1461 406 1602 455 aliquid
1635 407 1734 453 eius;
1765 407 1895 445 omnia
1932 409 2154 446 huiusmodi
2188 411 2406 458 praedicata
2442 420 2530 450 sunt

1460 460 1704 496 accidentalia
1725 462 1756 496 ³².

1514 513 1549 549 8.
1566 513 1716 560 Deinde
1732 525 1820 550 cum
1837 513 1934 551 dicit:
1953 516 2003 552 Ut
2014 515 2059 551 de
2072 515 2223 552 homine
2233 521 2287 552 est
2298 516 2427 554 album
2443 525 2526 566 etc.,

1460 565 1674 603 manifestat
1687 566 1939 615 praemissam
1951 569 1970 589 ’¹‘
1987 567 2239 605 differentiam
2249 581 2319 617 per
2334 571 2526 619 exempla:

1460 625 1496 654 et
1525 618 1612 655 dicit
1640 620 1746 668 quod
1774 632 1863 656 cum
1883 620 2056 667 dicimus,
2076 622 2189 659 homo
2209 628 2264 658 est
2285 622 2404 669 albus,
2419 635 2528 672 prae-

1460 670 1626 708 dicatum
1645 672 1738 710 illud
1766 680 1822 709 est
1841 673 2084 721 accidentale,
2105 675 2194 723 quia
2217 675 2337 712 homo
2366 688 2446 713 non
2472 684 2528 714 est

1459 724 1564 772 quod
1591 737 1683 762 vere
1713 726 1843 762 album
1873 734 1945 773 est,
1974 726 2071 764 idest
2098 739 2176 764 esse
2203 728 2331 765 album
2359 731 2439 766 non
2472 738 2528 767 est

1459 778 1622 814 essentia
1649 778 1816 815 hominis
1835 784 1866 824 ’ς
1896 791 2022 828 neque
2052 781 2157 828 quod
2183 793 2277 817 vere
2311 782 2442 819 album
2462 783 2527 819 ali-

1458 830 1570 878 quid,
1599 837 1641 867 ut
1668 843 1783 879 supra
1812 831 2027 879 expositum
2052 840 2122 886 est.
2154 834 2232 870 Sed
2260 845 2349 871 cum
2379 835 2525 884 dicitur,

1456 884 1570 920 homo
1590 890 1644 920 est
1660 884 1816 930 animal,
1837 884 1965 922 forsan
1984 886 2104 922 homo
2127 893 2182 922 est
2201 886 2307 934 quod
2324 887 2343 908 *
2357 899 2450 925 vere
2470 896 2527 925 est

1458 937 1616 974 animal:
1646 937 1786 974 animal
1817 937 1919 974 enim
1954 938 2139 985 significat
2172 939 2375 976 essentiam
2403 941 2527 978 homi-

1457 990 1532 1037 nis,
1554 990 1644 1039 quia
1662 990 1752 1027 illud
1770 991 1789 1012 *
1809 990 1935 1039 ipsum
1964 992 2070 1040 quod
2090 999 2145 1029 est
2162 992 2295 1039 homo,
2317 1000 2373 1029 est
2401 1005 2527 1031 essen-

1456 1043 1590 1080 tialiter
1618 1043 1770 1080 animal.
1792 1044 1841 1080 Et
1869 1045 2046 1093 quamvis
2074 1045 2147 1092 illa,
2178 1057 2277 1094 quae
2306 1057 2385 1083 non
2413 1046 2526 1095 signi-

1456 1097 1572 1134 ficant
1591 1096 1853 1145 substantiam,
1879 1097 1952 1134 sint
1970 1098 2192 1146 accidentia,
2213 1111 2292 1135 non
2311 1106 2441 1136 tamen
2454 1112 2528 1149 per

1455 1151 1628 1187 accidens
1645 1150 1911 1199 praedicantur
1922 1152 1953 1188 ²⁸.
1966 1151 2237 1189 Praedicantur
2252 1151 2355 1189 enim
2370 1153 2417 1190 de
2433 1165 2527 1201 quo-

1457 1204 1547 1240 dam
1575 1204 1746 1240 subiecto
1775 1216 1854 1241 non
1882 1205 2245 1254 propter*aliquod
2273 1205 2378 1242 aliud
2402 1206 2527 1243 subie-

1457 1265 1578 1294 ctum:
1607 1265 1699 1306 puta
1728 1269 1817 1294 cum
1847 1257 1944 1305 dico,
1965 1259 2078 1295 homo
2106 1264 2161 1295 est
2185 1258 2304 1304 albus,
2332 1259 2527 1307 praedica-

1455 1318 1516 1347 tur
1543 1310 1671 1347 album
1701 1311 1748 1347 de
1776 1311 1946 1358 homine,
1971 1324 2051 1348 non
2080 1323 2126 1348 ea
2150 1311 2307 1358 ratione,
2333 1312 2439 1360 quod
2463 1313 2527 1349 ali-

1456 1365 1561 1412 quod
1598 1363 1700 1400 aliud
1737 1364 1950 1400 subiectum
1979 1364 2025 1401 sit
2052 1365 2203 1411 album,
2235 1364 2381 1401 ratione
2419 1365 2526 1403 cuius

1454 1418 1568 1454 homo
1588 1417 1733 1454 dicatur
1751 1417 1878 1461 alhus,·
1897 1417 1992 1454 sicut
2011 1419 2157 1466 supra*
2169 1418 2311 1455 dictum
2327 1425 2383 1455 est
2397 1417 2436 1456 in
2455 1419 2525 1467 his,

1456 1482 1555 1519 quae
1583 1469 1850 1518 praedicantur
1877 1482 1946 1519 per
1974 1471 2161 1508 accidens.

1510 1536 1544 1571 9.
1567 1522 1717 1560 Deinde
1733 1535 1821 1560 cum
1838 1523 1941 1560 dicit:
1958 1524 2105 1572 Species
2119 1524 2219 1561 enim
2233 1524 2429 1573 gaudeant
2441 1531 2524 1573 etc.,

1456 1576 1620 1613 excludit
1639 1577 1848 1625 quamdam
1870 1576 2144 1614 obviationem.
2165 1578 2302 1614 Posset
2329 1577 2432 1614 enim
2460 1578 2525 1615 ali-

1455 1630 1539 1679 quis
1559 1629 1685 1667 dicere
1705 1630 1810 1678 quod
1828 1629 2056 1678 praedicata,
2078 1642 2177 1679 quae
2205 1629 2419 1677 significant
2437 1631 2525 1668 sub-

1455 1683 1644 1731 stantiam,
1665 1695 1744 1720 non
1764 1690 1851 1719 sunt
1869 1695 1961 1719 vere
1981 1690 2018 1720 et
2038 1683 2283 1720 essentialiter
2305 1683 2355 1730 id,
2377 1684 2426 1721 de
2445 1696 2524 1733 quo

1453 1736 1730 1785 praedicantur,
1750 1736 1813 1773 vel
1834 1737 1853 1756 ⁴
1873 1736 2015 1785 aliquid
2036 1736 2137 1774 eius:
2158 1748 2283 1786 neque
2303 1736 2523 1787 accidentia,
2551 1747 2563 1759 ·

1455 1802 1552 1839 quae
1581 1797 1669 1827 sunt
1696 1789 1735 1826 in
1759 1788 1963 1827 individuis
1991 1789 2087 1827 sicut
2105 1790 2144 1826 in
2172 1790 2361 1838 subiectis,
2383 1803 2524 1828 conve-

1454 1843 1562 1880 niunt
1589 1842 1811 1880 huiusmodi
1841 1843 2112 1880 communibus
2139 1844 2366 1892 praedicatis
2395 1857 2522 1883 essen-

1453 1897 1624 1943 tialibus;
1655 1895 1744 1946 quia
1771 1895 1993 1934 huiusmodi
2019 1896 2238 1946 praedicata
2260 1897 2490 1935 universalia
2506 1905 2523 1920 τ

1454 1949 1665 1998 significant
1684 1949 1871 1999 quasdam
1900 1950 2081 1987 essentias
2109 1962 2263 2000 semper
2281 1950 2302 1972 ¹¹⁸
2331 1959 2523 2000 separatas

1452 2016 1522 2052 per
1549 2016 1591 2040 se
1620 2002 1877 2049 subsistentes,
1898 2003 1995 2040 sicut
2013 2003 2197 2040 Platonici
2221 2003 2408 2042 dicebant.

1508 2056 1586 2094 Sed
1605 2056 1685 2106 ipse
1706 2057 1912 2105 respondet
1935 2056 2024 2106 quia
2049 2057 2085 2104 ¹⁸,
2106 2057 2137 2094 si
2156 2065 2421 2106 supponantur
2440 2070 2524 2108 spe-

1455 2109 1542 2158 cies,
1559 2110 1656 2148 idest
1674 2109 1783 2147 ideae
1802 2115 1827 2157 ⁰,
1853 2122 1949 2158 esse,
1962 2110 2103 2148 debent
2121 2111 2286 2159 gaudere
2305 2115 2333 2158 P,
2359 2110 2449 2160 quia
2467 2123 2525 2149 se-

1451 2258 1583 2287 sentialia,
1595 2258 1642 2283 sed
1652 2258 1804 2284 essentialia
1819 2258 1912 2291 corrig.
1925 2258 1950 2282 in
1962 2257 2139 2288 universalia,-
2148 2257 2186 2283 0:
2197 2257 2358 2290 praedicata
2372 2259 2524 2285 essentialia

1452 2293 1628 2324 uniuersalia5
1648 2293 1674 2324 Q
1690 2301 1743 2318 om.
1763 2293 2007 2319 universalia—P:
2028 2293 2190 2319 universalia
2205 2293 2375 2325 praedicata.

1505 2327 1531 2363 υ)
1552 2329 1666 2361 Species,
1686 2329 1755 2354 idest
1768 2329 1851 2354 ideae.
1861 2329 1998 2354 -Formas
2015 2336 2102 2354 rerum
2115 2333 2217 2361 praeter
2234 2336 2277 2354 res
2295 2330 2365 2362 ipsas
2385 2329 2524 2356 existentes

1451 2363 1526 2389 ideas
1538 2371 1638 2396 graece,
1645 2365 1686 2389 vel
1699 2365 1797 2397 species
1812 2365 1890 2390 latine
1904 2365 2038 2395 nominari,
2048 2369 2108 2397 post
2117 2364 2233 2389 Tullium
2247 2365 2292 2390 inl
2306 2364 2382 2390 Tisse.
2392 2373 2448 2398 cap.
2456 2372 2524 2398 ων,

1451 2407 1476 2424 n.
1499 2398 1546 2430 58,
1565 2399 1676 2424 affirmat
1695 2408 1716 2425 s.
1728 2399 1854 2425 Thomas.
1878 2400 1953 2425 Unde
1971 2405 2112 2433 utrumque
2130 2399 2287 2425 vocabulum
2307 2401 2339 2425 ad
2358 2408 2437 2426 unam
2451 2396 2523 2426 eath-

1451 2435 1564 2467 demque
1573 2443 1629 2460 rem
1643 2435 1838 2468 significandam
1848 2440 1974 2468 usurpant
1983 2435 2139 2468 philosophi.
2149 2435 2201 2460 Sed
2214 2436 2357 2461 audiendus
2367 2440 2408 2461 est
2422 2435 2523 2462 &Tho-

1450 2477 1508 2495 mas
1522 2469 1563 2504 (P.
1576 2471 1594 2502 1,
1614 2478 1658 2503 qu.
1671 2478 1712 2501 xv,
1728 2471 1797 2496 artic.
1810 2469 1847 2531 ι’).
1869 2481 1882 2494 ‹
1900 2471 1997 2496 Ides...
2010 2478 2110 2504 graece,
2131 2471 2208 2496 latine
2226 2471 2310 2496 forma
2329 2471 2428 2497 dicitur.
2448 2471 2523 2497 Unde

1451 2514 1466 2529 ›
1480 2513 1527 2538 per
1543 2506 1613 2531 ideas
1628 2506 1806 2539 intelliguntur
1829 2514 1919 2531 ormae
1933 2506 2040 2531 aliarum
2054 2514 2142 2531 rerum
2155 2510 2257 2539 praeter
2269 2507 2339 2539 ipsas
2353 2514 2395 2531 res
2410 2507 2521 2532 existen-

1451 2549 1466 2564 »
1479 2546 1530 2566 tes.
1549 2541 1645 2566 Forma
1663 2547 1751 2566 autem
1769 2542 1875 2567 alicuius
1888 2542 1924 2567 rei
1937 2547 2038 2574 praeter
2055 2542 2138 2574 ipsam
2155 2542 2267 2566 existens
2278 2542 2310 2567 ad
2325 2542 2377 2566 duo
2395 2549 2455 2567 esse
2473 2550 2521 2575 po-

1451 2585 1466 2600 »
1480 2581 1544 2601 test:
1562 2577 1604 2601 vel
1618 2582 1647 2601 ut
1665 2578 1698 2601 sit
1710 2577 1842 2609 exemplar
1854 2578 1910 2602 eius
1925 2577 1998 2602 cuius
2013 2577 2103 2601 dicitur
2115 2576 2211 2607 forma3
2224 2578 2266 2601 vel
2281 2582 2310 2602 ut
2322 2578 2355 2602 sit
2367 2577 2520 2610 principium

1453 2621 1466 2634 ι
1480 2612 1632 2644 cognitionis
1642 2612 1732 2645 ipsius,
1744 2613 1889 2637 secundum
1903 2613 1975 2644 quod
1989 2612 2088 2636 formae
2102 2612 2315 2644 cognoscibilium
2329 2613 2447 2637 dicuntur
2460 2619 2521 2637 esse

1452 2655 1466 2670 »
1481 2647 1506 2671 in
1519 2652 1702 2679 cognoscente.
1714 2657 1727 2670 ›
1742 2648 1863 2672 Attamen
1875 2654 1956 2680 penes
1971 2647 2126 2672 Scolasticos
2140 2652 2166 2672 et
2184 2647 2271 2680 ipsum
2291 2654 2312 2672 s.
2330 2647 2462 2672 'rhomam
2473 2655 2520 2673 vo-

1451 2682 1543 2707 cabulo
1557 2682 1630 2707 ideae
1644 2683 1793 2715 designatur
1805 2682 1964 2715 frequentius
1978 2682 2062 2707 forma
2076 2689 2143 2715 quae
2155 2686 2196 2707 est
2209 2683 2348 2715 exemplam
2361 2682 2445 2708 forma
2456 2690 2520 2708 vero

1451 2725 1518 2750 quae
1533 2722 1573 2742 est
1586 2718 1739 2750 principium
1754 2718 1927 2750 cognoscendi
1945 2718 2028 2750 magis
2043 2718 2192 2749 designatur
2210 2717 2260 2742 sub
2274 2718 2402 2743 vocabulo
2416 2718 2520 2750 speciei.

1451 2753 1533 2777 Porro
1551 2752 1642 2783 forma,
1662 2758 1690 2778 ut
1701 2753 1850 2785 exemplar,
1866 2758 1906 2777 est
1920 2753 1945 2777 id
1964 2753 2035 2786 quod
2050 2753 2145 2777 directe
2159 2753 2332 2785 cognoscitur,
2346 2758 2380 2784 et,
2394 2758 2423 2778 ut
2441 2758 2520 2786 patet,

1451 2788 1632 2813 antecedenter
1655 2789 1687 2813 ad
1705 2795 1761 2817 rem
1781 2795 1848 2821 quae
1867 2788 1898 2813 ad
1922 2789 2054 2821 exemplar
2072 2788 2140 2813 illius
2159 2788 2191 2813 ab
2211 2787 2306 2813 artifice
2329 2788 2468 2820 formatum
2486 2789 2521 2815 im

1451 2831 1546 2856 nempe
1564 2828 1593 2848 ut
1611 2823 1645 2848 sit
1663 2824 1741 2848 simul
1759 2824 1890 2848 obiectum
1909 2824 2035 2848 directum
2054 2823 2205 2856 cognitionis
2225 2829 2250 2848 et
2269 2823 2423 2856 principium
2441 2824 2520 2850 actio-

1451 2859 1504 2890 nis3
1524 2859 1571 2884 sed
1589 2863 1630 2883 est
1647 2859 1802 2892 principium
1825 2859 1932 2884 actionis
1957 2864 2085 2892 quatenus
2111 2864 2151 2884 est
2169 2859 2299 2884 obiectum
2322 2859 2475 2892 cognitionis
2493 2859 2521 2885 in

1451 2893 1560 2925 artifice,
1579 2902 1632 2918 non
1650 2899 1737 2919 autern
1755 2894 1895 2919 viceversa.
1914 2895 1952 2919 Ex
1970 2895 2091 2927 opposito
2110 2894 2176 2925 idea,
2194 2901 2241 2919 seu
2261 2895 2371 2928 species,
2390 2900 2520 2928 quatenus

1451 2934 1491 2954 est
1503 2929 1657 2963 principium
1668 2930 1850 2962 cognoscendi,
1864 2935 1904 2954 est
1913 2930 2028 2954 medium
2041 2937 2093 2962 quo
2103 2930 2274 2963 cognoscitur,
2287 2938 2340 2955 non
2353 2935 2440 2956 autern
2449 2930 2520 2956 obie-

1451 2968 1522 2990 ctum
1537 2965 1609 2997 quod
1622 2965 1775 2997 cognitionis
1790 2965 1901 2990 directae
1913 2963 2043 2999 (quamvis
2054 2966 2154 2998 species
2168 2966 2201 2990 sit
2216 2965 2293 2990 etism
2306 2966 2435 2991 obiectum
2448 2966 2520 3000 quod

1452 3000 1604 3032 cognitionis
1627 3001 1759 3033 reflexae);
1779 3006 1969 3033 consequenter
1988 3000 2135 3025 informatio
2148 3001 2242 3026 mentis
2257 3008 2271 3026 a
2286 3002 2373 3034 specie
2390 3001 2521 3035 praecedit

1451 3035 1559 3068 quidem
1578 3036 1758 3069 cognitionem,
1771 3036 1818 3060 sed
1833 3036 1858 3060 id
1873 3036 1944 3068 quod
1957 3036 2042 3068 primo
2056 3041 2082 3061 et
2094 3036 2189 3061 directe
2202 3036 2375 3068 cognoscitur,
2390 3041 2430 3062 est
2447 3037 2519 3062 obie-

1452 3076 1531 3101 ctum,
1541 3072 1614 3096 cuius
1629 3071 1730 3104 species
1743 3076 1783 3096 est
1796 3071 1880 3096 forma
1894 3071 2075 3102 intentionalis,
2085 3079 2131 3096 seu
2146 3071 2244 3102 idealis,
2257 3071 2283 3096 in
2298 3077 2384 3097 mente
2398 3072 2520 3103 existens,

1451 3111 1477 3131 et
1495 3107 1527 3131 ad
1546 3107 1617 3139 quod
1636 3107 1829 3139 intelligendum
1844 3114 1918 3131 mens
1932 3107 1987 3139 ipsa
2001 3115 2048 3140 per
2061 3108 2175 3140 speciem
2190 3107 2520 3133 deteminatur.-Recen-

1451 3141 1530 3167 tiores
1548 3142 1667 3175 plerique
1692 3142 1776 3167 ideam
1799 3143 1914 3167 secundo
1933 3142 1983 3167 hoc
2001 3150 2081 3167 sensu
2100 3142 2289 3168 consideratam
2308 3141 2349 3176 (ut
2367 3142 2520 3176 principium

1451 3185 1505 3210 quo
1524 3178 1715 3210 cognoscendi)
1734 3185 1786 3202 non
1805 3177 1949 3211 suscipiunt
1955 3185 1962 3208 ;
1982 3186 2108 3211 eamque,
2128 3185 2180 3203 non
2200 3185 2276 3203 secus
2295 3185 2325 3203 ac
2343 3178 2429 3203 ideam
2446 3185 2520 3204 acce-

1451 3218 1522 3245 ptam
1541 3213 1567 3238 in
1585 3214 1668 3246 prima
1686 3212 1879 3246 significatione,
1891 3214 1983 3238 volunt
2002 3221 2060 3238 esse
2079 3213 2210 3238 obiectum
2229 3213 2380 3246 cognitionis
2400 3214 2520 3239 directae.

1451 3247 1549 3273 Verum
1563 3256 1584 3273 s.
1594 3248 1711 3273 Thomas
1726 3249 1855 3281 sapienter
1869 3249 2047 3274 animadvertit
2060 3256 2106 3282 per
2120 3248 2187 3274 hanc
2201 3249 2343 3273 doctrinam
2356 3249 2425 3274 vism
2438 3248 2519 3274 sterni

1451 3284 1483 3308 ad
1499 3284 1671 3309 idealismum.
1683 3293 1696 3307 ε
1713 3284 1810 3309 Eadem
1830 3289 1905 3314 sunt,
1923 3284 2020 3317 inquit,
2038 3291 2106 3317 quae
2129 3284 2309 3316 intelligimus,
2327 3289 2353 3309 et
2371 3284 2403 3309 de
2423 3284 2518 3318 quibus

1453 3329 1465 3342 ι
1481 3324 1542 3344 sunt
1551 3319 1680 3345 scientiae.
1695 3319 1721 3344 Si
1735 3320 1811 3352 igitur
1824 3327 1855 3344 ea
1867 3327 1934 3352 quae
1948 3319 2122 3352 intelligimus,
2133 3325 2221 3344 essent
2234 3320 2321 3344 solum
2333 3319 2441 3352 species,
2451 3325 2519 3352 quse

1453 3364 1465 3378 a·
1482 3359 1543 3380 sunt
1556 3355 1582 3380 in
1601 3355 1693 3386 anima,
1709 3359 1861 3388 sequeretur
1879 3355 1951 3387 quod
1966 3355 2087 3380 sciendae
2101 3363 2194 3380 omnes
2209 3363 2262 3380 non
2275 3359 2364 3380 essent
2377 3355 2410 3380 de
2423 3354 2502 3379 rebus
2511 3372 2518 3385 ,

1454 3400 1466 3413 ι
1482 3398 1550 3423 quae
1560 3395 1621 3415 sunt
1635 3395 1704 3415 extra
1718 3390 1839 3420 animam,
1850 3391 1896 3415 sed
1911 3391 1998 3415 solum
2009 3391 2097 3422 (nota)
2112 3391 2144 3415 de
2158 3390 2295 3423 speciebus
2307 3389 2518 3422 intelligibilibus,

1453 3434 1466 3449 s
1482 3433 1549 3458 quae
1562 3431 1623 3451 sunt
1641 3426 1667 3451 in
1686 3426 1784 3457 animm
1804 3426 1870 3450 sicut
1888 3426 2032 3451 secundum
2046 3426 2191 3451 Platonicos
2210 3433 2303 3450 omnes
2323 3425 2444 3450 scientiae
2457 3429 2519 3450 sunt

1453 3471 1466 3484 ›
1483 3461 1515 3486 de
1539 3461 1617 3493 ideis,
1643 3469 1709 3495 quas
1733 3461 1864 3494 ponebant
1886 3469 1945 3487 esse
1965 3461 2094 3487 intellecta
2113 3462 2139 3486 in
2156 3466 2214 3486 actu
2235 3470 2247 3484 ι
2269 3461 2299 3486 Ρ.
2316 3460 2338 3491 1,
2359 3467 2403 3493 qu.
2423 3466 2516 3490 uzu,

1451 3496 1520 3521 artic.
1534 3504 1553 3521 11
1566 3514 1573 3522 .

1505 3532 1532 3565 φ)
1553 3497 1656 3557 {Debent
1672 3532 1791 3566 gaudere
1802 3537 1850 3557 etc.
1859 3545 1878 3551 ·-
1887 3530 1927 3557 T&
1945 3530 1995 3566 γὰρ
2009 3529 2063 3564 εἴδη
2080 3530 2225 3567 χαιρέτω.-
2234 3540 2248 3555 ι
2260 3531 2325 3556 Nam
2340 3530 2418 3559 ideas,
2435 3530 2517 3555 vertit

1453 3575 1467 3591 s
1483 3567 1587 3598 Pacius,
1601 3567 1650 3593 hoe
1665 3564 1723 3592 loco'
1732 3568 1818 3592 valere
1831 3567 1966 3593 iubeamus
1975 3577 1988 3591 ι
2001 3565 2022 3601 (1
2033 3567 2142 3596 Foster..
2157 3573 2292 3600 cap.m.-
2301 3565 2348 3591 Ed.
2358 3565 2400 3590 cit.
2410 3573 2436 3598 p.
2445 3566 2516 3599 209).

2558 468 2569 479 ⁸
2577 467 2653 490 Codd.
2662 470 2723 494 (exc.
2729 476 2745 491 u
2751 470 2770 496 Γε

2555 494 2695 517 accidentia.

2554 577 2566 587 ⁸
2575 576 2662 608 Codd.·
2669 584 2768 606 reprae-

2555 609 2768 630 musarummmua:

2551 630 2709 656 praedictam.

2553 897 2564 908 ⁸
2575 902 2602 918 G:
2620 898 2718 925 animal,
2733 898 2768 920 st*-

2553 923 2654 951 gntficat
2667 924 2738 952 quod.

2553 1001 2565 1033 ’ζ
2576 1002 2660 1030 Codd.,
2671 1009 2768 1027 exc-sn:

2555 1165 2656 1188 'Ct'.lect.
2662 1169 2737 1193 1,not.
2744 1163 2767 1198 β.

2555 1220 2674 1248 'mpem

2553 1431 2564 1442 ⁸
2578 1429 2648 1453 Num.
2663 1438 2685 1458 4.

2550 1964 2561 1976 ⁸
2570 1963 2669 1992 Semper
2682 1971 2731 1987 om.
2742 1970 2764 1987 αι

2550 1996 2566 2012 t«
2581 1994 2604 2012 et
2617 1996 2638 2013 s.
2648 1997 2680 2013 nt.
2690 1997 2714 2013 n.

2549 2030 2561 2042 ⁸⁸
2581 2035 2646 2056 nno:
2672 2031 2764 2059 qaod.-

2550 2059 2738 2084 summanr.
