2788 4204
313 253 385 289 174

306 318 518 347 rationalis,··-3.
532 319 610 344 homo
629 323 668 344 est
687 320 844 350 bonus,·—-4.
864 320 941 345 homo
960 323 999 344 est
1017 319 1165 343 rationalis.
1185 318 1287 342 Priores
1307 317 1372 341 duae

307 354 500 386 propositiones
525 354 622 378 habent
647 354 673 379 vi
697 355 889 380 renunciationis
913 355 1020 378 eandem
1044 354 1278 381 universalitatem;
1307 352 1372 376 duae

305 397 369 413 vero
385 389 542 421 posteriores
563 389 589 414 νί
606 390 798 414 enunciationis
813 395 873 414 sunt
887 388 1040 414 indefinitae.
1060 389 1110 412 Sed
1130 389 1151 413 si
1168 396 1182 412 a
1197 387 1276 411 modo
1291 395 1373 411 enun-

307 424 422 448 ciationis
438 425 469 448 ad
483 432 539 449 rem
558 425 718 449 enunciatam
734 426 914 457 procedamus,
930 424 1093 448 manifestum
1111 429 1151 448 est
1165 423 1235 455 quod
1250 423 1275 446 in
1290 422 1372 454 prima

307 459 483 491 propositione
503 459 560 484 licet
574 459 671 484 dicatur
683 460 754 492 quod
769 460 941 492 praedicatum
955 459 1062 490 (bonus)
1076 459 1211 483 conveniat
1226 457 1296 481 omni
1311 465 1372 489 sup-

306 494 392 526 posito
407 502 454 518 seu
468 495 584 518 subiecto
603 495 701 526 (omnis
719 495 816 526 homo),
836 500 921 518 tamen
940 494 1083 519 secundum
1104 501 1158 518 rem
1173 501 1223 517 non
1232 493 1372 522 ‚convenit;

307 537 336 553 ex
351 529 472 562 opposito
491 530 549 554 licet
563 529 588 553 in
603 535 691 561 quarta
707 530 883 562 propositione
902 537 954 553 non
974 529 1070 553 dicatur
1089 528 1261 561 praedicatum
1277 528 1372 558 (ratio-

307 564 387 596 naliSJ
402 564 538 588 convenire
553 565 624 588 omni
640 564 754 588 subiecto
769 565 879 596 (homo),
899 569 986 588 tamen
1001 565 1144 588 secundum
1164 572 1219 588 rem
1239 563 1371 593 convenit;

306 599 332 623 in
351 600 464 623 secunda
483 599 658 631 propositione
673 599 764 623 dicitur
782 600 955 632 praedicatum
970 599 1135 631 (rationalis)
1150 599 1287 624 convenire
1300 598 1372 622 omni

307 634 423 658 subiecto
442 634 539 665 (omnis
557 634 655 666 homo),
675 634 715 658 cui
735 634 810 658 etiam
830 634 949 658 convenit
967 635 1111 659 secundum
1127 642 1196 664 rem;
1216 634 1327 666 denique
1347 633 1372 657 in

305 669 379 693 tertia
397 669 573 701 propositione
592 677 677 701 neque
696 670 840 694 secundum
865 670 972 694 modum
993 670 1157 699 enunciandi,
1178 677 1263 701 neque
1280 676 1372 692 secun-

307 705 368 728 dum
388 712 443 728 rem
462 704 634 736 praedicatum
654 704 771 736 (bonus)
791 704 910 729 convenit
927 705 999 729 omni
1020 705 1157 738 supposito
1175 705 1286 736 (homo).
1306 703 1372 727 Hinc

305 739 396 771 triplex
415 739 590 763 universalitas
605 739 631 763 in
650 740 882 772 propositionibus;
902 748 922 764 1.
938 741 1080 764 secundum
1096 741 1204 764 modum
1220 738 1372 764 enunciandi

306 779 332 798 et
351 782 402 797 non
422 774 563 797 secundum
588 782 657 804 rem;
683 782 706 798 2.
731 776 874 799 secundum
900 783 955 799 rem
980 781 1005 799 et
1023 783 1074 799 non
1097 776 1240 800 secundum
1263 774 1371 798 modum

306 809 469 839 enunciandi;
491 808 514 833 3.
533 810 674 833 secundum
694 811 802 834 modum
821 810 973 835 enunciandi
993 815 1018 835 et
1036 811 1181 835 secundum
1200 817 1264 834 rem.

360 844 432 874 Quae
451 851 510 867 cum
529 844 562 868 ita
581 845 639 876 sint,
659 845 709 869 iam
726 851 794 878 patet
814 846 867 871 dici
890 846 922 870 de
943 846 1015 870 omni
1034 854 1086 870 non
1108 854 1161 870 uno
1184 852 1289 877 semper
1303 844 1372 868 sumi

306 886 393 903 sensu.
414 878 562 903 Scholastici
582 879 697 904 bifariam
716 880 778 905 illud
799 881 952 911 dividebant,
972 887 997 905 et
1015 881 1083 905 aliud
1094 881 1288 913 prioristicum,
1304 879 1372 904 aliud

299 913 541 945 posterioristicum
562 915 687 940 dicebant.
707 916 891 941 Prioristicum
911 917 972 940 illud
992 922 1039 946 est,
1060 917 1131 949 quod
1151 925 1172 940 s.
1182 916 1299 940 Thomas
1314 915 1374 939 dicit

306 948 437 973 definitum
452 950 484 973 ab
498 950 636 975 Aristotele
651 951 676 975 in
691 951 756 975 libro
770 952 904 980 Priorum,
920 960 1014 985 nempe
1028 957 1068 976 est
1082 953 1185 984 quando
1199 951 1372 984 praedicatum

305 984 370 1008 inest
389 984 494 1015 quidem
513 985 617 1010 cuilibet
639 994 731 1011 eorum
751 995 817 1019 quae
841 987 1003 1011 continentur
1026 987 1074 1011 sub
1094 987 1232 1011 universali
1257 985 1372 1010 subiecto

304 1019 498 1052 propositionis,
514 1021 560 1045 sed
579 1021 612 1045 ad
631 1021 680 1046 'noc
699 1022 752 1047 dici
771 1023 804 1047 de
821 1023 894 1046 omni
913 1021 1005 1047 sufficit
1024 1027 1048 1047 et
1067 1022 1206 1055 requiritur
1224 1021 1372 1046 necessario

305 1054 480 1079 universalitas
500 1057 696 1088 suppositorum
725 1065 772 1082 seu
791 1057 965 1082 subiectorum
994 1059 1136 1082 secundum
1161 1058 1267 1086 modum
1291 1064 1373 1081 enun-

303 1089 394 1114 ciandi
416 1095 515 1115 tantum
541 1090 580 1124 (ut
598 1092 622 1116 in
642 1093 725 1125 prima
744 1093 922 1125 propositione
945 1093 1030 1118 omnis
1055 1094 1114 1117 dicit
1139 1101 1169 1117 ex
1193 1093 1272 1117 modo
1292 1099 1372 1116 enun-

304 1125 385 1149 ciandi
398 1132 487 1150 omnes
501 1126 639 1161 homines),
649 1136 702 1152 non
716 1133 803 1152 autem
816 1129 960 1153 secundum
975 1136 1039 1159 rem,
1055 1136 1140 1161 neque
1159 1129 1302 1153 secundum
1315 1127 1372 1151 uni-

303 1160 475 1185 versalitatem
496 1163 629 1194 temporis⁷
645 1169 674 1188 ut
692 1164 724 1188 de
743 1171 773 1188 se
791 1164 1147 1196 patet.—-Posterioristicum
1162 1169 1248 1188 autem
1268 1163 1321 1188 dici
1340 1163 1373 1187 de

303 1195 376 1219 omni
395 1200 435 1220 est
449 1196 510 1221 illud
530 1198 601 1229 quod
620 1198 645 1222 in
660 1198 707 1223 hac
727 1199 836 1223 lectione
857 1198 976 1223 definitur
989 1199 1020 1223 ab
1040 1199 1179 1224 Aristotele
1198 1205 1223 1223 et
1237 1198 1373 1231 exponitur

303 1238 318 1254 a
332 1238 353 1255 s.
366 1231 477 1262 Tboma,
493 1232 589 1257 scilicet
602 1234 707 1265 quando
720 1234 895 1266 praedicatum
911 1235 977 1259 inest
991 1235 1113 1259 omnibus
1128 1242 1196 1267 quae
1210 1234 1372 1258 continentur

305 1267 354 1290 sub
370 1266 485 1291 subiecto
499 1268 647 1300 universali,
667 1274 692 1293 et
710 1277 761 1293 non
781 1269 806 1294 in
826 1270 982 1302 quibusdam
1002 1270 1106 1302 quidem
1127 1270 1163 1294 sic
1182 1275 1207 1294 et
1225 1269 1250 1294 in
1265 1269 1373 1302 quibus-

304 1301 363 1326 dam
383 1310 452 1332 non,
473 1310 520 1327 nec
538 1303 677 1336 aliquando
697 1304 733 1329 sic
752 1309 778 1329 et
800 1305 938 1337 aliquando
957 1313 1024 1335 non,
1044 1306 1090 1329 sed
1108 1305 1231 1329 omnibus
1243 1323 1249 1335 ,
1274 1312 1322 1337 per
1341 1312 1370 1328 se

304 1341 329 1361 et
348 1345 460 1370 semper.
481 1338 554 1363 Unde
573 1340 605 1364 ad
624 1340 711 1372 ipsum
733 1340 872 1372 requiritur
887 1340 1034 1364 necessario
1053 1340 1250 1372 suppositorum
1268 1340 1372 1364 univer-

303 1372 390 1397 salitas
410 1376 554 1398 secundum
573 1382 628 1399 rem
648 1381 673 1399 et
691 1375 869 1399 universalitas
889 1381 1046 1407 temporum.

357 1408 434 1432 Notat
452 1409 603 1434 Dominicus
618 1417 632 1434 a
651 1410 771 1434 Flandria
790 1410 859 1442 quod
874 1410 1026 1434 Aristoteles
1045 1410 1086 1434 hic
1105 1410 1192 1443 incipit
1211 1409 1267 1434 libri
1292 1409 1370 1442 primi

304 1443 480 1468 Posteriomm
496 1445 638 1469 secundum
654 1450 797 1476 tractatum,
817 1446 842 1469 in
866 1453 919 1477 quo
934 1445 1084 1469 summatim
1100 1445 1252 1470 determinat
1271 1445 1303 1469 de
1322 1445 1371 1476 his,

305 1479 399 1511 quibus
420 1480 611 1504 demonstrator
623 1480 748 1512 dirigitur,
769 1486 794 1505 et
813 1481 908 1512 quibus
921 1480 1000 1504 utitur
1015 1481 1040 1504 in
1055 1481 1287 1511 demonstratione,
1307 1480 1373 1504 inter

304 1521 370 1545 quae
385 1515 497 1546 primum
512 1520 629 1539 recenset
645 1516 697 1540 dici
716 1516 749 1540 de
767 1516 847 1540 omni.
867 1515 1003 1540 Praemisit
1022 1520 1107 1540 autem
1123 1516 1194 1548 quod
1210 1515 1371 1539 demonstra-

303 1549 339 1573 tio
354 1555 393 1574 est
407 1557 437 1573 ex
452 1550 603 1574 necessariis
616 1556 641 1574 et
655 1551 687 1575 ad
702 1551 854 1581 necessaria,
870 1551 930 1583 quia
945 1551 1131 1575 demonstratio
1147 1555 1186 1575 est
1200 1551 1371 1583 syllogismus

303 1584 448 1614 sciendalis,
471 1584 519 1609 hoc
543 1591 582 1610 est
605 1585 700 1610 faciens
722 1586 787 1610 scire
807 1584 855 1619 (Cf.
869 1594 948 1618 supra
972 1586 1029 1610 lect.
1044 1585 1093 1620 1v);
1116 1587 1187 1618 quod
1206 1591 1292 1610 autem
1312 1593 1373 1610 vere

303 1619 390 1649 scitur,
405 1619 566 1651 impossibile
579 1626 618 1645 est
634 1621 708 1646 aliter
726 1629 755 1645 se
769 1621 875 1651 habere;
895 1626 920 1646 et
935 1621 993 1646 ideo
1008 1622 1198 1646 demonstrator
1213 1620 1266 1654 (qui
1286 1629 1301 1646 a
1320 1621 1372 1646 dia-

303 1654 393 1679 lectico
408 1654 580 1690 distinguitur)
597 1656 674 1681 debet
686 1664 821 1681 assumere
840 1656 994 1690 principium
1010 1662 1035 1681 et
1049 1657 1120 1689 quod
1134 1657 1313 1681 universaliter
1326 1665 1371 1681 ve-

302 1698 361 1714 rum
381 1690 421 1720 sit,
441 1695 466 1714 et
485 1691 555 1722 quod
573 1699 665 1716 verum
685 1692 717 1716 sit
732 1693 877 1716 secundum
894 1692 1112 1716 universalitatem
1133 1693 1327 1725 suppositorum
1348 1697 1373 1717 et

302 1730 468 1758 temporum,
490 1731 519 1750 ut
538 1726 634 1751 dictum
659 1732 698 1751 est
717 1728 749 1751 de
768 1727 822 1752 dici
841 1728 873 1752 de
892 1728 965 1752 omni
983 1727 1193 1760 posterioristico.

356 1761 453 1784 Verum
472 1769 540 1793 quae
565 1762 674 1786 diximus
694 1763 726 1787 de
744 1762 936 1787 universalitate
958 1763 1155 1796 suppositorum
1179 1768 1205 1788 et
1223 1768 1371 1796 temporum

302 1796 388 1829 quoad
408 1796 461 1821 dici
480 1797 512 1821 de
531 1798 604 1822 omni
621 1798 823 1830 posterioristico
842 1803 904 1823 sunt
926 1804 999 1823 caute
1014 1798 1168 1831 accipienda.
1188 1799 1290 1823 Etenim
1310 1799 1372 1824 haec

301 1831 458 1864 propositio:
479 1832 552 1857 Deus
571 1836 610 1858 est
628 1837 704 1858 actus
718 1841 813 1865 purus,
833 1839 902 1858 recte
921 1834 1062 1858 assumitur
1080 1842 1095 1858 a
1114 1835 1327 1865 demonstratore,
1347 1839 1372 1859 et

302 1871 343 1891 est
361 1867 515 1900 principium
540 1876 571 1893 ex
589 1876 643 1901 quo
662 1869 809 1893 innumeras
835 1869 994 1901 theologicas
1018 1870 1138 1894 veritates
1158 1877 1180 1894 s.
1190 1869 1308 1894 Thomas
1327 1870 1372 1894 de-

302 1907 429 1926 monstrat
435 1910 442 1932 ;
462 1908 487 1927 et
506 1904 566 1935 quia
585 1912 644 1928 esse
662 1909 747 1928 actum
762 1913 856 1938 purum
871 1912 924 1937 per
942 1912 970 1930 se
988 1905 1055 1929 inest
1074 1905 1137 1935 Deo,
1157 1910 1197 1930 est
1215 1905 1258 1930 illa
1275 1913 1371 1938 propo-

302 1938 361 1962 sitio
380 1937 456 1962 etiam
476 1938 509 1963 de
532 1939 618 1968 omni,
639 1940 705 1964 iuxta
724 1941 814 1965 tradita
833 1949 847 1965 a
867 1948 887 1965 s·
903 1941 1015 1965 Doctore
1034 1949 1059 1965 n.
1077 1940 1099 1965 3.
1119 1941 1170 1965 Sed
1190 1949 1249 1965 cum
1270 1941 1296 1965 in
1315 1941 1371 1965 Deo

302 1981 354 1998 non
374 1973 425 1997 sint
443 1979 528 2006 partes
544 1975 701 2000 subiectivae
716 1974 780 2008 (non
795 1984 886 2007 genus,
902 1984 954 2000 non
974 1976 1082 2008 species,
1097 1984 1147 2000 non
1167 1976 1297 2000 individua
1312 1984 1371 2009 spe-

302 2008 420 2040 cierum),
440 2017 491 2033 non
504 2009 606 2035 videtur
624 2011 695 2043 quod
715 2011 756 2035 illa
772 2012 916 2044 propositio
929 2011 962 2036 sit
980 2012 1013 2036 de
1031 2012 1139 2036 omni.-
1150 2012 1283 2036 Praeterea
1302 2012 1372 2036 Deus

302 2052 354 2068 non
374 2049 538 2070 mensuratur
556 2050 689 2078 tempore;
709 2051 734 2071 et
752 2046 810 2071 ideo
829 2047 982 2079 praecitatae
998 2046 1168 2079 propositioni
1183 2047 1255 2072 deest
1268 2047 1372 2072 univer—

302 2080 387 2104 salitas
402 2085 589 2112 temporum.—
599 2082 658 2106 Non
671 2090 733 2114 ergo
747 2082 848 2106 videtur
861 2087 928 2107 recta
944 2081 1056 2107 definitio
1071 2083 1200 2114 assignata
1219 2083 1252 2107 de
1267 2082 1321 2108 dici
1339 2083 1372 2108 de

301 2115 381 2143 omni,
401 2123 460 2140 curn
480 2120 566 2140 tamen
586 2124 616 2141 ex
634 2123 703 2142 recta
722 2117 798 2141 huius
818 2117 934 2150 principii
954 2118 1124 2151 applicatione
1143 2119 1261 2151 pendeat,
1278 2119 1371 2143 saltem

302 2159 332 2175 ex
345 2158 439 2182 magna
453 2156 532 2183 parte,
548 2151 683 2177 efficacitas
705 2153 955 2178 demonstrationum
975 2158 1121 2178 nostrarum
1141 2158 1167 2178 et
1191 2154 1269 2178 totius
1288 2153 1371 2178 scien-

300 2186 350 2211 tiae
368 2186 505 2211 humanae.

354 2222 501 2246 Notandum
521 2227 561 2248 est
579 2230 641 2255 ergo
654 2223 726 2256 quod
746 2224 942 2256 suppositorum
963 2224 1160 2252 universalitas,
1177 2225 1209 2249 de
1222 2232 1274 2257 qua
1293 2232 1371 2258 supra

301 2258 397 2282 dictum
417 2262 464 2288 est,
477 2264 564 2290 potest
581 2266 640 2283 esse
659 2259 700 2284 vel
720 2259 830 2291 positiva
844 2264 868 2284 et
887 2260 1000 2286 actualis.
1015 2260 1056 2284 vel
1072 2260 1190 2291 negativa
1208 2265 1234 2285 et
1246 2260 1369 2286 virtualis.

301 2293 414 2317 Positiva
429 2298 454 2317 et
472 2294 578 2319 actualis
598 2299 637 2319 est
656 2295 760 2327 quando
775 2294 921 2319 subiectum
940 2294 1019 2320 habet
1037 2303 1126 2320 revera
1144 2300 1231 2328 partes
1251 2296 1371 2321 subiecti-

299 2336 346 2353 vas
366 2326 416 2361 (cf.
431 2328 449 2352 l.
465 2328 560 2358 Periti„
574 2330 632 2354 lect.
645 2337 661 2359 1,
675 2338 701 2354 n.
717 2328 753 2363 7),
768 2329 863 2362 quibus
883 2330 941 2354 ideo
955 2330 1077 2355 omnibus
1091 2335 1116 2355 et
1130 2331 1239 2363 singulis
1252 2331 1371 2356 tribuitur

305 2363 480 2397 praedicatum
500 2365 571 2397 quod
590 2365 707 2390 subiecto
724 2365 863 2390 universali
882 2365 1040 2391 convenit-
1053 2366 1175 2397 Negativa
1197 2371 1222 2391 et
1239 2367 1369 2398 virtualis,

301 2399 405 2433 quando
420 2399 565 2425 subiectum
579 2405 664 2433 partes
679 2400 832 2425 subiectivas
852 2409 903 2425 non
918 2400 996 2425 habet
1016 2399 1059 2434 (ut
1078 2401 1103 2426 in
1118 2401 1174 2426 Deo
1189 2401 1252 2435 est),
1267 2407 1293 2427 et
1310 2403 1370 2436 quia

301 2443 353 2460 non
372 2434 466 2465 habet,
491 2441 559 2460 recte
585 2435 632 2460 dici
656 2440 741 2469 potest
760 2437 831 2468 quod
850 2436 919 2460 nulla
939 2436 972 2461 sit
990 2444 1049 2469 pars
1069 2436 1216 2466 subiecfiva,
1237 2437 1277 2462 cui
1296 2446 1369 2471 prae-

301 2471 413 2495 dicatum
433 2478 486 2494 non
504 2471 653 2502 conveniat3
672 2476 697 2495 at
716 2471 736 2495 si
756 2476 865 2504 possent
883 2472 937 2496 dari
962 2471 1110 2496 huiusmodi
1133 2478 1227 2505 partes,
1246 2473 1368 2499 omnibus

301 2506 369 2531 idem
385 2505 558 2538 praedicatum
577 2506 893 2531 conveniret.—-Similiter
911 2511 951 2531 est
970 2507 1108 2532 dicendum
1128 2508 1160 2532 de
1178 2508 1370 2534 universalitate

300 2547 457 2574 temporum.
477 2542 534 2566 Alia
552 2546 592 2566 est
606 2541 716 2574 positiva
735 2546 761 2566 et
778 2542 891 2573 actualis,
907 2542 954 2566 alia
973 2542 1090 2574 negativa
1109 2547 1134 2567 et
1152 2543 1276 2568 virtualis.
1296 2544 1370 2569 Posi-

300 2577 351 2602 tiva
370 2581 395 2601 et
413 2577 519 2601 actualis
539 2582 579 2602 est
597 2577 701 2610 quando
715 2577 741 2601 in
755 2577 826 2601 omni
845 2582 964 2610 tempore
982 2578 1155 2610 praedicatum
1175 2578 1293 2603 tribuitur
1311 2587 1369 2612 par-

300 2612 369 2637 tibus
383 2611 530 2637 subiectivis
543 2612 650 2637 alicuius
665 2612 831 2642 universalis;
847 2613 963 2644 negativa
978 2618 1003 2637 et
1014 2613 1129 2637 virtualis
1148 2614 1253 2646 quando
1268 2615 1369 2639 nullum

301 2652 342 2673 est
360 2652 464 2680 tempus
483 2647 508 2672 in
527 2655 580 2680 quo
598 2647 773 2680 praedicatum
792 2647 908 2672 subiecto
928 2656 979 2672 non
999 2648 1140 2678 conveniat,
1161 2654 1188 2673 et
1206 2649 1227 2673 si
1248 2649 1369 2675 darentur

300 2688 427 2716 tempora,
441 2682 465 2707 in
480 2682 639 2716 quibuslibet
652 2682 814 2708 tribueretur.
830 2683 862 2707 Et
874 2683 932 2707 hinc
947 2688 987 2708 est
1005 2679 1084 2716 quod,
1103 2689 1131 2708 ut
1145 2688 1217 2708 notat
1234 2684 1260 2708 b.
1275 2685 1369 2710 Alber-

301 2723 344 2743 tus
363 2718 485 2749 Magnus,
505 2718 656 2743 Aristoteles
676 2716 800 2743 definiens
821 2718 874 2743 dici
892 2718 925 2743 de
937 2719 1010 2743 omni
1027 2718 1271 2751 posterioristicum,
1291 2727 1368 2752 nega-

301 2754 353 2778 tive
376 2754 503 2786 expressit
516 2753 750 2784 universalitatem,
769 2754 897 2786 inquiens,
912 2761 963 2778 non
983 2754 1009 2778 in
1029 2754 1144 2786 quodam
1157 2754 1195 2779 sic
1213 2758 1239 2779 et
1258 2753 1284 2778 in
1304 2762 1368 2787 quo-

301 2789 364 2814 dam
379 2796 439 2817 non,
450 2796 498 2815 nec
511 2788 656 2822 aliquando
669 2789 708 2814 sit:
721 2792 748 2814 et
761 2789 907 2822 aliquando
922 2797 974 2814 non
990 2787 1028 2824 (ln
1041 2790 1051 2814 1
1065 2789 1177 2821 Foster„
1188 2793 1258 2814 tract.
1269 2789 1298 2821 11,
1312 2798 1368 2824 cap.

298 2832 344 2856 vn,
360 2832 418 2857 pag.
435 2823 494 2855 535,
508 2825 578 2858 Opp.
593 2829 656 2849 tom.
670 2823 701 2857 1).

353 2859 432 2884 Addit
449 2864 581 2893 praeterea
599 2860 735 2885 Caietanus
753 2860 824 2892 quod
842 2859 1020 2885 universalitas
1039 2860 1164 2893 temporis
1185 2860 1241 2885 sive
1258 2860 1368 2894 positiva

894 241 1279 278 POSTERIORUM
1307 240 1736 277 ANALYTICORUM
1765 241 1858 277 LIB.
1891 242 1904 277 1

1429 317 1484 341 sive
1503 318 1629 349 negativa,
1649 326 1727 350 quam
1742 317 1867 350 significat
1886 318 1981 343 dictum
2002 319 2034 343 de
2052 318 2132 347 omni,
2152 326 2204 342 non
2223 322 2325 350 oportet
2339 318 2410 350 quod
2424 318 2497 342 intel-

1429 352 1522 383 ligatur
1534 360 1581 384 pro
1594 354 1665 377 omni
1684 359 1801 386 tempore
1819 353 1975 385 simpliciter
1987 359 2012 378 et
2026 354 2153 383 absolute,
2170 354 2216 377 sed
2231 361 2278 386 pro
2293 354 2364 377 omni
2379 359 2497 386 tempore

1428 387 1546 417 relative,
1566 396 1661 421 nempe
1680 397 1728 421 pro
1746 388 1817 412 omni
1835 393 1953 421 tempore
1972 397 2024 421 quo
2043 390 2094 413 tale
2113 389 2286 421 praedicatum
2306 388 2383 413 habet
2401 396 2431 412 ex
2451 396 2496 412 na-

1428 427 1484 446 tura
1508 431 1556 447 sua
1575 424 1645 455 quod
1664 424 1724 447 insit
1739 424 1781 448 tali
1796 424 1927 448 subiecto:
1947 432 1999 448 non
2015 424 2084 449 enim
2104 424 2167 448 illud
2187 429 2285 448 tantum
2305 424 2412 448 dicimus
2428 431 2496 448 sem-

1428 457 1557 489 piternum
1573 459 1643 491 quod
1659 467 1801 491 numquam
1817 464 1909 490 cessat,
1921 460 1967 484 sed
1982 460 2058 484 etiam
2074 460 2135 484 illud
2152 458 2281 492 (quamvis
2294 458 2409 490 relative)
2425 459 2497 491 quod

1427 492 1592 517 infallibiliter
1611 501 1660 518 suo
1678 499 1796 526 tempore
1814 494 1955 525 invenitur,
1979 495 2100 527 spectatis
2120 495 2219 526 legibus
2239 499 2356 524 naturae,
2376 494 2442 518 sicut
2460 493 2497 518 di-

1428 527 1511 552 cimus
1536 529 1607 560 quod
1629 528 1792 553 infallibiliter
1815 530 1937 554 eveniunt
1960 535 2032 554 ortus
2056 535 2081 554 et
2104 538 2212 554 occasus
2237 530 2308 554 solis'.
2335 529 2401 553 Hinc
2419 529 2496 553 etiam

1428 563 1515 587 omnia
1535 563 1583 587 ista
1602 564 1724 588 naturalia
1743 564 1768 588 in
1789 565 2051 589 demonstrationibus
2074 570 2249 595 assumuntur,
2269 569 2294 589 et
2313 569 2374 588 sunt
2394 564 2496 588 conclu-

1427 598 1531 622 sionum
1551 599 1811 623 demonstrativamm
1830 600 1937 630 obiecta,
1959 600 2079 632 quamvis
2101 600 2269 624 constantiam
2289 601 2375 631 legum
2396 599 2496 624 natura-

1428 633 1491 657 lium
1506 633 1667 664 subaudiant,
1682 642 1749 666 quae
1763 634 1866 659 nonnisi
1885 634 2063 660 necessitatem
2083 635 2274 668 hypotheticam
2290 635 2392 666 habent,
2407 643 2497 659 neces-

1428 668 1528 692 sitatem
1548 677 1642 701 nempe
1657 677 1724 701 quae
1743 669 1838 702 pendet
1852 677 1867 694 a
1882 670 1961 694 libera
1980 670 2027 695 Dei
2044 671 2177 695 voluntate
2195 671 2330 695 ordinante
2349 675 2374 694 et
2394 678 2497 694 conser-

1427 709 1503 728 vante
1527 709 1632 728 naturae
1652 705 1731 736 leges.
1754 705 1920 737 Quapropter
1940 705 1993 730 dici
2015 705 2047 730 de
2070 706 2143 730 o'mni
2165 706 2395 738 posterioristicum
2421 705 2497 737 exigit

1427 738 1645 763 universalitatem
1674 740 1868 772 suppositorum
1891 745 1998 773 propter
2019 740 2129 765 formam
2153 741 2315 773 syllogismi,
2344 746 2369 765 et
2391 741 2498 773 insuper

1428 773 1503 805 exigit
1521 774 1739 799 universalitatem
1764 775 1889 807 temporis
1909 780 2014 808 propter
2036 776 2169 800 materiam
2194 778 2241 800 seu
2265 776 2395 800 obiectum
2413 776 2493 808 syllo-

1427 809 1504 840 gismi
1529 809 1742 840 demonstrativi,
1762 811 1833 842 quod
1852 818 1912 835 esse
1931 810 2007 835 debet
2026 811 2213 841 necessarium,
2232 815 2261 835 ut
2279 811 2376 835 dictum
2401 816 2453 841 est,
2472 815 2499 836 et

1428 844 1486 868 ideo
1509 844 1670 869 immutabile
1688 850 1714 869 et
1732 851 1895 878 perpetuum.
1915 846 1985 877 Ergo
2004 853 2035 870 ex
2053 846 2103 870 hoc
2122 846 2238 870 secundo
2253 846 2334 878 capite
2348 846 2405 870 talis
2421 846 2498 871 debet

1428 887 1487 904 esse
1506 880 1659 910 necessitas,
1679 881 1763 912 qualis
1782 880 1921 913 requiritur
1939 889 1954 905 a
1973 881 2078 905 materia
2098 881 2336 905 demonstrationis:
2356 889 2408 905 non
2427 881 2497 906 enim

1429 915 1534 939 materia
1553 922 1600 939 seu
1618 915 1749 940 obiectum
1769 921 1809 940 est
1827 921 1934 948 propter
1957 917 2220 947 demonstrationem,
2246 917 2292 940 sed
2311 916 2498 940 demonstratio

1428 955 1468 974 est
1486 955 1592 982 propter
1610 950 1739 975 obiectum
1760 949 1814 984 (Cf.
1834 959 1926 983 supra,
1946 952 2004 976 lect.
2023 959 2062 982 ιν,
2082 960 2107 976 n.
2124 959 2140 984 9
2161 957 2213 976 not.
2233 951 2272 985 π).
2292 951 2359 981 Quia
2378 951 2454 983 igitur
2466 956 2499 976 ·et

1429 985 1460 1009 de
1483 986 1641 1010 naturalibus
1661 986 1736 1010 datur
1754 986 1873 1017 scientia,
1893 991 1918 1011 et
1936 986 1994 1011 ideo
2014 987 2216 1017 demonstratio,
2242 992 2267 1011 et
2285 986 2328 1011 illa
2347 986 2498 1011 universali-

1428 1025 1506 1045 tatem
1526 1021 1672 1045 absolutam
1692 1029 1745 1046 non
1767 1022 1909 1054 patiuntur,
1928 1023 1975 1047 sed
1998 1023 2166 1047 solummodo
2190 1022 2336 1052 relativam;
2360 1022 2498 1046 dicendum

1427 1056 1528 1080 videtur
1547 1057 1618 1088 quod
1638 1056 1691 1081 dici
1710 1057 1742 1082 de
1761 1057 1834 1082 omni
1851 1057 1936 1090 primo
1957 1062 1982 1082 et
2000 1057 2172 1090 principaliter
2195 1058 2262 1082 dicat
2279 1057 2498 1082 universalitatem

1428 1091 1553 1123 temporis
1575 1092 1732 1124 simpliciter,
1755 1093 1801 1116 sed
1824 1093 1934 1117 admittit
1957 1092 2034 1117 etiarn
2055 1093 2273 1117 universalitatem
2297 1093 2430 1125 temporis,
2449 1100 2498 1125 pro

1428 1131 1546 1159 tempore
1574 1135 1628 1159 quo
1656 1128 1706 1151 tale
1734 1128 1908 1160 praedicatum
1935 1128 2004 1152 inest
2031 1133 2122 1152 namra
2145 1136 2192 1152 sua
2216 1128 2331 1152 subiecto
2352 1127 2405 1162 (Cf.
2431 1128 2498 1152 infra

1428 1162 1486 1186 lect.
1500 1170 1549 1192 xvi,
1570 1171 1595 1186 n.
1615 1162 1639 1187 8.
1649 1163 1774 1187 -Albem
1795 1164 1881 1194 Magn.
1905 1164 1953 1188 loc.
1969 1163 2010 1188 cit.
2025 1176 2044 1182 —
2059 1163 2171 1188 Caietan.
2186 1163 2212 1188 in
2236 1164 2245 1188 1
2265 1164 2376 1195 Foster„
2391 1171 2447 1196 cap.
2461 1171 2496 1193 lv,

1428 1197 1452 1229 ξ.
1471 1197 1548 1222 Circa
1568 1198 1747 1230 definitionem
1771 1198 1804 1223 de
1822 1198 1895 1223 omni
1913 1197 1980 1233 etc.).
2000 1198 2164 1223 Manifestum
2191 1204 2278 1223 tamen
2302 1203 2342 1223 est
2360 1199 2431 1231 quod
2450 1206 2492 1223 no-

1429 1233 1502 1257 bilior
1521 1238 1546 1257 et
1561 1232 1686 1258 efficacior
1701 1239 1740 1258 est
1759 1234 1876 1264 scientia,
1896 1234 1968 1258 cuius
1984 1234 2116 1259 obiectum
2134 1234 2351 1259 universalitatem
2371 1234 2496 1267 temporis

1428 1268 1579 1300 simpliciter
1597 1268 1687 1293 habet:
1712 1274 1781 1294 extra
1799 1269 1870 1294 enim
1888 1269 1963 1294 istam
1983 1277 2035 1294 non
2055 1269 2129 1294 datur
2147 1269 2196 1294 nisi
2219 1270 2399 1294 universalitas
2418 1277 2498 1302 quae-

1428 1304 1487 1327 dam
1506 1303 1715 1336 proportionalis.

1480 1339 1557 1363 Aliud
1571 1339 1724 1372 principium
1739 1340 1884 1372 syllogismi
1901 1340 2092 1365 demonstrativi
2107 1340 2292 1370 circumfertur,
2311 1347 2417 1372 nempe:
2433 1343 2498 1365 nota

1428 1377 1506 1399 notae
1521 1378 1560 1399 est
1575 1378 1638 1399 nota
1649 1375 1688 1399 rei
1702 1375 1784 1407 ipsius
1787 1382 1798 1404 ‚·
1814 1382 1967 1408 repugnans
1982 1379 2060 1401 notae
2074 1379 2207 1409 repugnat
2222 1376 2260 1401 rei
2274 1376 2438 1408 ipsiu-Nota
2453 1383 2496 1399 au-

1427 1414 1494 1438 tem,
1514 1409 1597 1442 inquit
1615 1409 1842 1442 Trendelenburg,
1867 1410 1929 1435 nihil
1953 1411 2005 1436 fere
2030 1411 2099 1435 aliud
2123 1412 2192 1436 valet
2216 1419 2295 1444 quam
2321 1411 2497 1444 praedicatum

1428 1442 1579 1476 (Hementa
1594 1445 1693 1477 logices
1705 1445 1889 1471 Aristoteleae.
1898 1447 2072 1475 —Annotata‚
2087 1447 2111 1479 g.
2123 1447 2164 1477 23,
2175 1454 2234 1479 pag.
2244 1446 2365 1479 93.—l··]d.
2375 1451 2498 1471 octava.-

1427 1479 1539 1504 Berolini
1554 1478 1639 1514 1878).
1650 1480 1688 1504 Sit
1697 1481 1879 1513 syllogismus:
1891 1482 2001 1506 Animal
2012 1485 2052 1507 est
2065 1482 2233 1511 sensitivum5
2246 1482 2326 1507 homo
2338 1485 2378 1507 est
2387 1482 2498 1511 animal,-

1427 1515 1505 1539 homo
1523 1518 1564 1539 est
1581 1515 1729 1540 sensitivus.
1749 1515 1816 1545 Quia
1834 1516 1988 1541 sensitivum
2003 1522 2044 1542 est
2061 1517 2236 1550 praedicatum
2251 1525 2298 1542 seu
2312 1522 2373 1541 nota
2386 1517 2496 1542 subiecti

1427 1550 1552 1582 (animal)
1571 1550 1597 1574 in
1615 1550 1715 1581 maiori,
1734 1555 1760 1575 et
1778 1551 1828 1576 hoc
1847 1551 1994 1576 subiectum
2013 1557 2053 1577 est
2067 1552 2242 1585 praedicatum
2261 1560 2309 1576 seu
2329 1558 2390 1577 nota
2408 1553 2495 1578 subie-

1427 1585 1459 1610 cti
1478 1585 1590 1617 (homo)
1610 1586 1635 1610 in
1654 1586 1748 1610 minori
1755 1593 1762 1616 ;
1782 1586 1841 1610 ideo
1860 1591 1920 1611 nota
1935 1594 1982 1611 seu
1995 1588 2170 1620 praedicatum
2189 1587 2292 1612 maioris
2307 1587 2497 1620 (sensitivam)

1427 1625 1467 1645 est
1484 1621 1511 1645 in
1525 1621 1692 1646 conclusione
1706 1626 1767 1646 nota
1781 1629 1828 1646 seu
1842 1622 2018 1654 praedicatum
2033 1622 2139 1647 subiecti
2154 1622 2262 1647 minoris
2277 1622 2390 1655 (homo)
2395 1630 2404 1652 ;
2417 1623 2496 1648 homo

1426 1659 1466 1681 est
1489 1657 1638 1682 sensitivus.
1663 1657 1701 1681 Ex
1724 1656 1773 1682 hoc
1797 1657 1922 1690 principio
1946 1658 2084 1682 verissimo
2107 1663 2180 1690 putat
2198 1658 2278 1688 Kant,
2306 1658 2347 1683 cui
2371 1658 2498 1684 consentit

1425 1691 1640 1723 Trendelenburg
1659 1692 1728 1724 (Op.
1743 1696 1770 1717 et
1787 1693 1836 1718 loc.
1851 1693 1921 1725 cit.),
1943 1693 2079 1726 perspicue
2099 1693 2185 1718 inferri
2204 1693 2304 1718 dictum
2324 1694 2357 1718 de
2379 1693 2453 1718 omni
2470 1697 2497 1719 et

1425 1728 1505 1756 nullo,
1525 1727 1596 1760 quod
1616 1728 1712 1752 dictum
1731 1732 1876 1760 propterea,
1896 1728 1987 1761 inquit,
2006 1728 2107 1753 assumi
2123 1732 2215 1760 potest
2233 1732 2263 1753 ut
2280 1729 2444 1761 principium
2469 1729 2496 1754 in

1426 1762 1675 1788 ratiocinationibus
1699 1763 1875 1788 rationalibus
1898 1763 1925 1788 in
1948 1771 2059 1796 genere,
2083 1767 2110 1789 et
2133 1764 2158 1788 in
2178 1764 2337 1797 categoricis
2361 1765 2387 1789 in
2411 1764 2497 1796 specie

1426 1797 1571 1831 (Logique,
1585 1806 1654 1823 vers.
1673 1798 1771 1827 Tissot,
1788 1806 1843 1832 cap.
1858 1807 1895 1830 m,
1911 1798 1935 1832 §-
1950 1797 1993 1829 63,
2008 1807 2067 1832 pag.
2084 1806 2143 1824 202.
2164 1800 2243 1824 Paris
2266 1799 2496 1834 1840).-Verum,

1426 1834 1545 1866 quamvis
1554 1834 1580 1858 in
1590 1834 1715 1866 principio
1731 1834 1829 1859 dictum
1845 1834 1878 1859 de
1891 1834 1964 1859 omni
1976 1834 2119 1859 inveniatur
2133 1835 2286 1867 principium
2301 1836 2421 1866 alterum,
2431 1838 2496 1860 nota

1426 1872 1505 1894 notae
1523 1874 1578 1899 etc.,
1598 1870 1676 1894 altius
1693 1874 1780 1894 tamen
1795 1869 1876 1902 repeti
1895 1869 2014 1894 existimo
2028 1869 2181 1903 principium
2198 1870 2401 1895 Aristotelicum.
2421 1871 2496 1902 Nam,

1424 1910 1454 1929 ut
1472 1904 1497 1928 in
1512 1905 1631 1937 exemplo
1650 1912 1728 1938 supra
1747 1905 1858 1929 adducto
1876 1905 1964 1930 videre
1978 1910 2025 1935 est,
2044 1905 2103 1930 ideo
2122 1905 2276 1930 sensitivum
2295 1906 2386 1931 dicitur
2405 1906 2436 1930 de
2449 1906 2496 1932 lto-

1426 1939 1508 1969 mine,
1528 1940 1588 1972 quia
1607 1940 1633 1964 in
1653 1940 1742 1964 maiori
1763 1940 1858 1964 dicrum
1877 1945 1918 1965 est
1937 1941 1969 1965 de
1987 1940 2110 1969 animali,
2130 1941 2201 1973 quod
2220 1941 2246 1965 in
2266 1941 2357 1966 minori
2377 1946 2417 1966 est
2435 1946 2496 1967 nota

1426 1983 1473 2000 seu
1493 1975 1666 2008 praedicatum
1692 1975 1812 2000 hominis.
1836 1976 1871 2000 At
1889 1975 1910 2000 si
1929 1981 2068 2008 quaeratur
2086 1983 2131 2000 cur
2149 1976 2304 2001 sensitivum
2327 1976 2376 2001 dici
2405 1977 2497 2002 debeat

1426 2011 1458 2035 de
1477 2010 1583 2035 homine
1601 2018 1631 2035 ex
1651 2018 1682 2036 eo
1701 2011 1772 2043 quod
1791 2010 1817 2035 in
1836 2010 1926 2035 maiori
1946 2011 2036 2036 dicitur
2055 2011 2087 2036 de
2106 2011 2222 2042 animali,
2245 2012 2417 2045 respondetur
2435 2013 2496 2045 quia

1426 2046 1519 2070 animal
1539 2051 1579 2071 est
1597 2053 1688 2078 genus,
1708 2046 1756 2070 sub
1776 2054 1830 2079 quo
1845 2045 1871 2070 in
1886 2046 1978 2071 minori
1998 2046 2101 2079 ponitur
2119 2046 2243 2071 contineri
2262 2047 2356 2078 homo;
2376 2052 2402 2072 et
2420 2048 2495 2080 quid-

1426 2082 1489 2114 quid
1518 2081 1608 2106 dicitur
1633 2082 1666 2106 de
1689 2081 1762 2106 omni
1787 2081 1878 2106 dicitur
1903 2082 1935 2106 de
1958 2081 2080 2106 omnibus
2100 2081 2227 2107 contentis
2245 2082 2294 2107 sub
2313 2083 2367 2108 illo.
2395 2083 2496 2117 Nempe

1427 2116 1580 2149 principium
1606 2120 1670 2142 nota
1689 2120 1768 2142 notae
1791 2116 1898 2141 infertur
1923 2124 1937 2141 a
1956 2117 2034 2150 priori
2059 2124 2090 2141 ex
2109 2117 2177 2142 dicto
2202 2117 2235 2142 de
2253 2117 2363 2143 omni.-
2377 2118 2454 2149 Quod
2473 2118 2496 2144 si

1426 2152 1512 2185 quoad
1525 2152 1635 2176 formam
1651 2152 1828 2176 consideretur
1841 2152 1995 2184 principium
2015 2155 2079 2177 nota
2098 2155 2176 2178 notae
2194 2157 2242 2178 etc.
2261 2153 2344 2186 magis
2358 2153 2497 2179 convenire

1424 2187 1525 2212 videtur
1539 2195 1598 2212 cum
1613 2188 1694 2212 altero
1708 2187 1846 2220 principio:
1868 2187 1943 2218 Quae
1961 2192 2023 2213 sunt
2041 2187 2134 2213 eadem
2150 2188 2196 2212 uni
2210 2188 2302 2217 tertio,
2321 2192 2384 2214 sunt
2401 2189 2495 2214 eadem

1426 2223 1496 2248 inter
1508 2230 1552 2248 se.-
1570 2223 1641 2255 quod
1656 2223 1743 2255 potius
1758 2230 1838 2255 quam
1857 2223 1998 2254 materiam,
2018 2223 2122 2256 respicit
2140 2223 2251 2248 formam
2271 2224 2428 2257 syllogismi,
2447 2232 2495 2249 seu

1425 2258 1644 2291 comparationem
1668 2263 1842 2283 extremorum
1866 2266 1926 2283 cum
1945 2258 2040 2284 medio.
2064 2259 2098 2283 At
2116 2259 2271 2292 principium
2295 2259 2348 2284 dici
2367 2259 2400 2284 de
2422 2259 2497 2285 omni

1425 2294 1520 2319 directe
1533 2293 1666 2318 materiam
1682 2299 1707 2318 et
1721 2293 1838 2318 intimam
1853 2298 1970 2318 naturam
1986 2294 2129 2326 syllogismi
2143 2294 2236 2327 tangit:
2256 2299 2384 2327 quatenus
2399 2294 2496 2320 scilicet

1424 2329 1571 2354 universale
1590 2328 1735 2353 subiectum
1754 2336 1813 2354 cum
1832 2329 2049 2354 universalitatem
2076 2329 2272 2362 suppositorum
2296 2330 2494 2363 complectatur,

1424 2364 1479 2389 istis
1499 2364 1623 2397 competit
1642 2364 1767 2397 quidquid
1786 2364 1818 2388 de
1837 2364 1953 2389 subiecto
1971 2364 2016 2389 illo
2035 2363 2155 2389 affirmari
2174 2370 2267 2398 potest,
2286 2364 2337 2390 hoc
2355 2370 2395 2390 est
2413 2365 2495 2398 tangit

1423 2400 1542 2425 ordinem
1557 2404 1662 2424 naturae
1679 2399 1831 2424 universalis
1850 2400 1882 2424 ad
1900 2405 1987 2432 partes
2006 2407 2067 2424 suas
2090 2400 2253 2425 subiectivas.
2278 2400 2364 2431 Quem
2387 2401 2494 2434 quidem

1423 2435 1542 2460 ordinem
1557 2434 1725 2468 syllogismus
1745 2434 1963 2459 demonstrativus
1983 2435 2114 2468 sequitur:
2129 2443 2190 2460 nam
2209 2436 2242 2461 de
2260 2435 2316 2460 eiua
2344 2441 2435 2461 namra
2454 2440 2495 2461 eet

1423 2475 1452 2495 ut
1470 2470 1501 2495 ab
1520 2469 1748 2495 universalioribus
1767 2470 1799 2495 ad
1818 2470 1905 2494 minus
1923 2470 2077 2495 universalia
2095 2471 2228 2503 procedat3
2244 2471 2388 2504 praefatum
2405 2476 2493 2496 autem

1422 2505 1540 2530 ordinem
1559 2513 1612 2530 non
1630 2505 1732 2530 videtur
1750 2505 1862 2530 indicare
1880 2505 2043 2539 principium,
2058 2506 2131 2531 Nota
2151 2509 2229 2531 notae
2248 2511 2295 2531 etc.
2339 2528 2342 2531 .

1476 2541 1574 2566 Ultimo
1593 2542 1651 2566 loco
1669 2540 1758 2574 quaeri
1777 2545 1864 2574 potest
1878 2548 1924 2566 cur
1937 2541 2089 2566 Aristoteles
2108 2549 2160 2566 non
2180 2541 2268 2566 fecerit
2282 2541 2442 2567 mentionem
2460 2542 2494 2566 de

1423 2577 1517 2601 eodem
1537 2576 1662 2609 principio
1681 2576 1707 2601 in
1726 2584 1806 2601 sensu
1826 2576 1952 2608 negativo,
1972 2583 2067 2609 nempe
2085 2577 2118 2601 de
2132 2576 2186 2602 dici
2200 2577 2233 2602 de
2247 2577 2327 2604 nullo.
2342 2577 2413 2610 quod
2427 2576 2494 2610 regit

1423 2611 1590 2644 syllogismos
1610 2611 1743 2644 negativae
1762 2610 2146 2644 conclusionisi-Respondeo
2160 2612 2232 2644 quod
2247 2611 2428 2644 oppositorum
2447 2619 2492 2637 ea-

1423 2647 1483 2672 dem
1502 2650 1542 2672 est
1560 2647 1645 2675 ratio,
1670 2651 1700 2671 ut
1717 2646 1767 2671 fert
1785 2654 1924 2671 commune
1947 2646 2080 2678 adagium3
2099 2651 2125 2672 et
2143 2647 2202 2672 ideo
2221 2654 2251 2671 ex
2275 2646 2316 2671 his
2335 2654 2403 2680 quae
2425 2646 2492 2672 dicta

1423 2686 1484 2706 sunt
1502 2682 1535 2706 de
1553 2682 1678 2715 principio
1692 2681 1852 2712 affirmativo,
1871 2681 1946 2706 facile
1964 2686 2005 2706 est
2019 2686 2131 2707 statuere
2144 2686 2270 2712 naturam,
2289 2681 2451 2707 conditiones
2467 2687 2493 2707 et

1422 2717 1562 2742 divisiones
1577 2716 1693 2750 principii
1708 2716 1826 2749 negativi,
1842 2716 1896 2742 dici
1913 2717 1946 2742 de
1965 2717 2046 2742 nullo.
2057 2730 2076 2736 —
2085 2717 2164 2742 Addit
2177 2717 2330 2742 Dominicus
2343 2725 2357 2742 a
2371 2717 2493 2743 Flandria

1422 2752 1495 2785 quod
1512 2751 1664 2777 Aristoteles
1683 2752 1708 2776 in
1726 2751 1776 2776 hoc
1795 2751 1862 2776 libro
1880 2752 2032 2777 determinat
2050 2752 2082 2777 de
2104 2752 2323 2777 demonstratione
2343 2751 2493 2778 affirmativa

1421 2787 1553 2812 ostensiva
1563 2806 1570 2819 ‚
1589 2795 1657 2820 quae
1676 2794 1781 2820 semper
1797 2787 1877 2812 utitur
1894 2787 2115 2820 propositionibus
2130 2788 2162 2813 de
2180 2787 2234 2813 diei
2253 2787 2379 2817 deomni,
2394 2793 2420 2813 et
2433 2787 2493 2814 ideo

1422 2822 1521 2847 nullam
1539 2822 1581 2847 hic
1599 2821 1658 2847 facit
1670 2822 1828 2847 mentionem
1843 2823 1876 2847 de
1893 2822 2019 2856 principio
2038 2823 2157 2856 negativo
2177 2823 2230 2849 dici
2244 2823 2277 2849 de
2292 2824 2376 2853 nullo,
2392 2824 2424 2848 de
2437 2831 2492 2857 quo

1421 2858 1473 2891 egit
1491 2857 1518 2882 in
1536 2858 1602 2883 libro
1620 2858 1745 2883 Priorum
1765 2855 1804 2892 (ln
1822 2857 1832 2883 1
1851 2858 1962 2889 Foster„
1981 2866 2026 2891 qu.
2039 2865 2090 2890 xxv,
2110 2859 2179 2884 amc.
2196 2857 2231 2893 2).
