2788 4204
311 373 427 399 tantum,
447 373 473 393 et
491 375 539 401 per
557 375 587 393 se
605 371 695 392 notam
712 371 826 400 utroque
849 366 939 392 modo.
958 367 976 396 Ι,

309 413 336 435 v,
351 413 374 434 κ,
394 413 421 439 μ.
430 404 530 429 —Haec
543 404 635 428 ultima
649 402 824 428 subdividitur
841 403 868 427 in
887 409 936 435 per
948 409 977 426 se

310 439 564 466 notam-secundum
582 446 611 464 se
629 442 656 464 et
674 438 764 471 quoad
781 445 880 466 omnes,
897 442 923 462 et
936 444 976 462 se-

311 476 428 501 cundum
441 482 470 500 se
483 478 510 500 et
523 475 614 508 quoad
631 475 702 500 solos
719 473 862 505 sapientes.
882 473 945 498 ibid.
959 487 978 491 -

311 511 459 544 Propositio
478 510 605 540 mediata,
623 517 670 534 seu
684 516 738 541 per
750 508 828 533 aliud
846 512 918 538 nota,
932 508 977 532 tri-

310 547 370 579 plex
383 551 437 571 est:
450 546 493 570 vel
508 546 578 570 enim
593 549 634 570 est
646 549 707 569 nota
721 551 769 577 per
778 543 847 568 aliud
860 543 976 569 mediurn

276 599 279 601 Α
310 581 477 614 simpliciter,
488 581 529 606 vel
544 580 635 613 quoad
647 586 702 609 nos,
713 579 755 604 vel
765 584 877 612 utroque
887 580 975 604 modo.

311 618 330 647 Ι,
344 624 370 647 ν,
383 624 407 642 κ.
421 630 441 635 -
454 616 543 646 Quare
561 616 589 640 in
607 614 831 640 demonstratione
858 615 976 648 proposi-

309 654 396 678 tiones
410 652 538 676 mediatae
553 651 664 676 debeant
682 650 770 675 reduci
790 651 823 675 ad
841 651 985 682 immedias

309 693 364 719 '²³⁸3
378 692 404 712 et
417 686 553 720 quomodo
566 686 618 711 sint
631 686 804 711 reducendae.
818 687 836 716 Ι,
851 694 917 716 xxv1,
927 686 977 715 ζ.-

310 722 459 756 Propositio
475 722 595 754 negativa
610 722 760 747 immediata
775 729 806 747 ex
825 722 920 754 duplici
934 729 975 747 ca-

310 759 364 792 pite
377 758 528 791 contingere
543 762 639 791 potest.
654 757 672 787 1,
682 765 749 787 xxvi,
765 766 791 792 μ.
800 771 820 776 -
829 757 976 790 Propositio

311 802 359 819 seu
378 794 534 827 praedicatio
551 794 669 825 simplex
687 794 729 818 vel
749 800 811 823 una,
825 794 909 826 qualis
928 794 976 818 sit:

310 830 381 859 item,
397 830 492 862 plures
510 829 552 854 vel
571 829 732 861 composita,·
744 829 860 861 propria
873 829 915 853 vel
934 829 975 854 di-

309 868 398 895 recta,·
417 864 567 897 impropria
579 872 629 889 seu
645 864 786 889 indirecta.
801 865 818 894 Ι,
829 871 911 894 xxxw,
926 873 976 890 o.-

311 901 340 926 ln
355 900 580 933 propositionibus
599 900 633 925 de
655 900 736 925 tertio
754 900 902 930 adiacente,
922 907 975 924 non

310 936 450 961 attenditur
468 941 558 960 utrum
577 935 724 960 subiectum
737 936 780 960 vel
799 935 974 968 praedicatum

311 971 402 996 existat
419 979 514 1002 necne;
535 971 582 996 sed
597 971 685 996 solum
699 975 786 995 utrum
803 979 895 996 eorum
914 978 975 996 con-

310 1007 387 1031 nexio
406 1007 440 1031 sit
453 1014 532 1031 vera:
552 1011 612 1031 sunt
630 1006 810 1038 contingentes
823 1007 865 1031 vel
885 1014 975 1031 neces-

310 1042 394 1067 sariae
407 1046 485 1075 prout
499 1042 563 1067 haec
577 1042 702 1067 connexio
716 1046 756 1066 est
766 1041 920 1074 contingens
933 1042 975 1067 vel

310 1078 470 1102 necessaria:
489 1078 559 1102 unde
572 1081 684 1110 possunt
698 1084 758 1102 esse
770 1078 932 1102 necessariae
950 1082 976 1102 et

302 1120 359 1146 -per
376 1119 412 1142 se,
433 1113 480 1138 etsi
495 1113 641 1138 subiectum
661 1113 694 1137 sit
713 1113 876 1145 contingens.
889 1113 907 1142 Ι,
921 1120 974 1142 xm,

310 1156 336 1182 γ.
348 1162 369 1168 -
381 1148 488 1181 Triplex
507 1148 688 1173 universalitas
705 1148 731 1173 in
746 1148 974 1180 propositionibus.

311 1184 330 1214 1,
340 1191 374 1215 xx,
383 1182 439 1209 λ.-
451 1183 595 1209 Conversio
608 1184 835 1217 propositionum,
849 1183 914 1217 quid
933 1185 974 1209 sit.

311 1220 331 1249 Ι,
345 1227 399 1249 vm,
415 1227 441 1245 α.

275 1254 416 1280 ΡιωΡιιισιι
429 1268 466 1274 -
479 1254 624 1287 Proprium
639 1254 713 1279 alicui
730 1255 829 1286 dicitur,
844 1255 976 1287 quodvest

279 1307 282 1311 -
309 1290 418 1315 de-eius
438 1289 601 1320 definitione;
619 1291 662 1315 vel
676 1291 747 1323 quod
767 1291 888 1315 convenit
906 1290 930 1315 ei
949 1289 975 1314 in

309 1326 427 1351 secundo
445 1327 487 1350 vel
515 1330 609 1359 quarto
632 1326 713 1361 modo
737 1325 839 1351 dicendi
859 1332 914 1357 per
937 1331 974 1350 se.

309 1362 340 1391 11,
358 1369 396 1391 111,
433 1379 441 1386 .

273 1359 484 1422 eumaem»
498 1411 532 1416 -
548 1396 613 1422 Vide
631 1396 777 1427 Quasi-10.

610 1483 648 1530 Q

273 1574 410 1607 Qumno
420 1589 454 1594 -
465 1575 599 1606 Quaerere
610 1574 674 1607 quia
688 1577 735 1603 est,
747 1579 787 1599 est
801 1581 927 1607 quaerere
942 1582 974 1599 an

307 1618 351 1637 res
360 1611 455 1636 habeat
468 1618 532 1639 esse,
542 1611 598 1636 sive
607 1610 676 1635 reale
686 1611 742 1635 sive
756 1610 847 1635 ideale.
859 1611 876 1639 Ι,
887 1617 914 1640 11,
919 1608 947 1643 -β,
954 1625 973 1630 —

309 1646 442 1678 Quaerere
460 1646 526 1679 quid
544 1649 591 1675 est,
606 1651 647 1670 est
660 1653 786 1678 quaerere
804 1646 870 1678 quid
889 1646 973 1671 nomi-

309 1682 352 1708 nis
364 1683 406 1707 vel
418 1682 483 1715 quid
497 1682 546 1707 rei.
567 1681 833 1714 ibid.-Cognoscere
850 1681 917 1714 quid
935 1685 975 1707 est

308 1717 383 1751 quod
396 1717 504 1747 dicitur,
518 1717 625 1742 includit
639 1724 799 1749 cognoscere
811 1717 877 1749 quid
896 1717 935 1742 rei
948 1722 976 1742 et

307 1753 375 1787 quid
387 1753 511 1778 nominis.
526 1752 590 1778 ibid.
599 1766 618 1772 -
628 1754 656 1778 ln
670 1753 849 1786 investigando
858 1756 974 1785 propter

306 1788 374 1823 quid
397 1789 466 1814 iuxta
489 1788 646 1813 methodum
672 1793 759 1813 rectae
784 1788 932 1817 divisionis,
951 1788 974 1812 si

309 1824 384 1850 alicui
403 1823 677 1850 subiecto.conveniat
690 1830 744 1856 per
761 1831 789 1849 se
807 1823 909 1856 passio,
928 1831 974 1848 ne-

307 1867 383 1885 cesse
395 1865 436 1885 est
449 1865 478 1884 ut
492 1865 644 1893 assurgatur
657 1860 690 1884 ad
700 1859 846 1884 subiectum
861 1859 901 1884 cui
915 1859 974 1885 talis

306 1895 397 1930 passio
411 1895 549 1921 conveniat
562 1902 615 1928 per
632 1902 661 1920 se
679 1894 706 1919 in
725 1900 818 1928 quarto
838 1895 927 1920 modo.
942 1896 972 1927 11,

306 1938 368 1961 xvn,
387 1939 408 1956 ε.

272 1966 581 1999 Quamras—Omnia
601 1965 650 1990 alia
668 1966 809 1990 accidentia
827 1965 975 1991 referuntur

309 2003 343 2028 ad
362 2002 543 2031 substantiam,
563 2001 694 2026 mediante
712 2001 855 2034 quantitate
874 2002 975 2026 dimen-

311 2038 375 2063 siva.
395 2038 414 2069 Ι,
433 2045 461 2067 11,
480 2045 501 2062 ε.

274 2072 352 2104 Quor>
367 2081 430 2099 oum
445 2080 520 2098 asr-
531 2071 611 2103 Quod
622 2071 687 2105 quid
700 2075 741 2097 est
755 2070 815 2105 (seu
826 2072 974 2105 quidditas)

310 2113 352 2134 est
370 2108 483 2134 essentia
502 2116 549 2141 per
568 2115 648 2140 quam
667 2115 710 2132 res
729 2108 755 2132 in
774 2108 860 2140 seipsa
880 2109 975 2133 consti-

310 2145 402 2174 tuitur,
422 2149 448 2169 et
467 2143 630 2176 distinguitur
653 2143 685 2168 ab
704 2143 770 2168 aliis.
789 2144 813 2172 1,
832 2151 899 2175 xxvx,
918 2152 943 2177 γ.
956 2158 976 2163 -

311 2179 478 2212 Quandoque
488 2179 653 2210 distinguitur
662 2186 676 2203 a
686 2179 759 2211 quod
767 2179 833 2211 quid
843 2182 903 2204 erat
911 2186 976 2204 esse.

311 2215 342 2245 Il,
355 2223 391 2245 111,
406 2214 458 2244 ζ.-
467 2215 515 2239 Est
528 2213 651 2239 definitio.
662 2215 680 2244 Ι,
693 2222 759 2243 xxvi,
773 2213 797 2239 δ.
806 2228 825 2233 -
835 2214 975 2245 Quomodo

310 2251 345 2276 sit
359 2250 484 2279 medium,
505 2255 531 2275 et
549 2251 626 2275 etiam
645 2250 814 2275 concludatur
828 2251 854 2274 in
867 2250 975 2275 demon-

310 2286 444 2311 stratione.
467 2285 530 2311 ibid.
545 2299 565 2304 -
577 2285 718 2316 Quomodo
738 2291 911 2318 cognoscatur
929 2293 976 2318 per

310 2320 519 2348 affirmationem.
540 2322 562 2351 1,
580 2329 653 2350 xxvx.
674 2329 699 2355 γ.
711 2335 730 2340 -
744 2320 885 2351 Quomodo
904 2322 975 2346 inve-

310 2357 428 2389 stigetur.
439 2357 531 2382 ibid.—
541 2357 677 2387 Quidditas
694 2365 747 2381 non
761 2355 837 2381 efficit
852 2364 917 2388 rem,
928 2357 975 2382 sed

310 2392 452 2418 constituit.
467 2393 497 2423 ll,
513 2399 530 2423 1,
546 2400 573 2417 α.
586 2406 606 2411 -
619 2391 780 2422 Quidditates
796 2400 885 2416 rerum
899 2400 914 2417 a
928 2400 975 2417 no-

309 2427 352 2453 bis
370 2435 418 2460 per
436 2428 653 2460 compositionem
671 2428 849 2460 intelliguntur
868 2432 894 2452 et
912 2427 975 2452 defi-

310 2463 425 2488 niuntur.
444 2463 474 2493 11,
490 2470 544 2492 1111,
559 2471 579 2488 ε.
591 2477 610 2482 -
623 2462 787 2493 Quidditates
807 2470 895 2487 rerum
914 2471 974 2488 sen-

310 2498 426 2524 sibilium
451 2506 504 2523 non
529 2497 686 2523 definiuntur
703 2499 745 2523 vel
765 2499 976 2523 demonstrantur

309 2539 339 2559 ut
357 2539 420 2559 sunt
438 2534 465 2558 in
489 2534 640 2563 individuis,
665 2534 712 2559 sed
730 2539 760 2559 ut
778 2534 803 2558 in
829 2534 975 2564 universali,

312 2569 470 2599 abstractae,
495 2574 520 2594 et
537 2577 589 2602 per
606 2577 645 2595 se.
667 2570 760 2595 ibid.-
779 2569 914 2600 Quidditas
939 2570 976 2594 rei

310 2605 450 2630 materialis
470 2610 510 2630 est
527 2605 682 2630 universalis
698 2605 724 2629 vi
744 2605 933 2630 abstractionis.
954 2606 975 2635 l,

310 2647 412 2670 xxxvm,
428 2639 554 2665 e.-Sunt
571 2641 654 2666 multa
671 2641 744 2674 quod
762 2640 828 2674 quid
845 2644 885 2666 est
900 2641 976 2666 unius

311 2676 357 2707 rei,
371 2683 425 2701 non
443 2676 601 2710 ontologice,
617 2677 664 2701 sed
684 2677 777 2710 logice.
792 2676 821 2706 ll,
834 2684 884 2706 vu,
902 2675 927 2705 ζ.

608 2776 645 2812 R

275 2890 362 2916 Reno
377 2903 414 2909 —
428 2890 536 2915 Praeest
554 2894 580 2914 et
598 2889 724 2914 miscetur
747 2887 846 2915 actibus
865 2897 978 2923 organo-

311 2933 385 2951 rum:
399 2925 535 2958 quomodo
559 2926 637 2950 etiam
665 2926 786 2957 proprios
801 2930 873 2950 actus
892 2930 977 2958 regat:

311 2960 371 2986 finis
390 2961 454 2990 eius,
472 2961 532 2993 quis
547 2961 589 2985 sit.
603 2961 622 2989 l.
635 2968 652 2989 ι,
668 2959 692 2993 β.
705 2974 724 2979 -
735 2960 818 2985 Ratio
831 2965 857 2985 et
876 2961 977 2986 intelle-

311 2999 371 3022 ctus
389 2996 526 3028 designant
545 2996 598 3020 duo
614 2996 702 3020 munia
715 2995 832 3020 eiusdem
848 2993 976 3021 facultatis

312 3032 415 3057 animae
442 3031 590 3056 rationalis:
613 3031 748 3064 quomodo
777 3032 976 3064 distinguantur.

313 3068 338 3097 1,
356 3075 379 3098 1,
397 3075 423 3101 γ.
439 3081 459 3086 -
472 3067 561 3097 Quare
580 3067 696 3091 dicamur
718 3067 866 3092 rationales
890 3068 977 3099 potius

312 3110 392 3135 quam
412 3102 574 3128 intellectivi.
593 3102 686 3127 ibid.-
698 3102 774 3127 Ratio
793 3107 834 3127 est
847 3103 976 3135 quaedam

312 3143 420 3163 natura:
447 3138 518 3163 unde
542 3138 568 3162 in
592 3138 648 3163 eius
674 3138 774 3163 actibus
797 3138 928 3163 invenitur
952 3138 978 3163 id

313 3174 386 3207 quod
405 3181 435 3199 ex
450 3179 541 3199 natura
559 3173 585 3198 in
599 3181 695 3206 genere
709 3178 756 3203 est,
771 3178 797 3198 et
810 3173 837 3198 id
851 3174 923 3207 quod
938 3178 978 3198 est

313 3217 344 3234 ex
363 3215 453 3243 natura
471 3209 598 3234 rationali.
617 3210 636 3239 Ι,
654 3217 672 3238 1,
691 3217 712 3234 ε.

277 3244 471 3270 ΒΔτιοοιΝΑΉο
483 3259 516 3263 ·—
531 3245 581 3270 Per
595 3244 815 3270 ratiocinationem
829 3245 978 3278 proceditur

313 3288 329 3305 a
347 3280 415 3305 notis
439 3281 471 3305 ad
495 3280 691 3313 inquisitionem
715 3280 874 3313 ignotorum.
887 3280 977 3313 Praef.

312 3315 343 3346 ΙΙ,
361 3323 379 3345 1,
397 3316 504 3350 γ.-Αι“Ι
523 3315 698 3348 cognitionem
717 3323 812 3349 nempe
831 3316 978 3340 conclusio-

292 3369 295 3371 ·
313 3359 376 3376 num
388 3369 394 3381 ,
418 3359 486 3384 quae
505 3351 531 3376 in
549 3351 680 3384 principiis
705 3351 859 3377 virtualiter
877 3356 978 3376 tantum

313 3387 486 3412 continentur.
506 3387 569 3411 ibid.
583 3401 602 3405 -
620 3387 723 3419 Duplici
742 3387 783 3411 via
807 3387 840 3411 de
863 3392 926 3411 noto
945 3387 978 3412 ad

313 3422 431 3455 ignotum
451 3429 527 3446 mens
546 3422 723 3447 ratiocinando
746 3423 876 3454 procedit,
896 3422 977 3455 syllo‘-

313 3458 400 3490 gismo
426 3462 451 3482 et
476 3457 638 3482 inductione:
662 3458 688 3482 in
709 3462 823 3490 utroque
846 3465 909 3482 casu
931 3457 978 3481 ini-

313 3493 380 3518 tium
398 3491 427 3517 fit
439 3501 454 3517 a
472 3492 631 3524 notioribus,
649 3493 691 3518 vel
711 3493 855 3518 secundum
876 3493 978 3518 intelle-

312 3531 395 3558 ctum,
409 3529 450 3553 vel
465 3528 610 3553 secundum
625 3535 740 3553 sensum.
760 3528 777 3558 l,
789 3536 806 3559 i,
820 3536 843 3561 ρ.
852 3542 871 3547 -
880 3529 978 3552 Secun-

314 3563 378 3588 dum
397 3563 515 3588 ordinem
540 3568 648 3588 naturae
667 3569 692 3588 et
711 3563 857 3593 doctrinae,
877 3568 980 3596 oportet

314 3599 456 3631 procedere
470 3599 502 3624 ab
516 3599 746 3624 universalior-ibus
763 3599 795 3623 ad
815 3598 902 3623 minus
921 3599 979 3623 uni—

313 3634 438 3660 versalia:
459 3635 605 3660 secundum
627 3635 746 3659 ordinem
765 3633 978 3667 investigationis,

1089 287 1256 324 INDEX
1285 286 1687 324 ALPHABETICUS

1071 374 1087 391 a
1104 366 1191 391 minus
1216 366 1405 391 universalibus
1431 366 1464 391 ad
1488 366 1682 391 universaliora.
1701 366 1731 397 11,

1070 409 1126 432 xvi,
1145 401 1169 430 ζ.

1036 436 1191 462 Rama-wrm
1203 437 1288 462 —De
1306 437 1404 462 ratione
1422 437 1521 462 relativi
1540 441 1588 466 est,
1601 441 1630 462 ut
1648 437 1732 469 possit

1069 473 1203 506 oppositas
1221 473 1425 505 praedicationes
1440 473 1580 505 suscipere.
1594 473 1612 502 1,
1626 480 1698 504 xvm,
1709 481 1731 498 ν.

1034 507 1245 534 nummorum
1259 522 1295 527 —
1313 509 1377 534 Vide
1394 509 1583 533 Menona-riva.

1034 543 1088 569 Res
1102 558 1139 563 —
1153 543 1281 569 Constitui
1306 544 1397 577 nequit
1421 544 1469 568 nisi
1494 551 1541 576 per
1559 544 1623 576 quid
1641 543 1730 576 positi-

1068 587 1142 605 vum.
1161 581 1179 609 l,
1198 587 1254 609 xxv,
1275 588 1298 605 r.
1311 587 1378 610 xxvx,
1388 588 1414 613 γ.
1427 594 1445 598 -
1459 579 1512 604 Res
1531 587 1562 604 ex
1575 587 1605 604 se
1617 583 1678 604 sunt
1691 579 1730 604 in-

1069 615 1216 640 differentes
1231 620 1260 640 ut
1274 615 1307 639 ab
1325 615 1455 640 intellectu
1470 618 1556 640 creato
1571 622 1730 648 cognoscan-

1068 656 1119 676 tur.
1133 652 1151 680 l,
1166 658 1200 680 xv,
1215 659 1270 675 π,-
1280 651 1379 675 Rerum
1394 651 1548 675 naturalium
1563 650 1691 675 essentiae
1705 655 1730 675 et

1067 686 1184 711 virtutes·
1201 691 1262 711 sunt
1280 686 1356 711 nobis
1379 686 1507 711 occultae:
1526 686 1661 719 quomodo
1679 685 1729 710 hoc

1033 739 1036 742 ⁴
1067 721 1102 746 sit
1119 721 1325 754 intelligendum.
1344 723 1362 751 1.
1381 729 1416 751 tv,
1433 720 1458 746 ὃ.
1481 745 1483 747 ,

1031 757 1145 782 Rosmm
1154 771 1191 776 —
1199 757 1327 782 Antonius
1339 756 1605 782 Rosmini-Serbati.—
1611 757 1728 789 Sequen-

1034 810 1036 812 -
1067 793 1103 818 tia
1121 792 1198 818 huius
1215 793 1326 817 auctoris
1342 793 1436 826 scripta
1449 792 1570 817 citantur:
1585 792 1729 817 Aristotele

1066 828 1224 860 exposta-ed
1240 828 1397 854 esaminato.
1411 829 1430 859 1,
1448 836 1498 857 xvi,
1513 836 1537 852 κ.
1557 835 1638 857 xxxvi,
1654 834 1678 852 o.
1698 829 1728 858 ΙΙ,

1065 871 1106 895 xx,
1120 872 1144 889 τ.
1157 877 1177 883 -
1193 863 1322 896 Teosofia.
1335 864 1353 894 1,
1367 871 1418 893 xvh
1433 871 1457 888 κ.
1474 871 1557 894 xxxin,
1572 871 1595 888 ο.
1605 863 1727 889 -Nuovo

1067 899 1171 932 Saggio
1189 900 1250 924 sull'
1259 899 1363 932 origine
1377 899 1443 924 delle
1456 899 1522 924 idae.
1542 899 1566 929 Ι,
1579 906 1660 930 xxxvi,
1676 907 1727 924 ο.-

1067 935 1225 969 Psicologia.
1245 934 1309 960 ibid.
1320 948 1339 954 -
1350 934 1554 968 Antropologia.
1572 933 1637 959 ibid.

1369 1021 1396 1057 S

1030 1113 1195 1138 Sr-Himumz
1205 1127 1238 1131 —-
1249 1113 1271 1138 J.
1284 1112 1449 1146 Barthelemy
1469 1114 1501 1138 de
1519 1113 1665 1139 St-Hilaire.
1685 1113 1727 1138 Ci-

1066 1153 1134 1173 tatur
1159 1149 1214 1173 eius
1232 1155 1314 1181 opus,
1336 1148 1378 1173 De
1396 1149 1423 1173 la
1441 1148 1548 1182 legique
1572 1148 1727 1174 d'Arislote.

1066 1184 1085 1213 1,
1103 1191 1173 1214 xun,
1192 1192 1218 1215 η.
1613 1197 1615 1199 -

1030 1218 1216 1243 δΑκεενκωΝο
1229 1232 1263 1236 —-
1279 1218 1343 1242 Eius
1362 1218 1465 1251 Logica
1484 1218 1583 1243 citatur.
1602 1219 1631 1248 11,
1650 1227 1667 1250 1,
1683 1227 1727 1244 αα.

1030 1254 1154 1279 Scan-101
1163 1267 1199 1272 —
1209 1253 1326 1285 Sceptici,
1346 1260 1394 1277 seu
1412 1253 1568 1284 Academici,
1581 1253 1643 1278 nihil
1657 1260 1728 1279 certo

1066 1289 1125 1313 sciri
1144 1288 1176 1313 ab
1195 1288 1301 1312 homine
1320 1295 1400 1320 posse
1419 1287 1589 1313 affirmabant.
1609 1290 1633 1319 1,
1652 1297 1669 1318 r,
1688 1298 1710 1314 ν.

1030 1324 1155 1348 Scrmsna
1170 1337 1206 1342 —
1220 1323 1360 1348 Latissimo
1389 1331 1468 1348 sensu
1498 1329 1642 1356 sumptum,
1660 1325 1729 1350 scire

1066 1358 1194 1392 significat
1217 1359 1396 1392 cognitionem
1421 1366 1612 1392 quamcunque.
1638 1360 1664 1390 1,
1684 1368 1727 1390 iv,

1064 1403 1091 1427 η.
1107 1409 1125 1414 —-
1141 1395 1257 1419 Strictius
1268 1412 1274 1423 ,
1293 1394 1474 1428 cognitionem
1497 1395 1727 1425 certitudinalem,

1066 1430 1121 1455 sive
1140 1430 1337 1455 conclusionum
1356 1430 1411 1455 sive
1430 1430 1622 1463 principiorum.
1643 1432 1667 1461 1,
1686 1439 1727 1461 w,

1064 1474 1090 1498 η.
1104 1473 1175 1495 xuv,
1194 1466 1283 1490 o.-1n
1302 1473 1382 1490 sensu
1401 1466 1520 1499 proprio,
1540 1466 1609 1492 scire
1627 1472 1667 1492 est
1684 1475 1728 1492 co-

1066 1509 1192 1535 gnoscere
1204 1508 1252 1535 per
1264 1509 1370 1526 causam
1383 1501 1487 1527 essendi
1502 1506 1527 1526 et
1546 1503 1727 1534 cognoscendi.

1066 1538 1089 1568 1,
1108 1545 1147 1567 tv,
1169 1537 1364 1568 t.—Quomodo
1383 1537 1549 1570 intelligenda
1567 1537 1632 1563 haec
1650 1546 1729 1563 causa

1066 1573 1179 1598 essendi.
1199 1573 1263 1597 ibid.
1274 1586 1294 1591 -
1306 1572 1383 1598 Scire
1401 1577 1441 1597 est
1459 1580 1618 1606 cognoscere
1631 1581 1687 1598 rem
1702 1574 1728 1598 in

1066 1609 1153 1642 seipsa
1166 1613 1192 1633 et
1205 1608 1326 1641 perfecte.
1336 1609 1354 1638 l,
1365 1615 1430 1638 xxxi,
1439 1616 1490 1642 γ.-
1498 1609 1631 1634 Assensus
1644 1609 1727 1634 scien-

1065 1644 1116 1670 tiae
1132 1644 1244 1669 excludit
1261 1643 1436 1669 formidinem.
1455 1644 1478 1675 l,
1497 1651 1564 1674 xuv,
1585 1653 1611 1670 ιι.
1623 1658 1642 1663 -
1652 1645 1727 1670 Scire

1066 1685 1106 1705 est
1119 1680 1326 1705 conclusionum.
1335 1679 1354 1710 1,
1366 1687 1401 1710 vr,
1415 1688 1432 1704 ι.
1443 1687 1485 1709 vn,
1495 1678 1519 1708 ζ.
1537 1687 1602 1709 xxxi,
1617 1680 1729 1714 iva-Est

1065 1722 1225 1749 cognoscere
1239 1715 1442 1746 conclusionem,
1453 1715 1517 1748 quia
1529 1718 1577 1740 est.
1587 1716 1605 1745 Ι,
1620 1723 1654 1745 xv,
1698 1730 1727 1741 .—

1065 1751 1200 1776 Certitudo
1219 1750 1340 1776 scientiae
1359 1755 1399 1775 est
1417 1758 1448 1775 ex
1463 1751 1601 1783 principiis.
1616 1751 1634 1780 Ι,
1649 1724 1728 1782 ιη.-

1066 1787 1094 1812 in
1118 1794 1173 1819 quo
1198 1794 1278 1811 sensu
1301 1786 1386 1811 sciens
1410 1786 1444 1811 ait
1468 1786 1562 1811 melius
1587 1787 1727 1820 dispositus

1065 1830 1146 1856 quam
1161 1822 1319 1855 intelligens,
1335 1826 1360 1846 et
1374 1821 1400 1846 in
1414 1829 1468 1854 quo
1487 1829 1566 1847 sensu
1582 1830 1643 1847 non.
1656 1823 1674 1851 Ι,
1692 1830 1727 1852 vi,

1066 1858 1231 1883 1.-Scientia
1250 1862 1346 1887 nostra,
1368 1863 1495 1890 quatenus
1515 1858 1626 1891 cognitio
1651 1863 1727 1888 certa,

1065 1898 1106 1918 est
1130 1893 1265 1926 perfectio;
1287 1898 1415 1926 quatenus
1439 1893 1565 1925 gradatim
1590 1894 1726 1926 acquisita,

1064 1934 1106 1954 est
1123 1928 1282 1961 imperfecta.
1297 1929 1319 1958 1,
1339 1936 1415 1958 an,
1434 1929 1577 1962 *p-Datur
1595 1929 1727 1962 quoddam

1064 1965 1133 1990 scire
1147 1972 1194 1997 per
1206 1964 1335 1998 effectum.
1346 1964 1364 1994 1,
1374 1971 1408 1994 lv,
1420 1972 1436 1989 ι,
1445 1977 1464 1983 -
1474 1964 1550 1990 Scire
1559 1969 1645 1997 potest
1659 1965 1727 1989 sumi

1064 2005 1094 2025 ut
1113 2003 1200 2025 motus
1219 2008 1233 2024 a
1251 2000 1401 2032 praemissis
1418 1999 1444 2024 in
1462 2001 1668 2030 conclusionem,
1684 2000 1727 2025 vel

1064 2041 1093 2061 ut
1112 2041 1184 2061 actus
1201 2035 1366 2068 intelligentis
1381 2035 1584 2060 conclusionem.
1600 2036 1617 2065 1,
1632 2043 1666 2065 w,
1678 2034 1727 2065 ξ.-

1064 2072 1100 2097 Ut
1110 2074 1197 2097 motus
1207 2079 1259 2096 non
1269 2069 1389 2095 definitur
1403 2069 1549 2095 definitione
1558 2071 1630 2096 reali.
1640 2071 1728 2096 ibid.—

1065 2107 1207 2138 Quomodo
1232 2105 1368 2131 definiatur
1395 2111 1424 2130 ut
1451 2109 1527 2131 actus
1556 2106 1727 2140 intelligentis

1065 2143 1270 2168 conclusionem.
1289 2141 1352 2166 ibid.
1365 2141 1470 2166 —Scire
1489 2146 1514 2166 et
1531 2141 1643 2166 scientia
1662 2150 1726 2174 quo-

1066 2179 1147 2203 modo
1173 2177 1299 2202 differant.
1325 2177 1349 2207 1,
1371 2185 1411 2206 ιν,
1437 2185 1490 2208 η.-
1505 2177 1622 2202 Scientia
1641 2182 1728 2210 potest

1066 2214 1147 2246 accipi
1165 2219 1194 2238 ut
1212 2213 1314 2238 habitus
1333 2217 1359 2237 et
1374 2217 1403 2236 ut
1419 2217 1501 2236 actus.
1521 2213 1538 2243 Ι,
1552 2220 1618 2242 xuv,
1634 2221 1657 2242 σ,
1671 2221 1698 2237 ιι.
1708 2226 1727 2231 -

1066 2250 1154 2281 Quare
1169 2249 1268 2273 dicatur
1286 2248 1400 2273 habitus.
1418 2248 1440 2277 I,
1462 2255 1501 2278 vi,
1522 2256 1538 2272 ι.
1552 2262 1571 2266 -
1587 2248 1726 2273 Obiectum

1066 2285 1188 2310 scientiae
1207 2284 1345 2309 materiale
1364 2283 1426 2315 quid
1441 2283 1488 2308 sit:
1508 2283 1578 2313 item,
1590 2285 1725 2316 formale.-

1066 2321 1131 2345 ratio
1150 2319 1330 2344 distinctionis.
1349 2319 1367 2347 Ῑ,
1386 2326 1436 2347 xm,
1456 2318 1655 2343 u.-·Obiectum
1674 2319 1726 2343 for-

1065 2357 1135 2381 male
1159 2355 1244 2388 quod,
1271 2359 1296 2379 et
1314 2354 1362 2379 sub
1385 2354 1524 2390 qua-'talia
1542 2354 1648 2379 nomina
1670 2354 1727 2387 qui-

1066 2391 1115 2416 bus
1140 2391 1315 2422 designantur.
1339 2389 1480 2414 ibid-Ad
1505 2389 1630 2414 unitatem
1645 2391 1727 2415 scien-

1065 2428 1116 2452 tiae
1137 2426 1199 2459 quid
1223 2426 1377 2458 requiratur.
1406 2425 1469 2449 ibid.
1486 2438 1506 2443 -
1524 2425 1611 2455 Quare
1635 2433 1688 2450 non
1713 2434 1728 2450 a

1065 2462 1191 2487 materiali
1209 2462 1319 2490 obiecto,
1338 2461 1385 2485 sed
1403 2468 1419 2484 a
1437 2460 1551 2490 formali,
1570 2461 1624 2486 eius
1643 2462 1727 2486 unitas

1065 2498 1205 2531 repetenda
1230 2497 1273 2521 sit.
1299 2496 1511 2521 ibid.-Scientia
1535 2501 1576 2520 est
1601 2497 1626 2521 in
1646 2498 1728 2521 sensi-

1065 2534 1115 2558 bus
1135 2534 1210 2566 quasi
1229 2533 1254 2557 in
1273 2532 1379 2556 materia
1403 2531 1601 2564 cogitationum
1622 2532 1670 2557 sed
1688 2537 1729 2557 est

1065 2570 1091 2594 in
1115 2569 1247 2594 intellectu
1271 2567 1454 2600 principaliter.
1473 2567 1495 2597 1,
1517 2575 1575 2596 xm,
1595 2567 1728 2598 t.-Qua-

1065 2610 1125 2630 tuor
1141 2605 1212 2629 modi
1225 2603 1321 2636 quibus
1340 2603 1473 2628 amittitur.
1487 2603 1552 2628 ibidi
1559 2616 1579 2622 -
1588 2603 1729 2633 Quomodo

1065 2641 1098 2666 ad
1113 2648 1154 2665 res
1174 2640 1244 2672 ipsas
1257 2639 1416 2668 terminetur.
1430 2638 1448 2668 1,
1461 2645 1511 2669 xv1,
1526 2647 1549 2663 κ.
1558 2653 1579 2658 -
1589 2638 1729 2669 Quomodo

1067 2677 1100 2701 sit
1119 2675 1319 2700 universalium:
1338 2674 1414 2703 item,
1435 2674 1570 2706 quomodo
1587 2681 1639 2706 per
1658 2675 1727 2699 acci-

1067 2712 1133 2737 dens·
1145 2711 1179 2735 sit
1187 2710 1357 2743 singularium
1367 2709 1582 2742 corruptibilium.
1593 2709 1681 2734 ibid.-
1690 2710 1729 2734 Si-

1066 2747 1185 2772 militudo
1201 2751 1226 2770 et
1241 2745 1381 2770 differentia
1391 2746 1457 2769 inter
1469 2745 1650 2770 necessitatem
1661 2753 1729 2778 quae

1067 2787 1109 2808 est
1127 2782 1154 2806 in
1173 2782 1285 2806 scientiis
1305 2780 1475 2811 naturalibuS,
1490 2785 1516 2804 et
1530 2788 1587 2805 eam
1607 2788 1674 2813 quae
1691 2785 1731 2805 est

1067 2818 1094 2842 in
1114 2816 1306 2849 metaphysicis.
1322 2816 1340 2847 1,
1354 2823 1413 2846 an,
1428 2814 1570 2840 3.-Unius
1580 2834 1586 2845 ,
1603 2816 1628 2840 in
1648 2824 1730 2849 quan-

1067 2858 1124 2878 tum
1143 2857 1183 2877 est
1202 2859 1298 2882 unum,
1320 2856 1360 2876 est
1383 2859 1435 2876 una
1460 2851 1578 2881 scientia,
1598 2851 1730 2884 loquendo

1068 2889 1101 2913 de
1114 2888 1227 2918 scientia,
1243 2892 1372 2920 quatenus
1393 2894 1408 2911 a
1426 2886 1507 2911 scibili
1522 2892 1670 2919 generatur;
1684 2888 1730 2912 sed

1068 2932 1099 2949 ex
1112 2929 1185 2957 parte
1199 2923 1288 2952 nostri,
1303 2923 1398 2947 modus
1417 2922 1513 2946 sciendi
1533 2927 1573 2947 est
1588 2923 1730 2955 multiplex.

1069 2960 1098 2989 ll,
1115 2967 1142 2990 11,
1160 2957 1420 2989 E.—Subalternatio
1435 2958 1600 2982 scientiarum
1621 2959 1729 2990 explica-

1068 3000 1120 3020 tur.
1134 2995 1151 3026 1,
1165 3002 1206 3024 xv,
1220 3002 1245 3026 η.
1259 3002 1320 3023 xvn,
1340 2992 1367 3018 λ.
1376 3007 1396 3012 -
1405 2993 1505 3018 Omnes
1525 2994 1589 3018 aliae
1609 2994 1730 3018 scientiae

1068 3038 1122 3055 non
1137 3030 1347 3055 subalternantur
1361 3029 1563 3061 metaphysicae.
1580 3030 1596 3059 Ι,
1611 3037 1671 3060 xvn‚
1685 3038 1731 3054 π.-

1069 3067 1181 3091 Scientia
1199 3066 1296 3091 docens
1315 3070 1341 3090 et
1360 3068 1443 3090 utens.
1457 3065 1474 3093 Ι,
1489 3072 1528 3095 xx,
1543 3074 1568 3089 σ.

1032 3101 1134 3127 Scorus
1144 3115 1180 3120 --
1190 3101 1289 3126 Citatur
1302 3101 1357 3125 eius
1374 3100 1522 3124 Comment.
1542 3100 1568 3124 in
1589 3100 1609 3124 II
1628 3100 1730 3125 Poster.

1067 3137 1096 3168 ΙΙ,
1111 3144 1156 3167 vn,
1170 3135 1194 3165 ζ.

1032 3172 1381 3198 Summus—Sensimus
1406 3175 1432 3194 et
1455 3170 1607 3194 Idealismus
1632 3178 1662 3194 ex
1686 3178 1730 3195 eo-

1068 3209 1129 3233 dem
1148 3207 1272 3240 principio
1291 3204 1418 3239 originem
1438 3206 1542 3230 ducunt.
1562 3206 1583 3234 Ι,
1603 3213 1654 3236 xv1,
1673 3214 1695 3229 κ.
1712 3219 1731 3224 -

1068 3244 1156 3274 Quare
1176 3243 1322 3267 sensismus
1340 3241 1473 3266 scientiam
1493 3241 1545 3265 dari
1565 3246 1650 3272 neget.
1667 3241 1729 3265 ibid.
1746 3251 1751 3255 -

1032 3280 1132 3304 Sensus
1142 3293 1178 3297 —
1188 3279 1235 3303 Est
1254 3278 1383 3310 quaedam
1402 3277 1516 3309 potentia
1535 3276 1645 3308 passiva,
1660 3284 1728 3308 quae

1068 3320 1128 3340 nata
1140 3319 1181 3339 est
1194 3314 1324 3338 immutari
1339 3313 1370 3337 ab
1383 3312 1500 3337 exteriori
1515 3312 1639 3336 sensibili.
1649 3312 1677 3336 ΙΙ,
1688 3319 1729 3341 xx,

1069 3359 1086 3375 ι.
1098 3364 1117 3369 --
1131 3351 1229 3375 Sensus
1255 3353 1316 3373 sunt
1338 3348 1447 3373 externi
1465 3352 1491 3372 et
1512 3347 1619 3371 interni.
1639 3347 1729 3372 ibid.-

1067 3386 1109 3410 Ad
1129 3385 1303 3410 sensationem
1328 3387 1471 3409 externam
1493 3383 1631 3415 requiritur
1654 3390 1728 3414 prae-

1069 3421 1151 3446 sentia
1170 3428 1258 3445 rerum
1278 3419 1448 3444 sensibilium.
1468 3418 1668 3443 ibid-Sensus
1688 3418 1727 3442 in-

1069 3456 1141 3481 terni
1159 3456 1266 3488 quinam
1280 3455 1340 3479 sint.
1356 3454 1553 3479 ibid.—Sensus
1567 3453 1727 3477 communis.-

1069 3492 1132 3524 quid
1146 3492 1179 3516 sit
1193 3491 1248 3516 eius
1263 3498 1368 3515 munus.
1380 3489 1443 3514 ibid.
1456 3503 1476 3507 -
1485 3488 1659 3518 Aestimativa,
1673 3488 1726 3512 Me-

1069 3527 1212 3555 morativa,
1231 3526 1377 3550 Phantasia.
1401 3525 1464 3549 Vide
1482 3524 1529 3548 sub
1550 3523 1671 3555 propriis
1691 3523 1724 3547 ti-

1070 3563 1142 3587 tulis.
1162 3576 1180 3580 -
1202 3561 1308 3593 Triplex
1333 3566 1373 3585 est
1401 3559 1538 3588 sensibile;
1563 3558 1724 3590 proprium,

1069 3604 1221 3626 commune,
1242 3604 1294 3629 per
1314 3596 1446 3621 accidens.
1466 3595 1489 3623 1,
1508 3602 1567 3623 xxX,
1588 3602 1614 3618 α.
1626 3607 1645 3613 ›-
1657 3593 1725 3618 Defi-

1070 3633 1153 3658 ciente
1178 3633 1266 3665 aliquo
1294 3639 1387 3661 sensu,
1413 3638 1465 3654 non
1493 3629 1578 3654 deficit
1604 3629 1726 3653 sensibile

2409 286 2489 337 437

1818 373 1871 398 per
1897 365 2020 391 accidens
2045 366 2087 390 vel
2115 373 2262 392 commune.
2288 367 2351 392 ibid.
2374 381 2394 387 -
2420 366 2491 392 Defi-

1822 401 1906 426 ciente
1928 409 2008 426 sensu
2028 402 2127 434 proprii
2146 402 2289 432 sensibilis,
2309 411 2362 428 non
2381 409 2421 429 est
2440 403 2488 429 im-

1822 437 1956 470 possibilis
1976 437 2090 470 cognitio
2110 438 2230 470 generica
2249 439 2368 464 eiusdem
2386 439 2487 470 obiecti,

1822 473 1869 498 sed
1888 473 1976 498 solum
1995 471 2131 506 specifica:
2152 474 2319 506 impossibilis
2338 480 2379 500 est
2397 476 2489 507 cogni-

1821 508 1858 533 tio
1877 509 1972 533 directa
1988 513 2014 533 et
2030 509 2180 534 immediata
2194 517 2225 534 ex
2237 510 2352 535 sensibili
2371 512 2485 544 proprio,

1821 544 1869 569 sed
1888 544 2018 576 possibilis
2039 549 2080 569 est
2093 545 2205 577 cognitio
2225 545 2342 576 deducta,
2356 554 2408 571 non
2427 547 2484 580 qui-

1822 580 1882 604 dem
1892 579 2019 613 specifica,
2031 580 2078 605 sed
2090 581 2210 612 generica
2219 581 2260 605 vel
2271 582 2386 614 analoga.
2395 582 2484 608 ibid.-

1820 615 1848 640 ln
1862 623 1890 640 re
1904 615 2027 645 sensibili,
2048 623 2142 641 sensus
2167 616 2276 650 percipit
2288 617 2410 649 primario
2423 626 2486 643 sen-

1820 651 1909 676 sibiles
1928 651 2072 684 qualitates,
2090 652 2243 677 secundario
2260 652 2346 685 ipsam
2365 653 2485 679 substan-

1818 687 1890 711 tiam.
1909 687 1944 716 ΙΙ,
1964 694 2009 716 xx,
2029 695 2055 721 φ.
2070 701 2089 706 -
2103 687 2212 720 Attingit
2230 688 2308 713 etiam
2327 689 2482 719 universale,

1819 729 1872 746 non
1891 727 2020 754 quatenus
2040 723 2182 748 formaliter
2200 728 2241 748 est
2259 724 2416 755 universale,
2436 725 2483 749 sed

1819 762 1947 790 quatenus
1966 758 1992 782 in
2011 758 2134 791 singulari
2157 763 2198 783 est
2215 759 2373 784 universale.
2392 760 2484 785 ibid.-

1819 793 1925 824 Sensus,
1937 793 2034 818 nedum
2047 794 2224 826 quidditatem,
2237 802 2284 819 seu
2298 794 2409 820 formam
2421 795 2483 820 sub—

1818 828 1973 858 stantialem,
1988 828 2014 853 in
2026 829 2164 853 universali
2181 837 2234 854 non
2253 830 2360 861 attingit,
2375 831 2423 855 sed
2437 839 2482 856 ne-

1818 871 1870 896 que
1884 864 2053 896 quidditatern
2064 864 2229 890 individuam.
2240 865 2269 896 ll,
2282 871 2335 896 xm,
2350 874 2396 890 ε.-
2407 866 2485 896 Quo-

1818 899 1898 923 modo
1911 899 1985 924 faciat
2002 900 2147 925 universale
2166 901 2235 924 intus
2249 900 2276 925 in
2289 901 2383 926 anima.
2395 901 2424 932 11,
2443 910 2482 932 xx,

1821 943 1844 957 ω
1858 935 1982 959 -Sensus
1997 940 2058 959 sunt
2071 943 2168 968 organa
2179 943 2212 960 ex
2225 936 2320 968 quibus
2334 937 2480 962 intellectus

1817 968 1896 994 habet
1914 970 2047 995 materiam
2066 971 2092 995 in
2111 979 2163 1003 qua
2180 971 2326 996 universale
2346 972 2482 1005 singulari-

1817 1009 1857 1029 ter
1876 1005 1966 1034 existit,
1982 1011 2007 1030 et
2026 1013 2056 1031 ex
2075 1014 2127 1039 qua
2145 1007 2292 1031 universale
2311 1007 2443 1033 abstrahit.
2463 1008 2481 1038 Ι,

1817 1047 1872 1069 xxx,
1882 1040 2000 1069 {L-Sunt
2015 1042 2121 1066 materia
2135 1049 2228 1067 causae
2243 1043 2395 1074 cognitionis
2410 1043 2482 1076 prin-

1818 1076 1952 1108 cipiorum.
1966 1077 1983 1106 Ι,
1999 1084 2054 1107 xxx,
2068 1076 2092 1102 δ.
2105 1077 2133 1106 ΙΙ,
2148 1085 2186 1107 xx,
2201 1078 2361 1109 ⁷1.-Sensus
2374 1087 2426 1103 non
2442 1083 2482 1104 est

1817 1112 1903 1136 totalis
1922 1119 1999 1136 causa
2017 1111 2196 1137 intellectualis
2220 1114 2380 1145 cognitionis.
2397 1114 2426 1144 11,
2441 1122 2480 1144 xx,

1817 1147 1954 1178 ⁷1.-Vires
1974 1148 2111 1172 sensitivae
2130 1153 2191 1172 sunt
2209 1150 2345 1181 compositi
2367 1149 2481 1181 animati,

1818 1187 1844 1206 et
1864 1187 1925 1207 sunt
1943 1183 2130 1215 corruptibiles.
2147 1184 2164 1213 Ι,
2181 1191 2234 1213 xm,
2251 1191 2275 1208 τ.
2297 1185 2338 1218 Cf.
2358 1186 2480 1210 INTELLE-

1818 1224 1893 1242 crus.
2085 1232 2087 1234 -

1782 1252 1932 1277 Sam-num
1942 1266 1978 1271 -—·
1987 1252 2121 1278 Definitur.
2136 1255 2154 1285 Ι,
2168 1262 2185 1283 1,
2198 1253 2222 1282 ζ.

1782 1287 1953 1312 Smpmcm-:a
1966 1296 1998 1313 m·
2013 1296 2151 1314 secunaum
2167 1297 2230 1314 amr>
2239 1303 2275 1318 ε-
2285 1290 2394 1316 Fallacia
2408 1291 2475 1317 dicta

1818 1323 1973 1354 simpliciter
1998 1327 2024 1348 et
2047 1325 2191 1350 secundum
2210 1325 2282 1358 quid.
2307 1326 2370 1351 Vide
2389 1327 2477 1352 Pana-

1819 1365 1956 1383 Looisnus.

1783 1393 1933 1418 smmcms
1943 1408 1977 1412 —-
1991 1393 2088 1419 citatur
2101 1394 2157 1419 eius
2171 1403 2238 1428 opus
2250 1396 2280 1420 In
2294 1397 2412 1430 Categ.1,
2422 1405 2440 1428 ῐ,
2450 1395 2473 1423 Θ,

1782 1429 1959 1454 δυωιτΑε-
1969 1429 2091 1454 Simultas
2107 1433 2221 1456 naturae
2233 1436 2258 1456 et
2277 1432 2394 1457 simultas
2414 1435 2480 1458 tem-

1812 1465 1900 1496 poris.
1920 1465 1944 1494 Ι,
1965 1472 1996 1495 11,
2019 1466 2201 1491 o.-Simultas
2221 1467 2380 1492 existentiae
2398 1473 2424 1492 et
2442 1468 2476 1492 si-

1818 1500 1913 1525 multas
1932 1501 2109 1533 cognitionis:
2127 1501 2189 1527 item
2203 1502 2353 1535 cognitionis
2373 1503 2399 1528 in
2414 1506 2476 1528 actu

1819 1540 1844 1560 et
1863 1535 1890 1560 in
1909 1535 2010 1561 habitu.
2025 1536 2042 1566 Ι,
2057 1544 2123 1568 ηιν,
2138 1545 2164 1562 ιι.

1782 1570 1936 1596 Smounaaa
1946 1585 1981 1590 -—
1992 1571 2156 1604 Quandoque
2175 1572 2300 1605 significat
2314 1573 2401 1599 minus
2420 1574 2479 1599 uni-

1784 1623 1786 1626 .
1819 1607 1920 1632 versale
1934 1607 1960 1631 in
1973 1608 2165 1640 comparatione
2179 1609 2262 1641 magis
2277 1609 2437 1635 universalis.
2448 1610 2476 1639 11,

1784 1658 1786 1661 -
1817 1650 1868 1671 xvr,
1882 1641 2076 1676 K.-Singulare
2097 1644 2200 1676 proprie
2220 1645 2315 1669 dictum
2336 1643 2395 1678 (seu
2413 1645 2477 1670 indi-

1817 1676 1940 1712 viduum)
1961 1686 2013 1702 non
2036 1683 2123 1710 potest
2141 1678 2251 1704 definiri:
2273 1688 2324 1704 non
2343 1681 2477 1712 cognosci-

1818 1717 1860 1738 tur
1878 1714 1926 1738 nisi
1949 1721 1996 1745 per
2013 1714 2190 1740 reflexionem:
2210 1715 2256 1740 sed
2280 1716 2408 1748 singulare
2427 1715 2476 1741 im-

1818 1749 1922 1781 proprie
1936 1749 2032 1774 dictum
2043 1749 2106 1782 (seu
2120 1751 2206 1775 minus
2219 1751 2379 1783 universale)
2390 1756 2479 1784 potest

1818 1783 1926 1809 definiri.
1955 1784 2017 1810 ibid.
2039 1799 2058 1804 —
2077 1785 2231 1818 Singularia,
2258 1794 2338 1819 quare
2363 1787 2478 1812 dicantur

1817 1820 1888 1852 prius
1908 1825 1969 1844 nota
1988 1820 2062 1845 nobis
2082 1829 2161 1853 quam
2180 1822 2346 1847 universalia:
2366 1820 2393 1847 et
2410 1830 2476 1855 quo-

1818 1855 1897 1879 modo
1916 1856 1993 1880 etiam
2012 1863 2065 1880 non
2083 1857 2134 1881 sint
2154 1857 2225 1890 prius
2244 1862 2312 1882 nota.
2334 1858 2351 1887 1,
2366 1865 2420 1887 vm,
2435 1857 2460 1886 ζ.

1782 1890 1892 1915 species
1902 1904 1937 1909 —
1947 1891 2052 1923 Species
2072 1897 2132 1916 sunt
2147 1899 2294 1924 supremae,
2309 1893 2479 1919 subalternae

1817 1930 1843 1951 et
1857 1926 1971 1959 infimae.
1985 1926 2002 1955 1,
2017 1934 2060 1956 111,
2075 1928 2308 1960 u.-Proprietates
2330 1929 2422 1960 speciei
2437 1936 2477 1955 ra-

1817 1961 1931 1986 dicaliter
1949 1966 2009 1986 sunt
2028 1970 2042 1987 a
2060 1963 2206 1994 generibus
2218 1961 2238 1994 Ι,
2251 1971 2308 1993 xitV,
2328 1964 2477 1989 *tu—Partes

1817 1997 1911 2029 speciei
1925 2003 2107 2029 comparantur
2126 1999 2158 2023 ad
2173 2000 2336 2032 suppositum
2352 2005 2381 2024 ut
2399 2007 2478 2024 causa

1816 2032 1945 2057 formalis:
1961 2033 1993 2057 ad
2012 2038 2130 2058 naturam
2148 2039 2280 2068 autemut
2298 2042 2377 2060 causa
2395 2040 2477 2060 mate-

1817 2068 1895 2093 rialis.
1909 2068 1937 2098 ΙΙ,
1952 2076 1984 2098 rx,
1998 2066 2020 2093 θ.
2030 2083 2050 2087 -
2059 2070 2163 2100 Species
2178 2075 2207 2094 ut
2219 2071 2357 2103 exemplar,
2370 2071 2412 2095 vel
2425 2070 2478 2095 for-

1817 2111 1860 2128 ma
1878 2104 2052 2136 intelligibilis.
2070 2104 2134 2130 Vide
2152 2105 2255 2130 Forma.

1782 2139 1938 2164 smpsimus
1948 2153 1984 2157 —
1994 2140 2121 2165 Henricus
2141 2141 2294 2172 Stephanus.
2309 2141 2408 2166 Citatur
2421 2141 2477 2166 eius

1820 2174 1970 2200 Thesaurus
1991 2182 2104 2207 graecae
2118 2176 2234 2209 linguae.
2249 2177 2266 2205 Ι,
2280 2184 2346 2207 xxw,
2361 2175 2387 2201 λ.

1781 2209 1931 2234 Summa-mn
1942 2225 1975 2228 —
1986 2211 2137 2236 Subiectum
2147 2212 2267 2243 primum
2287 2217 2312 2236 et
2330 2212 2476 2236 subiectum

1816 2246 2014 2270 secundarium.
2035 2246 2058 2276 l,
2078 2254 2110 2276 11,
2130 2247 2338 2272 e.—Subiectum
2361 2247 2476 2280 logicum

1817 2281 1879 2313 quid
1898 2281 1940 2306 sit.
1958 2281 1976 2310 l,
1994 2289 2058 2311 xxxx,
2078 2290 2131 2315 γ.-
2146 2282 2295 2315 Concipitur
2317 2283 2390 2315 quasi
2413 2283 2476 2307 reci-

1816 2317 1889 2348 piens
1913 2317 2097 2349 praedicatum.
2118 2318 2141 2349 1,
2161 2326 2194 2347 11,
2214 2318 2425 2343 a.-Subiectum
2450 2319 2476 2343 in

1817 2350 1967 2377 affirmativa
1991 2353 2167 2385 propositione
2193 2353 2283 2378 dicitur
2301 2361 2356 2379 esse
2375 2353 2475 2386 praedi-

1818 2391 1917 2418 catum;
1937 2387 1963 2412 in
1981 2389 2106 2421 negativa,
2129 2396 2180 2414 non
2201 2396 2264 2414 esse.
2283 2389 2301 2419 1,
2320 2397 2401 2420 xxx1v,
2421 2397 2446 2413 α.
2458 2403 2477 2408 -

1818 2422 1938 2447 Identitas
1958 2423 2024 2448 inter
2043 2423 2187 2448 subiectum
2204 2430 2230 2449 et
2247 2425 2421 2456 praedicatum
2433 2425 2475 2449 vel

1818 2463 1858 2482 est
1881 2459 2004 2490 simplicis
2030 2458 2218 2490 affirmationis,
2237 2460 2279 2484 vel
2299 2460 2376 2484 etiam
2401 2460 2475 2484 adae-

1818 2494 1947 2526 quationis
1971 2499 1996 2519 et
2021 2495 2247 2520 convertibilitatis.
2273 2495 2336 2520 ibid.
2350 2509 2370 2514 —
2385 2495 2474 2520 Subie-

1818 2534 1888 2554 ctum
1907 2534 1993 2562 potest
2011 2531 2097 2554 vocari
2117 2531 2252 2560 ultimum,
2272 2531 2297 2555 in
2316 2531 2406 2555 ordine
2431 2531 2474 2556 de-

1818 2565 2020 2590 monstrationis.
2030 2565 2059 2596 ll,
2069 2573 2118 2595 x1x,
2131 2574 2156 2590 α.
2165 2580 2184 2584 -
2194 2566 2342 2591 Subiectum
2357 2566 2476 2599 infimum

1819 2601 1882 2632 quid
1897 2600 1939 2625 sit.
1954 2601 1971 2630 l,
1985 2608 2049 2630 xxx1,
2064 2609 2088 2634 γ.
2098 2615 2117 2620 -
2127 2601 2290 2626 Substantiae
2303 2602 2402 2634 primae
2417 2606 2476 2626 sunt

1820 2635 1935 2660 subiecta
1948 2635 2044 2661 infima.
2058 2636 2120 2661 ibid.
2130 2651 2148 2655 -
2158 2637 2307 2662 Subiectum
2326 2638 2474 2662 universale

1819 2671 1977 2704 quandoque
1993 2672 2104 2696 sumitur
2122 2672 2306 2702 universaliter,
2321 2673 2476 2706 quandoque

1820 2714 1882 2731 non.
1903 2707 1921 2735 Ι,
1937 2715 1964 2736 11,
1979 2705 2005 2731 λ.
2017 2721 2036 2726 -
2055 2707 2118 2732 Vide
2137 2708 2333 2733 Pnasmcnum.

1784 2741 1949 2767 Sonans-ria
1964 2757 1999 2761 —
2012 2743 2173 2767 Substantiae
2197 2743 2304 2775 primae
2333 2742 2475 2776 significant

1820 2777 1870 2802 hoc
1890 2778 2009 2810 aliquid:
2031 2778 2188 2803 substantiae
2210 2779 2341 2804 secundae
2358 2779 2476 2803 videntur

1820 2811 1962 2845 significare
1980 2813 2029 2838 hoc
2046 2814 2156 2846 aliquid,
2172 2814 2218 2838 sed
2236 2815 2321 2846 p'otius
2334 2813 2477 2846 significant

1821 2849 1898 2880 quale
1912 2849 1985 2881 quid.
2000 2849 2017 2878 Ι,
2032 2857 2054 2878 x,
2071 2848 2291 2879 E.-—Substantiae
2305 2850 2412 2881 primae
2430 2857 2475 2874 ne-

1820 2891 1872 2916 que
1891 2884 1917 2908 in
1937 2884 2052 2909 subiecto
2071 2887 2140 2913 sunt,
2156 2893 2240 2917 neque
2255 2885 2288 2909 de
2306 2885 2422 2910 subiecto
2435 2885 2476 2910 di-

1819 2922 1931 2944 cuntur:
1951 2919 2108 2945 substantiae
2127 2921 2289 2945 universales
2308 2920 2366 2953 (seu
2384 2928 2475 2946 secun-

1820 2954 1881 2989 dae)
1902 2954 1934 2979 de
1953 2955 2069 2980 subiecto
2087 2956 2221 2985 dicuntur,
2239 2957 2285 2980 sed
2304 2964 2356 2980 non
2374 2959 2436 2981 sunt
2449 2956 2475 2981 in

1820 2990 1945 3015 subiecto.
1959 2991 1976 3021 I,
1987 2998 2072 3021 xxxin,
2083 2999 2110 3016 π.
2118 3005 2138 3010 -
2147 2991 2296 3016 Substantia
2309 2991 2475 3021 universalis,

1821 3031 1925 3058 sumpta
1947 3026 1973 3050 in
1992 3032 2117 3059 conceptu
2141 3028 2260 3059 generico
2279 3027 2335 3052 eius
2354 3027 2425 3060 quod
2443 3027 2476 3052 de

1819 3061 1935 3086 subiecto
1949 3061 2048 3086 dicitur
2066 3066 2092 3087 et
2111 3070 2162 3087 non
2182 3065 2221 3087 est
2240 3063 2265 3087 in
2285 3062 2409 3092 subiecto,
2424 3070 2477 3086 non

1821 3097 1914 3129 patitur
1929 3097 2081 3122 divisionem
2098 3098 2124 3122 in
2134 3106 2236 3130 genera.
2252 3098 2342 3123 ibid.-
2352 3098 2475 3122 Substan-

1820 3133 1868 3157 tias
1887 3132 2068 3158 immateriales
2092 3141 2144 3157 non
2169 3141 2310 3166 possumus
2335 3133 2477 3165 intelligere

1820 3175 1867 3200 per
1885 3168 2085 3192 abstractionem
2099 3177 2114 3193 a
2128 3169 2299 3193 sensibilibus.
2319 3169 2336 3197 Ι,
2350 3176 2404 3198 xxx,
2424 3177 2477 3200 η.-

1821 3203 1848 3227 In
1867 3203 1956 3228 ordine
1978 3204 2155 3233 subiectionis,
2175 3204 2318 3228 substantia
2336 3205 2476 3236 corporalis

1821 3243 1860 3263 est
1874 3239 1995 3271 primurn,
2010 3247 2062 3263 non
2076 3239 2252 3264 immediatum
2269 3239 2414 3264 subiectum
2432 3247 2475 3264 co-

1820 3273 1890 3298 loris.
1909 3274 1927 3303 1,
1946 3282 1973 3303 11,
1992 3282 2012 3299 ε.

1783 3309 1955 3334 Supnarmn-:s
1962 3324 1998 3328 —
2004 3310 2051 3334 Est
2060 3310 2174 3342 primum
2188 3314 2213 3334 et
2222 3310 2399 3335 immediatum
2413 3310 2475 3334 sub-

1819 3345 1913 3369 iectum
1933 3345 2034 3369 coloris.
2048 3345 2065 3374 Ι,
2079 3353 2105 3374 11,
2120 3354 2140 3371 ε.

1782 3379 2050 3405 δσΡΡοειτῐο-Νοη
2074 3388 2126 3405 una
2149 3379 2331 3413 significatione
2355 3381 2475 3413 accipitur

1818 3415 1849 3440 ab
1869 3416 2007 3440 Aristotele
2026 3416 2181 3440 vocabulum
2199 3416 2358 3448 suppositio:
2379 3416 2472 3448 duplici

1817 3458 1897 3475 sensu
1915 3451 2054 3483 explicatur
2072 3459 2086 3476 a
2105 3452 2234 3476 Caietano.
2253 3452 2275 3482 Ι,
2294 3459 2343 3481 xlx,
2363 3459 2386 3476 κ.
2412 3451 2475 3476 Vide

1817 3486 1932 3511 Pam-10.

1781 3521 2042 3547 Snmmsmxs—In
2062 3522 2215 3555 syllogismo
2234 3522 2366 3555 quomodo
2385 3529 2475 3554 proce-

1817 3557 1899 3582 datur.
1914 3558 1931 3587 Ι,
1944 3565 1963 3582 1.
1974 3565 2024 3590 ρ.-·
2036 3557 2098 3582 Eius
2113 3557 2200 3582 forma
2218 3563 2243 3582 et
2259 3557 2373 3582 materia.
2392 3557 2410 3589 Ι,
2420 3565 2438 3587 1,
2448 3565 2474 3589 η.

1815 3599 1874 3623 xxn,
1888 3593 2049 3618 e.—Materia
2067 3598 2166 3617 remota
2185 3598 2210 3618 et
2232 3593 2355 3625 proxima.
2376 3593 2394 3623 1,
2413 3600 2429 3620 ι,
2447 3601 2473 3624 η.

1815 3635 1869 3657 vni,
1889 3628 1987 3653 “tn-Ex
2005 3629 2196 3661 comparatione
2220 3634 2395 3653 extremorum
2414 3636 2473 3653 cum
