2548 4192
167 278 322 304 CLXXXIV

167 357 249 388 quae
272 347 456 387 praesertim
483 346 518 377 in
540 347 695 378 Venetam
719 346 793 376 anni
822 346 902 385 1593
935 343 1107 374 editionem
1130 342 1243 372 Domi-

166 391 229 422 nici
252 391 391 422 Nicolini
420 391 631 431 irrepserunt,
662 390 846 430 corrigenda
868 388 1020 429 proponit
1049 386 1242 426 Reginaldus

167 435 343 466 Lucarinus
367 435 400 466 in
423 435 488 466 suis
511 435 544 465 in
567 441 689 465 textum
713 434 776 464 divi
800 434 946 464 Thomae
963 430 1242 462 animadversioni·

167 480 237 510 bus.
262 479 372 510 Laude
395 479 529 519 dignum
562 478 732 509 consilium
761 477 846 515 eius,
877 483 914 507 ut
937 476 1047 506 eadem
1079 475 1241 505 utentibus

165 523 374 564 impressione
395 530 522 564 praesto
546 523 651 553 forent
668 522 861 552 mendorum
878 519 1103 550 correctiones:
1119 526 1150 549 at
1164 528 1241 559 pace

166 567 234 598 Viri
258 567 421 598 clarissimi
445 566 680 604 adnotaverim,
705 565 811 605 aliqua
841 564 958 594 menda
981 573 1047 593 non
1072 573 1156 601 esse,
1181 563 1242 593 alia

168 618 306 642 correcta
328 618 468 651 prostare
492 611 525 641 in
545 610 666 640 adiecto
682 609 839 639 Francisci
854 607 1058 638 Ferrariensis
1075 617 1239 637 commen-

166 655 257 694 tario,
282 655 370 685 aliter
393 655 504 694 corrigi
527 664 622 694 posse
645 653 715 684 alia.

232 699 396 729 Nonnulla
411 698 538 738 profero
556 697 707 737 exempla.
732 697 830 736 Apud
847 695 1056 727 Lucerinum:
1075 708 1090 723 α
1104 694 1200 725 Libro
1216 704 1238 733 1,

168 756 183 771 »
205 753 273 783 cap.
288 753 397 780 Lxxxv,
411 742 446 772 in
466 742 544 772 fine:
565 742 661 772 Haec
680 746 787 771 autem
810 740 953 771 excludit
975 740 1239 780 contingentiam.

170 800 184 815 1»
206 788 305 826 Lege:
331 787 426 817 Haec
446 791 553 817 autem
567 786 636 817 sola
652 785 830 816 excludit.»
851 785 971 815 Textus
993 784 1036 814 sic
1057 783 1161 813 habet:
1184 783 1240 813 Ex

165 831 329 862 voluntate
347 831 451 871 igitur
472 831 581 861 divina
601 840 664 861 non
675 834 783 870 potest
798 828 946 860 concludi
960 829 992 858 in
1010 828 1106 858 rebus
1121 828 1240 858 creatis

165 876 336 905 necessitas
363 874 520 905 absoluta.
549 874 646 905 Haec
672 879 779 904 autem
806 873 949 904 excludit
973 873 1238 913 contingentiam.

165 918 298 956 Scilicet,
313 919 392 949 haec
406 920 579 950 necessitas
591 919 749 949 absoluta.
761 917 849 956 Quid
863 927 947 957 opus
962 923 1027 947 erat
1040 926 1130 954 voce,
1140 916 1210 947 sola
1221 915 1240 945 ?

234 975 248 990 ‹<
266 962 362 992 Libro
387 963 425 1002 11,
450 963 551 1003 capite
569 973 603 1001 11,
619 962 646 1004 ξ.
662 962 770 993 Primo
794 962 936 1004 quidem,
953 961 986 992 in
1005 961 1071 992 fin.:
1092 961 1179 991 Suae
1197 961 1238 991 si-

166 1019 182 1034 »
204 1007 394 1038 militudinis
430 1008 628 1048 impressam.
661 1006 764 1037 Alibi:
789 1007 981 1047 Sparsam.»
1016 1006 1153 1036 Textus:
1184 1004 1239 1035 Ex

155 1050 324 1091 factorum
349 1051 606 1082 consideratione
627 1051 770 1082 divinam
794 1051 985 1091 sapientiam
1001 1051 1155 1091 colligere
1162 1059 1238 1090 pos-

162 1105 284 1133 sumus,
308 1096 393 1126 sicut
415 1097 448 1126 in
472 1096 567 1127 rebus
579 1096 686 1137 factis
702 1106 767 1136 per
789 1095 962 1136 quamdam
978 1095 1238 1126 communicatio-

164 1149 234 1170 nem
267 1149 348 1170 suae
378 1140 597 1171 similitudinis
629 1142 829 1181 impressam.
863 1140 898 1170 In
931 1140 1091 1180 margine:
1124 1138 1239 1169 «Alias

165 1196 180 1211 »
201 1193 360 1224 sparsam.
379 1196 394 1212 a>
421 1184 544 1215 Inutilis
563 1195 638 1225 ergo
662 1183 810 1215 Lucarini
834 1183 1073 1214 animadversio.

233 1241 248 1255 ι
265 1228 363 1259 Libro
383 1228 436 1267 111,
462 1229 562 1269 capite
581 1239 643 1268 mx,
662 1229 691 1270 ξ.
708 1228 793 1259 Hinc
809 1235 855 1259 est
874 1228 964 1269 quod
980 1228 1095 1259 dicitur
1110 1228 1166 1258 Iob
1182 1237 1237 1257 n...

166 1284 180 1299 »
202 1271 257 1303 Sic
279 1273 383 1313 igitur
404 1273 523 1314 aliquis
545 1283 655 1304 omnes
678 1274 821 1303 rationes
843 1282 954 1303 rerum
978 1278 1163 1304 creatarum
1187 1281 1238 1306 co-

166 1328 180 1343 »
201 1322 390 1358 gnosceret‚
414 1318 443 1348 si
466 1323 673 1359 cognosceret
702 1318 811 1348 omnia
835 1316 928 1347 bona.
952 1317 1053 1347 Alibi:
1078 1317 1114 1347 Si
1136 1317 1240 1357 igitur

165 1373 180 1388 »
202 1361 320 1401 aliquis
343 1371 453 1392 omnes
475 1363 618 1393 rationes
646 1372 756 1392 rerum
781 1367 1006 1402 cognosceret,
1031 1365 1239 1402 cognosceret

164 1417 180 1432 ι
202 1406 311 1435 omnia
334 1405 427 1437 bona.
447 1419 462 1433 »
489 1406 624 1437 Felicius
649 1406 780 1437 sortasse
803 1405 959 1436 mendum
978 1405 1022 1435 sic
1041 1405 1186 1445 corriges:
1204 1405 1240 1435 Si

163 1450 267 1491 igitur
289 1450 408 1490 aliquis
431 1460 540 1481 omnes
563 1451 706 1481 rationes
729 1459 839 1481 rerum
863 1454 1049 1480 creatarum
1065 1458 1237 1490 cognosce-

161 1499 222 1531 ret,
245 1495 293 1524 sic
316 1500 523 1535 cognosceret
546 1495 653 1525 omnia
677 1495 770 1532 bona,
791 1503 874 1534 quae
897 1494 929 1524 in
946 1493 1042 1524 rebus
1057 1494 1176 1524 creatis
1188 1502 1238 1523 se-

161 1538 301 1569 cundum
334 1539 479 1569 ordinem
512 1539 642 1570 divinae
672 1538 851 1579 sapientiae
876 1538 1053 1578 provenire
1078 1542 1239 1577 possunt:

160 1582 247 1623 quod
269 1587 351 1612 esset
379 1583 520 1613 divinam
552 1583 724 1614 bonitatem
749 1588 780 1613 et
810 1582 905 1612 etiam
938 1582 1130 1622 sapientiam
1154 1591 1238 1612 com-

155 1626 371 1666 prehendere.
395 1626 628 1658 Solidissimam
659 1627 807 1657 Thomae
831 1625 1009 1657 doctrinam
1039 1625 1162 1666 egregie
1185 1625 1238 1656 de-

161 1670 255 1700 clarat
278 1670 481 1701 Ferrariensis
503 1671 536 1701 in
561 1670 814 1702 Commentario-

230 1727 246 1742 -x
265 1714 377 1754 Capite
400 1725 487 1754 Lxxr,
511 1715 539 1756 ἓ.
555 1715 696 1747 Tollitur
715 1715 827 1746 etiam:
856 1715 949 1752 Quae
963 1715 1022 1746 sub
1030 1714 1237 1755 providentia

161 1770 177 1785 ιν
198 1758 263 1788 Dei
274 1759 396 1790 'bonum
421 1759 525 1790 locum
549 1760 666 1791 habere
689 1770 752 1791 non
771 1764 891 1800 posset.
916 1759 1015 1790 Alibi:
1043 1758 1146 1796 Quasi
1169 1769 1238 1789 ma-

161 1814 177 1830 »
200 1803 266 1833 lum
289 1804 349 1834 sub
366 1804 573 1844 providentia
589 1805 664 1836 boni
676 1804 740 1835 Dei
756 1804 861 1835 locum
877 1803 995 1834 habere
1010 1813 1074 1834 non
1084 1808 1205 1844 posset.
1219 1815 1234 1830 2>

159 1847 295 1878 Textus:
319 1849 383 1879 Per
404 1849 464 1879 hoc
479 1850 575 1879 etiam
591 1849 718 1880 tollitur
732 1848 868 1879 errandi
881 1849 1005 1879 occasio
1021 1848 1235 1885 Manichaeis,

159 1893 215 1932 qui
236 1891 300 1923 duo
317 1893 428 1933 prima
442 1894 612 1934 principia
635 1894 770 1935 agentia
780 1898 973 1933 posuerunt,
991 1892 1107 1923 bonum
1124 1897 1155 1922 et
1170 1901 1236 1922 ma-

159 1936 238 1973 lum,
263 1946 346 1977 quae
367 1937 427 1968 sub
444 1937 652 1978 providentia
675 1938 739 1968 Dei
761 1937 878 1968 bonum
903 1937 1007 1968 locum
1031 1936 1149 1967 habere
1172 1946 1236 1966 non

154 1986 273 2020 posset.
298 1981 334 2011 In
348 1981 589 2012 Commentario
604 1981 809 2012 Ferrariensis
822 1981 909 2012 idem
925 1980 969 2012 sic
983 1980 1109 2012 effertur
1122 1987 1235 2011 textus:

162 2023 227 2061 Qui
250 2023 454 2068 (Manichaei)
477 2025 542 2056 duo
559 2027 723 2067 principia
752 2026 897 2067 agentia,
921 2026 1038 2057 bonum
1061 2025 1182 2056 scilicet
1204 2030 1236 2055 et

159 2069 280 2099 malum
298 2066 499 2111 posuerunt:
521 2071 615 2111 quasi
637 2068 790 2113 (malum)
812 2070 872 2100 sub
881 2070 1088 2110 providentia
1104 2070 1168 2100 Dei
1183 2069 1235 2100 bo-

159 2123 235 2144 num
260 2114 366 2145 locum
390 2114 508 2145 habere
531 2125 594 2145 non
613 2120 732 2155 posset.
757 2115 827 2145 Imo
848 2114 990 2145 eiusdem
1005 2114 1152 2145 Thomae
1166 2123 1235 2144 ver-

159 2158 199 2187 ba
222 2165 298 2189 sunt
319 2168 409 2189 num.
430 2158 446 2188 5
471 2159 694 2198 praecedente:
718 2159 793 2189 Non
810 2165 891 2190 esset
907 2159 996 2190 locus
1011 2159 1152 2190 iustitiae
1166 2159 1235 2190 vin-

157 2202 327 2240 dicativae,
342 2204 372 2233 si
386 2202 503 2233 delicta
528 2213 591 2234 non
611 2208 724 2234 essent.
741 2203 782 2234 Et
800 2213 890 2234 num.
907 2204 943 2234 6:
962 2203 1018 2234 Ex
1032 2202 1123 2234 malis
1137 2212 1234 2244 quae—

157 2246 232 2276 dam
256 2247 338 2277 bona
362 2253 603 2287 consequuntur
626 2257 668 2278 ex
680 2247 887 2288 providentia
902 2247 1127 2289 gubernantis.
1143 2248 1235 2285 Quae

157 2290 320 2322 verissima
344 2291 537 2322 documenta
570 2298 698 2332 sumpta
726 2298 801 2322 sunt
825 2302 862 2322 ex
884 2291 1056 2333 Augustini
1079 2291 1161 2322 libro
1183 2292 1236 2322 De

158 2340 277 2366 natura
301 2336 375 2366 boni
398 2341 511 2366 contra
535 2337 755 2367 Manichaeos.

227 2393 242 2408 α
262 2380 375 2420 Capite
389 2390 480 2410 Lxxxx
503 2380 583 2412 circa
605 2380 722 2413 finem:
746 2381 900 2412 Divinam
914 2380 1153 2422 providentiam
1169 2390 1233 2412 non

161 2437 175 2452 »
198 2424 352 2462 excludit,
371 2425 524 2464 provenit
543 2434 645 2466 neque
661 2435 725 2465 per
747 2425 940 2456 huiusmodi.
965 2426 1064 2466 Lege:
1081 2426 1235 2456 Pr⁰venit

160 2482 175 2497 >
199 2469 282 2499 enim
307 2478 349 2499 ex
366 2469 580 2508 permissione
595 2469 705 2500 divina
720 2479 762 2500 ex
776 2469 903 2511 defectu
920 2469 1114 2509 inferiorum
1129 2479 1232 2511 agen-

160 2525 175 2541 »
198 2514 298 2551 tium,
332 2513 415 2543 sicut
437 2513 477 2543 de
509 2514 583 2544 aliis
606 2513 702 2544 malis
724 2513 843 2544 dictum
877 2520 940 2552 est,
970 2514 1028 2545 sed
1051 2523 1152 2555 neque
1169 2524 1234 2555 per

160 2570 174 2585 2>
197 2557 389 2588 huiusmodi.
410 2569 424 2584 xv
452 2557 587 2588 Textus:
612 2557 811 2588 Huiusmodi
833 2564 940 2589 autem
966 2559 1163 2590 inordinatio
1185 2559 1232 2589 di-

158 2602 265 2633 vinam
284 2601 522 2642 providentiam
547 2611 611 2632 non
635 2602 778 2632 excludit
784 2609 798 2639 ;
810 2603 962 2642 provenit
977 2612 1088 2643 neque.
1104 2603 1233 2634 Lacuna

158 2652 254 2686 patet,
279 2655 377 2687 quam
400 2645 468 2687 typi
492 2652 629 2677 errantes
652 2645 762 2677 fecere.
787 2648 831 2677 At
853 2646 932 2676 nihil
955 2646 1099 2677 hiulcum
1122 2646 1155 2677 in
1179 2657 1232 2678 eo-

157 2690 230 2720 dem
254 2696 358 2729 textu‚
382 2700 481 2731 quem
504 2689 708 2721 Ferrariensis
731 2690 818 2721 affert
840 2690 873 2720 in
888 2690 1148 2721 Commentario:
1163 2690 1232 2722 Ista

156 2734 352 2765 inordinatio
377 2744 440 2765 non
474 2734 617 2766 excludit
639 2735 781 2766 divinam
805 2734 1065 2775 providentiam:
1081 2736 1234 2775 provenit

157 2780 240 2809 enim
266 2788 308 2809 ex
324 2779 539 2820 permissione
561 2779 670 2810 divina
695 2784 833 2820 propter
854 2777 1014 2820 defectum
1039 2778 1232 2820 inferiorum

157 2824 358 2864 agentium...
382 2824 494 2864 Neque
512 2833 576 2864 per
597 2823 781 2855 huiusmodi
803 2823 1072 2854 inordinationem
1092 2823 1234 2854 totaliter

157 2868 319 2899 naturalis
337 2868 416 2899 ordo
429 2869 642 2908 pervertitur.

226 2925 241 2939 «
259 2911 372 2952 Capite
388 2922 474 2951 cxvr,
490 2912 544 2943 fin.
569 2913 636 2944 Hic
659 2913 762 2954 igitur
785 2918 832 2944 est
843 2912 928 2954 finis
951 2914 1048 2943 totius
1070 2912 1233 2953 legislato-

160 2969 175 2984 ›
198 2957 254 2987 ris.
279 2956 413 2988 Videtur
444 2956 635 2997 legendum:
660 2957 753 2988 Finis
776 2962 861 2988 totus
893 2957 1100 2998 legislatoris.
1120 2969 1134 2984 »
1162 2957 1233 2988 Irno

158 3001 319 3031 retinenda
341 3001 466 3032 videtur
488 3011 551 3032 vox
574 3003 681 3039 totius,
706 3001 797 3040 idest,
812 3002 916 3032 omnis
935 3001 1141 3042 legislatoris.
1160 3001 1232 3032 Fer-

158 3045 301 3075 rariensis
325 3045 357 3075 in
382 3045 624 3076 Commentario
648 3046 752 3083 habet,
777 3047 884 3077 totius.

224 3089 318 3119 Plura
342 3097 519 3130 sequuntur
542 3090 669 3128 menda,
686 3100 768 3132 quae
793 3090 977 3130 corrigenda
993 3090 1168 3121 Lucarinus
1184 3090 1232 3121 iu-

157 3133 228 3163 bet:
254 3133 308 3163 sed
333 3134 443 3164 eadem
467 3141 605 3165 correcta
628 3141 772 3175 prostant
795 3135 827 3165 in
857 3135 999 3165 eiusdem
1030 3134 1233 3166 Ferrariensis

159 3176 408 3208 Commentario.
437 3191 451 3206 «
466 3178 561 3209 Libro
579 3179 632 3217 IV,
658 3179 758 3219 capite
773 3189 843 3217 xxx,
868 3189 957 3210 num.
975 3187 1017 3219 4.:
1042 3180 1132 3210 Deus
1148 3180 1233 3210 misit

161 3234 175 3249 2>
198 3221 317 3251 Filium
341 3232 434 3252 suum
460 3228 570 3253 natum
591 3233 633 3254 ex
651 3224 795 3254 muliere.
820 3224 918 3263 Lege:
943 3224 1077 3254 Factum
1103 3234 1144 3254 ex
1164 3234 1231 3255 mu-

161 3278 175 3292 »
198 3265 286 3296 liere.
311 3266 398 3296 Haec
423 3266 508 3297 enirn
531 3266 624 3298 lectio
649 3268 874 3308 correspondet
898 3268 1113 3309 sequentibus,
1138 3275 1174 3299 ut
1188 3268 1232 3299 le-

162 3322 176 3336 »
199 3310 296 3349 genti·
313 3311 468 3341 constabit
497 3310 663 3342 evidenter.
685 3325 699 3339 ι
726 3313 778 3342 Ad
806 3312 898 3343 illum
922 3323 1025 3343 sacrae
1054 3312 1232 3353 Scripturae

158 3360 279 3384 textum
302 3354 342 3384 ad
366 3354 491 3386 Galatas
516 3355 616 3396 capite
639 3367 682 3395 ιν,
706 3362 734 3387 v.
759 3366 792 3396 4,
816 3357 938 3387 varians
962 3357 1055 3388 lectio
1079 3357 1117 3388 ab
1137 3357 1231 3388 inter-

159 3397 298 3437 pretibus
323 3405 460 3437 notatur,
474 3399 607 3441 factum
633 3410 674 3431 ex
697 3401 832 3432 muliere
855 3408 886 3432 et
902 3407 1012 3432 natum
1030 3411 1072 3432 ex
1086 3402 1229 3433 muliere.

158 3442 374 3473 Nihilominus
398 3444 501 3484 priore
524 3444 659 3475 lectione
684 3456 779 3476 usum
803 3446 998 3487 Aquinatem
1019 3446 1138 3487 integer
1161 3457 1231 3478 sua-

160 3486 211 3516 det
234 3486 322 3517 locus
347 3487 430 3518 eius:
459 3502 472 3516 α
492 3489 579 3520 Idem
603 3489 779 3530 Apostolus
803 3490 878 3521 dicit
901 3491 940 3521 ad
964 3491 1065 3522 Galat.
1090 3501 1122 3531 4,
1142 3491 1232 3533 quod

163 3541 177 3556 >v
200 3530 289 3561 Deus
312 3533 398 3562 misit
420 3532 539 3563 Filium
563 3543 656 3564 suum
683 3540 793 3565 natum
819 3533 968 3578 (facturn)
985 3545 1027 3566 ex
1041 3535 1178 3566 muliere
1200 3542 1231 3567 et

164 3585 178 3599 »
201 3574 310 3605 Matth.
335 3585 345 3605 1
370 3576 499 3615 dicitur,
524 3578 613 3618 quod
636 3578 733 3609 Iacob
755 3580 869 3619 genuit
892 3579 1005 3620 Ioseph
1030 3581 1134 3610 virum
1159 3581 1231 3611 Ma-

164 3629 179 3644 »
202 3618 281 3655 riae,
306 3619 345 3649 de
367 3629 431 3659 qua
455 3626 551 3652 natus
574 3627 621 3652 est
639 3622 741 3660 Iesus,
759 3624 814 3663 qui
832 3628 968 3654 vocatur
983 3623 1141 3655 Christus.
1157 3625 1232 3655 Non

893 263 1354 302 DISSERTATIONES
1384 263 1634 300 CRITICAE

1300 355 1315 370 »
1337 349 1445 374 autem
1467 343 1518 373 vel
1542 353 1579 373 ex
1602 352 1639 373 ea
1661 342 1796 383 factus,
1826 343 1876 373 vel
1900 353 1937 373 ex
1965 353 2002 374 ea
2025 348 2121 374 natus
2151 343 2320 382 diceretur,
2345 344 2371 374 si

1299 399 1314 414 »
1336 387 1443 418 solum
1466 397 1523 427 per
1546 397 1627 425 eam,
1652 387 1733 418 sicut
1755 397 1812 427 per
1834 387 1975 418 fistulam
1990 388 2171 426 transiisset,
2189 388 2267 418 nihil
2283 398 2320 419 ex
2334 399 2371 419 ea

1298 443 1313 458 »
1333 439 1512 462 assumens:
1542 441 1579 461 ex
1602 441 1639 461 ea
1661 431 1757 471 igitur
1785 441 1901 471 corpus
1931 432 2111 472 assumpsit.
2132 445 2147 460 »
2174 433 2279 462 Nemo
2302 443 2370 463 non

1293 475 1390 514 videt,
1402 475 1536 516 factum
1561 485 1603 505 ex
1625 476 1771 513 muliere,
1795 475 1907 515 legisse
1930 477 2104 507 Thomam.

1345 555 1347 558 ι
1365 532 1379 547 α
1403 519 1515 559 Capite
1538 529 1664 557 xxxvm,
1688 529 1778 550 num.
1796 530 1828 561 7,
1853 520 1892 550 de
1909 521 2094 552 auctoritate
2108 521 2238 552 inducta
2254 531 2291 551 ex
2306 520 2369 562 Cy-

1297 575 1311 590 »
1333 563 1404 594 rillo
1427 564 1499 594 vide
1528 574 1610 604 quae
1641 563 1831 594 adnotamus
1859 564 1894 594 in
1918 565 1959 595 111
1983 575 2027 605 p.,
2051 572 2173 606 quaest.
2192 576 2226 603 11,
2251 572 2307 596 art.
2324 576 2368 596 m.

1296 619 1311 634 »
1334 605 1486 650 (Nempe)
1510 608 1666 648 quasdam
1691 618 1767 639 vero
1787 609 1873 639 velut
1889 609 1961 639 Deo
1979 609 2136 640 decibiles.
2154 609 2255 640 Alibi:
2279 610 2370 640 Velut

1297 651 1403 681 rDeo
1435 652 1565 692 dignas.
1590 652 1636 682 Ita
1666 652 1782 692 legitur
1802 652 1837 682 in
1870 662 1937 683 can.
1962 663 1996 683 1v
2019 653 2198 693 Ephesinae
2226 654 2369 695 Synodi,

1296 708 1311 722 ι»
1333 695 1418 725 unde
1442 696 1595 726 sententia
1619 696 1679 727 fuit
1701 706 1720 726 a
1743 707 1767 727 S.
1783 696 1913 727 Thoma
1927 703 2071 728 extracta.
2090 710 2104 725 2
2123 698 2289 738 Corrigere
2305 699 2369 729 Lu-

1294 739 1418 769 carinus
1442 740 1612 778 debuisset,
1635 740 1783 771 decibiles
1798 741 1838 771 al.
1855 741 2008 779 dicibiles,
2025 748 2062 772 ut
2075 741 2149 772 loco
2166 742 2262 773 citato
2278 743 2319 773 111
2336 753 2368 783 p.

1293 783 1435 814 habetur.
1460 784 1581 814 Textus
1613 792 1758 824 graecus:
1783 782 1848 821 τοὶς
1877 778 1915 816 δὲ
1939 784 1980 821 ὠς
2003 782 2234 829 οθεοπρεπεΐς,
2260 797 2370 826 voces,

1293 833 1455 868 tanquam⁴
1470 828 1541 858 Deo
1565 834 1596 858 et
1619 828 1744 858 divinae
1766 829 1922 860 Maiestati
1944 830 2107 868 decentes,
2132 833 2365 869 convenientes,

1292 872 1421 912 dignas.
1446 872 1542 902 Hunc
1565 872 1676 902 locum
1699 872 1743 902 sic
1766 872 1884 903 indicat
1901 874 2046 914 Aquinas
2061 874 2095 904 in
2113 875 2175 906 hoc
2189 885 2306 906 mvm
2321 886 2370 906 ea-

1293 916 1368 956 pite,
1391 916 1462 946 libri
1486 916 1528 947 IV
1553 923 1663 946 contra
1686 916 1819 947 Gentes:
1849 917 1945 954 Quod
1966 923 2014 948 est
2037 924 2150 949 contra
2178 921 2370 950 sententiam

1295 961 1416 1002 Cyrilli
1448 961 1480 991 in
1513 960 1647 1001 Synodo
1679 959 1870 1003 (Ephesina)
1894 962 2138 1003 confirmatam,
2162 963 2297 994 dicentis
2304 971 2318 1001 ,·
2339 969 2372 994 et

1293 1006 1333 1035 111
1358 1016 1402 1045 p.,
1426 1015 1480 1046 qu.
1505 1015 1539 1043 11,
1563 1011 1619 1035 art.
1645 1015 1679 1035 m
1703 1010 1734 1035 et
1755 1005 1816 1036 hoc
1838 1007 1933 1036 etiam
1958 1011 2006 1037 est
2027 1006 2229 1045 damnatum,
2253 1017 2370 1048 appro—

1292 1050 1387 1080 bante
1413 1049 1556 1080 Concilio
1579 1049 1751 1089 Ephesino.
1777 1050 1956 1091 Utrobique
1978 1060 2050 1081 vere
2075 1058 2106 1082 et
2122 1051 2276 1092 apposite:
2301 1057 2370 1082 sen-

1292 1094 1390 1132 tentia
1413 1104 1553 1135 namque
1577 1100 1704 1134 sumpta
1729 1101 1775 1124 est
1791 1104 1828 1125 ex
1841 1095 2117 1126 Anathematismo
2131 1101 2249 1136 quarto
2264 1106 2289 1126 s.
2307 1095 2371 1137 Cy-

1292 1139 1351 1169 rilli
1375 1138 1590 1176 Alexandrini,
1613 1138 1647 1168 in
1670 1138 1833 1178 Ephesina
1846 1139 1979 1180 Synodo
1997 1150 2072 1170 cum
2088 1140 2216 1171 caeteris
2231 1140 2371 1171 Anathe·

1293 1182 1448 1214 matismis
1471 1183 1658 1223 adprobato.

1363 1241 1378 1256 α
1397 1227 1510 1268 Capite
1533 1237 1664 1266 Lxxxm,
1689 1227 1716 1268 g.
1737 1228 1826 1258 Patet
1848 1227 1995 1269 quidem:
2019 1228 2060 1258 In
2084 1228 2146 1259 hac
2172 1234 2280 1260 autem
2304 1230 2370 1260 vita

1295 1285 1310 1300 »
1333 1272 1552 1303 inordinatum
1577 1277 1608 1302 et
1636 1273 1784 1303 vitiosum
1809 1278 1873 1310 est,
1904 1273 1934 1303 si
1961 1273 2033 1313 quis
2063 1273 2140 1304 cibis
2163 1278 2194 1304 et
2226 1274 2372 1304 venereis

1295 1329 1310 1344 »
1334 1322 1447 1348 utatur
1478 1322 1617 1357 propter
1649 1318 1867 1347 necessitatem
1900 1317 2104 1348 sustentandi
2141 1319 2287 1358 corporis
2321 1318 2372 1349 vel

1295 1373 1310 1389 »
1326 1361 1434 1401 prolis
1457 1361 1654 1392 educandae.
1678 1362 1782 1400 Lege:
1815 1362 1953 1402 Propter
1983 1362 2085 1392 solam
2109 1362 2368 1400 delectationem,

1295 1417 1310 1433 ›
1338 1415 1401 1436 non
1428 1410 1566 1445 propter
1598 1407 1816 1436 necessitatem
1842 1413 1898 1437 etc.
1934 1406 1980 1436 lta
2001 1405 2116 1446 legitur
2146 1406 2180 1436 in
2212 1406 2372 1437 veteribus

1295 1462 1310 1476 »
1333 1449 1574 1489 exemplaribus.
1600 1462 1615 1477 ι
1643 1450 1689 1480 Ita
1719 1449 1816 1480 etiam
1846 1450 2019 1490 legendum
2048 1460 2116 1481 esse
2152 1450 2311 1491 colligitur
2333 1460 2371 1481 ex

1293 1493 1535 1524 Commentario
1559 1493 1774 1524 Ferrariensis.
1799 1495 1955 1525 Mendum
1978 1495 2102 1535 irrepsit
2124 1495 2158 1525 in
2173 1501 2307 1535 textum,
2324 1505 2371 1526 er-

1292 1544 1380 1568 rante
1403 1547 1439 1568 ac
1462 1537 1626 1568 deficiente
1640 1538 1750 1578 =prelo.

1360 1581 1398 1612 ΙΙ.
1422 1581 1650 1612 Praestantiam
1673 1581 1788 1622 Operis
1812 1583 1886 1613 satis
1901 1582 2043 1614 indicant
2058 1583 2197 1614 exoticae
2210 1583 2372 1614 versiones

1293 1625 1370 1657 eius.
1395 1625 1586 1656 Hebraicam
1609 1626 1715 1666 primo
1738 1626 1812 1658 loco
1835 1637 1994 1665 memoro,
2018 1637 2117 1668 quam
2133 1627 2288 1668 Iosephus
2303 1628 2372 1658 Ma-

1292 1670 1337 1701 ria
1361 1669 1500 1709 Ciantes,
1524 1670 1676 1701 Patricius
1699 1680 1868 1709 romanus,
1890 1671 2091 1703 MInervitani
2113 1671 2372 1703 Praedicator-um

1292 1714 1421 1747 Ordinis
1450 1714 1598 1746 coenobii
1627 1714 1793 1754 alumnus,
1824 1715 2035 1747 concinnavit.
2060 1715 2163 1757 Typis
2187 1726 2223 1746 ea
2246 1716 2371 1747 Romae

1291 1759 1419 1799 vulgata
1442 1765 1488 1790 est
1511 1769 1596 1790 anno
1626 1761 1720 1801 1571,
1745 1769 1781 1790 ex
1804 1760 2015 1801 typographia
2039 1760 2144 1791 Iacobi
2167 1760 2282 1799 Phaei,
2305 1763 2371 1792 An-

1292 1803 1384 1834 dreae
1406 1803 1483 1842 filii,
1507 1803 1541 1834 in
1565 1803 1620 1834 fol.
1646 1804 1704 1834 sub
1728 1803 1791 1835 hoc
1819 1804 1928 1835 titulo:
1962 1805 2095 1838 Summa
2128 1805 2195 1836 divi
2231 1805 2373 1836 Thomae

1290 1848 1462 1888 Aquinatis
1488 1847 1566 1878 Ord.
1592 1848 1708 1878 Praed.
1725 1853 1839 1879 contra
1861 1849 2014 1887 Gentiles,
2029 1859 2126 1890 quam
2145 1849 2294 1880 hebraice
2307 1850 2371 1880 elo-

1290 1893 1402 1933 quitur
1423 1892 1580 1932 Iosephus
1597 1892 1729 1923 Ciantes
1751 1902 1918 1930 romanus,
1942 1893 2122 1934 Episcopus
2143 1894 2368 1932 Marsicensis,

1291 1947 1333 1967 ex
1355 1937 1464 1968 eodem
1492 1936 1616 1967 Ordine
1638 1942 1832 1977 assumptus.
1850 1937 1944 1968 Liber
1958 1944 2005 1968 est
2025 1937 2109 1979 typis
2125 1937 2278 1969 hebraicis
2301 1947 2369 1969 non

1290 1981 1448 2021 punctatis
1472 1980 1590 2019 editus,
1615 1991 1650 2012 ac
1673 1981 1794 2020 latinis,
1817 1981 1874 2023 qui
1898 1981 1957 2012 sibi
1981 1992 1998 2012 e
2020 1982 2150 2022 regione
2172 1982 2205 2012 in
2229 1982 2371 2023 qualibet

1290 2025 1405 2066 pagina
1427 2035 1484 2065 per
1513 2025 1680 2056 columnas
1712 2026 1854 2066 geminas
1878 2026 1978 2056 divisa
2009 2027 2214 2067 respondent.
2237 2027 2370 2058 Exstant

1289 2069 1384 2110 primi
1406 2069 1478 2100 libri
1501 2075 1573 2108 tres,
1593 2076 1725 2111 quartus
1748 2070 1951 2101 desideratur.

1357 2114 1408 2145 111.
1434 2114 1589 2145 Graecam
1619 2114 1800 2145 versionem
1832 2121 1991 2155 praestant
2023 2115 2148 2146 codices
2179 2125 2256 2146 mss.
2285 2124 2370 2156 quos

1289 2158 1420 2190 adnotat
1443 2158 1576 2190 Iacobus
1599 2158 1763 2189 Echardus
1785 2158 1820 2189 in
1843 2159 2042 2190 bibliothecis
2061 2159 2229 2198 adservari,
2245 2159 2372 2191 Vatica-

1289 2213 1340 2242 na,
1354 2202 1452 2243 Regia
1467 2202 1643 2241 parisiensi,
1661 2203 2090 2244 Caesareo-Vindobonensi,
2108 2203 2230 2235 Veneta
2245 2213 2269 2234 s.
2286 2204 2370 2234 Mar·

1289 2247 1317 2279 ci
1339 2247 1482 2288 itemque
1505 2258 1546 2278 ss.
1572 2247 1700 2278 Ioannis
1731 2254 1762 2278 et
1784 2247 1885 2279 Pauli.
1916 2248 1964 2279 De
1988 2247 2151 2279 codicibus
2174 2247 2371 2279 Bessarionia

1289 2291 1466 2323 Cardinalis
1489 2291 1522 2322 in
1546 2292 1658 2322 eadem
1686 2298 1798 2323 veneta
1828 2302 1852 2322 s.
1877 2292 1975 2323 Marci
1999 2292 2190 2324 bibliotheca
2213 2292 2257 2323 sic
2275 2292 2372 2324 habet

1288 2336 1434 2367 laudatus
1457 2336 1636 2368 Echardus:
1660 2337 1833 2368 Laudatur
1855 2335 1956 2379 (idem
1974 2336 2069 2377 opus
2091 2342 2206 2368 contra
2226 2336 2372 2368 Gentiles

1287 2390 1396 2421 graece
1419 2379 1561 2423 versum)
1586 2386 1616 2412 et
1645 2381 1781 2412 Venetiis
1804 2382 1889 2412 inter
1912 2381 2010 2412 libros
2041 2381 2229 2412 Cardinalis
2250 2381 2370 2412 Bessa·

1288 2426 1400 2462 rionis,
1417 2425 1508 2456 codd.
1527 2425 1629 2456 tribus
1642 2425 1710 2466 sol.
1728 2435 1806 2466 par.
1818 2435 1941 2466 papyr.
1959 2426 1993 2457 in
2011 2435 2149 2466 quorum
2166 2435 2232 2456 uno
2248 2426 2330 2456 liber
2342 2425 2368 2464 1,

1287 2471 1320 2500 in
1344 2470 1449 2501 altero
1474 2470 1485 2500 1
1509 2475 1541 2500 et
1564 2470 1610 2508 u,
1627 2471 1660 2500 in
1685 2471 1779 2501 tertio
1803 2475 1870 2501 tres
1892 2470 1976 2501 libri.
1994 2470 2083 2501 Num
2095 2469 2257 2510 integrum
2273 2469 2368 2511 opu·

1286 2514 1319 2544 hi
1343 2514 1468 2545 codices
1497 2514 1749 2554 complectantur
1778 2514 1914 2545 Echardi
1942 2515 2039 2545 verba
2065 2523 2132 2545 non
2160 2514 2366 2555 patefaciunt.

1286 2559 1368 2589 Rem
1392 2558 1506 2590 clarius
1529 2558 1710 2590 manifestat
1733 2559 1839 2597 Index,
1863 2559 1889 2590 si
1912 2565 2076 2590 accuratus
2093 2559 2225 2600 quidem
2241 2558 2291 2598 sit,
2307 2558 2366 2600 qui

1286 2602 1370 2643 typis
1394 2603 1512 2643 prodiit
1534 2603 1676 2634 Venetiis
1699 2603 1755 2634 fol.
1780 2613 1865 2634 anno
1895 2613 1978 2645 1740
2009 2603 2116 2634 studio
2145 2610 2176 2634 et
2199 2613 2274 2634 cura
2296 2605 2365 2634 An-

1286 2646 1366 2677 tonii
1389 2647 1434 2678 M.
1458 2646 1581 2677 Zanetti
1604 2646 1813 2678 bibliothecae
1844 2647 1985 2678 custodis
2009 2654 2039 2678 et
2067 2647 2202 2678 Antonii
2224 2646 2364 2687 Bongio-

1286 2690 1382 2720 vanni
1406 2691 1429 2721 Ι.
1454 2691 1494 2722 U.
1518 2691 1558 2721 D.
1582 2690 1788 2722 Addiscimus
1818 2690 1905 2721 enim
1932 2691 1966 2721 in
1997 2691 2067 2722 cod.
2093 2701 2172 2721 cxcv
2209 2690 2365 2722 contineri

1287 2745 1311 2765 s.
1336 2733 1484 2765 Thomae
1516 2734 1685 2775 Aquinatis
1717 2741 1828 2765 contra
1859 2734 1976 2766 Gentes
2009 2735 2126 2766 librum
2159 2735 2307 2773 tertium,
2329 2734 2366 2765 in

1288 2778 1359 2809 cod.
1383 2788 1496 2809 chvm
1526 2778 1644 2809 librum
1662 2780 1823 2819 primum,
1848 2778 2024 2810 secundum
2049 2784 2080 2810 et
2101 2784 2253 2820 quartum
2277 2785 2309 2810 et
2330 2778 2365 2809 in

1288 2822 1358 2853 cod.
1384 2833 1472 2853 cxmx
1496 2822 1612 2853 librum
1638 2824 1783 2863 primum
1812 2828 1842 2854 et
1864 2823 2051 2854 secundum.
2076 2823 2161 2854 Hinc
2183 2832 2259 2854 vero
2282 2822 2363 2855 inte-

1287 2876 1380 2907 grum
1407 2866 1714 2907 praestantissimum
1737 2867 1830 2908 Opus
1853 2868 1996 2898 adservat
2023 2877 2133 2908 graece
2160 2877 2289 2898 versum
2311 2877 2378 2898 ve-.

1287 2918 1360 2942 neta
1382 2921 1406 2942 s.
1431 2911 1528 2942 Marci
1557 2910 1748 2943 bibliotheca
1777 2911 1858 2942 inter
1886 2911 2062 2943 Cardinalis
2090 2911 2285 2943 Bessan-ionis
2309 2921 2365 2943 co·

1287 2955 1380 2986 dices.

1353 3000 1428 3031 Non
1451 3000 1560 3041 ipsum
1582 3006 1742 3041 praestant
1764 3010 1848 3041 opus
1872 3000 1996 3031 codices
2015 3000 2293 3039 Vindobonenses,
2307 3000 2365 3032 aed

1287 3045 1392 3084 capita
1416 3045 1574 3085 quaedam
1598 3045 1804 3076 miscellanea
1825 3055 1904 3083 ην,
1935 3044 2082 3085 decerpta
2105 3054 2147 3076 ex
2169 3045 2260 3076 libris
2282 3054 2362 3086 qua·

1286 3093 1362 3119 tuor
1392 3088 1433 3120 de
1471 3090 1610 3120 Veritate
1686 3090 1716 3120 ei
1748 3089 1924 3120 catholicae
1954 3095 2067 3121 contra
2102 3089 2246 3120 Gentiles
2267 3094 2300 3120 et
2321 3098 2366 3120 ex

1286 3133 1426 3164 eiusdem
1451 3131 1627 3177 (Thomae)
1651 3133 1784 3164 Summa
1815 3134 2004 3175 theologiae.
2030 3133 2174 3165 Consule
2196 3133 2284 3174 ipsos
2307 3143 2363 3164 eo·

1286 3177 1370 3208 dices
1385 3187 1404 3208 a
1419 3178 1563 3209 Nesselio
1578 3177 1760 3216 recensitos,
1777 3188 1900 3216 ccum,
1916 3188 2006 3209 num.
2022 3188 2046 3218 4
2061 3185 2092 3209 et
2107 3188 2209 3216 ccnvx,
2225 3185 2359 3217 num-4.

1285 3221 1431 3253 Primum
1453 3230 1548 3263 caput
1571 3222 1750 3253 inscribitur
1773 3229 1803 3253 et
1826 3222 1937 3263 incipit
1957 3233 2014 3263 per
2036 3223 2114 3254 haec
2135 3223 2240 3254 verba:
2256 3220 2364 3264 Θωμᾶ

1279 3265 1319 3296 Ἀ
1344 3266 1438 3310 χίνου
1463 3265 1542 3309 (leg.
1568 3265 1746 3309 Ακουίνου)
1762 3264 1859 3312 λόγοι
1885 3266 1948 3304 τῆς
1965 3264 2056 3304 θείας
2073 3263 2284 3309 σαρκῶσιως.
2301 3265 2362 3297 Αν-

1286 3276 1427 3348 τιζὲσεις
1458 3309 1555 3343 zarai
1582 3310 1646 3348 τῆς
1670 3309 1761 3348 θείαις
1787 3313 1987 3353 παρουσίας.
2014 3311 2087 3342 Am:
2117 3312 2147 3342 οῑ
2172 3310 2219 3352 τῇ
2245 3310 2360 3342 πίστει

1287 3355 1511 3400 ἀντικείμενοι
1536 3352 1691 3388 vescant
1714 3367 1792 3388 τινα
1819 3355 2052 3402 ἁντεποίγουσι
2078 3355 2124 3398 τῇ
2139 3353 2214 3395 θείᾳ
2231 3351 2360 3396 capad-

1285 3412 1346 3434 σει.
1380 3399 1460 3439 Θεὸς
1489 3399 1569 3433 οὔτε
1604 3399 1703 3444 σῶμά
1736 3401 1850 3442 ἐστὶν,
1887 3400 1967 3433 οὔτε
1999 3394 2140 3443 &diruy-te
2165 3399 2200 3431 ἑν
2224 3396 2360 3442 σώματι

1284 3457 1316 3478 κ.
1337 3457 1370 3478 τ.
1390 3446 1422 3478 λ.
1454 3447 1593 3478 lemae
1614 3448 1786 3488 Aquinatis
1804 3448 1948 3478 rationes
1964 3446 2094 3478 divinae
2107 3444 2359 3476 Incarnationis.

1289 3492 1510 3533 Oppositiones
1532 3497 1646 3523 contra
1669 3492 1811 3522 divinam
1835 3491 2109 3522 Incarnationem.
2134 3488 2198 3519 Sed
2215 3488 2271 3529 qui
2274 3487 2361 3528 fidei

1285 3537 1520 3574 adversantur,
1546 3537 1626 3567 talia
1650 3536 1808 3577 quaedam
1841 3541 1954 3566 contra
1986 3534 2127 3566 divinam
2155 3532 2360 3563 Incarnatio-

1286 3590 1357 3611 nem
1381 3580 1565 3611 adducunt:
1587 3581 1678 3611 Deus
1702 3590 1766 3611 non
1791 3585 1837 3611 est
1859 3588 1987 3620 corpus,
2008 3587 2110 3618 neque
2125 3578 2228 3608 virtus
2242 3577 2274 3606 in
2290 3586 2360 3607 cor-

1279 3635 1365 3665 pore
1385 3631 1443 3656 etc.
1469 3624 1624 3664 Decerpta
1647 3624 1724 3655 haec
1746 3631 1822 3655 sunt
1844 3634 1881 3654 ex
1903 3621 2145 3664 quadragesimo
2169 3620 2271 3661 capite
2289 3619 2362 3651 libri
