2788 4204
58 383 68 392 ·
77 388 92 403 Α
100 380 189 403 omittit
202 381 246 402 vel.

59 435 70 446 ’
75 439 105 456 ae
110 440 204 456 erronee
210 433 278 455 omit-

59 464 112 483 tunt
118 462 233 483 nostr-tan.

60 539 277 587 οῗιῗιῒιέἷήἓὶῗιιῖ

59 592 113 613 lect.
128 599 151 613 x.

60 619 81 628 '²
91 618 181 640 Codd.:
201 617 278 639 nomn·-

54 646 109 666 nat.

58 753 68 761 ·
77 750 135 778 Cap.
142 757 174 777 tv,
188 756 211 772 n.
221 756 245 772 ιο
253 754 276 772 et

55 783 135 826 iffi
141 777 274 826 ἳὲὲῗωιξῗῐ·

163 867 170 882 Ι.

58 970 274 998 'Codd.-vastent-

52 997 136 1024 ficari.

57 1289 68 1299 ·
77 1294 93 1311 a
105 1295 111 1310 :
136 1287 271 1316 intelligen-

54 1330 200 1364 Ale-index.

51 1716 272 1741 'fluam-net

50 1823 101 1847 ἰτ
115 1824 188 1853 qaod.

51 1872 64 1883 ⁶
73 1872 105 1895 ιε’
114 1867 188 1901 ξύστ’.

111 1924 146 1937 Au·
194 1918 197 1925 ¹

1201 296 1313 333 CAP.
1345 297 1376 344 1,
1407 297 1558 334 LECT.
1590 299 1620 333 ll

307 374 426 410 lectus
440 372 567 421 passio
589 372 661 409 dici
680 380 815 421 potest.
827 394 851 400 -
863 373 966 409 Vel*
981 373 1069 422 quia
1088 373 1293 421 intelligere
1314 387 1381 411 no-

308 434 427 463 strum
449 427 470 447 '¹‘
487 437 566 462 non
591 433 647 462 est
672 426 752 462 sine
776 427 1059 474 phantasmate:
1086 427 1192 475 quod
1220 440 1298 464 non
1328 437 1383 465 est

307 480 388 516 sine
426 478 613 527 corporali
649 479 848 527 passione;
878 480 980 516 unde
1019 488 1055 516 et
1092 481 1380 529 imaginativam

307 532 563 580 Philosophus
593 531 631 568 in
653 533 701 568 ΙΙΙ
730 533 791 569 De
814 535 944 570 anima
962 534 981 554 *
999 541 1113 570 vocat
1130 533 1171 554 ²¹²*
1184 536 1379 582 passivum

306 585 539 622 intellectum.
562 606 586 613 -
612 585 681 622 Vel
711 585 799 634 quia
828 595 983 624 extenso
1013 587 1170 623 nomine
1193 589 1381 636 passionis

305 639 355 675 ad
379 650 538 675 omnem
562 638 843 687 receptionem,
874 640 987 677 etiam
1016 639 1143 688 ipsum
1173 641 1380 692 intelligere

304 691 513 728 intellectus
526 692 714 740 possibilis
733 692 929 741 quoddam
950 692 1028 741 pati
1049 701 1114 741 est,
1127 701 1169 730 ut
1188 695 1322 732 dicitur
1341 695 1379 732 in

305 746 355 781 III
375 747 436 782 De
453 746 584 782 anima
597 746 626 782 *.
658 746 782 782 Utitur
801 754 929 783 autem
958 746 1085 796 potius
1105 748 1261 784 nomine
1290 761 1378 797 pas-

302 799 467 845 sionum,
495 811 612 847 quam
642 799 909 837 intellectuum.-
936 808 1018 837 tum
1056 801 1144 849 quia
1173 813 1218 838 ex
1252 802 1378 851 aliqua

302 852 454 889 animae
468 852 647 900 passione
662 853 839 901 provenit
848 860 866 899 ²,
883 862 975 902 puta
991 866 1036 890 ex
1052 865 1184 891 amore
1195 856 1256 892 vel
1273 856 1374 902 odio,

300 913 344 942 ut
370 906 491 942 homo
511 906 731 943 interiorem
761 915 990 955 conceptum
1014 919 1084 955 per
1111 919 1252 945 vocem
1272 909 1376 945 alteri

302 959 513 1007 significare
537 960 558 980 *
587 959 695 997 velit:
716 966 798 996 tum
820 960 933 997 etiam
954 961 1043 1010 quia
1063 961 1285 1008 significatio
1306 974 1375 998 vo-

302 1025 391 1049 cum
421 1013 579 1050 refertur
607 1013 656 1050 ad
677 1013 970 1061 conceptionem
998 1014 1219 1060 intellectus,
1242 1027 1375 1051 secun-

302 1066 396 1103 dum
425 1066 530 1114 quod
550 1066 669 1103 oritur
696 1078 718 1101 a
747 1067 861 1102 rebus
884 1079 954 1115 per
982 1067 1145 1104 modurn
1175 1067 1374 1104 cuiusdam

302 1118 562 1167 impressionis
590 1120 652 1155 vel
680 1119 880 1167 passionis.

382 1184 417 1219 7.
441 1172 641 1218 Secundo,
665 1184 754 1209 cum
789 1172 894 1209 dicit:
919 1173 971 1209 Et
997 1184 1042 1208 ea
1076 1184 1174 1221 quae
1205 1172 1374 1209 scribun—

300 1230 362 1261 tur
377 1231 459 1271 etc„
481 1225 556 1272 agit
575 1225 622 1261 de
643 1225 918 1273 significatione
938 1225 1162 1274 scripturae:
1186 1232 1223 1261 et
1241 1237 1374 1262 secun-

301 1278 394 1315 dum
414 1278 675 1315 Alexandrum
695 1279 770 1315 hoc
789 1278 933 1315 inducit
951 1278 1000 1314 ad
1020 1278 1342 1316 manifestandum
1356 1280 1376 1300 '¹‘

299 1332 594 1381 praecedentem
610 1332 835 1369 sententiam
845 1344 915 1380 per
929 1331 1092 1368 modum
1108 1331 1372 1379 similitudinis,

288 1390 342 1422 *ut
359 1381 575 1422 sit'sensus:
597 1387 651 1422 Ita
671 1397 717 1422 ea
735 1395 834 1434 quae
854 1392 941 1421 sunt
959 1385 998 1421 in
1025 1397 1125 1421 voce
1154 1393 1241 1422 sunt
1269 1385 1375 1433 signa

298 1438 523 1488 passionum
543 1438 705 1485 animae,
727 1439 823 1476 sicut
847 1445 884 1475 et
902 1438 1044 1474 litterae
1065 1445 1152 1475 sunt
1180 1439 1286 1486 signa
1304 1451 1373 1476 vo-

300 1503 401 1529 cum.
423 1492 542 1539 Quo‘d
571 1492 685 1529 etiam
714 1492 928 1530 manifestat
954 1504 1024 1540 per
1052 1492 1260 1540 sequentia,
1284 1505 1372 1529 cum

299 1544 404 1582 dicit:
427 1546 479 1582 Et
495 1546 812 1594 quemadmodum
837 1557 905 1582 nec
924 1546 1067 1583 litterae
1091 1553 1173 1590 etc.;
1190 1545 1373 1582 inducens

298 1599 374 1636 hoc
389 1599 497 1648 quasi
515 1599 667 1650 signum
682 1599 956 1648 praecedentis.
979 1599 1098 1645 Quod
1109 1598 1211 1636 enim
1228 1599 1371 1635 litterae

298 1651 511 1700 significent
536 1648 666 1699 uoces,
688 1653 919 1700 significatur
937 1664 1007 1701 per
1025 1653 1112 1699 hoc,
1139 1652 1255 1701 quod,
1277 1652 1373 1688 sicut

298 1712 386 1742 sunt
405 1705 578 1743 diversae
591 1719 710 1743 voces
729 1706 834 1754 apud
854 1706 1038 1750 diversos,
1054 1706 1105 1742 ita
1121 1713 1156 1742 et
1168 1705 1372 1742 *diversae

297 1758 452 1795 litterae.
469 1760 520 1797 Et
534 1760 747 1797 secundum
762 1760 862 1796 hanc
881 1758 1171 1808 expositionem,
1189 1758 1276 1795 ideo
1292 1771 1371 1795 non

298 1811 399 1859 dixit,
421 1819 458 1848 et
478 1813 498 1834 *
518 1813 661 1850 litterae
679 1825 810 1850 eorum
831 1824 928 1862 quae
945 1818 1034 1850 sunt
1050 1813 1087 1848 in
1106 1823 1209 1858 voce,
1231 1811 1299 1848 sed
1327 1824 1372 1848 ea

296 1876 395 1914 quae
426 1867 660 1903 scribuntur.-
680 1867 769 1916 quia
785 1867 806 1888 *
824 1866 1000 1903 dicuntur
1028 1865 1170 1902 litterae
1201 1865 1313 1901 etiam
1334 1865 1372 1901 in

294 1920 508 1969 prolatione
537 1926 575 1956 et
601 1919 805 1968 scriptura,
833 1918 1011 1968 quamvis
1045 1918 1166 1966 magis
1194 1917 1369 1966 proprie,

295 1973 510 2010 secundum
539 1973 645 2022 quod
674 1980 761 2010 sunt
779 1972 818 2009 in
838 1972 1043 2020 scriptura,
1077 1971 1250 2009 dicantur
1277 1971 1369 2008 litte-

295 2038 378 2073 rae3
399 2026 613 2064 secundum
633 2033 762 2063 autem
783 2026 889 2074 quod
909 2033 996 2062 sunt
1014 2026 1052 2062 in
1071 2025 1295 2074 prolatione,
1317 2025 1371 2062 di-

295 2086 428 2117 cantur
446 2081 635 2117 elementa
649 2080 768 2117 vocis.
792 2079 933 2116 *-Sed
953 2079 1041 2128 quia
1052 2079 1272 2115 Aristoteles
1292 2091 1371 2115 non

295 2132 394 2181 dicit,
422 2134 519 2170 sicut
537 2139 573 2170 et
594 2145 639 2170 ea
668 2145 766 2182 quae
792 2133 1024 2178 scribuntur,
1052 2132 1119 2169 sed
1149 2132 1369 2169 continuam

294 2186 552 2224 narrationem
572 2187 669 2234 facit,
691 2187 828 2223 melius
849 2193 904 2223 est
922 2194 964 2222 ut
983 2186 1139 2231 dicatur,
1162 2185 1257 2221 sicut
1276 2186 1368 2221 Por-

293 2293 387 2324 cidere,
405 2296 432 2317 et
449 2298 516 2324 quae
533 2298 584 2316 una
603 2298 635 2315 ex
652 2290 792 2315 rationibus
809 2296 849 2316 est
867 2298 912 2315 cur
930 2290 956 2315 in
971 2290 1116 2316 Aristotelis
1135 2290 1256 2315 doctrinis
1275 2290 1366 2315 antilo-

293 2329 348 2362 gias
366 2326 474 2353 inveniri
493 2326 612 2352 nonnulli
631 2327 794 2351 contendant.
821 2327 930 2359 Loquor
952 2326 984 2351 de
1007 2326 1139 2352 intellectu
1160 2326 1270 2358 passivo
1290 2331 1315 2351 et
1333 2326 1365 2351 de

293 2363 426 2390 intellectu
439 2361 570 2395 possibili.
591 2361 671 2387 Porro
690 2361 837 2387 intellectus
849 2362 955 2394 passivi
972 2362 1077 2387 nomine
1096 2361 1245 2394 designatur
1263 2361 1295 2386 ab
1308 2361 1365 2386 Ari-

293 2399 386 2425 smoele
404 2398 512 2423 facultas
531 2397 652 2423 sensitiva
664 2397 777 2428 interna,
797 2405 865 2431 quae
879 2403 919 2422 est
932 2398 973 2423 vel
989 2397 1180 2431 imaginatum,
1194 2397 1261 2422 sicut
1275 2397 1366 2422 dicitur

293 2435 320 2461 in
338 2434 414 2460 citato
427 2433 503 2458 tertio
516 2433 582 2458 libro
597 2433 639 2458 De
652 2433 751 2462 anima,
761 2433 804 2458 vei
818 2433 996 2462 aestimativa,
1008 2440 1075 2466 quae
1090 2433 1250 2465 frequentius
1260 2432 1365 2457 nomine

293 2470 438 2496 intellectus
457 2469 552 2502 passivi
568 2468 727 2501 designatum
742 2474 768 2494 et
780 2469 839 2494 ideo
858 2473 899 2493 est
917 2468 1023 2494 facultas
1042 2469 1170 2499 organica,
1191 2473 1365 2501 corruptoque

293 2513 403 2539 corpore
420 2505 542 2537 organico
556 2504 629 2537 perit.
648 2504 683 2529 At
701 2510 788 2529 contra
807 2504 954 2529 intellectus
967 2504 1103 2537 possibilis
1120 2509 1160 2529 est
1178 2503 1285 2528 facultas
1304 2511 1364 2536 pro-

292 2541 349 2575 pria
361 2540 463 2566 animae
476 2539 612 2570 humanae,
627 2539 684 2564 sine
698 2540 813 2572 corporis
828 2540 1019 2571 commixtione,
1029 2540 1061 2565 ab
1077 2539 1162 2564 anima
1177 2539 1364 2571 inseparabilis,

293 2581 320 2602 et
331 2577 390 2602 ideo
403 2575 559 2607 inor-ganimi,
574 2574 713 2608 spiritualis
728 2580 753 2600 et
766 2575 965 2608 incorruptibilis
982 2575 1048 2600 sicut
1063 2575 1148 2599 anima
1162 2574 1227 2607 ipsa.
1242 2574 1281 2598 De
1295 2579 1364 2599 utro-

292 2619 346 2645 que
359 2611 490 2636 intellectu
507 2611 606 2644 passim
624 2610 734 2635 occurrit
751 2619 840 2636 sermo
858 2611 884 2635 in
899 2610 1044 2642 Aristotele,
1059 2618 1139 2644 quem
1152 2609 1303 2635 Scholastici
1317 2609 1365 2634 hac

292 2647 319 2673 iu
332 2655 362 2672 re
375 2652 534 2679 sequuntur:
553 2647 600 2672 sed
619 2646 651 2671 de
669 2654 722 2671 uno
741 2651 766 2671 et
785 2646 817 2671 de
835 2647 916 2671 altero
934 2646 1055 2680 opposita
1077 2645 1236 2671 affirmantur
1254 2650 1280 2670 et
1297 2644 1364 2670 affir-

291 2683 387 2708 manda
405 2687 474 2707 suut.
492 2682 560 2713 Quia
577 2688 665 2707 tamen
684 2681 826 2714 intelligere
845 2687 962 2707 nostrum
981 2687 1021 2707 est
1038 2682 1171 2715 quoddam
1190 2680 1242 2714 pati
1253 2699 1260 2712 ,
1278 2685 1307 2704 ut
1319 2688 1367 2705 au-

292 2716 405 2744 divimus
420 2726 435 2743 a
449 2717 597 2748 s.Thoma‚
617 2723 643 2742 et
661 2717 719 2742 ideo
736 2717 881 2743 intellectus
900 2717 1032 2750 possibilis
1046 2722 1087 2742 est
1103 2716 1223 2750 passivus
1238 2716 1364 2748 quodam-

291 2754 372 2779 modo
378 2761 395 2788 3,
405 2761 436 2779 ex
450 2753 500 2778 hoc
521 2759 690 2786 sumpserunt
703 2753 819 2778 nonnulli
832 2753 997 2778 occasionem
1012 2753 1186 2778 confundendi
1205 2752 1363 2777 intellectum

291 2788 444 2823 possibilem
464 2797 524 2813 cum
543 2789 672 2814 intellectu
691 2789 811 2822 passivo:
835 2797 887 2822 qua
905 2789 1019 2814 admissa
1044 2788 1208 2816 confusione,
1228 2787 1365 2819 analogiae

291 2832 383 2853 revera
400 2825 512 2850 existunt
524 2825 550 2850 in
564 2824 711 2850 Aristotelis
730 2825 845 2850 doctrina
859 2825 892 2850 de
905 2824 1036 2850 intellectu
1051 2829 1140 2849 nostro
1145 2831 1153 2854 3
1167 2823 1213 2849 sed
1229 2823 1261 2847 de
1275 2823 1365 2847 huius-

292 2859 364 2884 modi
382 2859 510 2892 antilogiis
525 2867 576 2884 non
591 2859 697 2893 quidem
711 2860 887 2893 Philosophus
906 2860 1048 2893 culpandus
1068 2865 1115 2891 est,
1131 2860 1178 2884 sed
1191 2858 1226 2884 illi
1241 2858 1286 2891 qui
1305 2866 1364 2883 con-

292 2895 404 2921 fimdunt
421 2903 488 2928 quae
506 2895 623 2927 Stagirita
642 2900 759 2922 accurate
773 2895 913 2928 distinguit.

346 2929 366 2964 ι)
381 2930 528 2964 &aliqua
542 2931 648 2956 animae
652 2931 780 2963 passione
789 2932 916 2963 provenit
925 2935 973 2955 etc.
984 2932 1057 2956 Hanc
1072 2930 1198 2955 rationem
1208 2929 1290 2961 tangit
1299 2929 1366 2954 Boe-

291 2965 364 2990 thius
371 2970 462 2991 contra
470 2966 663 2991 Andronicum:
675 2976 688 2989 α
697 2966 851 2991 Aristoteles
861 2967 939 2997 enim,
951 2966 1044 2999 inquit,
1055 2966 1150 2990 idcirco
1164 2965 1302 2999 passiones
1312 2965 1366 2989 ani-

293 3011 308 3024 »
324 3008 385 3026 mae
396 3000 541 3026 intellectus
550 3002 666 3032 vocavit,
680 3002 752 3034 quod
763 3001 907 3026 intellectus
922 3009 990 3034 quos
1001 3009 1124 3026 sermone
1138 3001 1223 3026 dicere
1232 3005 1258 3024 et
1270 3000 1366 3024 oratio-

294 3046 309 3059 »
324 3045 358 3062 ne
375 3035 491 3068 proferre
509 3037 704 3067 consuevimus,
718 3044 750 3062 ex
764 3037 851 3069 aliqua
864 3045 944 3062 causa
957 3042 1036 3070 atque
1050 3037 1158 3061 utilitate
1173 3035 1280 3069 profecti
1295 3041 1364 3061 sunt.

294 3081 309 3095 ιι
324 3073 359 3098 Ut
372 3070 442 3096 enim
457 3071 569 3105 dispersi
579 3070 698 3096 homines
712 3071 902 3103 colligerentur,
913 3077 939 3097 et
953 3072 1054 3105 legibus
1069 3072 1165 3097 vellent
1174 3079 1234 3096 esse
1248 3070 1364 3102 subiecti,

294 3116 309 3131 ι
324 3107 492 3139 civitatesque
511 3106 630 3137 condere,
645 3107 742 3131 utilitas
757 3107 885 3138 quaedam
899 3107 948 3132 fuit
961 3113 988 3132 et
1007 3115 1098 3138 causa;
1114 3106 1235 3140 quocirca
1249 3114 1318 3138 quae
1336 3114 1366 3132 ex

294 3152 308 3166 >
324 3143 411 3176 aliqua
419 3142 527 3167 utilitate
536 3141 666 3172 eveniunt,
677 3150 709 3167 ex
722 3142 844 3174 passione
854 3151 962 3176 quoque
975 3143 1064 3169 venire
1078 3150 1186 3168 necesse
1200 3148 1248 3168 est.
1259 3142 1326 3166 Nam
1335 3147 1365 3167 ut

294 3188 308 3201 >
325 3178 410 3205 divina
429 3178 486 3206 sine
503 3178 556 3202 ulia
575 3182 638 3201 sunt
655 3177 785 3210 passione,
800 3177 834 3202 ita
848 3179 919 3204 nulla
936 3179 986 3204 illis
1005 3179 1165 3204 extrinsecus
1183 3178 1279 3203 utilitas
1298 3178 1366 3203 valet

294 3224 307 3237 2·
324 3213 436 3245 adiungi.
457 3213 531 3243 Quae
545 3219 608 3237 vero
623 3217 685 3237 sunt
698 3213 838 3245 passibilia,
853 3222 959 3247 semper
972 3214 1086 3247 aliquam
1101 3222 1207 3240 causam
1221 3219 1300 3247 atque
1313 3213 1363 3246 uti-

294 3259 307 3272 »
324 3250 421 3274 litatem
440 3248 537 3281 quibus
552 3252 732 3272 sustententur
749 3249 892 3275 inveniunt.
908 3250 1035 3280 Quocirca
1053 3249 1203 3275 huiusmodi
1219 3249 1364 3274 intellectus

294 3295 308 3308 »
325 3285 370 3318 qui
394 3285 426 3309 ad
445 3284 554 3309 alterum
578 3284 694 3309 oratione
720 3285 866 3316 proferendi
887 3290 962 3316 sunt,
984 3286 1107 3318 quoniam
1127 3294 1158 3310 ex
1176 3286 1262 3318 aliqua
1287 3292 1365 3310 causa

293 3330 308 3344 »
324 3326 402 3352 atque
421 3319 529 3344 utilitate
548 3318 669 3344 videntur
688 3326 748 3343 esse
769 3321 876 3351 collecti,
896 3326 965 3345 recte
985 3321 1122 3354 passiones
1141 3321 1220 3346 animi
1239 3320 1364 3345 nominati

294 3366 307 3379 »
324 3360 386 3380 sunt
397 3366 409 3379 »
422 3353 506 3389 (Prol.
518 3355 544 3380 in
554 3355 596 3380 lib·
611 3355 653 3380 De
667 3355 894 3387 interpretatione,
910 3356 977 3381 Edit.
992 3357 1099 3382 secund.
1109 3365 1168 3390 pag.
1180 3363 1239 3390 292,
1250 3361 1276 3380 et
1286 3363 1364 3389 seq.—

291 3391 350 3416 edit.
371 3391 437 3423 cit.).

345 3426 371 3460 κ)
393 3427 457 3452 Esse
475 3426 619 3452 secundum
639 3428 766 3450 naturam
784 3425 826 3451 hic
845 3426 958 3451 sumitur
971 3432 1050 3459 prout
1063 3426 1191 3458 significat
1204 3434 1263 3451 esse
1282 3434 1299 3451 a
1314 3433 1363 3451 na-

291 3466 354 3487 tura
373 3468 402 3487 ut
420 3470 435 3487 a
454 3470 539 3492 causa,
559 3469 612 3486 non
631 3466 717 3485 autem
737 3467 814 3493 prout
833 3461 959 3494 significat
977 3470 1036 3487 esse
1056 3466 1170 3488 naturae
1185 3470 1232 3487 seu
1251 3462 1362 3487 inclina-

291 3498 360 3523 tioni
378 3501 492 3523 naturae
510 3498 661 3531 conforme;
679 3501 705 3521 et
723 3502 914 3530 consequenter
933 3505 984 3523 non
1004 3505 1059 3523 esse
1077 3499 1220 3523 secundum
1236 3502 1362 3523 naturam

291 3541 345 3558 non
364 3534 476 3558 sumitur
494 3533 520 3557 in
540 3533 587 3557 hac
606 3533 759 3565 quaestione
778 3533 852 3565 quasi
871 3540 927 3558 esse
940 3537 1035 3559 contra
1049 3538 1183 3561 naturam,
1199 3534 1246 3558 sed
1261 3534 1361 3558 solum-

290 3569 371 3593 modo
391 3577 442 3594 non
462 3576 516 3594 esse
535 3575 552 3592 a
572 3572 670 3593 natura
690 3573 718 3601 ut
737 3575 751 3591 a
769 3575 856 3593 causa.
876 3568 1001 3598 Quaestio
1021 3569 1090 3593 enim
1109 3574 1157 3599 est,
1176 3574 1264 3593 utrum
1282 3577 1361 3595 voces

289 3603 332 3628 vel
346 3604 444 3629 litterae
458 3604 569 3629 habeant
583 3602 797 3636 significationem
807 3611 824 3628 a
835 3607 933 3628 natura
946 3604 1104 3636 impositam,
1118 3604 1160 3629 vel
1175 3604 1206 3629 ab
1221 3604 1360 3630 hominum

290 3638 451 3664 institutione
465 3645 490 3664 et
504 3639 615 3664 arbitrio.
631 3639 709 3669 Quod
721 3646 784 3664 vero
798 3638 942 3671 significare
956 3647 1003 3672 per
1016 3647 1094 3664 voces
1109 3639 1203 3664 mentis
1219 3646 1360 3673 conceptus

2465 299 2507 334 13

1434 376 1593 424 phyrius
1622 376 1806 425 exposuit,
1828 375 1934 424 quod
1962 375 2181 412 Aristoteles
2213 376 2385 424 procedit
2415 378 2505 413 ulte-

1436 429 1512 466 rius
1528 430 1576 466 ad
1592 429 1875 478 complendum·
1886 429 2062 465 ordinem
2082 428 2374 477 significationis.
2397 431 2503 466 Post-

1436 494 1552 530 quam
1583 483 1684 520 enirn
1705 483 1848 519 dixerat
1877 482 1981 531 quod
2001 482 2159 519 nomina
2188 490 2224 519 et
2249 483 2385 529 verba,
2407 495 2505 531 quae

1435 543 1522 572 sunt
1555 536 1593 573 in
1625 549 1744 583 voce,
1777 543 1864 572 sunt
1891 535 1996 582 signa
2025 548 2160 572 eorum
2178 537 2198 557 *
2217 548 2314 584 quae
2348 544 2435 572 sunt
2468 536 2506 572 in

1435 589 1573 636 anima,
1598 589 1844 626 continuatim
1873 589 2000 625 subdit
2027 589 2134 638 quod
2152 589 2311 625 nomina
2331 597 2368 625 et
2385 589 2506 626 verba

1434 654 1532 690 quae
1561 643 1794 690 scribuntur,
1825 642 1930 689 signa
1958 650 2045 679 sunt
2073 655 2208 679 eorum
2237 642 2440 678 nominum
2470 651 2506 680 et

1432 696 1642 732 verborum
1664 709 1761 744 quae
1790 703 1877 733 sunt
1905 695 1942 731 in
1970 708 2080 732 voce.

1515 749 1549 785 8.
1580 749 1729 785 Deinde
1761 762 1849 786 cum
1879 748 1984 784 dicit:
2012 750 2064 785 Et
2090 748 2406 796 quemadmodum
2435 761 2504 786 nec

1433 801 1575 838 litterae
1605 809 1695 848 etc.,
1726 802 1888 839 ostendit
1922 801 2174 838 differentiam
2201 801 2502 850 praemissorum

1430 855 1725 903 significantium
1741 862 1778 891 et
1795 854 2111 904 significatorum,
2139 862 2325 904 quantum
2345 854 2394 891 ad
2412 856 2499 902 hoc,

1432 908 1538 955 quod
1558 915 1613 943 est
1638 920 1720 943 esse
1741 907 1954 944 secundum
1975 915 2165 954 naturam,
2186 909 2249 945 vel
2269 921 2347 945 non
2371 921 2455 945 esse
2473 914 2499 945 ’‘.

1432 962 1480 996 Et
1509 960 1607 996 circa
1634 961 1709 996 hoc
1737 960 1806 996 tria
1825 960 1921 996 facit.
1953 960 2082 996 Primo
2104 961 2223 1007 enim,
2244 961 2352 1009 ponit
2379 962 2500 1010 quod-

1431 1013 1521 1049 dam
1550 1013 1717 1060 signum,
1748 1025 1825 1062 quo
1855 1013 2114 1050 manifestatur
2148 1015 2253 1062 quod
2287 1027 2358 1051 nec
2382 1027 2500 1051 voces

1430 1078 1501 1102 nec
1529 1066 1671 1102 litterae
1701 1066 1917 1102 naturaliter
1941 1066 2162 1113 significant.
2183 1068 2241 1103 Ea
2261 1067 2379 1114 enim,
2402 1080 2500 1116 quae

1430 1118 1647 1155 naturaliter
1666 1119 1877 1166 significant
1895 1120 1927 1166 ⁴¹⁸,
1953 1128 2039 1158 sunt
2065 1120 2200 1156 eadem
2220 1121 2323 1168 apud
2351 1133 2498 1158 omnes.

1431 1171 1662 1218 Significatio
1684 1179 1812 1208 autem
1837 1172 2044 1209 litterarum
2065 1181 2101 1209 et
2116 1185 2272 1219 vocum,
2294 1174 2340 1210 de
2361 1173 2498 1223 quibus

1430 1237 1532 1260 nunc
1561 1224 1720 1271 agimus,
1738 1237 1816 1261 non
1846 1233 1902 1261 est
1930 1226 2066 1262 eadem
2086 1226 2189 1274 apud
2217 1238 2363 1264 ornnes.
2386 1227 2463 1264 Sed
2481 1228 2500 1249 *

1429 1278 1504 1313 hoc
1533 1277 1690 1326 quidem
1719 1278 1822 1326 apud
1851 1279 1974 1315 nullos
1998 1291 2170 1328 unquam
2191 1279 2403 1317 dubitatum
2432 1280 2500 1317 fuit

1430 1338 1615 1380 quantum
1637 1330 1686 1367 ad
1714 1331 1869 1368 litteras:
1891 1344 2054 1380 quarum
2083 1344 2162 1368 non
2191 1333 2316 1368 solum
2338 1333 2430 1370 ratio
2451 1333 2497 1370 si-

1429 1384 1633 1432 gnificandi
1663 1392 1720 1421 est
1748 1397 1793 1421 ex
1821 1385 2077 1433 impositione,
2098 1385 2166 1422 sed
2195 1385 2308 1422 etiarn
2329 1386 2498 1434 ipsarum

1429 1438 1605 1474 formatio
1635 1438 1678 1474 fit
1704 1450 1774 1486 per
1806 1446 1938 1475 artem.
1968 1439 2094 1475 Voces
2123 1446 2251 1475 autern
2284 1439 2500 1481 naturaliter

1429 1491 1656 1537 formantur,
1676 1491 1780 1528 unde
1798 1499 1833 1528 et
1852 1491 1954 1540 apud
1974 1492 2165 1541 quosdam
2186 1492 2399 1529 dubitatum
2419 1492 2497 1539 fuit,

1426 1552 1555 1581 utrum
1580 1544 1797 1581 naturaliter
1815 1544 2037 1592 significent.
2065 1545 2141 1582 Sed
2161 1545 2381 1582 Aristoteles
2405 1545 2467 1582 hic
2480 1546 2500 1566 *

1428 1597 1654 1634 determinat
1683 1610 1728 1634 ex
1757 1598 2000 1635 similitudine
2029 1599 2253 1646 litterarum,
2277 1610 2375 1647 quae
2404 1598 2499 1635 sicut

1427 1663 1507 1687 non
1540 1658 1627 1687 sunt
1656 1649 1842 1687 eaedem²
1861 1651 1964 1700 apud
1994 1664 2150 1698 omnes,
2181 1651 2231 1688 ita
2259 1663 2330 1688 nec
2366 1664 2495 1689 voces.

1427 1703 1539 1741 Unde
1568 1703 1767 1740 manifeste
1796 1704 2017 1753 relinquitur
2045 1705 2151 1754 quod
2183 1705 2279 1741 sicut
2305 1717 2377 1741 nec
2405 1704 2497 1741 litte-

1428 1769 1510 1803 rae,
1540 1757 1590 1793 ita
1618 1769 1690 1793 nec
1707 1769 1826 1794 voces
1855 1758 2070 1794 naturaliter
2094 1758 2324 1806 significant,
2355 1758 2423 1794 sed
2452 1770 2497 1795 ex

1427 1810 1659 1847 institutione
1687 1811 1857 1847 humana
1876 1811 1906 1848 ³¹².
1936 1812 2062 1848 Voces
2100 1819 2228 1848 autem
2257 1811 2362 1858 illae,
2398 1823 2495 1860 quae

1428 1863 1645 1901 naturaliter
1664 1863 1885 1911 significant,
1903 1864 1998 1901 sicut
2016 1865 2178 1912 gemitus
2198 1865 2440 1901 infirmorum
2461 1872 2497 1901 et

1428 1917 1499 1954 alia
1527 1916 1760 1964 huiusmodi,
1791 1925 1878 1954 sunt
1906 1918 2065 1954 eaedem
2095 1918 2198 1966 apud
2226 1930 2373 1954 omnes.

1509 1982 1544 2017 9.
1567 1970 1759 2017 Secundo,
1780 1969 1849 2006 ibi:
1884 1971 2053 2012 Quorum
2083 1977 2207 2008 autem
2228 1979 2311 2018 etc„
2333 1970 2496 2007 ostendit

1426 2023 1624 2072 passiones
1644 2023 1795 2060 animae
1815 2024 2033 2061 naturaliter
2053 2036 2147 2071 esse,
2160 2024 2255 2061 sicut
2270 2032 2306 2061 et
2316 2037 2375 2061 res
2384 2024 2416 2070 *,
2428 2035 2496 2071 per

1426 2078 1501 2114 hoc
1521 2077 1627 2125 quod
1647 2077 1807 2113 eaedem
1836 2085 1923 2114 sunt
1946 2077 2049 2126 apud
2070 2090 2216 2114 omneS.
2246 2077 2358 2114 Unde
2387 2076 2494 2114 dicit:

1431 2131 1601 2173 Quorum
1618 2135 1762 2174 autem;
1783 2131 1880 2168 idest
1907 2130 2001 2167 sicut
2019 2130 2216 2179 passiones
2240 2131 2390 2167 animae
2410 2137 2496 2167 sunt

1427 2184 1587 2221 eaedem
1608 2184 1787 2220 omnibus
1809 2186 1984 2232 (quorum
2000 2184 2216 2232 primorum
2231 2190 2260 2231 μ,
2282 2184 2378 2220 idest
2403 2195 2494 2232 qua-

1420 2290 1454 2316 sit
1472 2290 1607 2315 conforme
1626 2295 1746 2320 naturae,
1766 2289 1822 2314 sine
1841 2288 2014 2321 disputatione
2033 2288 2195 2322 relinquitur,
2215 2290 2276 2323 quia
2295 2294 2407 2321 certum,
2424 2296 2449 2316 et
2463 2299 2494 2318 ex

1421 2326 1494 2351 dictis
1514 2334 1539 2350 n.
1556 2333 1569 2350 2
1590 2325 1765 2350 manifestum.

1473 2360 1502 2395 λ)
1517 2361 1593 2386 Sicut
1607 2369 1658 2386 non
1673 2364 1736 2386 sunt
1747 2360 1854 2385 eaedem
1864 2363 1932 2384 etc.-
1942 2359 2006 2384 eod.
2016 2359 2047 2384 A:
2058 2360 2120 2392 quia
2129 2360 2198 2385 sicut
2210 2361 2316 2387 litterae
2326 2370 2376 2387 non
2387 2364 2493 2389 eaedem

1420 2397 1494 2430 apud
1518 2402 1566 2421 etc.
1592 2397 1665 2427 Quae
1688 2396 1763 2421 lectio
1791 2395 1954 2421 materialiter
1979 2395 2136 2420 conformior
2163 2402 2203 2422 est
2225 2398 2310 2422 verbis
2334 2399 2495 2433 Aristotelis,

1420 2438 1448 2458 ut
1466 2433 1492 2457 in
1506 2437 1575 2458 textu
1589 2432 1677 2457 videre
1696 2432 1846 2457 esa-Cod.
1870 2431 1892 2455 D
1911 2431 1961 2456 hoc
1979 2431 2037 2455 loco
2055 2439 2177 2463 magnam
2195 2432 2274 2458 habet
2289 2434 2413 2460 lacunam.
2432 2436 2496 2462 Post

1421 2469 1490 2493 enim
1508 2468 1588 2494 verba
1602 2467 1720 2500 superius
1735 2467 1851 2498 recitata,
1870 2474 1903 2493 ea
1920 2466 1990 2491 enim
2004 2474 2072 2499 quae
2088 2468 2248 2493 naturaliter
2266 2469 2419 2502 significant
2432 2476 2495 2497 sunt

1420 2504 1513 2529 eadem
1536 2504 1611 2536 apud
1633 2510 1738 2532 omnes,
1758 2502 1923 2528 amanuensis
1943 2509 1974 2526 ex
1992 2509 2099 2527 recursu
2122 2503 2238 2528 eiusdem
2257 2506 2330 2530 verbi
2348 2513 2437 2532 omnes
2456 2508 2493 2532 di-

1421 2545 1538 2571 stractus,
1557 2538 1705 2564 immediate
1719 2538 1896 2572 prosequitur:
1911 2537 2031 2563 easdem:
2045 2538 2107 2570 quia
2123 2538 2147 2562 si
2160 2539 2218 2571 quis
2233 2547 2251 2564 a
2264 2544 2327 2566 nota
2342 2541 2493 2572 discordat,-

1420 2583 1488 2607 quae
1502 2580 1563 2600 sunt
1576 2574 1656 2599 verba
1669 2582 1694 2599 n.
1709 2581 1740 2598 10
1755 2574 1821 2599 circa
1835 2573 2008 2599 medietatem.
2027 2574 2106 2598 Error
2125 2579 2164 2598 est
2181 2580 2268 2600 autem
2283 2580 2346 2602 nota
2359 2585 2407 2610 pro
2422 2586 2491 2608 vero,

1421 2616 1448 2635 ut
1467 2611 1548 2636 lector
1565 2618 1612 2643 per
1636 2617 1665 2634 se
1689 2609 1940 2642 intelligit.·-Codex
1958 2609 2035 2633 etiam
2054 2610 2075 2633 B
2098 2609 2192 2635 omittit
2210 2611 2300 2636 verba:
2320 2613 2390 2638 unde
2408 2614 2492 2638 mani-

1414 2646 1486 2680 feste
1505 2645 1672 2678 relinquitur,
1686 2646 1758 2677 quod
1774 2645 1843 2671 sicut
1862 2652 1909 2670 nec
1927 2644 2032 2670 litterae
2050 2645 2089 2669 ita
2108 2652 2154 2670 nec
2174 2653 2255 2671 voces.

1475 2680 1504 2716 μ)
1521 2682 1641 2712 Quorum
1650 2681 1804 2713 primorum
1819 2686 1866 2706 etc.
1885 2679 2002 2705 Verbum
2013 2680 2174 2712 primorum,
2185 2682 2256 2714 quod
2271 2682 2311 2707 hic
2326 2691 2340 2708 a
2355 2692 2376 2708 s.
2387 2684 2490 2710 Thoma

1422 2717 1570 2750 exponitur,
1591 2725 1643 2741 non
1667 2722 1708 2741 est
1726 2717 1752 2741 in
1771 2721 1840 2742 textu
1859 2723 1964 2748 graece,
1983 2716 2028 2741 ubi
2047 2717 2214 2741 solummodo
2238 2717 2357 2744 habetur:
2378 2727 2489 2751 quorum

1420 2756 1510 2778 autem
1525 2752 1575 2777 hae
1588 2751 1681 2784 primo
1695 2756 1774 2777 notae
1789 2751 1847 2787 (seu
1861 2749 1950 2786 signa)
1965 2755 2028 2777 sunt
2034 2759 2043 2780 ‚·
2056 2749 2091 2776 ὧν
2106 2750 2191 2785 μέντοι
2207 2754 2290 2777 ταῦτα
2309 2753 2401 2788 σημεῖα
2421 2754 2489 2789 πρώ-

1421 2796 1479 2818 τως.
1492 2802 1514 2808 -
1527 2788 1604 2813 Notat
1628 2787 1783 2813 Theodorus
1807 2788 1891 2813 Waitz
1915 2787 2081 2820 (Aristotelis
2104 2787 2230 2820 Organon
2254 2796 2363 2820 graece,
2388 2795 2451 2815 tom.
2465 2791 2489 2822 1,

1421 2832 1480 2857 pag.
1498 2823 1546 2848 123
1565 2823 1591 2848 in
1606 2823 1695 2848 notis.-
1705 2823 1807 2856 Lipsiae
1826 2822 1903 2856 1844)
1918 2823 1943 2848 in
1957 2823 2058 2847 duobus
2073 2823 2147 2847 codd.
2162 2823 2338 2849 Laurentianis
2358 2825 2408 2857 legi
2422 2827 2489 2859 πρῶ-

1421 2867 1474 2884 τον.
1488 2860 1526 2884 Ex
1540 2864 1648 2892 utraque
1661 2859 1770 2884 lectione
1785 2859 1868 2884 facilis
1883 2858 2008 2890 digressio
2023 2858 2218 2882 amanuensium
2231 2859 2262 2883 ad
2278 2861 2383 2892 πρωτῶν
2394 2869 2485 2893 graece

1421 2900 1448 2920 et
1460 2894 1613 2927 primorum
1634 2895 1717 2920 latine.
1736 2895 1770 2919 At
1784 2895 1806 2919 si
1821 2903 1842 2920 s.
1853 2895 1968 2919 Thomas
1986 2893 2046 2925 legit
2055 2893 2214 2925 primorum,
2231 2894 2387 2920 mentionem
2402 2901 2489 2920 tamen

1421 2931 1491 2956 haud
1504 2930 1564 2955 facit
1577 2930 1693 2955 lectionis
1712 2938 1779 2962 quae
1793 2930 1926 2955 exhibetur
1945 2938 1959 2954 a
1978 2929 2068 2953 Piana:
2082 2929 2233 2960 primorum
2247 2929 2347 2961 primo.
2366 2931 2489 2956 Boethius

1420 2966 1499 2991 habet
1513 2966 1613 2998 primo,
1633 2966 1679 2990 sed
1692 2973 1744 2990 non
1759 2966 1927 2999 primorum;
1946 2965 2025 2990 codex
2044 2971 2105 2988 vero
2123 2964 2146 2988 A
2161 2964 2237 2988 habet
2250 2966 2419 2996 primorum,
2440 2967 2486 2991 sed

1422 3009 1475 3027 non
1489 3001 1589 3033 primo.
1605 3016 1626 3022 —-
1641 3002 1747 3034 Optime
1766 3007 1853 3027 tamen
1876 3005 1948 3026 notat
1965 2999 2105 3031 Angelicus
2130 3000 2201 3031 quod
2225 3001 2361 3032 passiones
2381 3009 2488 3034 compa—

1421 3042 1511 3062 rantur
1529 3038 1561 3062 ad
1579 3045 1658 3062 voces
1678 3039 1745 3063 sicut
1759 3038 1872 3070 primum
1887 3037 1919 3061 ad
1933 3035 2090 3064 secundum,
2110 3035 2170 3067 quia
2183 3043 2243 3059 cum
2257 3043 2335 3060 voces
2355 3045 2408 3062 non
2427 3045 2488 3070 pro-

1421 3072 1536 3097 ferantur
1554 3073 1603 3098 nisi
1623 3073 1654 3098 ad
1673 3073 1870 3107 exprimendum
1889 3071 2023 3096 interiores
2042 3070 2142 3094 animae
2162 3070 2315 3102 passiones,
2335 3072 2406 3104 prius
2426 3076 2488 3097 sunt

1421 3108 1522 3132 animae
1535 3109 1672 3141 passiones
1687 3114 1712 3134 et
1722 3113 1813 3142 postea
1826 3115 1904 3132 voces
1916 3106 1965 3140 (Cf.
1976 3107 2033 3130 lect.
2044 3113 2099 3137 seq.
2110 3113 2135 3129 n.
2150 3104 2182 3138 1).
2193 3106 2244 3130 Sed
2256 3111 2282 3131 et
2295 3107 2402 3132 ulterius
2418 3113 2489 3132 notat

1421 3144 1492 3176 quod
1506 3152 1583 3170 voces
1599 3145 1630 3169 ab
1645 3145 1783 3169 Aristotele
1798 3143 1916 3168 dicuntur
1935 3147 2010 3166 notae
2024 3148 2070 3165 seu
2084 3140 2157 3172 signa
2171 3141 2321 3173 passionum
2329 3149 2336 3172 3
2352 3143 2487 3175 passiones

1419 3187 1482 3204 vero
1498 3187 1551 3204 non
1565 3180 1639 3212 signa
1657 3180 1775 3204 dicuntur
1788 3187 1889 3209 rerum,
1909 3178 1955 3202 sed
1974 3176 2154 3202 similitudines
2169 3178 2311 3207 naturales;
2326 3178 2486 3210 proindeque

1421 3219 1482 3239 sunt
1496 3215 1603 3240 eaedem
1618 3216 1687 3248 apud
1701 3223 1801 3244 omnes,
1817 3219 1842 3239 et
1856 3222 1908 3238 non
1923 3221 1953 3238 ex
1967 3212 2133 3237 institutione.
2154 3211 2227 3241 Quae
2240 3220 2261 3236 s.
2271 3212 2390 3237 Thomae
2408 3213 2486 3238 inter-

1420 3250 1529 3282 pretatio
1544 3256 1569 3275 et
1583 3251 1698 3275 intimius
1711 3254 1828 3283 penetrat
1840 3254 1954 3274 mentem
1969 3247 2122 3277 Aristotelis,
2133 3252 2158 3271 et
2168 3255 2219 3272 una
2229 3255 2288 3272 cum
2299 3248 2371 3272 dictis
2386 3256 2457 3274 num.
2470 3248 2484 3273 5

1419 3286 1559 3318 respondet
1577 3286 1776 3318 interpretationi
1796 3290 1850 3309 tum
1869 3283 1967 3308 Boethii
1982 3289 2037 3308 tum
2053 3282 2193 3312 Ammonii,
2210 3283 2253 3315 qui
2268 3291 2319 3307 non
2333 3283 2484 3315 primorum

1419 3321 1466 3345 sed
1476 3321 1567 3353 primo
1582 3320 1716 3354 (πρώτως)
1732 3322 1833 3352 legunt:
1846 3330 1858 3341 «
1869 3320 1985 3350 Quorum
2000 3325 2094 3349 tamen,
2108 3318 2147 3342 ait
2160 3318 2322 3346 Ammonius,
2334 3318 2395 3342 haec
2410 3319 2484 3350 signa

1420 3365 1434 3379 »
1449 3362 1511 3380 sunt
1521 3357 1642 3389 primum,
1662 3356 1734 3387 haec,
1754 3355 1884 3388 inquiens,
1900 3362 1966 3386 quae
1985 3362 2048 3378 voce
2067 3353 2236 3383 continentur,
2253 3353 2300 3377 hoc
2320 3358 2359 3377 est
2378 3354 2483 3378 nomina

1421 3402 1433 3414 ι
1450 3397 1475 3417 et
1486 3392 1575 3416 verba.
1596 3392 1714 3422 Quorum
1733 3399 1794 3423 ergo
1813 3390 1875 3414 haec
1895 3389 1966 3421 signa
1989 3389 2102 3421 primum
2117 3393 2189 3418 sunt,
2210 3388 2268 3412 dicit
2286 3393 2371 3413 autem
2391 3397 2483 3414 conce-

1420 3437 1432 3449 »
1449 3433 1554 3461 ptuum:
1580 3435 1640 3452 nam
1667 3435 1708 3452 res
1733 3433 1838 3460 quoque
1863 3425 1894 3448 ab
1918 3424 1971 3455 hiS,
1991 3432 2042 3448 non
2065 3430 2151 3449 tamen
2170 3423 2298 3455 proxime,
2318 3424 2364 3448 sed
2383 3424 2483 3449 interia-

1419 3473 1433 3487 ,ν
1449 3462 1564 3488 centibus
1589 3461 1763 3494 significantur
1782 3459 1955 3493 conceptibus.
1974 3460 2007 3483 At
2026 3464 2163 3491 conceptus
2183 3466 2234 3482 non
2254 3459 2310 3483 aliis
2329 3459 2405 3484 etiam
2425 3467 2483 3484 sese

1419 3508 1433 3523 ›>
1450 3498 1671 3529 interserentibus,
1692 3498 1738 3522 sed
1757 3497 1870 3530 primum
1889 3504 1917 3520 ac
1936 3494 2051 3528 proxime
2070 3499 2245 3520 connotantur.
2264 3495 2352 3527 Itaque
2371 3502 2483 3526 quorum

1419 3544 1432 3557 2
1449 3533 1523 3565 signa
1542 3534 1655 3566 primum
1674 3538 1735 3557 sunt
1753 3540 1783 3557 ea
1799 3539 1865 3563 quae
1884 3531 1909 3555 in
1923 3539 1987 3555 voce
2010 3531 2163 3559 consistunt,
2183 3529 2232 3553 hoc
2251 3534 2290 3554 est
2308 3528 2482 3562 significativa,

1419 3581 1430 3593 »
1448 3577 1476 3594 ac
1495 3569 1566 3593 velut
1584 3574 1672 3599 notae,
1692 3568 1717 3592 hi
1737 3573 1796 3592 sunt
1815 3571 1967 3598 conceptus:
1988 3566 2031 3598 qui
2050 3566 2156 3590 affectus
2175 3565 2253 3589 animi
2272 3570 2333 3589 sunt
2351 3565 2483 3598 iidemque

1418 3615 1431 3629 »
1447 3605 1582 3633 omnibus;
1606 3609 1683 3636 atque
1705 3603 1739 3627 ob
1759 3603 1784 3626 id
1807 3608 1896 3627 natura
1913 3613 1925 3625 2
1946 3601 2015 3635 (Op.
2030 3609 2087 3634 sup.
2106 3601 2147 3626 cit.
2167 3606 2228 3625 sect.
2243 3601 2266 3631 1,
2287 3599 2311 3632 ξ.
2326 3608 2358 3631 11,
2378 3608 2436 3633 pag.
2450 3608 2482 3631 4,

1415 3641 1463 3665 col.
1486 3648 1507 3665 ι.
1523 3655 1543 3659 -
1558 3640 1598 3664 Cf.
1617 3639 1707 3664 Boeth.
1728 3639 1779 3670 Op.
1800 3638 1840 3663 cit.
1861 3638 1901 3662 ed.
1920 3645 1952 3668 u,
1976 3637 2002 3669 ξ.
2023 3637 2064 3661 De
2081 3636 2178 3669 signis,
2198 3644 2256 3669 pag.
2274 3634 2383 3670 302-3.)
2405 3636 2484 3668 Igitur

2533 546 2541 553 ·
2553 545 2627 567 Codd.
2636 558 2647 562 -
2657 553 2693 568 in:
2708 553 2749 568 ea-

2532 577 2590 602 rum,
2599 579 2682 600 nempe
2687 579 2745 600 pas-

2532 604 2631 626 sionum,
2637 605 2698 627 quae
2703 603 2746 621 etc.

2528 1135 2537 1145 ·
2547 1141 2590 1157 ,ωε
2599 1143 2603 1157 :
2619 1139 2682 1159 sunt.

2527 1238 2536 1246 ¹
2545 1242 2601 1258 nac:
2617 1240 2642 1258 et

2528 1550 2536 1558 ·
2546 1555 2573 1570 c:
2588 1553 2609 1571 et

2525 1576 2570 1597 lius
2583 1583 2608 1598 A:

2647 1551 2742 1573 robabi-

2642 1583 2676 1599 oc.

2624 1664 2642 1689 λ

2524 1826 2532 1834 ·
2542 1825 2640 1847 Cfflect.
2652 1832 2684 1854 iv,
2696 1832 2736 1848 nn.

2523 1857 2539 1872 11
2552 1857 2589 1878 ,12-

2521 2038 2531 2046 ·
2543 2037 2733 2065 Codd.‚excepto

2520 2069 2558 2084 n.-
2566 2070 2596 2085 a:
2611 2064 2674 2086 sicas
2680 2071 2729 2087 res.
