2788 4204
80 397 90 407 '
100 403 125 418 z:
141 401 188 417 non
202 395 292 417 contin-

79 423 119 451 git
135 429 191 444 vere
207 422 293 444 dicere.

79 454 186 502 :figgmzi
206 453 296 475 scaz-cet
322 442 427 491 quod
443 442 614 479 dicamus
633 443 664 489 *,
686 455 805 491 neque
824 444 904 489 erit,
922 456 1040 492 neque
1055 457 1130 481 non
1151 445 1235 491 erit3
1257 457 1388 482 secun-

106 877 293 899 ¹13nihil...non

77 909 132 925 esse
159 903 224 931 quod
249 906 292 925 est.

41 938 44 942 ¹
80 930 166 952 Omnia
180 930 291 952 omittun-

78 957 146 978 turin
155 957 207 978 cod.
216 964 237 982 Α,
251 957 291 979 sed

77 986 114 1006 est
127 983 246 1005 mendum.

0 1749 5 1803 ,iev-
0 1591 13 1737 wau-wn-«ss
0 1575 5 1581 <
0 1506 6 1522 ,-
0 1480 5 1491 -.

22 1698 25 1702 -
23 1558 30 1563 .

1165 313 1276 350 CAP.
1308 314 1378 362 IX,
1410 314 1560 351 LECT.
1590 315 1678 351 XIII
2463 316 2512 351 63

322 389 446 427 dicere
471 391 491 408 θ’
527 389 632 438 quod
666 402 745 426 non
777 397 982 439 utrumque
1012 391 1058 428 sit
1088 404 1249 438 verum;
1283 399 1326 428 ut
1360 392 1389 428 si

322 496 384 542 do,
406 495 476 532 ibi:
495 496 668 532 Primum
693 497 792 532 enim
817 508 902 533 cum
922 497 970 533 sit
992 504 1073 544 etc„
1093 498 1231 546 probat
1248 510 1389 547 propo-

321 549 435 586 situm
465 548 613 585 duabus
643 549 861 586 rationibus.
1010 558 1012 560 ’

375 602 551 648 Quarum
578 602 703 650 prima
730 602 812 638 talis
842 610 917 639 est:
948 603 1149 639 affirmatio
1180 611 1216 640 et
1240 604 1388 651 negatio

322 654 496 691 dividunt
514 667 650 691 verum
682 662 718 691 et
745 656 893 701 falsum,
916 656 1021 704 quod
1048 664 1151 705 patet
1180 669 1224 693 ex
1258 657 1389 694 defini-

319 707 421 744 tione
436 707 518 744 veri
538 715 574 744 et
589 708 686 744 falsi:
708 721 798 745 nam
815 708 906 746 nihil
925 709 1026 746 aliud
1047 717 1102 746 est
1121 722 1257 746 verum
1274 723 1390 758 quam

321 773 398 797 esse
419 761 525 810 quod
553 767 615 807 est,
642 762 704 798 vel
725 775 799 798 non
819 774 897 798 esse
917 762 1022 811 quod
1042 776 1116 800 non
1143 769 1210 809 est3
1239 772 1274 800 et
1300 764 1390 801 nihil

321 814 422 851 aliud
442 822 498 851 est
517 815 653 851 falsum
674 827 790 863 quam
812 827 890 852 esse
909 815 1013 865 quod
1034 828 1108 853 non
1135 823 1203 863 est,
1224 818 1286 853 vel
1315 830 1388 854 non

320 879 398 904 esse
417 868 522 916 quod
542 874 597 904 est
614 869 651 913 *,·
671 876 707 905 et
732 868 785 905 sic
814 877 964 918 oportet
999 869 1103 919 quod
1128 870 1158 906 si
1187 870 1388 907 affirmatio

320 920 366 957 sit
388 920 493 967 salsa,
519 922 625 970 quod
644 922 793 969 negatio
814 922 860 959 sit
878 935 981 969 vera;
999 931 1035 960 et
1055 935 1074 959 e
1095 935 1293 960 converso,
1313 924 1390 960 Sed

320 974 534 1011 secundum
566 975 800 1023 praedictam
833 976 1063 1024 positionem
1098 976 1299 1013 affirmatio
1336 984 1391 1013 est

320 1028 427 1074 falsa,
458 1040 534 1076 qua
563 1028 707 1075 dicitur,
728 1030 800 1065 hoc
818 1029 900 1074 erit;
920 1042 991 1066 nec
1011 1037 1139 1066 tamen
1159 1029 1307 1076 negatio
1335 1037 1391 1066 est

319 1092 429 1118 vera:
461 1088 504 1119 et
525 1081 693 1118 similiter
721 1082 870 1129 negatio
902 1082 970 1118 erit
998 1083 1105 1128 falsa,
1137 1082 1388 1118 affirmatione

320 1146 399 1171 non
418 1133 599 1171 existente
618 1147 728 1180 vera;
756 1146 844 1182 ergo
864 1135 1059 1184 praedicta
1085 1134 1223 1184 positio
1244 1141 1300 1171 est
1319 1135 1388 1172 im-

317 1271 409 1289 camus
432 1264 504 1297 quod
526 1271 609 1297 neque
631 1265 694 1293 erit,
715 1272 798 1297 neque
821 1273 872 1290 non
896 1265 955 1290 erit.
975 1265 1044 1290 Haec
1063 1265 1139 1290 lectio
1161 1265 1239 1289 Piana
1257 1265 1328 1289 nulla
1348 1273 1387 1289 ra-

318 1299 387 1324 tione
405 1300 525 1325 sustineri
541 1304 635 1332 potest,
655 1299 714 1332 quia
734 1301 882 1325 contradicit
900 1301 946 1330 eis,
966 1308 1033 1333 quae
1052 1308 1073 1325 s.
1083 1300 1200 1325 Thomas
1220 1301 1388 1333 praemiserat

319 1343 349 1360 ac
367 1335 521 1368 probaverat
543 1343 622 1368 supra
640 1336 727 1368 quoad
746 1336 857 1368 primam
876 1341 990 1368 partem,
1014 1341 1039 1360 et
1057 1336 1144 1368 quoad
1163 1336 1268 1360 alteram
1287 1341 1386 1369 partem

318 1371 452 1404 prohat-in
463 1370 514 1396 huc
533 1378 651 1396 numero.
671 1371 774 1396 Dixerat
792 1371 860 1396 enim
879 1379 958 1404 supra
972 1379 997 1395 n.
1013 1379 1028 1403 7
1043 1372 1114 1403 quod
1132 1371 1283 1396 Aristoteles
1303 1372 1388 1404 primo

267 1410 271 1411 ⁷
284 1404 302 1409 ‘⁷
318 1406 432 1431 ostendit
450 1406 523 1439 quod
541 1406 567 1431 in
586 1406 760 1438 singularibus
776 1412 801 1431 et
814 1406 906 1431 futuris
926 1414 978 1431 non
997 1414 1102 1439 semper
1120 1412 1207 1439 potest
1221 1407 1388 1432 determinate

319 1441 422 1466 attribui
435 1442 530 1466 veritas
545 1442 615 1466 alieri
630 1442 825 1474 oppositorum;
845 1447 871 1466 et
889 1442 921 1466 ad
934 1442 983 1466 hoc
997 1442 1162 1474 probandum
1181 1442 1331 1467 ordinantur
1350 1451 1389 1467 ra-

318 1476 416 1508 tiones,
436 1485 502 1510 quas
521 1485 543 1502 s.
558 1477 676 1502 Thomas
695 1478 745 1502 late
764 1477 869 1510 exponit
887 1478 980 1502 eodem
999 1484 1025 1502 n.
1039 1486 1054 1510 7
1075 1483 1100 1502 et
1119 1485 1193 1510 seqq.
1213 1479 1333 1503 Secundo
1352 1478 1389 1502 di-

318 1518 391 1537 xerat
408 1513 440 1537 ab
459 1513 598 1538 Aristotele
616 1513 718 1537 ostendi
737 1513 809 1545 quod
828 1521 881 1537 non
900 1518 986 1545 potest
1005 1521 1064 1538 esse
1082 1514 1154 1545 quod
1174 1513 1199 1537 in
1214 1513 1388 1546 singularibus

319 1552 346 1572 et
358 1547 449 1573 futuris
465 1553 605 1581 utrumque
619 1548 800 1581 oppositorum
819 1549 926 1573 veritate
941 1554 1037 1577 caream
1058 1554 1083 1573 et
1101 1548 1150 1573 hoc
1165 1549 1288 1581 probatur
1301 1549 1326 1573 in
1340 1549 1389 1573 hoc

319 1590 431 1609 numero
447 1591 486 1608 12.
506 1583 588 1608 Porro
607 1584 683 1608 lectio
698 1584 772 1609 codd.
792 1584 837 1608 DE
852 1583 918 1608 hanc
937 1584 1091 1608 divisionem
1104 1589 1197 1612 servat,
1210 1589 1235 1609 et
1247 1585 1388 1617 adaequate

319 1626 349 1643 ac
367 1626 398 1644 ex
417 1619 506 1644 ordine
525 1619 635 1644 exhibet.
655 1620 689 1644 At
707 1619 733 1644 in
748 1619 826 1644 Piana
844 1619 931 1650 verba,
952 1627 1003 1644 non
1017 1623 1056 1644 est
1071 1627 1161 1644 verum
1177 1620 1264 1645 dicere
1278 1620 1350 1652 quod
1362 1620 1388 1644 in

319 1654 415 1680 talibus
434 1652 546 1689 (nempe
563 1655 739 1687 singularibus
758 1654 867 1689 futuris)
886 1656 1001 1680 alterum
1021 1655 1203 1687 oppositorum
1222 1663 1273 1681 non
1292 1656 1328 1681 sit
1347 1662 1389 1680 νε-

505 1818 509 1823 .
543 1823 552 1845 Γ
642 1804 648 1829 i
676 1799 722 1831 ,ἂψ
734 1799 846 1826 ‘lm-wb-

482 1837 512 1854 ννι
556 1830 660 1858 mg
699 1833 818 1868 m

1444 394 1643 442 possibilis,
1674 394 1812 431 scilicet
1840 394 1944 443 quod
1972 395 2110 432 veritas
2140 395 2234 432 desit
2261 396 2408 445 utrique
2438 409 2505 445 op-

1444 455 1668 494 posnorum.

1500 501 1718 537 Secundam
1739 500 1924 537 rationem
1944 501 2066 549 ponit3
2087 501 2156 538 ibi:
2177 502 2311 538 Adhuc
2329 502 2363 537 si
2379 513 2510 538 verum

1445 558 1499 589 est
1517 560 1585 590 etc.
1607 554 1718 600 Quae
1737 554 1818 590 talis
1839 561 1910 590 est:
1931 554 1961 590 si
1980 567 2117 591 verum
2134 562 2190 591 est
2205 554 2330 591 dicere
2351 554 2509 603 aliquid,

1446 606 1614 654 sequitur
1643 606 1747 655 quod
1775 606 1865 643 illud
1893 607 1955 653 sit;
1976 615 2068 656 puta
2095 608 2126 644 si
2153 620 2290 647 verum
2311 615 2367 644 est
2387 607 2510 644 dicere

1446 659 1550 707 quod
1579 659 1718 708 aliquid
1738 660 1784 696 sit
1803 672 1984 707 magnum
2006 669 2042 698 et
2061 662 2202 707 album,
2225 660 2392 709 sequitur
2410 668 2510 697 utra-

1446 724 1520 760 que
1535 713 1555 732 *
1575 725 1668 749 esse.
1691 713 1740 748 Et
1758 712 1807 749 ita
1829 713 1875 750 de
1895 714 2020 750 futuro
2041 714 2135 750 sicut
2155 714 2202 750 de
2220 713 2427 762 praesenti:
2453 726 2510 750 se-

1446 765 1571 813 quitur
1600 766 1702 802 enirn
1731 777 1808 802 esse
1835 778 1936 812 cras,
1958 766 1988 802 si
2015 779 2152 803 verum
2182 774 2237 803 est
2261 766 2385 803 dicere
2405 766 2511 815 quod

1445 818 1516 854 erit
1536 830 1632 855 cras.
1656 819 1695 855 Si
1716 831 1805 866 ergo
1826 831 1918 855 vera
1938 827 1993 855 est
2011 820 2203 868 praedicta
2221 819 2359 868 positio
2381 819 2509 856 dicens

1445 871 1550 919 quod
1578 884 1702 920 neque
1732 884 1813 908 cras
1843 872 1925 918 erit,
1956 885 2079 920 neque
2108 886 2186 909 non
2216 873 2294 919 erit,
2321 873 2510 922 oportebit

1444 936 1568 972 neque
1602 924 1705 970 fieri,
1746 937 1870 973 neque
1904 937 1983 961 non
2015 925 2114 962 fieri:
2150 926 2255 974 quod
2289 933 2344 962 est
2379 934 2509 962 contra

1446 977 1630 1013 rationem
1652 977 1732 1013 eius
1761 977 1865 1025 quod
1895 985 1950 1014 est
1969 978 2017 1014 ad
2044 979 2273 1025 utrumlibet,
2295 979 2383 1027 quia
2403 979 2508 1027 quod

1445 1037 1500 1065 est
1519 1030 1568 1066 ad
1586 1030 1806 1066 utrumlibet
1825 1043 1865 1066 se
1889 1031 2004 1067 habet
2023 1031 2071 1068 ad
2091 1033 2309 1068 alterutrum
2324 1033 2361 1078 *3
2382 1039 2424 1068 ut
2443 1045 2507 1068 na-

1443 1083 1527 1118 vale
1549 1083 1690 1118 bellum
1713 1095 1793 1119 cras
1823 1083 1910 1129 erit,
1936 1084 1997 1119 vel
2021 1096 2099 1121 non
2120 1085 2197 1121 erit.
2219 1086 2268 1121 Et
2295 1086 2345 1122 ita
2369 1097 2414 1121 ex
2433 1085 2508 1121 hoc

1445 1135 1613 1183 sequitur
1640 1135 1743 1172 idem
1773 1136 2045 1173 inconveniens
2069 1138 2174 1186 quod
2192 1138 2231 1174 in
2249 1138 2477 1187 praemissis,

1442 1273 1502 1289 rum
1517 1266 1693 1290 contradicunt
1706 1266 1774 1290 thesi
1789 1266 1911 1299 probatae
1930 1267 1955 1291 in
1970 1268 2084 1292 numeris
2098 1269 2317 1300 praecedentibus,
2328 1271 2424 1295 scilicet
2437 1273 2508 1304 quod

1443 1309 1496 1325 non
1515 1306 1555 1325 est
1576 1309 1667 1326 verum
1691 1302 1762 1334 quod
1785 1302 1810 1326 in
1835 1302 2007 1334 singularibus
2027 1303 2118 1328 futuris
2143 1305 2252 1329 alterum
2277 1306 2456 1338 oppositorum
2477 1308 2510 1332 sit

1443 1337 1610 1361 determinate
1629 1344 1720 1361 verum
1726 1345 1733 1367 ;
1754 1338 1846 1362 deinde
1865 1338 2042 1363 contradicunt
2059 1339 2126 1364 thesi
2145 1340 2293 1365 enunciatae
2308 1346 2333 1365 et
2347 1342 2469 1373 probatae
2484 1342 2510 1367 in

1443 1371 1492 1396 hoc
1507 1380 1625 1402 numero,
1640 1380 1735 1405 nempe
1748 1373 1881 1398 veritatem
1895 1381 1948 1398 non
1962 1374 2067 1398 omnino
2083 1375 2175 1399 deesse
2188 1375 2214 1399 in
2230 1376 2402 1407 singularibus
2417 1377 2509 1402 suturis

1444 1407 1548 1440 utrique
1561 1408 1751 1439 oppositorum.
1771 1408 1840 1440 Ergo
1855 1410 1886 1433 de
1898 1409 2005 1434 veritate
2019 1410 2044 1433 in
2059 1410 2148 1434 ordine
2166 1411 2198 1434 ad
2216 1415 2355 1444 utrumque
2374 1413 2509 1444 opposito-

1443 1451 1500 1467 rum
1516 1451 1603 1467 sermo
1616 1448 1663 1473 est,
1679 1451 1739 1468 cum
1758 1449 1844 1468 tamen
1863 1444 1940 1468 Piana
1958 1445 2061 1469 nonnisi
2077 1446 2108 1470 de
2121 1446 2228 1470 veritate
2239 1447 2315 1471 unius
2330 1448 2510 1479 oppositorum

1443 1479 1574 1506 (alterum
1594 1479 1791 1511 oppositorum)
1805 1480 1963 1504 mentionem
1984 1480 2070 1512 faciat,
2089 1482 2221 1506 redeundo
2242 1489 2337 1515 nempe
2354 1483 2385 1507 ad
2400 1483 2510 1515 primam

1444 1513 1548 1538 thesim.
1568 1514 1685 1546 Denique
1709 1522 1776 1547 quae
1802 1520 1946 1547 sequuntur
1965 1513 2010 1548 (ut
2027 1516 2051 1541 si
2069 1516 2190 1541 dicamus
2209 1516 2272 1550 etc.)
2292 1522 2353 1542 sunt
2375 1518 2511 1550 perspicua

1443 1549 1550 1582 quidem
1570 1549 1595 1573 in
1615 1550 1702 1578 codd.,
1727 1550 1773 1574 sed
1797 1550 1823 1574 in
1843 1551 1921 1575 Pinna
1943 1551 1985 1575 vix
2008 1559 2037 1576 ac
2057 1552 2089 1576 ne
2108 1553 2149 1576 vix
2168 1552 2274 1584 quidem
2294 1553 2379 1577 locum
2399 1553 2507 1579 habent:

1443 1585 1540 1609 etenim
1559 1585 1701 1618 propositio
1720 1593 1802 1618 neque
1821 1586 1880 1613 erit.
1896 1593 1978 1618 neque
1996 1594 2047 1612 non
2063 1587 2126 1618 erit,
2140 1592 2180 1612 est
2195 1588 2226 1612 de
2241 1595 2321 1613 sensu
2334 1589 2506 1620 coniunctivo,

1444 1621 1476 1644 de
1501 1625 1613 1652 utroque
1638 1628 1732 1653 nempe
1756 1622 1949 1654 oppositorum,
1974 1627 2000 1646 et
2023 1627 2109 1647 tamen
2132 1620 2211 1648 Piana
2235 1624 2373 1656 praemittit
2400 1632 2508 1649 sensum

1445 1655 1636 1687 disiunctivum‚
1654 1656 1773 1681 videlicet
1791 1658 1905 1682 alterum
1924 1657 2114 1690 oppositorum.

2539 724 2547 731 ¹
2557 729 2585 744 ΑΕ
2594 731 2598 745 :
2610 725 2741 752 utrumque.

2536 1045 2545 1053 '¹
2554 1051 2597 1066 Aac
2607 1051 2708 1067 erronee:
2719 1046 2753 1067 ad

2534 1071 2644 1096 alterum:
2651 1076 2671 1093 et
2676 1072 2752 1094 omitt·

2535 1104 2590 1145 crqts
2599 1099 2644 1120 erit
2656 1099 2692 1120 vel
2705 1105 2752 1120 nou

2536 1130 2571 1145 ert
2582 1140 2589 1146 .
