2548 4192
968 283 1023 319 IN
1054 283 1092 319 S.
1114 282 1357 318 THOMAM
1385 283 1709 329 AQUINATEM

230 362 446 406 precationem
478 361 543 392 iam
572 368 643 392 tum
674 359 857 392 adiunctam
881 371 938 392 nec
962 362 1085 392 idoneis
1114 361 1307 401 argumentis

229 408 344 449 probat
366 406 533 444 Batonius,
550 416 654 447 neque
670 405 808 436 Baronio
829 406 1033 436 consentiunt
1047 406 1221 437 doctissimi
1237 406 1305 437 viri.

227 452 323 483 Plura
346 458 377 482 et
399 450 523 491 egregia
549 450 584 480 in
607 451 689 481 hanc
708 460 776 480 rem
799 450 923 481 disserit
947 450 1152 481 Mabillonius
1172 449 1304 482 Praefat.

218 497 261 527 >in
293 495 457 526 saeculum
481 495 509 526 V
533 494 664 526 Ordinis
695 505 720 525 s.
745 494 907 525 Benedicti
938 505 1027 526 num.
1053 505 1123 525 cxlx
1154 502 1184 526 et
1217 506 1304 536 seqq.

226 540 334 571 Prima
357 539 474 570 scilicet
497 549 579 580 pars,
597 549 679 580 quae
703 539 818 579 Angeli
838 539 1063 570 salutationem
1079 546 1110 570 et
1129 540 1223 570 verba
1240 540 1306 570 Eli-

227 585 337 616 sabeth
361 584 601 625 complectitur,
626 583 658 613 in
682 583 804 623 vulgari
835 584 922 624 apud
952 583 1060 614 fideles
1085 594 1144 614 usu
1170 595 1237 615 non
1260 585 1304 615 vi-

227 630 320 660 detur
343 628 439 659 fuisse
458 635 530 659 ante
547 628 711 659 saeculum
730 628 948 659 undecimum.
967 628 1128 659 Libellum
1143 635 1305 660 vetustum

227 679 385 704 memorat
401 673 487 703 idem
502 672 709 703 Mabillonius
733 682 822 703 num.
841 683 971 711 cxxvm,
995 673 1028 703 in
1048 683 1114 714 quo
1134 673 1223 713 Papa
1242 674 1304 704 Ur-

227 718 332 749 banus
345 717 517 748 IVdicitur
531 717 692 748 addidisse
707 717 751 747 ad
763 718 955 758 Angelicam
971 717 1205 749 Salutationem
1221 719 1305 750 hanc

228 762 422 799 clausulam,
443 762 536 792 Iesus
553 761 713 798 Christus,
733 772 828 792 amen
840 770 851 792 .·
874 762 913 792 de
937 772 1001 803 qua
1019 769 1126 793 tamen
1150 762 1184 792 in
1203 762 1303 793 Com-

228 806 420 837 mentariolo
437 817 462 837 5.
479 806 627 837 Thomae
651 806 739 836 nulla
762 806 903 844 mentio;
921 817 961 837 an
977 807 1050 837 ideo
1067 807 1199 838 sortasse
1215 808 1304 848 quod

225 851 320 882 illum
343 858 415 882 ante
439 851 558 882 Urbani
582 857 728 891 tempora
751 849 928 891 scripserit?
952 851 1122 891 Appendix
1154 852 1303 893 denique,

227 895 349 926 Sancta
363 896 487 933 Maria,
504 905 571 926 non
595 895 749 936 reperitur
771 895 804 925 in
822 895 936 926 libellis
951 906 1093 936 precum,
1111 903 1177 927 tam
1201 897 1303 935 editis,

226 950 326 981 quam
349 940 584 980 manuscriptis,
609 946 681 970 ante
705 950 827 970 annum
852 940 1060 970 millesimum
1087 940 1303 982 quingentesi-

226 992 337 1015 mum:
362 984 499 1015 occurrit
522 984 633 1015 eadem
649 984 683 1014 in
698 984 858 1014 Breviario
880 984 1111 1023 Cartima-iano,
1136 985 1226 1025 quod
1249 995 1303 1015 an·
1322 995 1324 999 ·

226 1039 270 1059 no
300 1030 376 1059 1521
406 1028 529 1060 editum
552 1035 616 1067 est,
641 1029 690 1059 his
713 1028 815 1058 verbis
845 1028 1010 1067 desinens,
1038 1028 1107 1059 Ora
1124 1039 1190 1069 pro
1214 1030 1304 1060 nobis

220 1073 457 1114 peccatoribus,
477 1081 593 1103 amen:
616 1073 672 1103 sed
690 1072 792 1103 immo
817 1079 887 1103 tum
910 1073 989 1103 haec
1011 1074 1125 1111 verba,
1149 1080 1220 1104 tum
1243 1084 1303 1114 po-

225 1124 342 1148 sti-ema
365 1117 419 1148 illa
441 1117 595 1154 clausula,
613 1126 700 1147 nunc
722 1122 753 1147 et
777 1118 809 1147 in
833 1117 915 1147 hora
934 1118 1058 1154 mortis,
1074 1127 1180 1154 amen,
1199 1118 1302 1157 legere

225 1162 359 1192 demum
383 1168 429 1192 est
451 1161 485 1191 in
503 1161 669 1202 Breviariis
693 1160 826 1191 fratrum
842 1161 1007 1191 Minorum
1023 1161 1225 1202 aliorumque
1241 1161 1302 1192 Or-

225 1205 339 1237 dinum
362 1206 401 1236 ab
425 1215 511 1236 anno
541 1206 624 1245 1514
640 1215 676 1236 ac
699 1205 847 1246 deinceps
865 1205 966 1236 editis.
985 1205 1166 1236 Laudatum
1189 1206 1302 1236 Mabil-

219 1250 351 1281 -lonium
367 1256 399 1281 et
417 1250 571 1280 loannem
594 1249 768 1281 Grancolas
791 1249 824 1280 in
841 1249 1084 1280 Commentario
1100 1249 1252 1281 historico
1269 1250 1302 1280 in

223 1294 421 1326 Breviarium
443 1295 631 1326 Romanum
654 1294 805 1332 consule,
829 1294 885 1335 qui
910 1294 968 1324 hac
999 1294 1038 1324 de
1061 1304 1094 1324 re
1117 1294 1228 1325 latiore
1252 1305 1301 1325 ca-

189 1372 197 1374 -
218 1339 541 1379 lumper-tractant,
565 1349 601 1369 ac
623 1345 747 1369 vetusta
777 1338 934 1369 nonnulla
959 1345 1172 1369 monumenta
1194 1348 1301 1370 recen-

223 1383 304 1414 tiore
327 1383 395 1414 sine
418 1383 518 1414 dubio
542 1393 641 1414 manu
664 1383 855 1423 interpolata
877 1389 993 1413 vocant
1016 1383 1056 1413 ad
1080 1393 1223 1422 examen,
1246 1394 1301 1414 cu-

222 1427 365 1459 iusmodi
387 1435 463 1459 sunt
485 1434 604 1459 veteres
628 1428 786 1468 quaedam
816 1427 960 1467 liturgiae
987 1437 1023 1458 ac
1046 1427 1172 1458 libellus
1191 1429 1230 1459 de
1246 1429 1301 1459 Ri-

219 1471 308 1504 tibus
329 1472 485 1512 Baptismi
509 1478 600 1503 tomo
625 1473 682 1503 XII
707 1472 931 1512 Lugdunensis
960 1472 1147 1503 bibliotecae
1170 1473 1301 1504 Patrum

219 1517 283 1548 sub
306 1516 439 1548 nomine
462 1517 568 1548 Severi
592 1516 797 1547 Alexandrini
820 1516 1027 1555 Patriarchae,
1044 1516 1100 1557 qui
1117 1517 1225 1548 nullus
1248 1527 1300 1548 ex-

218 1567 284 1592 stat
305 1561 340 1592 in
362 1561 442 1592 serie
465 1561 718 1592 Patriarcharum
741 1561 826 1592 illius
845 1561 1014 1599 Ecclesiae,
1031 1561 1152 1600 editus;
1176 1561 1209 1592 in
1232 1572 1299 1603 quo

218 1605 378 1637 salutatio
401 1606 554 1646 Angelica
577 1616 653 1636 cum
668 1606 850 1646 precatione
868 1606 918 1636 his
940 1605 1043 1636 verbis
1067 1605 1207 1637 effertur:
1227 1607 1301 1638 Pax

218 1650 279 1682 tibi
301 1651 414 1681 Maria
431 1651 534 1691 plena
556 1652 687 1692 gratia,
714 1650 876 1681 Dominus
899 1655 1008 1681 noster
1031 1655 1146 1688 tecum,
1172 1651 1299 1682 benedi—

220 1699 275 1726 cta
293 1700 328 1726 tu
354 1696 439 1726 inter
460 1695 614 1726 mulieres
636 1700 667 1726 et
685 1695 869 1726 benedictus
892 1700 940 1726 est
951 1694 1101 1736 fructus,
1126 1696 1182 1736 qui
1200 1701 1248 1726 est
1266 1697 1298 1727 in

222 1744 315 1770 utero
338 1744 394 1770 tuo
412 1739 506 1770 Iesus
523 1739 681 1771 Christus.
696 1739 817 1770 Sancta
832 1740 945 1770 Maria
962 1744 1066 1770 mater
1079 1740 1143 1770 Dei
1161 1749 1220 1770 ora
1234 1750 1299 1781 pro

223 1783 324 1821 nobis,
345 1785 490 1825 inquam,
509 1784 746 1825 peccatoribus,
771 1793 876 1815 amen.

289 1828 440 1869 Sequitur
455 1828 700 1867 animadversio,
716 1838 800 1870 quae
810 1828 812 1830 ’
823 1828 942 1859 malam
957 1826 1055 1858 fidem
1078 1828 1299 1859 Dominicanis

220 1872 395 1913 impactam
409 1872 577 1911 amolitur;
597 1867 632 1903 a'c
656 1872 682 1903 si
706 1882 823 1914 nempe
846 1872 880 1903 in
903 1872 1035 1903 huiusce
1055 1872 1213 1913 Opusculi
1233 1873 1298 1903 edi-

217 1916 309 1948 tione
331 1917 427 1948 verba
444 1917 688 1958 suppresserint,
703 1927 786 1958 quae
810 1917 843 1947 in
867 1927 927 1947 ms.
952 1916 1116 1947 codicibus
1131 1917 1298 1956 habentur,

217 1961 446 1993 ,immaculatae
463 1961 601 2002 Virginis
611 1961 766 2003 Deiparae
781 1961 996 2002 Conceptioni
1013 1961 1158 1992 faventia.
1186 1962 1299 1993 Fidem

220 2006 464 2047 doctrinamque
487 2006 563 2037 totis
591 2006 676 2037 ulnis
705 2007 882 2047 amplector
910 2016 970 2046 ego
1001 2015 1100 2048 quam
1128 2007 1299 2037 tenendam

217 2051 374 2092 proponit
392 2051 494 2082 Mater
515 2050 672 2090 Ecclesia3
697 2061 733 2082 ac
748 2051 879 2082 decretis
895 2051 953 2081 hac
973 2051 1012 2081 de
1027 2061 1059 2081 re
1079 2061 1097 2081 a
1113 2051 1193 2082 Sede
1208 2054 1298 2092 Apo-

217 2095 331 2127 stolica
353 2095 425 2126 latis
448 2095 643 2136 pronissimo
667 2095 776 2127 animo
800 2097 972 2137 obsequor.
994 2097 1117 2126 Auctor
1140 2095 1298 2127 Innocen-

217 2141 285 2171 εἰπε
308 2140 490 2171 vindicatae
519 2140 547 2181 ξ.
585 2151 612 2179 1,
641 2151 732 2171 1111111.
766 2141 782 2171 3
805 2140 848 2171 sic
877 2141 988 2172 habet:
1017 2154 1031 2168 α
1045 2140 1174 2171 Tertius
1206 2141 1297 2171 locus

222 2197 238 2212 »
260 2195 286 2215 s.
297 2185 447 2215 Thomae
460 2191 508 2215 est
521 2195 559 2215 ex
568 2185 738 2226 Opusculo
752 2185 794 2216 1v
809 2185 848 2215 de
864 2185 1061 2216 Salutatione
1075 2185 1227 2225 Angelica
1241 2183 1296 2226 (in

222 2241 238 2256 »
261 2229 399 2260 editione
411 2230 560 2260 Romana
584 2231 664 2260 anni
687 2230 767 2270 1570
792 2235 839 2260 est
865 2229 1064 2270 Opusculum
1084 2235 1243 2267 octavum,
1260 2231 1292 2261 in

222 2285 238 2301 ›
260 2273 476 2315 Lugdunensi
497 2275 578 2304 anni
600 2273 681 2305 1562
700 2274 890 2317 quartum),
915 2275 948 2306 in
963 2285 1027 2316 qua
1047 2274 1126 2305 olim
1145 2274 1189 2304 sic
1212 2274 1295 2315 lege-

223 2330 239 2345 »
261 2319 370 2349 batur:
397 2319 510 2349 Maria
527 2319 706 2359 purissima
722 2318 795 2360 fuit
824 2325 981 2360 quantum
1012 2319 1056 2350 ad
1078 2328 1203 2349 omnem
1230 2320 1297 2350 cul-

221 2374 237 2391 »
253 2373 346 2404 pam,
370 2364 448 2404 quia
471 2373 531 2394 nec
553 2364 726 2404 originale,
748 2373 807 2394 nec
830 2364 977 2401 mortale,
999 2373 1058 2394 nec
1081 2364 1207 2394 veniale
1220 2374 1296 2404 pec-

220 2418 238 2435 »
259 2412 367 2438 oatum
383 2407 559 2449 aliquando
579 2409 728 2439 incurrit.
747 2408 792 2439 Ita
808 2408 870 2439 hoc
889 2408 1111 2439 testimonium
1126 2407 1189 2438 divi
1204 2408 1294 2438 Tho-

222 2463 237 2478 »
259 2461 332 2482 mae
355 2451 452 2483 citant
467 2452 634 2483 Salmeron
657 2452 690 2482 in
714 2452 814 2492 Epist.
832 2453 872 2482 ad
891 2453 1057 2483 Romanos
1081 2452 1111 2482 d.
1131 2453 1165 2482 51
1186 2450 1296 2494 (Obiit

222 2508 237 2523 »
259 2505 335 2526 vero
354 2506 440 2527 anno
461 2495 568 2538 1585).
591 2497 632 2527 Et
650 2496 761 2527 Petrus
781 2496 928 2527 Canisius
947 2497 1001 2527 lib.
1020 2497 1032 2527 I
1053 2496 1092 2527 de
1111 2497 1141 2527 b.
1153 2496 1293 2536 Virgine,

221 2551 237 2567 ²·
260 2550 328 2580 cap.
344 2550 375 2571 vr
395 2538 508 2582 (Obiit
523 2539 635 2582 1597):
661 2547 794 2582 uterque
818 2551 951 2581 magnae
966 2541 1127 2571 doctrinae
1146 2540 1294 2582 parisque

221 2596 236 2610 ›-
259 2584 449 2623 sanctitatis,
473 2591 510 2615 ut
533 2584 650 2616 fraudis
674 2585 811 2625 suspecti
835 2595 903 2616 esse
926 2595 992 2616 non
1016 2585 1150 2625 possint.
1175 2585 1237 2616 Sed
1260 2585 1294 2615 in

220 2641 236 2656 ν
258 2629 379 2660 ultimis
403 2629 596 2660 editionibus
618 2629 776 2660 omissum
801 2636 861 2668 est;
878 2640 954 2660 cum
968 2637 1075 2660 tamen
1095 2629 1247 2660 habeatur
1260 2629 1293 2660 in

218 2685 235 2701 a
257 2683 317 2704 ms.
349 2674 494 2704 Parcensi
525 2672 744 2716 (Monasterio
775 2681 903 2714 patrum
933 2674 1294 2705 Praemonstratensium

218 2729 235 2746 ι
256 2728 359 2758 prope
382 2717 602 2761 Lovanium);
625 2718 658 2748 in
682 2719 900 2760 manuscripto
923 2718 1132 2749 bibliothecae
1157 2718 1293 2749 Corsen-

219 2774 235 2790 »
257 2762 421 2793 doncanae
435 2762 676 2794 Canonicorum
693 2763 886 2803 regularium
905 2773 1006 2804 prope
1016 2763 1244 2805 Thumantum
1260 2763 1293 2793 in

219 2818 236 2834 ι
258 2806 356 2845 folio,
381 2807 550 2849 chartaque
578 2814 788 2848 pergamena;
812 2808 846 2838 in
865 2818 924 2838 ms.
942 2807 1152 2839 bibliothecae
1176 2807 1292 2848 Regiae

219 2862 235 2879 ι
258 2851 440 2882 Parisiensis
456 2862 546 2882 num.
565 2852 642 2893 6903
666 2853 698 2882 in
716 2861 775 2882 ms.
793 2853 976 2883 Monasterii
1000 2863 1024 2883 s.
1042 2852 1168 2884 Martini
1188 2853 1291 2883 Lova-

220 2907 236 2924 >
257 2895 376 2926 niensis
398 2896 456 2927 litt.
473 2896 515 2935 Ο,
532 2907 622 2928 num.
641 2904 676 2938 7;
693 2896 834 2937 itemq'ue
853 2897 886 2927 in
903 2897 1041 2928 editione
1055 2897 1208 2937 impressa
1223 2897 1292 2927 Mo-

222 2950 239 2967 »
261 2940 387 2970 nusterii
409 2940 442 2971 in
464 2941 571 2972 Boom
594 2940 723 2972 Ordinis
739 2952 763 2972 s.
780 2941 929 2982 Birgittae
952 2942 985 2972 in
1000 2942 1126 2972 Ducatu
1142 2941 1293 2972 Cliviensi

223 2996 239 3011 τι
261 2993 374 3024 opusc.
391 2984 428 3023 83
444 2992 476 3016 et
490 2985 524 3016 in
547 2985 607 3016 alia
623 2985 762 3016 editione
785 2993 912 3027 patrum
928 2986 953 3016 F
955 2986 1212 3017 ranciscanorum
1229 2985 1294 3017 Co-

223 3039 239 3055 ,
260 3027 376 3059 ioniae.
387 3040 402 3056 »
421 3029 488 3059 lam
506 3037 597 3060 antea
615 3030 779 3070 scripserat
801 3030 1057 3071 Nierembergius
1074 3031 1108 3060 in
1127 3030 1293 3070 Exceptio-

221 3071 315 3102 nibus
335 3071 471 3103 Concilii
490 3074 668 3105 Tridentini
683 3075 785 3115 capite
799 3085 851 3105 xxt
870 3075 1041 3115 allegatum
1057 3085 1116 3115 pro
1137 3075 1293 3105 Immacu-

220 3116 284 3147 lata
307 3116 528 3157 Conceptione
550 3118 661 3149 locum
689 3121 753 3150 iam
787 3129 855 3150 esse
884 3125 1042 3150 mutatum
1077 3119 1128 3150 vel
1149 3119 1292 3150 ablatum

222 3162 255 3191 in
280 3161 418 3191 editione
429 3162 629 3202 Antuerpiae
650 3163 691 3194 de
708 3163 880 3204 Opus-culis
898 3173 924 3194 s.
949 3164 1088 3194 Thomae
1103 3173 1190 3194 anno
1206 3162 1291 3201 1612,

220 3205 279 3244 sed
302 3206 392 3235 illum
417 3207 552 3246 agnosci
574 3212 606 3237 et
628 3208 753 3238 calculo
775 3218 836 3239 suo
858 3208 1049 3249 confirmari
1070 3218 1091 3238 a
1110 3208 1235 3239 Ioanne
1253 3208 1293 3238 de

226 3250 487 3288 Turrecremata,
509 3250 607 3281 nobili
628 3253 708 3282 satis
735 3253 907 3283 Tkomista.

288 3294 456 3325 Editiones
474 3295 616 3332 ultimae,
634 3295 667 3325 in
691 3296 808 3337 quibus
831 3306 869 3327 ea
885 3297 981 3327 verba
996 3296 1215 3337 praetermissa
1239 3296 1292 3326 ad-

221 3345 311 3370 notat
333 3339 479 3369 laudatus
503 3339 712 3370 Innocentiae
734 3341 916 3371 vindicatae
938 3347 1059 3378 auctor,
1083 3351 1150 3381 quo
1167 3340 1292 3380 prodie-

220 3383 284 3414 rint
306 3393 391 3414 anno
416 3383 589 3423 patefacere
613 3384 782 3415 debuisset.
810 3384 1078 3424 Antuerpiensem
1105 3385 1170 3415 sive
1194 3384 1292 3415 Colo-

219 3425 365 3458 niensem
388 3428 462 3458 anni
492 3429 572 3458 1612
597 3428 695 3458 veluti
718 3428 866 3468 primam,
885 3438 968 3469 quae
989 3428 1097 3458 vitiata
1120 3428 1224 3466 fuerit,
1240 3438 1291 3458 ac-

221 3481 330 3502 cusare
361 3472 485 3503 videtur
507 3472 771 3512 Nierembergius.
797 3474 841 3503 At
872 3472 992 3512 priores
1029 3472 1107 3502 aliae
1137 3478 1290 3512 prostant,

220 3515 342 3547 Veneta
365 3517 439 3547 anni
459 3518 539 3557 1593
563 3517 584 3548 f.
601 3517 688 3557 apud
710 3516 919 3547 Dominicum
934 3516 1130 3554 Nicolinum,
1146 3517 1292 3546 Romana

219 3560 295 3590 anni
324 3562 406 3603 1570
429 3561 452 3592 f.
473 3561 562 3592 iussu
586 3561 633 3592 Pii
652 3562 681 3592 V
709 3568 835 3599 curata,
860 3560 1082 3600 Lugdunensis
1105 3560 1179 3590 anni
1209 3561 1289 3590 1562

219 3603 275 3635 fol.
293 3606 379 3645 apud
402 3605 531 3636 heredes
555 3606 660 3637 Iacobi
680 3606 799 3636 Iuntae.
817 3606 884 3636 Has
907 3605 1010 3635 habeo
1034 3615 1108 3645 prae
1131 3604 1289 3643 manibus,

219 3647 253 3678 in
270 3648 388 3689 quibus
410 3650 512 3690 locus,
531 3660 598 3692 quo
622 3650 661 3681 de
685 3650 797 3690 agitur,
821 3650 865 3681 sic
888 3650 1003 3680 habet:
1026 3649 1102 3690 Ipsa
1126 3650 1209 3680 enim
1228 3659 1290 3689 pu-

2305 303 2438 328 CXXXIII

1363 362 1492 392 rissima
1502 362 1576 403 fuit
1599 368 1630 394 et
1647 369 1802 404 quantum
1827 365 1871 395 ad
1894 366 2033 405 culpam,
2058 368 2134 407 quia
2159 369 2228 408 ipsa
2258 369 2355 410 Virgo
2379 381 2439 402 nec

1362 407 1509 444 mortale,
1536 417 1594 438 nec
1617 409 1743 438 veniale
1760 415 1928 449 peccatum
1947 411 2086 441 incurrit
2091 419 2105 448 ‚·
2121 412 2176 441 ubi
2196 413 2355 452 originalis
2372 416 2436 445 cul-

1362 460 1420 490 pae
1440 451 1561 482 mentio
1586 452 1683 483 nulla.
1701 453 1793 483 Fides
1818 454 1985 485 adducitur
2009 455 2135 485 Ioannis
2159 466 2176 485 a
2196 456 2437 490 Turrecremata

1360 495 1394 524 in
1417 502 1550 526 tractatu
1575 497 1614 526 de
1637 497 1775 528 Veritate
1799 497 2028 539 Conceptionis
2053 506 2123 537 etc.,
2140 501 2230 541 quod
2256 501 2323 531 eius
2352 513 2437 543 opus

1360 539 1393 569 in
1418 539 1521 570 fronte
1552 541 1770 581 compositum
1803 542 1917 573 dicitur
1934 553 1999 583 pro
2012 543 2174 585 facienda
2203 545 2360 577 relatione
2383 557 2434 578 co-

1360 593 1431 614 ram
1455 585 1606 615 Patribus
1632 585 1768 616 Concilii
1780 587 1942 625 Basileae,
1960 598 2046 618 anno
2069 589 2202 619 Domini
2225 590 2310 630 1437
2329 601 2437 622 mense

1360 628 1450 666 iulio,
1477 629 1625 670 typisque
1644 630 1747 670 prima
1768 631 1837 662 vice
1860 632 1978 672 prodiit
2002 633 2124 663 Romae
2143 643 2228 664 anno
2252 635 2333 676 1547
2349 636 2436 675 apud

1359 673 1539 703 Antonium
1563 674 1699 705 Bladum
1715 675 1748 705 in
1764 685 1795 715 4.
1813 678 1865 706 An
1882 686 1956 716 ergo
1981 677 2174 716 adversariis,
2191 678 2247 719 qui
2264 679 2328 710 divi
2345 680 2434 710 Tho-

1359 727 1430 747 mae
1450 717 1654 758 Opusculum
1672 719 1769 750 veluti
1789 728 1992 761 corrruptum
2011 722 2282 763 depravatumque
2306 723 2434 762 iactant,

1359 761 1461 792 faveat
1476 763 1590 793 nobilis
1612 763 1664 793 ille
1694 764 1882 796 Thomista?
1896 766 2021 796 Locum
2035 773 2276 797 controversum
2296 769 2435 809 opponit

1359 813 1447 846 parte
1463 807 1532 845 ΧΠ,
1548 817 1616 847 cap.
1634 818 1674 838 xv
1692 807 1824 849 eiusque
1848 810 2013 849 responsio
2046 811 2123 842 haec
2154 818 2217 850 est,
2242 812 2337 852 digna
2365 813 2432 843 ani-

1359 851 1595 882 madversione:
1627 865 1642 879 «
1666 853 1717 883 Ad
1747 853 1840 883 istam
1870 855 2080 894 respondetur
2109 855 2231 895 primo;
2257 857 2346 897 quod
2376 858 2434 888 du-

1361 907 1376 922 »
1399 895 1489 926 bium
1513 906 1667 935 magnum
1691 903 1748 934 est,
1771 897 1861 937 quod
1885 905 2010 928 sanctus
2034 899 2179 930 Thomas
2202 900 2282 930 illud
2299 902 2434 932 verbum

1362 951 1376 966 ι
1400 939 1530 977 dixerit;
1554 940 1663 971 multis
1686 941 1806 981 quippe
1826 941 2031 981 originalibus
2051 945 2220 984 perspectis
2240 955 2307 975 non
2325 952 2372 976 est
2387 956 2434 976 re-

1361 996 1375 1010 »
1399 990 1487 1023 perta
1510 984 1562 1014 illa
1591 985 1762 1024 particula,
1787 986 1876 1026 quod
1900 992 2069 1026 peccatum
2102 989 2265 1029 originale
2293 999 2359 1020 non
2385 990 2432 1020 in-
2461 999 2464 1002 '

1361 1040 1375 1055 w
1399 1028 1512 1066 currit3
1531 1029 1587 1058 sed
1606 1035 1732 1059 tanturn
1747 1029 1811 1067 illa,
1832 1031 1958 1061 veniale
1974 1036 2004 1061 et
2019 1033 2156 1063 mortale
2171 1043 2233 1063 non
2251 1034 2399 1065 incurrit.
2415 1048 2429 1062 »

1357 1072 1592 1112 Manuscriptos
1616 1073 1740 1103 codices
1764 1075 1963 1115 originales,
1993 1085 2075 1116 quos
2099 1077 2200 1107 oculis
2224 1078 2359 1118 propriis
2385 1079 2432 1109 lu-

1358 1116 1476 1154 stravit,
1501 1116 1615 1156 allegat
1637 1117 1708 1155 ille,
1732 1117 1813 1148 idest
1835 1125 1977 1149 vetustos
2001 1126 2032 1150 et
2055 1121 2157 1151 bonae
2177 1128 2291 1160 notae,
2311 1123 2343 1152 in
2363 1124 2434 1164 qui-

1358 1160 1417 1190 bus
1440 1170 1504 1190 vox
1526 1160 1580 1190 illa
1603 1161 1811 1200 desideratur;
1836 1173 1893 1193 nec
1917 1163 1995 1193 alios
2018 1163 2136 1195 indicat
2154 1165 2299 1196 inventos
2323 1167 2432 1206 fuisse,

1357 1204 1414 1244 qui
1437 1214 1551 1235 vocem
1570 1205 1658 1235 illam
1682 1205 1871 1237 exhiberent.
1890 1207 2027 1238 Fontem
2046 1208 2111 1238 iam
2127 1209 2233 1247 habes,
2254 1211 2339 1240 unde
2358 1222 2431 1251 pro-

1358 1248 1484 1279 dierunt
1507 1249 1673 1288 editiones,
1698 1260 1779 1291 quae
1799 1261 1964 1291 perperam
1989 1258 2019 1282 et
2042 1252 2151 1293 inique
2175 1264 2192 1283 a
2212 1254 2432 1286 Dominicanis

1358 1292 1544 1334 depravatae
1568 1294 1765 1325 adseruntur.

1424 1340 1476 1368 An
1500 1338 1670 1378 Deiparam
1694 1349 1769 1370 vero
1789 1339 1900 1370 dixerit
1918 1342 2040 1371 Auctor
2063 1341 2219 1381 Opusculi
2240 1352 2303 1373 non
2324 1344 2432 1374 incur-

1357 1383 1439 1413 risse
1451 1388 1620 1423 peccatum
1641 1384 1819 1424 originale,
1845 1394 1943 1425 quern
1967 1385 2075 1425 paullo
2100 1386 2244 1426 superius
2264 1387 2433 1418 docentem

1356 1426 1509 1466 legimus:
1526 1428 1696 1458 Peccatum
1721 1429 1805 1459 enim
1829 1434 1888 1459 aut
1911 1435 1958 1460 est
1980 1430 2154 1470 originale,
2173 1435 2204 1461 et
2226 1431 2266 1461 de
2285 1432 2345 1462 isto
2359 1432 2433 1472 fuit

1357 1472 1513 1502 mundata
1538 1473 1570 1502 in
1595 1477 1706 1510 utero;
1728 1479 1787 1503 aut
1805 1473 1942 1504 mortale
1960 1479 2019 1504 aut
2037 1475 2173 1512 veniale,
2194 1480 2224 1505 et
2247 1475 2287 1506 de
2311 1477 2371 1506 isto
2395 1477 2433 1506 11·-

1356 1516 1433 1546 bera
1453 1515 1554 1557 fuit?
1578 1517 1736 1558 Itemque,
1770 1517 1919 1549 Christus
1949 1519 2078 1549 excellit
2106 1519 2230 1550 beatam
2269 1520 2431 1561 Virginem

1357 1561 1389 1591 in
1414 1561 1473 1591 hoc
1490 1561 1577 1601 quod
1598 1562 1668 1592 sine
1691 1562 1849 1602 originali
1871 1568 2042 1603 conceptus
2072 1569 2103 1594 et
2131 1569 2228 1594 natus
2252 1569 2317 1602 est,·
2340 1565 2432 1595 beata

1356 1610 1464 1636 autem
1487 1605 1586 1646 Virgo
1609 1607 1642 1636 in
1667 1607 1824 1647 originali
1839 1613 2003 1647 concepta,
2020 1608 2077 1638 sed
2093 1618 2156 1638 non
2177 1609 2281 1639 nata?
2296 1608 2431 1649 Opinio-

1356 1659 1432 1679 nem
1450 1649 1553 1690 ipsam
1577 1650 1610 1680 in
1630 1650 1737 1680 medio
1757 1651 1920 1692 relinquo:
1938 1651 2016 1692 quid
2036 1652 2220 1692 expresserit
2236 1655 2358 1684 Auctor
2381 1664 2431 1684 so—

1355 1693 1425 1724 lum
1449 1693 1555 1724 affero.
1583 1695 1649 1724 lam
1673 1704 1748 1725 vero
1772 1695 1797 1725 si
1821 1695 1941 1734 locum,
1966 1706 2032 1737 quo
2057 1697 2096 1726 de
2123 1697 2259 1736 agimus,
2284 1707 2432 1739 corrupe-

1356 1738 1419 1768 rint
1440 1738 1656 1777 Dominicani‚
1681 1749 1847 1779 suppressa
1871 1750 1950 1770 voce
1973 1741 2146 1781 originalis
2176 1742 2313 1782 peccati;
2338 1752 2431 1783 supe—

1355 1782 1439 1813 riora
1462 1790 1494 1813 et
1517 1783 1583 1814 duo
1606 1783 1678 1814 loca
1701 1784 1739 1814 ab
1763 1784 1840 1824 ipsis
1859 1792 2007 1825 corrupta
2027 1785 2123 1815 fuisse
2147 1786 2319 1817 dicendum
2338 1787 2430 1826 foret,

1356 1837 1423 1857 non
1447 1837 1511 1857 una
1539 1827 1589 1858 vel
1611 1827 1707 1858 altera
1737 1828 1843 1858 addita
1873 1839 1971 1866 voce,
1996 1830 2051 1859 sed
2074 1829 2201 1870 integris
2231 1831 2369 1871 periodis
2397 1831 2430 1861 in

1355 1878 1477 1902 textum
1496 1871 1635 1902 intrusis.
1647 1873 1719 1903 ’Nec
1739 1873 1920 1904 vindicatae
1936 1873 2144 1904 Innocentiae
2163 1881 2284 1913 auctor,
2300 1885 2357 1906 nec
2373 1876 2430 1906 Pe-

1356 1923 1422 1947 trus
1446 1916 1485 1947 de
1508 1916 1609 1954 Alva,
1633 1926 1692 1947 nec
1714 1917 1969 1958 Nierembergius
1992 1924 2059 1948 tam
2090 1919 2192 1949 malae
2214 1919 2288 1949 fidei
2312 1929 2347 1950 ac
2371 1920 2429 1950 im—

1355 1960 1526 2001 pudentiae
1549 1961 1783 1992 Dominicanos
1811 1962 1947 1992 editores
1970 1962 2204 1993 insimularunt.
2227 1963 2289 1994 Sed
2312 1964 2355 1994 ita
2385 1971 2430 1995 ta-

1355 2015 1430 2035 men
1454 2015 1520 2036 esse
1549 2005 1750 2046 suspicantur
1772 2006 1919 2037 nonnulli
1943 2007 2030 2047 apud
2057 2007 2221 2038 Thomam
2251 2008 2430 2039 Strozzium

1354 2049 1435 2080 libro
1460 2050 1514 2088 lv,
1532 2050 1633 2090 capite
1651 2061 1705 2081 vn.
1723 2050 1785 2081 Sed
1807 2050 1850 2081 ita
1874 2061 1940 2081 non
1965 2061 2042 2089 esse,
2059 2051 2209 2082 evincunt
2224 2052 2350 2083 codices
2366 2063 2426 2084 ms.

1354 2104 1437 2136 quos
1461 2095 1702 2136 Turrecremata
1726 2095 1937 2135 expendebat:
1961 2096 2046 2126 Ante
2069 2097 2126 2127 illa
2151 2096 2246 2127 verba
2270 2097 2427 2138 allegata,

1354 2139 1512 2180 inquienS,
1533 2149 1576 2170 ex
1593 2139 1730 2170 adverso
1748 2140 1826 2170 dicit
1844 2141 1889 2170 ita
1908 2150 1934 2171 s.
1959 2141 2116 2171 Thomas:
2133 2141 2282 2172 Christus
2301 2142 2429 2172 excellit

1353 2184 1478 2214 beatam
1509 2184 1672 2225 Virginem
1697 2185 1729 2214 in
1753 2185 1813 2215 hoc
1835 2185 1920 2225 quod
1942 2185 2012 2215 sine
2039 2186 2197 2226 originali
2217 2185 2290 2226 fuit
2317 2196 2427 2217 conce-

1347 2233 1426 2269 ptus
1448 2234 1480 2259 et
1503 2234 1619 2266 natus,
1644 2229 1737 2259 beata
1761 2234 1867 2259 autem
1899 2229 1997 2270 Virgo
2025 2230 2057 2259 in
2090 2230 2246 2270 originali
2277 2236 2427 2271 concepta

1353 2278 1410 2310 est,
1432 2283 1495 2303 non
1521 2278 1598 2303 nata
1622 2279 1679 2303 etc.
1701 2276 1747 2303 Ac
1771 2274 1903 2303 demum
1927 2283 2085 2314 quaenam
2113 2273 2207 2304 fuerit
2237 2274 2427 2313 suspicionis

1353 2317 1444 2356 ratio,
1469 2327 1543 2348 cum
1563 2327 1620 2347 nec
1644 2317 1727 2348 edita
1750 2317 1815 2348 ulla
1839 2318 1992 2358 exempla,
2010 2328 2068 2348 nec
2091 2318 2306 2359 manuscripta
2322 2318 2428 2350 afferat

1352 2362 1533 2399 Strozzius‚
1557 2371 1639 2402 quae
1663 2362 1688 2391 si
1712 2361 1801 2392 aliter
1833 2362 1947 2402 scripta
1970 2369 2092 2401 essent,
2117 2362 2258 2403 aliquam
2286 2363 2426 2403 ingerere

1351 2413 1482 2446 possent
1500 2404 1735 2446 suspicionem?
1751 2407 1839 2437 Haec
1858 2407 1949 2445 satis;
1966 2407 2137 2447 ipsumque
2152 2407 2319 2438 laudatum
2341 2408 2426 2438 Tur-

1351 2457 1555 2481 recrematam
1578 2450 1658 2490 lege,
1678 2451 1734 2491 qui
1758 2458 1789 2482 et
1812 2451 1907 2481 aliam
1931 2451 2058 2482 adhibet
2080 2451 2333 2492 responsionem.

1418 2495 1456 2525 11.
1474 2495 1509 2524 Ι11
1533 2494 1702 2535 Opusculo
1726 2496 1777 2526 De
1798 2496 1955 2526 Articulis
1969 2495 2055 2537 fidei
2077 2501 2108 2526 et
2130 2496 2349 2527 Sacramentis
2365 2497 2425 2527 Ec-

1351 2539 1467 2570 clesiae
1486 2546 1604 2570 veteres
1627 2539 1800 2570 haereticos
1825 2540 1931 2580 plures
1959 2547 2099 2570 recenset
2123 2547 2249 2571 sanctus
2279 2541 2424 2571 Thomas

1350 2593 1528 2624 eorumque
1551 2583 1664 2615 refellit
1694 2594 1823 2615 errores.
1849 2585 1884 2615 In
1907 2594 2021 2615 eorum
2051 2584 2214 2615 efferendis
2238 2585 2423 2616 nominibus

1350 2627 1443 2658 foeda
1465 2628 1658 2668 irrepserunt
1681 2628 1874 2669 sphalmata:
1893 2628 2009 2670 quibus
2039 2629 2214 2660 emaculata
2238 2636 2268 2660 et
2287 2630 2423 2660 abstersa

1349 2679 1385 2702 ut
1408 2672 1548 2713 prodiret
1571 2673 1679 2711 editio,
1699 2683 1790 2703 curas
1813 2683 1885 2704 suas
1900 2674 2024 2704 Parisiis
2047 2684 2133 2704 anno
2163 2675 2243 2704 1656
2268 2674 2424 2714 impendit

1348 2717 1459 2747 Petrus
1482 2717 1619 2755 Pelican,
1644 2717 1743 2758 patria
1767 2725 1797 2748 et
1820 2718 1968 2758 religiosa
1990 2718 2187 2758 professione
2217 2718 2422 2749 Carnutensis

1349 2761 1478 2792 Ordinis
1501 2762 1770 2800 Praedicatorum,
1787 2763 1940 2793 consultis
1957 2762 2076 2793 Goario
2096 2769 2127 2793 et
2150 2762 2347 2793 Combefisio
2370 2772 2422 2793 so-

1349 2806 1484 2844 dalibus,
1508 2816 1636 2846 graecae
1659 2807 1785 2847 linguae
1809 2807 2020 2848 peritissimis..
2033 2807 2209 2837 Emendata
2227 2807 2324 2837 editio
2348 2817 2421 2847 pro-

1349 2850 1406 2882 diit
1433 2851 1552 2881 ibidem
1583 2851 1761 2892 eodemque
1794 2862 1879 2882 anno
1912 2852 1945 2882 in
1975 2851 2031 2882 fol.
2055 2851 2140 2891 apud
2170 2852 2322 2881 Ioannem
2346 2851 2420 2881 Iost.

1349 2896 1437 2926 Haec
1460 2896 1572 2926 eadem
1595 2895 1673 2926 mihi
1697 2897 1839 2926 ornanda
1858 2903 1961 2936 sparta
1980 2903 2035 2927 est.
2053 2896 2087 2925 ln
2107 2895 2303 2935 expositione
2327 2895 2421 2935 primi

1349 2940 1471 2970 articuli
1485 2940 1526 2970 de
1540 2940 1705 2971 Ecclesiae
1720 2940 1850 2971 divinae
1865 2942 1999 2978 unitate,
2010 2940 2120 2971 tertius
2136 2946 2320 2970 numeratur
2336 2949 2422 2970 error

1349 2985 1694 3025 Atropomonsitarum.
1720 2986 1935 3015 Monstrosam
1964 2994 2077 3015 vocem
2107 2984 2198 3014 reiice
2229 2994 2264 3014 ac
2288 2993 2418 3024 repone,

1348 3029 1761 3069 Anthropomorphitarum,
1769 3031 1957 3069 ponentium
1975 3039 2074 3059 unum
2091 3029 2208 3065 Deum,
2221 3035 2257 3058 ut
2273 3028 2315 3058 ait
2330 3028 2420 3058 Tho-

1350 3084 1429 3112 maS,
1444 3074 1501 3104 sed
1518 3073 1690 3104 dicentium
1715 3083 1786 3104 eum
1812 3083 2000 3114 corporeum
2024 3078 2055 3103 et
2077 3073 2121 3104 ad
2139 3073 2267 3103 modum
2287 3073 2422 3103 humani

1349 3119 1494 3158 corporis
1516 3117 1713 3158 formatum.
1740 3118 1825 3148 Labe
1858 3118 1916 3148 ista
1948 3124 2031 3148 caret
2062 3117 2280 3148 Bettinelliana
2311 3117 2420 3148 editio.

1349 3162 1532 3192 Haereticos
1563 3169 1619 3192 aut
1649 3162 1871 3193 Schismaticos
1902 3162 1978 3192 istos
2008 3162 2207 3201 Augustinus
2240 3168 2333 3192 vocat
2361 3162 2419 3191 Va-

1348 3206 1463 3237 dianos
1485 3206 1565 3236 libro
1590 3207 1629 3236 de
1652 3206 1842 3237 Haeresibus
1867 3206 1967 3246 capite
1990 3217 2020 3244 L,
2044 3213 2160 3237 vocant
2182 3216 2237 3236 eos
2253 3206 2420 3236 Audianos

1349 3256 1379 3281 et
1405 3250 1550 3281 Odianos
1581 3250 1692 3282 Graeci
1723 3251 1809 3291 apud
1839 3250 2057 3291 Epiphanium
2080 3250 2199 3281 haeresi
2218 3260 2277 3280 Lxx
2301 3250 2339 3280 ab
2364 3260 2418 3280 au-

1348 3295 1442 3325 ctoris
1466 3294 1608 3333 nomine,
1633 3295 1689 3335 qui
1711 3295 1837 3325 Audius
1859 3296 2041 3325 vocabatur.

1416 3338 1537 3369 Contra
1562 3346 1712 3379 quartum
1743 3339 1928 3376 articulum,
1952 3340 2008 3380 qui
2033 3340 2172 3379 pertinet
2204 3338 2248 3368 ad
2270 3338 2417 3378 effectum

1346 3384 1487 3423 gratiae,
1507 3392 1571 3422 per
1593 3393 1689 3423 quam
1714 3384 1896 3424 vivificatur
1910 3384 2056 3414 Ecclesia
2080 3393 2100 3413 a
2123 3383 2204 3420 Deo,
2230 3382 2418 3421 excogitatas

1347 3427 1490 3456 haereses
1520 3426 1626 3466 plures
1659 3433 1798 3457 recenset
1821 3437 1844 3457 s.
1872 3427 2026 3457 Thomas.
2054 3439 2068 3454 α
2089 3426 2150 3456 Alii
2182 3435 2277 3463 vere,
2302 3427 2415 3466 inquit,

1350 3483 1364 3498 a>
1387 3470 1443 3511 qui
1462 3471 1685 3500 Passalonitae
1703 3471 1860 3509 dicuntur,
1884 3470 2044 3501 intantum
2068 3470 2191 3500 silentio
2216 3470 2361 3508 student,
2382 3476 2418 3500 ut

1349 3527 1364 3542 »
1387 3514 1514 3544 naribus
1530 3521 1561 3544 et
1575 3514 1665 3544 labiis
1689 3514 1825 3554 digitum
1843 3521 2020 3554 opponant.
2037 3515 2188 3545 Passalos
2206 3514 2292 3544 enim
2307 3523 2417 3554 graece

1349 3571 1363 3586 »
1387 3558 1501 3588 dicitur
1523 3558 1623 3588 Palus
1645 3563 1676 3588 et
1698 3559 1848 3589 Ranchos
1873 3568 1978 3589 nasus.
1993 3571 2007 3586 »
2028 3559 2217 3598 Legendum
2247 3558 2336 3589 iubet
2358 3559 2416 3589 Pe-

1345 3602 1466 3633 licanus
1496 3599 1632 3647 ῥύγχος,
1658 3603 1831 3643 Rynchos:
1853 3603 1993 3643 itemque
2025 3600 2219 3642 πάτταλος,
2253 3603 2419 3633 Pattalos:

1346 3657 1381 3677 ac
1401 3647 1532 3677 demum
1556 3646 1898 3691 πατταλορυγχίται,
1917 3648 2225 3688 Pattalorynchitae.
2243 3649 2286 3678 At
2302 3647 2415 3678 Lexica
