2548 4192
899 284 953 319 IN
984 283 1022 320 S.
1044 283 1286 319 THOMAM
1313 283 1636 330 AQUINATEM

186 366 261 402 mei,
287 371 323 395 ut
346 374 382 394 ea
405 364 537 394 demum
561 363 599 392 ad
623 362 726 402 ipsam
750 362 840 402 panis
865 370 895 393 et
917 362 983 392 vini
1006 363 1259 393 benedictionem

189 409 375 449 pertinuisse
399 405 565 438 dicantur?
585 407 619 436 ld
636 407 746 447 utique
762 407 836 447 pani
854 414 884 438 et
898 407 984 444 vino,
1001 407 1117 438 fatente
1131 407 1258 445 Pfaffio,

188 464 224 484 ex
247 453 301 483 illa
323 452 446 483 iudaica
469 451 689 482 benedictione
713 452 901 482 obveniebat
924 459 960 482 ut
982 452 1033 481 illa
1051 452 1196 493 symbola
1213 452 1258 481 di-

188 504 333 528 cerentur
355 496 557 536 sanctificata
581 501 612 526 et
640 501 849 527 consecrata:
873 496 957 526 unde
987 497 1144 536 colligitur
1167 497 1259 527 bene-

188 541 326 571 dictione
349 550 480 581 quoque
504 550 562 570 sua
585 539 749 571 Christum
773 540 980 571 sanctificasse
1005 548 1035 571 et
1063 551 1260 571 consecrasse

187 585 351 615 elementa:
377 585 587 624 eamdemque
611 585 892 622 consecrationem,
918 595 992 615 cum
1015 585 1048 615 in
1072 586 1259 616 eorumdem

187 629 323 659 maxime
340 628 490 659 consistat
506 629 769 659 transmutatione
785 629 817 659 in
829 640 924 660 suum
939 629 1065 669 Corpus
1083 637 1113 660 et
1129 630 1260 670 Sangui-

187 683 273 710 nem,
298 673 472 713 aptioribus
498 673 598 703 verbis
622 673 728 713 peragi
752 684 817 704 non
842 674 994 714 potuisse,
1012 685 1109 715 quam
1133 674 1205 711 illis,
1223 675 1260 704 de

187 717 303 758 quibus
327 717 463 757 agimus.
480 717 623 747 Tametsi
646 728 721 748 vero
745 719 839 748 verba
862 718 926 755 illa,
943 719 1010 749 Hic
1033 724 1079 749 est
1097 720 1195 759 panis
1210 718 1261 760 as-

178 763 340 802 flictionis
363 768 420 792 etc.
446 768 519 802 post
543 761 730 792 fractionem
755 762 920 793 cuiusdam
944 763 1106 802 placentae
1129 763 1162 793 in
1182 764 1260 793 duas

186 813 290 846 partes
313 805 466 846 proferret
490 806 731 846 paterfamilias,
757 817 922 847 perperam
945 807 1018 838 inde
1035 808 1187 838 extundas
1208 808 1261 837 illa

186 850 296 880 itidem
313 850 430 881 Christi
446 851 553 887 verba,
568 850 644 881 Hoc
659 856 706 882 est
723 851 848 892 Corpus
863 862 978 889 meum,
992 850 1095 892 neque
1112 859 1183 882 ante
1200 852 1260 882 fra-

186 894 337 931 ctionem,
362 905 467 936 neque
490 897 743 926 concomitanter
765 906 840 926 cum
863 896 1015 926 fractione
1039 896 1119 927 dicta
1144 896 1259 933 fuisse;

186 949 261 969 cum
285 939 362 970 haec
386 939 518 969 minime
543 939 688 971 Christus
705 940 870 980 protulerit
886 940 1016 971 illorum
1030 941 1115 976 loco,
1132 941 1187 970 sed
1203 951 1260 980 po-

185 983 248 1014 tius
272 983 312 1013 ad
343 984 598 1014 benedictionem
626 985 802 1024 pertineant
830 985 938 1024 panis,
970 995 1065 1025 quem
1098 985 1260 1015 convivio-

186 1038 260 1058 rum
283 1027 374 1058 initio
399 1029 545 1060 sumebat
568 1029 802 1068 paterfamilias,
827 1029 962 1069 Deoque
985 1029 1098 1069 gratias
1114 1039 1172 1068 pro
1189 1029 1260 1069 ipso

187 1072 308 1112 agebat.

255 1116 346 1153 Quae
375 1117 507 1148 demum
531 1116 726 1156 splendidius
757 1123 793 1147 ut
816 1117 1030 1154 innotescant,
1054 1123 1157 1156 partes
1181 1117 1262 1147 duae

186 1160 237 1190 vel
261 1160 356 1190 etiarn
379 1167 441 1192 tres
463 1161 497 1191 in
520 1161 633 1191 ultima
657 1171 767 1198 coena,
793 1171 891 1202 quam
915 1161 1060 1191 Christus
1084 1161 1260 1198 celebravit,

187 1204 427 1244 distinguendae
450 1212 534 1236 sunt:
559 1215 674 1245 nempe
699 1216 799 1236 coena
821 1205 940 1244 legalis,
966 1215 1065 1235 coena
1088 1205 1207 1235 usualis
1232 1212 1262 1235 et

186 1249 380 1287 communis,
405 1257 499 1290 atque
523 1257 681 1289 praeterea
705 1257 741 1280 ut
764 1249 861 1290 aliqui
886 1255 1010 1289 putant,
1030 1259 1130 1279 coena
1146 1249 1260 1292 eucha-

186 1293 299 1323 ristica.
324 1294 429 1324 Prima
452 1294 485 1333 in
509 1303 564 1324 esu
589 1295 661 1334 agni
685 1294 840 1334 paschalis
865 1293 1016 1323 consistit:
1041 1293 1074 1323 in
1098 1303 1198 1333 eaque
1217 1294 1260 1324 le-

186 1337 424 1378 gitimos-ritus
448 1339 630 1369 observasse
661 1338 824 1369 Christum
855 1337 935 1367 ratio
967 1337 1053 1367 nulla
1084 1337 1259 1369 dubitandi.

158 1378 163 1379 ⁷
186 1381 272 1412 Huic
296 1383 526 1423 adiungebatur
549 1392 648 1413 coena
671 1382 863 1419 communis,
880 1391 962 1422 quae
987 1382 1122 1412 coenula
1137 1382 1260 1412 diceba-

186 1432 253 1464 tur,
278 1427 404 1458 mellitis
428 1427 620 1468 quibusdam
651 1426 900 1467 saccharatisque
931 1426 1066 1456 bellariis
1089 1426 1259 1465 instructa,

186 1480 269 1511 quae
293 1472 424 1502 demum
448 1472 567 1512 poculo
590 1471 655 1502 vini
689 1472 902 1502 claudebatur.
928 1471 962 1500 In
991 1471 1049 1501 hac
1079 1470 1260 1502 institutum

186 1514 283 1545 fuisse
306 1516 546 1547 Sacramentum
569 1515 784 1546 Eucharistiae
810 1515 988 1546 existimant
1007 1515 1160 1556 plerique.
1184 1516 1261 1546 Ter-

186 1559 264 1599 tiam
278 1561 376 1592 veluti
393 1561 562 1591 coenulam
579 1561 778 1600 distinguunt
794 1560 855 1590 alii.
874 1559 1051 1590 Matthaeus
1069 1559 1169 1599 capite
1178 1571 1261 1598 xxw,

186 1608 216 1634 ν.
236 1604 276 1634 26
301 1612 333 1636 et
356 1606 483 1636 Marcus
506 1605 607 1645 capite
630 1615 696 1642 xiv,
720 1610 749 1635 ν.
769 1614 808 1634 22
834 1604 937 1634 aiunt:
965 1604 1181 1635 Coenantibus
1203 1615 1261 1635 au-

187 1652 248 1678 tem
273 1651 333 1687 eis,
357 1650 409 1679 vel
431 1650 700 1680 manducantibus
723 1649 798 1686 illis,
822 1649 944 1688 accepit
962 1648 1055 1679 Iesus
1064 1659 1184 1689 panem
1202 1656 1261 1680 etc.

186 1691 268 1722 idest
290 1694 350 1724 sub
373 1693 471 1724 finem
494 1694 544 1724 vel
568 1701 642 1734 post
664 1693 767 1734 ipsam
791 1703 924 1724 coenam
946 1693 1091 1732 legalem,
1108 1703 1143 1724 ac
1167 1694 1262 1724 etiam

187 1736 214 1767 si
237 1737 359 1777 placeat
381 1745 455 1778 post
471 1739 640 1769 coenulam
655 1738 810 1774 usualem,
828 1738 906 1767 dum
921 1737 1024 1768 adhuc
1041 1748 1168 1768 mensae
1185 1748 1261 1778 epu-

187 1780 226 1811 lis
250 1789 281 1813 et
303 1782 439 1813 bellariis
463 1790 575 1813 stratae
599 1783 820 1813 accumberent
843 1781 988 1821 discipuli
1013 1792 1088 1812 cum
1112 1781 1260 1819 Christo,

187 1827 307 1867 accepit
329 1827 382 1857 ille
406 1837 538 1867 panem,
563 1837 662 1867 quem
685 1826 887 1857 consecravit.
913 1826 943 1856 S.
970 1826 1075 1856 Lucae
1099 1827 1193 1856 verba
1217 1827 1262 1857 di-

187 1871 358 1901 sertissima
382 1878 456 1901 sunt
479 1872 580 1911 capite
603 1881 675 1901 xxii.
698 1871 751 1901 Ait
774 1871 860 1901 enim
882 1880 962 1900 vers.
994 1878 1046 1910 14:
1071 1870 1152 1901 Cum
1162 1871 1261 1911 sacta

187 1921 268 1946 esset
283 1916 375 1951 hora,
393 1915 553 1946 discubuit
568 1920 598 1946 et
611 1915 776 1946 duodecim
793 1915 938 1955 Apostoli
953 1925 1025 1945 cum
1043 1923 1093 1952 eo‚·
1109 1926 1188 1946 vers.
1212 1917 1260 1946 15:

186 1958 231 1990 Et
253 1961 301 1990 ait
323 1959 408 1990 illis:
436 1960 605 1991 Desiderio
628 1959 810 1990 desideravi
838 1960 898 1990 hoc
914 1960 1038 1999 pascha
1063 1960 1262 1991 manducare

189 2004 364 2042 vobiscum,
394 2009 566 2045 antequam
586 2005 722 2044 patiar;
750 2014 829 2034 vers.
860 2005 913 2034 16:
938 2005 1020 2034 Dico
1049 2006 1132 2035 enim
1158 2005 1259 2042 vobis,

187 2050 264 2090 quia
289 2058 330 2079 ex
357 2049 416 2079 hoc
446 2058 509 2079 non
543 2049 744 2079 manducabo
774 2049 873 2086 illud,
898 2049 999 2079 donec
1029 2050 1202 2089 impleatur
1225 2051 1257 2080 in

188 2103 292 2135 regno
314 2094 390 2124 Dei:
408 2093 463 2124 ubi
479 2093 585 2124 Sancti
602 2093 740 2123 fruentes
755 2093 959 2130 beatitudine,
977 2093 1136 2123 aerumnis
1156 2094 1261 2124 omni-

185 2139 246 2170 bus
269 2138 365 2169 huius
388 2138 469 2168 vitae
493 2137 628 2168 exsoluti
651 2145 736 2174 sunt,
761 2138 842 2168 hanc
866 2137 994 2177 plenam
1018 2138 1208 2169 Sanctorum
1222 2138 1260 2168 li-

185 2184 339 2214 bertatem
362 2182 509 2223 paschate
532 2182 625 2222 legali
649 2181 854 2222 significante.
879 2183 966 2212 Haec
990 2189 1038 2212 est
1062 2192 1160 2213 coena
1177 2183 1260 2222 lega-

183 2228 234 2265 lis,
257 2227 298 2258 ad
321 2237 419 2268 quam
442 2227 537 2257 verba
559 2226 717 2267 pertinent
740 2236 822 2267 quae
846 2233 1024 2267 sequuntur
1046 2237 1125 2257 vers.
1150 2235 1198 2268 17:
1219 2228 1262 2258 Et

185 2277 315 2312 accepto
343 2272 445 2302 calice
467 2272 596 2312 gratias
628 2272 695 2312 egit
718 2276 749 2301 et
776 2272 880 2301 dixit:
905 2272 1047 2311 Accipite
1078 2277 1108 2302 et
1130 2272 1262 2302 dividite

185 2318 271 2347 inter
294 2324 363 2353 vos;
385 2326 464 2346 vers.
487 2315 540 2346 18:
560 2316 642 2346 Dico
666 2316 748 2346 enim
775 2316 871 2352 vobis,
897 2315 981 2356 quod
1005 2326 1068 2346 non
1095 2316 1197 2346 bibam
1222 2316 1262 2346 de

183 2362 396 2402 generatione
419 2361 511 2398 vitis,
537 2360 638 2390 donec
660 2370 799 2401 regnum
816 2361 879 2390 Dei
895 2361 1011 2390 veniat.
1037 2360 1195 2391 Poculum
1215 2368 1262 2391 est

183 2415 251 2436 non
275 2405 428 2446 primum,
451 2405 550 2435 veluti
573 2405 845 2445 praeparatorium
869 2405 909 2434 ad
926 2414 1060 2434 coenam
1075 2405 1209 2444 legalem
1226 2412 1261 2435 ut

183 2450 217 2480 in
241 2449 406 2481 ritualibus
439 2449 632 2479 Iudaeorum
655 2449 741 2479 libris
764 2449 898 2488 legitur;
922 2449 977 2478 sed
1001 2449 1146 2486 alterum,
1171 2450 1259 2489 quod

184 2494 218 2524 in
248 2493 312 2524 fine
341 2494 484 2524 eiusdem
517 2503 634 2524 coenae
667 2493 878 2523 hauriebatur.
904 2493 1007 2532 Pergit
1038 2494 1140 2523 Lucas
1165 2500 1195 2523 et
1218 2494 1261 2524 ait

184 2549 264 2570 vers.
290 2546 338 2578 19:
362 2538 406 2569 Et
428 2543 557 2578 accepto
576 2547 675 2577 pane,
699 2538 829 2578 gratias
852 2539 919 2578 egit
942 2543 973 2567 et
986 2537 1098 2578 fregit
1121 2543 1151 2568 et
1174 2537 1261 2568 dedit

184 2585 231 2614 eis
254 2583 382 2614 dicens:
405 2583 480 2613 Hoc
499 2587 546 2613 est
571 2582 697 2622 Corpus
714 2592 830 2618 meum,
854 2582 940 2622 quod
957 2592 1021 2622 pro
1039 2582 1125 2612 vobis
1141 2582 1240 2612 datur
1247 2590 1260 2619 ;

184 2628 244 2658 hoc
256 2627 366 2668 facite
388 2628 421 2657 in
446 2637 549 2657 meam
575 2627 920 2663 commemorationem;
935 2636 1014 2656 vers.
1035 2633 1086 2656 20:
1105 2626 1260 2657 Similiter

184 2677 215 2703 et
238 2672 381 2708 calicem,
401 2677 572 2712 postquam
598 2672 754 2708 coenavit,
779 2671 909 2701 dicens:
931 2671 999 2701 Hic
1022 2676 1069 2701 est
1092 2671 1180 2701 calix
1204 2681 1259 2701 no-

185 2726 259 2747 vum
284 2721 507 2747 testamentum
533 2717 564 2745 in
589 2715 760 2756 Sanguine
783 2725 863 2752 meo,
888 2716 944 2755 qui
961 2725 1025 2755 pro
1043 2715 1129 2745 vobis
1134 2715 1259 2756 sunde-

184 2766 248 2791 tur.
273 2761 363 2791 Paria
386 2768 460 2791 sunt
483 2771 565 2801 quae
589 2761 683 2791 tradit
700 2761 877 2801 Apostolus
897 2760 1015 2790 Paulus
1033 2759 1066 2790 in
1085 2759 1230 2799 Epistola
1246 2760 1258 2790 I

184 2806 223 2836 ad
243 2805 403 2842 Corinth„
421 2805 522 2845 capite
539 2816 580 2835 xi.

253 2850 288 2880 In
311 2850 369 2880 hac
398 2856 612 2880 sacrosanctae
645 2849 860 2880 Eucharistiae
890 2848 1108 2885 institutione,
1138 2848 1203 2879 sive
1226 2849 1259 2878 in

184 2893 252 2933 ipsa
276 2894 411 2924 coenula
434 2893 538 2924 usuali
568 2894 633 2924 sive
657 2901 731 2934 post
759 2894 862 2934 ipsam
893 2901 1017 2933 peracta
1041 2893 1150 2932 fuerit,
1182 2893 1259 2923 ritus

185 2937 296 2978 utique
319 2945 350 2968 et
373 2938 607 2968 benedictiones
631 2945 662 2968 et
684 2938 855 2977 gratiarum
879 2938 1019 2968 actiones
1033 2937 1177 2968 adhibuit
1193 2938 1259 2968 Sal-

184 2988 276 3011 vator
304 2982 434 3019 mundi,
467 2992 550 3022 quae
580 2983 804 3021 augustissimo
837 2983 1039 3013 Sacramento
1064 2982 1259 3012 instituendo

187 3033 406 3065 congruerent.
431 3026 529 3056 Iulius
552 3026 768 3057 Bartoloccius
783 3027 816 3057 in
833 3026 1029 3057 Bibliotheca
1045 3037 1160 3066 magna
1176 3027 1259 3056 Rab-

185 3069 289 3100 binica
311 3077 399 3110 parte
429 3070 471 3107 11,
506 3080 576 3110 pag.
602 3080 666 3112 747
698 3071 773 3101 scite
805 3072 936 3101 adnotat
973 3078 1095 3110 patrem
1125 3071 1259 3101 familias

186 3114 272 3154 apud
296 3114 430 3144 ludaeos
459 3114 620 3154 placentae
644 3125 774 3155 azymae
798 3122 931 3154 partem.
947 3125 1028 3155 quae
1048 3125 1084 3145 ex
1101 3125 1200 3145 coena
1216 3115 1258 3144 le-

186 3158 248 3198 gali
271 3165 426 3188 reservata
448 3158 560 3196 fuerat,
584 3158 726 3198 frangere
748 3160 781 3190 in
805 3160 940 3190 coenula
963 3166 994 3190 et
1016 3159 1048 3189 in
1069 3159 1167 3190 frusta
1182 3159 1258 3189 divi-

187 3204 259 3233 dere
283 3210 314 3232 et
337 3202 545 3232 assidentibus
569 3213 697 3233 mensae
721 3204 906 3234 distribuere
925 3203 1126 3234 consuevisse
1140 3204 1260 3243 absque

186 3247 251 3278 ulla
273 3246 502 3277 benedictione:
520 3246 670 3287 idemque
687 3255 843 3278 servatum
860 3248 891 3278 in
910 3248 1130 3278 distributione
1145 3247 1258 3278 calicis.

186 3294 336 3322 Attamen
364 3305 378 3319 ⁴<
397 3290 552 3328 Christus,
577 3292 690 3331 inquit,
713 3293 824 3322 volens
847 3292 928 3322 hanc
952 3299 1074 3331 partem
1098 3293 1260 3331 placentae

189 3348 203 3363 »
224 3335 344 3366 efficere
367 3334 495 3375 Corpus
511 3345 618 3370 suum,
639 3336 811 3375 benedixit,
829 3336 918 3376 quod
935 3346 1001 3366 non
1019 3336 1138 3366 faciunt
1153 3335 1259 3365 ludaei

187 3392 203 3407 ι
227 3381 306 3410 dum
330 3379 495 3419 frangunt:
523 3379 577 3409 sed
600 3379 680 3409 illud
703 3380 735 3410 in
760 3380 858 3410 frusta
882 3379 1027 3409 dividunt
1057 3387 1088 3410 et
1118 3379 1185 3409 sine
1208 3380 1261 3409 be-

188 3437 204 3452 »
222 3424 401 3455 nedictione
425 3434 462 3453 ex
486 3434 524 3453 eo
545 3424 785 3454 communicant
799 3434 912 3453 omnes
929 3424 1100 3453 assidentes
1117 3424 1157 3453 ad
1172 3433 1259 3453 men-

188 3480 203 3495 »
222 3479 300 3499 sam.
326 3468 470 3499 Christus
504 3475 611 3498 autem
642 3468 799 3498 benedixit
831 3475 866 3497 ut
889 3466 1029 3511 εὐλογίαι
1054 3468 1175 3507 prolata
1205 3477 1261 3507 per

189 3525 203 3539 »
223 3514 328 3549 verba,
345 3513 420 3543 Hoc
440 3518 487 3543 est
508 3512 634 3552 Corpus
657 3522 773 3549 meum,
797 3510 1021 3554 εὗχκριστίκν
1039 3511 1191 3551 Corporis
1211 3511 1260 3541 sui

188 3569 204 3584 ι
223 3557 464 3587 sacratissimam
476 3555 652 3587 conficeret.
666 3557 752 3586 Idem
764 3557 843 3587 circa
854 3557 994 3592 calicem,
1006 3563 1178 3596 postquam
1189 3565 1259 3585 coe-

189 3613 204 3627 »
223 3608 336 3632 natum
359 3608 416 3639 est,
441 3601 551 3631 effecit.
571 3613 584 3627 >³
610 3601 701 3631 Unde
719 3608 833 3631 notum
849 3599 884 3631 fit
906 3607 1171 3641 compertumque
1194 3599 1259 3629 fru-

186 3652 250 3676 stra
272 3645 344 3676 illos
369 3656 452 3684 esse,
477 3645 533 3686 qui
557 3646 784 3676 contenderent
806 3655 873 3676 non
897 3645 972 3675 alias
995 3655 1014 3675 a
1037 3645 1107 3675 Iesu
1131 3643 1259 3675 Christo

2280 298 2383 322 CCXCI

1316 363 1470 394 adhibitas
1493 362 1727 394 benedictiones
1752 369 1782 393 et
1797 362 1906 393 laudes
1924 369 1954 393 et
1969 363 2140 402 gratiarum
2159 363 2308 401 actiones,
2326 365 2385 395 nisi

1316 418 1396 447 quae
1421 408 1453 438 in
1478 408 1642 438 ritualibus
1666 408 1858 437 Iudaeorum
1881 406 1967 437 libris
1992 414 2142 446 prostant.
2162 408 2258 444 Quod
2276 409 2318 439 ait
2334 410 2385 439 de-

1317 462 1407 482 mum
1431 451 1576 490 Pfaffius,
1596 451 1698 482 verbis
1714 451 1786 489 illis,
1805 451 1880 482 Hoc
1896 457 1942 482 est
1960 451 2085 491 Corpus
2104 461 2220 488 meum,
2238 453 2386 483 adlusum

1316 506 1334 525 a
1358 496 1486 527 Christo
1511 506 1629 535 agnum
1654 496 1845 536 paschalem,
1870 505 1968 536 quem
1987 505 2103 536 corpus
2113 497 2279 536 paschatis
2294 508 2386 527 voca-

1315 540 1408 578 bant,
1439 551 1497 571 nec
1529 540 1648 570 inficias
1680 540 1791 570 iverim
1815 550 1892 579 ego,
1922 550 2026 580 neque
2056 540 2240 580 adprobem.
2265 541 2386 571 Aientis

1316 584 1504 615 Bartoloccii
1528 586 1622 615 verba
1645 584 1756 615 refero:
1785 598 1798 612 «
1817 585 2000 621 Quaeres....
2026 594 2082 614 cur
2105 584 2250 615 Christus
2274 585 2386 615 Domi-

1318 641 1332 655 »
1354 631 1420 659 nus'
1439 629 1472 659 in
1496 629 1693 659 institutione
1718 628 1905 659 sanctissimi
1930 628 2144 659 Eucharistiae
2174 629 2386 668 Sacramenti,

1318 685 1332 700 »
1352 674 1459 713 potius
1477 684 1553 704 usus
1570 680 1615 703 est
1631 673 1679 703 his
1702 673 1815 711 verbis,
1838 673 1914 703 Hoc
1936 679 1982 704 est
2003 673 2129 713 Corpus
2149 684 2265 711 meum,
2288 684 2387 715 quam

1318 730 1332 744 ³>
1352 718 1419 748 aliis
1440 718 1664 758 quibusdam...
1681 717 1725 758 (v.
1741 716 1791 758 g.)
1816 718 1883 748 Hic
1902 718 1998 757 panis
2014 723 2060 748 est
2076 728 2152 748 caro
2170 728 2272 748 mea...
2289 719 2384 759 Resp.

1317 774 1332 789 v
1351 762 1463 792 Voluit
1485 762 1533 792 his
1556 762 1658 792 verbis
1676 761 1836 792 Dominus
1860 762 1997 792 alludere
2022 762 2061 791 ad
2085 762 2298 792 ceremoniam
2314 763 2387 803 agni

1318 818 1331 832 >v
1352 806 1519 844 Paschalis,
1544 816 1642 846 quem
1665 806 1698 835 in
1717 806 1775 836 hac
1792 816 1890 836 coena
1907 806 2014 836 Iudaei
2031 807 2249 844 comedebant,
2267 807 2387 848 quique

1318 863 1332 878 »
1351 857 1416 881 erat
1439 858 1534 891 typus
1558 857 1588 880 et
1611 849 1712 890 figura
1726 849 1853 880 Christi.
1874 850 1969 880 Hunc
1986 857 2125 881 assatum
2140 861 2268 882 mensae
2285 862 2385 892 appo-

1318 907 1333 921 »
1352 895 1467 925 nebant
1490 895 1665 934 integrum,
1690 900 1720 924 et
1743 904 1859 934 corpus
1877 895 2051 934 paschatis,
2078 895 2142 925 sive
2165 906 2282 936 corpus
2304 898 2386 937 agni

1317 939 1510 978 »paschalis
1532 939 1753 968 vocabant....
1786 937 2019 968 Consummata
2048 939 2160 969 veteris
2190 940 2387 971 Testamenti

1317 995 1331 1008 ι»
1353 983 1575 1013 ceremoniam.
1598 989 1634 1012 ut
1657 992 1779 1012 novum
1802 982 1954 1012 Salvator
1978 988 2086 1013 noster
2109 990 2138 1014 et
2162 991 2324 1015 aeternum
2339 985 2387 1015 in-

1318 1039 1333 1054 »
1351 1027 1492 1057 stitueret
1510 1027 1764 1063 Testamentum,
1780 1033 1810 1056 et
1825 1036 1947 1056 novum
1964 1026 2091 1067 Corpus
2106 1028 2170 1058 veri
2187 1035 2217 1058 et
2233 1029 2386 1060 immacu-

1318 1083 1333 1098 »
1352 1071 1406 1100 lati
1425 1070 1508 1110 Agni
1526 1070 1617 1100 nobis
1635 1070 1894 1100 manducandum
1909 1072 2069 1110 praeberet
2085 1073 2143 1102 sub
2164 1073 2265 1112 specie
2282 1073 2383 1113 panis,

1318 1127 1332 1142 ›
1352 1125 1469 1154 panem
1492 1115 1599 1154 ipsum
1623 1115 1742 1154 accepit
1765 1121 1795 1144 et
1818 1115 1857 1144 ad
1881 1125 1996 1154 corpus
2016 1116 2087 1154 agni
2104 1117 2256 1155 paschalis
2271 1118 2382 1148 veteris

1318 1171 1333 1186 »
1353 1158 1550 1189 Testamenti
1566 1159 1719 1196 alludens,
1744 1158 1830 1197 dixit,
1854 1159 1929 1189 Hoc
1944 1165 1990 1189 est
2009 1159 2134 1200 Corpus
2150 1171 2287 1192 meum...
2303 1162 2386 1192 Pari-

1318 1215 1332 1230 »
1353 1203 1495 1233 formiter
1518 1210 1591 1242 post
1616 1213 1823 1233 communem
1847 1210 1877 1233 et
1901 1203 2045 1233 usualem
2070 1214 2203 1235 coenam
2232 1206 2386 1246 accipiens

1317 1259 1331 1274 »
1352 1247 1518 1287 poculum,
1534 1247 1677 1287 illudque
1694 1257 1730 1277 ex
1740 1247 1835 1277 veteri
1852 1247 1884 1277 in
1900 1258 2022 1278 novum
2032 1248 2274 1279 Testamentum
2288 1257 2386 1281 trans-

1318 1304 1331 1318 »
1352 1292 1472 1329 ferens,
1497 1291 1609 1322 vinum
1632 1292 1666 1322 in
1690 1291 1884 1332 Sanguinem
1908 1302 2004 1322 suum
2025 1293 2288 1332 pretiosissimum
2312 1305 2386 1325 con-

1317 1349 1332 1364 »
1352 1343 1492 1367 secravn.
1512 1348 1527 1363 »

1699 1438 1896 1475 CAPUT
1937 1438 2004 1475 IV.

1315 1544 1501 1577 Episcopatum
1521 1550 1580 1568 esse
1604 1543 1729 1568 Ordinem
1756 1552 1769 1568 a
1795 1543 1973 1576 presbyteratu
1998 1544 2144 1568 distinctum
2170 1544 2245 1569 docet
2262 1545 2388 1577 Aquinas.

1387 1579 1542 1603 Distinctum
1566 1578 1642 1603 etiam
1662 1579 1709 1603 dici
1734 1579 1828 1603 debere
1853 1580 2048 1604 Sacramentum
2073 1579 2205 1604 inficiatur.
2225 1580 2389 1605 Consectaria

1389 1620 1415 1639 et
1433 1614 1679 1645 animadversiones,
1698 1614 1792 1646 quibus
1812 1615 1927 1646 Angelici
1947 1615 2064 1640 Doctoris
2079 1623 2153 1640 mens
2169 1615 2316 1641 illustratur.
2331 1616 2387 1640 Tri-

1389 1650 1493 1674 dentina
1511 1650 1640 1682 Synodus,
1656 1658 1685 1674 ac
1700 1650 1804 1674 Patrum
1825 1651 1953 1681 dogmata,
1968 1656 1993 1675 et
2007 1651 2127 1675 Canones
2144 1659 2196 1675 non
2211 1651 2387 1676 adversantur.

1389 1686 1426 1709 Ea
1450 1686 1482 1709 ad
1506 1693 1614 1710 examen
1640 1686 1813 1717 quorumdam
1832 1686 1919 1718 opinio
1944 1692 2064 1717 vocatur,
2084 1686 2127 1719 qui
2153 1692 2242 1719 putant
2267 1687 2389 1712 diaconos

1388 1721 1459 1752 olim,
1479 1720 1663 1754 praetermisso
1683 1721 1873 1754 presbyteratu,
1892 1721 2023 1746 ordinatos
2042 1721 2122 1746 fuisse
2140 1722 2294 1755 Episcopus.

1317 1827 1339 1857 I.
1364 1823 1515 1905 Libens
1539 1830 1716 1870 lubensque
1740 1829 1878 1860 formam
1902 1830 2033 1861 exhibeo
2057 1830 2281 1870 vindiciarum,
2307 1842 2388 1872 quae

1429 1874 1604 1905 uberrimae
1628 1874 1772 1904 adornari
1803 1882 1939 1914 possunt
1963 1885 2020 1915 pro
2051 1875 2197 1905 Thomae
2221 1876 2389 1916 Aquinatis

1316 1916 1503 1958 theologicis
1535 1918 1751 1958 dogmatibus,
1776 1929 1857 1959 quae
1886 1919 2027 1949 censoria
2050 1919 2136 1958 virga
2169 1921 2272 1950 notari
2296 1915 2403 1960 posse'

1316 1963 1465 1993 nonnulli
1489 1970 1616 1994 censent
1639 1963 1940 2003 imprudentissime.
1965 1964 2000 1994 In
2032 1974 2163 1994 censum
2186 1964 2272 1995 venit
2294 1965 2390 1995 thesis

1316 2005 1379 2042 illa,
1396 2018 1478 2048 quae
1496 2007 1595 2038 veluti
1612 2018 1630 2037 a
1644 2008 1773 2038 Thoma
1787 2008 1898 2038 tradita
1915 2008 2081 2048 profertur:
2098 2008 2273 2049 eademque
2290 2019 2388 2039 enun-

1316 2049 1381 2089 tiat,
1403 2052 1630 2093 Episcopatum
1656 2062 1714 2082 nec
1737 2062 1805 2082 esse
1832 2052 1996 2090 Ordinem,
2016 2063 2118 2093 neque
2132 2052 2388 2084 Sacramentum.

1315 2094 1407 2126 Hanc
1435 2107 1510 2127 vero
1534 2098 1708 2127 admonent
1737 2097 1902 2134 adversarii
1931 2098 1991 2127 ltoc
2013 2102 2153 2137 tempore
2170 2099 2388 2137 periculosam

1317 2148 1385 2170 esse
1408 2142 1446 2171 ob
1470 2142 1574 2172 locum
1602 2141 1739 2171 Concilii
1767 2141 1946 2171 Tridentini
1968 2151 2044 2172 sess.
2070 2152 2151 2171 xxm.
2173 2142 2246 2171 Pars
2271 2153 2386 2182 nempe

1317 2183 1442 2215 theseos
1467 2185 1680 2225 Praeceptoris
1704 2185 1846 2224 Angelici
1862 2186 2048 2216 sententiam
2065 2186 2161 2222 effert,
2178 2186 2388 2226 imposturam

1317 2227 1437 2260 invehit
1461 2240 1532 2270 pars
1552 2231 1655 2260 altera.
1674 2230 1742 2260 Hac
1760 2231 1798 2259 de
1813 2240 1845 2259 re
1862 2230 1926 2269 agit
1942 2230 2084 2270 Aquinas
2099 2230 2131 2260 in
2147 2231 2200 2268 IV,
2219 2230 2288 2260 dist.
2304 2241 2387 2269 xxtv,

1317 2282 1372 2312 qu.
1393 2285 1436 2311 11¹,
1458 2282 1512 2305 art.
1530 2284 1565 2311 11,
1586 2274 1781 2314 quaestiunc.
1802 2282 1844 2305 11:
1866 2287 1879 2302 «ι
1899 2275 1951 2304 Ad
1974 2275 2146 2311 secundam
2169 2275 2390 2315 quaestionem

1320 2329 1334 2343 ›>
1355 2318 1538 2355 dicendum,
1559 2320 1716 2358 inquiens,
1735 2318 1823 2359 quod
1850 2318 1938 2349 Ordo
1962 2325 2067 2358 potest
2090 2318 2188 2358 accipi
2212 2319 2388 2359 dupliciter.

1319 2373 1333 2387 >›
1355 2363 1428 2393 Uno
1452 2363 1563 2400 modo,
1585 2363 1762 2393 secundum
1786 2363 1874 2403 quod
1894 2369 1940 2393 est
1963 2363 2227 2394 Sacramentum:
2243 2370 2273 2394 et
2297 2364 2340 2394 sic
2356 2371 2391 2394 ut

1318 2417 1332 2432 »
1353 2407 1440 2446 prius
1465 2407 1585 2437 dictum
1605 2414 1651 2437 est
1667 2406 1739 2449 (qu.
1759 2418 1791 2445 11,
1812 2413 1875 2437 art.
1896 2405 1931 2449 ι),
1949 2407 2112 2438 ordinatur
2126 2407 2231 2437 omnis
2255 2408 2334 2438 ordo
2350 2409 2390 2438 ad

1318 2462 1331 2476 >⁹
1352 2451 1566 2482 Eucharistiae
1591 2451 1840 2482 Sacramentum.
1858 2452 1950 2482 Unde
1967 2462 2041 2482 cum
2058 2452 2236 2492 Episcopus
2254 2462 2319 2482 non
2334 2453 2389 2483 ha-

1317 2506 1332 2521 »
1352 2496 1423 2526 beat
1446 2503 1637 2536 potestatem
1661 2496 1858 2536 superiorem
1881 2497 2042 2526 sacerdote
2065 2504 2222 2537 quantum
2246 2497 2285 2526 ad
2308 2497 2388 2535 hoc,

1317 2551 1332 2565 2>
1350 2550 1416 2570 non
1441 2540 1498 2571 erit
1520 2540 1732 2580 Episcopatus
1756 2540 1856 2571 Ordo.
1874 2540 1948 2570 Alio
1965 2541 2064 2571 modo
2080 2548 2184 2581 potest
2200 2541 2389 2571 considerari

1317 2597 1330 2610 »
1352 2585 1459 2622 Ordo,
1491 2585 1668 2615 secundum
1692 2585 1781 2625 quod
1810 2592 1856 2615 est
1886 2585 2028 2626 officium
2060 2585 2218 2626 quoddam
2244 2591 2387 2625 respectu

1317 2644 1331 2655 n
1351 2629 1566 2670 quarumdam
1590 2630 1751 2660 actionum
1775 2638 1964 2660 sacrarum:
1988 2637 2018 2659 et
2042 2630 2085 2660 sic
2110 2640 2183 2660 cum
2208 2630 2387 2670 Episcopus

1317 2686 1331 2699 »
1351 2675 1464 2704 habeat
1487 2681 1678 2714 potestatem
1699 2673 1732 2703 in
1749 2674 1927 2704 actionibus
1950 2674 2145 2704 hierarchicis
2161 2681 2303 2713 respectu
2320 2685 2387 2704 cor-

1317 2730 1331 2744 »
1351 2718 1438 2758 poris
1462 2718 1586 2759 mystici
1606 2728 1700 2758 supra
1716 2719 1922 2755 sacerdotem,
1939 2719 2151 2758 Episcopatus
2167 2720 2228 2748 erit
2250 2718 2348 2749 Ordo.
2368 2731 2383 2746 »

1381 2763 1456 2793 Pars
1489 2773 1564 2801 ergo
1595 2763 1721 2793 theseos
1754 2763 1855 2803 prima
1889 2773 2053 2802 perperam
2082 2770 2112 2793 et
2134 2763 2247 2803 iniuria
2278 2770 2386 2793 sancto

1315 2807 1462 2838 Thomae
1486 2807 1662 2846 affingitur,
1687 2807 1742 2847 qui
1774 2807 2024 2837 constantissime
2049 2807 2166 2847 passim
2190 2808 2282 2837 docet
2312 2807 2387 2847 Epi-

1315 2859 1484 2892 scopatum
1508 2862 1574 2882 esse
1591 2851 1757 2889 Ordinem,
1777 2851 1802 2881 si
1827 2861 1884 2891 pro
1903 2851 2108 2881 eminentiore
2125 2851 2266 2891 quodam
2283 2851 2387 2881 officio

1315 2903 1469 2933 sumatur,
1495 2907 1513 2926 a
1537 2896 1672 2935 simplici
1696 2896 1870 2926 sacerdotio
1887 2896 2080 2933 distinctum,
2095 2895 2266 2935 ipsumque
2283 2895 2388 2925 divina

1317 2941 1386 2971 Iesu
1412 2941 1529 2971 Christi
1546 2940 1744 2971 institutione
1760 2947 1997 2980 permanentem
2013 2950 2047 2970 ac
2070 2939 2281 2969 indelebilem.
2300 2941 2388 2970 Loco

1316 2985 1410 3015 citato
1434 2985 1475 3014 ad
1501 2986 1536 3015 3:
1561 2985 1752 3021 Dicendum,
1771 2985 1822 3022 ait,
1839 2985 1924 3025 quod
1941 2990 2085 3024 potestas
2107 2984 2307 3024 Episcopalis
2323 2995 2386 3014 non

1315 3035 1362 3059 est
1385 3035 1509 3060 tantum
1541 3030 1785 3066 iurisdictionis,
1810 3030 1866 3059 sed
1890 3030 1984 3058 etiam
2012 3028 2187 3059 Ordinis...
2211 3029 2385 3059 secundum

1314 3074 1399 3114 quod
1424 3073 1512 3104 Ordo
1541 3075 1752 3104 communiter
1774 3074 1939 3113 accipitur.
1965 3072 2044 3102 Dist.
2068 3083 2145 3110 xxv,
2170 3083 2224 3113 qu.
2245 3084 2266 3110 1,
2286 3079 2342 3103 art.
2362 3083 2386 3103 11

1314 3118 1354 3147 ad
1380 3125 1416 3148 2:
1444 3118 1539 3155 Quod
1566 3119 1598 3147 in
1617 3119 1820 3158 promotione
1842 3118 1992 3157 Episcopi
2019 3117 2118 3147 datur
2139 3117 2199 3147 sibi
2224 3122 2384 3157 potestas,

1314 3172 1396 3202 quae
1420 3167 1576 3202 perpetuo
1600 3167 1708 3191 manet
1731 3163 1763 3191 in
1788 3171 1840 3198 eo,
1865 3162 2011 3201 quamvis
2033 3161 2097 3191 dici
2120 3171 2182 3191 non
2195 3163 2298 3201 possit
2312 3162 2385 3192 cha-

1315 3212 1434 3243 racter,
1447 3207 1522 3246 quia
1533 3216 1597 3246 per
1611 3216 1681 3236 eam
1699 3216 1761 3236 non
1782 3206 1953 3236 ordinatur
1968 3206 2060 3235 lzomo
2076 3206 2194 3236 directe
2208 3207 2252 3236 ad
2267 3207 2383 3243 Deum,

1313 3250 1370 3280 sed
1392 3251 1435 3280 ad
1451 3260 1567 3289 corpus
1586 3250 1705 3280 Christi
1721 3251 1910 3290 mysticum:
1926 3255 1956 3279 et
1972 3255 2077 3280 tamen
2095 3250 2304 3280 indelebiliter
2318 3260 2385 3279 ma-

1315 3299 1379 3331 net,
1404 3295 1487 3324 sicut
1511 3295 1698 3331 character,
1723 3295 1798 3334 quia
1817 3328 1819 3330 ,
1825 3304 1889 3334 per
1912 3295 2181 3324 consecrationem
2212 3295 2319 3324 datur.
2345 3294 2386 3324 Et

1315 3338 1482 3377 Opusculo
1507 3338 1607 3368 XVIII
1631 3338 1664 3367 in
1690 3338 1827 3368 editione
1851 3339 2007 3375 Romana,
2034 3338 2133 3378 capite
2149 3345 2236 3367 xxiv:
2257 3338 2292 3367 Si
2309 3338 2384 3377 Epi-

1314 3392 1429 3422 scopus
1447 3382 1609 3421 depositus
1633 3383 1834 3419 restituatur,
1856 3393 1918 3412 non
1937 3384 2051 3412 iterum
2069 3387 2287 3418 consecratur,
2304 3387 2384 3412 tam-

1315 3436 1410 3466 quam
1423 3431 1582 3465 potestate
1602 3425 1734 3456 Ordinis
1755 3432 1955 3463 remanente,
1973 3428 2056 3456 sicut
2077 3432 2107 3456 et
2124 3427 2156 3456 in
2173 3427 2247 3456 aliis
2263 3427 2385 3456 contin-

1314 3471 1364 3510 git
1382 3469 1565 3500 Ordinibus.
1579 3470 1654 3507 Quo
1675 3470 1806 3499 demum
1822 3470 2003 3510 Episcopali
2019 3470 2149 3507 Ordine,
2161 3470 2284 3500 tametsi
2300 3470 2387 3500 iuxta

1316 3521 1456 3543 mentem
1480 3514 1627 3544 Thomae
1650 3523 1716 3543 non
1740 3513 1779 3543 sit
1798 3514 2047 3551 Sacramentum,
2064 3525 2120 3544 nec
2137 3515 2298 3554 imprimat
2313 3515 2384 3544 cha·

1315 3565 1485 3595 racterem,
1515 3558 1710 3597 superiorem
1734 3558 1915 3598 presbytero
1946 3558 2026 3588 effici
2054 3559 2268 3598 Episcopum,
2294 3559 2387 3589 docet

1314 3602 1367 3632 ille
1390 3612 1426 3632 ac
1450 3602 1584 3632 declarat
1613 3602 1841 3641 elegantissime
1866 3602 1935 3633 dist.
1962 3613 2032 3632 xxiv
2058 3603 2128 3641 cit.‚
2148 3613 2179 3643 q.
2199 3613 2253 3640 m,
2279 3610 2334 3633 art.
2359 3613 2385 3633 11

1316 3647 1356 3676 ad
1382 3647 1410 3677 3:
1439 3660 1452 3674 c
1471 3646 1568 3684 Sicut,
1593 3647 1750 3687 inquiens,
1772 3646 1919 3677 omnium
1943 3657 2048 3677 rerum
2071 3647 2265 3678 naturalium
2283 3647 2384 3688 perfe-
