2548 4192
734 355 1189 408 SANCTISSIMI
1232 355 1503 408 DOMINI
1547 355 1817 408 NOSTRI

866 483 1671 619 LEONIS

980 691 1165 728 DlVINA
1194 691 1562 728 PROVIDENTIA

605 801 1364 934 PAPAE
1503 803 1941 933 XIII.

1056 1006 1487 1062 LITTERAE

667 1135 727 1165 AD
751 1133 1126 1165 EMINENTISSIMUM
1150 1132 1209 1164 AC
1234 1133 1646 1164 REVERENDISSIMUM
1671 1134 1879 1165 DOMINUM

433 1196 700 1228 ANTONINUM
732 1194 978 1226 EPISCOPUM
1007 1194 1346 1225 PRAENESTINUM
1379 1194 1411 1225 S.
1444 1195 1481 1225 R.
1515 1195 1551 1225 E.
1586 1195 1872 1226 CARDINALEM
1904 1196 1961 1227 DE
1992 1197 2110 1229 LUCA

715 1257 858 1290 SACRO
883 1256 1086 1288 CONSILIO
1111 1256 1278 1288 STUDIIS
1302 1256 1520 1287 REGUNDIS
1544 1257 1839 1289 PRAEFECTUM

1179 1352 1370 1380 ..ffssffu

516 1453 706 1477 VENERABILI
720 1452 833 1475 FRATRI
849 1452 977 1475 NOSTRO
993 1451 1163 1474 ΑΝΤΟΝῙΝΟ
1180 1452 1332 1474 EPISCOPO
1349 1451 1569 1474 PRAENESTINO
1585 1452 1609 1474 S.
1619 1452 1644 1474 R.
1654 1452 1681 1474 Ε.
1697 1453 1867 1475 CARDINALI
1882 1453 1923 1476 DE
1936 1454 2020 1477 LUCA

882 1498 986 1521 SAcRo
1002 1498 1151 1521 CONSILIO
1166 1498 1288 1520 STUDIIS
1305 1498 1463 1520 REGUNDIS
1479 1491 1663 1521 PRAEFECTO

933 1588 1149 1654 LEO
1208 1588 1338 1654 ΡΡ.
1395 1588 1604 1654 XIII.

968 1705 1220 1733 VENERABILIS
1242 1705 1395 1733 FRATER
1417 1705 1571 1734 NOSTER

761 1790 969 1831 Salutem
997 1793 1043 1830 et
1072 1789 1390 1840 Apostolicam
1419 1789 1789 1830 Benedictionem

216 2179 250 2191 .
259 2178 261 2180 .
453 2122 627 2203 posse,
650 2153 807 2201 quam
834 2132 986 2184 rectis
1014 2130 1211 2183 sciendi
1237 2103 1535 2200 agendique
1565 2132 1830 2202 principiis
1860 2154 1956 2203 per
1984 2064 2375 2215 philosophicas

163 2193 462 2276 disciplinas
501 2205 721 2257 ubilibet
750 2203 1017 2271 restitutis;
1058 2202 1287 2270 ideoque
1327 2202 1394 2254 ad
1430 2223 1686 2256 summam
1714 2205 1868 2256 totius
1900 2226 2085 2258 causae
2115 2207 2374 2275 pertinere

163 2299 343 2333 sanam
391 2276 720 2344 solidamque
769 2275 979 2343 ubique
1019 2274 1255 2326 locorum
1309 2274 1647 2327 reflorescere
1696 2276 2095 2345 philosophiam.
2150 2278 2374 2331 Litteras

163 2350 359 2404 idcirco
397 2348 708 2417 Encyclicas
746 2347 814 2399 ad
854 2347 1127 2398 universos
1158 2346 1394 2397 catholici
1427 2346 1569 2398 orbis
1599 2347 1878 2399 Antistites
1914 2369 2082 2417 nuper
2111 2349 2373 2418 dedimus,

163 2422 354 2491 quibus
393 2420 629 2490 pluribus
669 2418 1009 2485 ostendimUS,
1050 2417 1200 2469 huius
1239 2417 1446 2485 generis
1481 2418 1746 2470 utilitatem
1769 2439 1873 2470 non
1910 2440 2024 2471 esse
2064 2420 2185 2472 alibi
2217 2442 2374 2489 quae-

162 2493 395 2560 rendam,
436 2512 593 2560 quam
632 2491 682 2542 in
722 2489 1056 2559 philosophia
1096 2488 1369 2540 christiana
1402 2509 1432 2540 a
1461 2489 1643 2557 priscis
1673 2489 1943 2542 Ecclesiae
1974 2442 2250 2544 Patribusq
2252 2514 2373 2561 pro-

161 2575 333 2618 creata
371 2574 422 2616 et
461 2562 697 2630 educta,
714 2581 848 2629 quae
889 2560 1010 2612 fidei
1052 2559 1334 2611 catholicae
1376 2580 1480 2611 non
1521 2561 1684 2613 modo
1725 2562 1946 2614 maxime
1988 2564 2246 2632 convenit,
2277 2564 2372 2616 sed

161 2636 314 2689 etiam
345 2634 664 2714 defensionis
695 2644 745 2685 et
774 2632 978 2684 luminis
1008 2631 1147 2683 utilia
1175 2630 1474 2683 adiumenta
1503 2632 1733 2701 praebet.
1774 2633 1908 2685 Eam
1940 2634 2122 2703 ipsam,
2148 2635 2372 2687 decursu
2441 2683 2445 2686 .

160 2718 402 2775 aetatum,
434 2706 636 2775 magnis
666 2703 943 2757 fecundam
974 2703 1240 2770 fructibuS,
1270 2723 1301 2755 a
1339 2703 1391 2755 S.
1413 2703 1626 2756 Thoma
1655 2704 1943 2773 Aquinate,
1970 2726 2175 2758 summo
2207 2707 2373 2758 Scho-

160 2779 458 2832 lasticorum
498 2777 775 2846 Magistro,
816 2775 962 2844 quasi
1003 2774 1315 2827 hereditario
1356 2775 1465 2826 iure
1504 2787 1774 2855 acceptam
1815 2778 2371 2846 commemoravimus,

161 2851 212 2931 in
253 2870 430 2930 eaque
461 2848 752 2901 ordinanda
790 2846 1090 2900 illustranda
1129 2858 1179 2898 et
1214 2846 1459 2915 augenda
1489 2847 1674 2899 mentis
1714 2848 1844 2899 illius
1884 2848 1988 2900 vim
2024 2849 2371 2916 virtutemque

161 2922 235 2974 sic
275 2921 548 2988 enituisse,
597 2931 653 2972 ut
691 2919 1020 2988 cognominis
1066 2918 1143 2970 sui
1189 2938 1485 2997 mensuram
1524 2918 1821 2987 Angelicus
1859 2919 2069 2971 Doctor
2114 2921 2370 2972 cumulate

162 2993 406 3062 implesse
445 2992 695 3044 videatur.
744 2991 1002 3042 Maiorem
1041 3001 1214 3041 autem
1261 2989 1310 3041 in
1355 2989 1573 3041 modum
1612 2990 1914 3059 Episcopos
1961 2991 2144 3043 hortati
2191 3012 2370 3043 sumus

161 3075 230 3133 ut,
263 3064 458 3116 collatis
487 3063 783 3115 Nobiscum
814 3062 1026 3129 viribus,
1058 3061 1279 3113 excitare
1309 3061 1683 3130 aggrediantur
1711 3073 1905 3114 motam
1928 3063 2095 3131 gradu
2128 3074 2178 3114 et
2200 3083 2368 3131 prope

162 3135 447 3204 collapsam
486 3134 873 3214 philosophiam
913 3133 1048 3185 illam
1092 3144 1346 3200 veterem,
1391 3133 1690 3200 scholisque
1737 3134 2001 3185 catholicis
2041 3134 2366 3203 redonatam,

161 3207 212 3260 in
252 3206 380 3259 sede
420 3206 633 3258 honoris
672 3205 869 3275 pristini
911 3205 1180 3256 collocare.

268 3278 385 3330 Nec
425 3277 745 3329 mediocrem
784 3276 938 3328 ammi
979 3275 1219 3327 laetitiam
1242 3295 1305 3326 ex
1327 3295 1390 3326 eo
1427 3275 1775 3344 percepimus,
1799 3276 1944 3344 quod
1984 3276 2212 3328 Litterae
2253 3276 2366 3327 illae

159 3350 417 3429 Nostrae,
465 3348 642 3400 divina
680 3368 783 3416 ope
821 3347 1048 3414 favente,
1092 3367 1317 3415 pronum
1364 3346 1574 3425 ubique
1609 3347 1923 3414 obsequium
1964 3358 2014 3399 et
2052 3348 2366 3416 singularem

161 3421 452 3473 animorum
482 3440 752 3472 assensum
783 3429 963 3470 nactae
994 3429 1121 3469 sunt.
1164 3417 1329 3470 Cuius
1360 3437 1431 3468 rel
1462 3417 1812 3469 testimonium
1842 3418 2015 3470 Nobis
2050 3418 2365 3470 luculentum

161 3492 460 3561 impertiunt
497 3491 672 3560 plures
711 3489 1102 3558 Episcoporum
1141 3488 1208 3539 ad
1247 3488 1363 3539 Nos
1409 3508 1471 3539 ex
1510 3488 1651 3539 Italia
1688 3489 2021 3556 praesertim,
2070 3510 2133 3541 ex
2173 3488 2364 3557 Gallia,

160 3563 431 3643 Hispania,
454 3561 725 3629 Hibernia,
747 3560 974 3640 perlatae
1004 3559 1269 3628 epistolae,
1291 3559 1400 3610 sive
1422 3558 1724 3638 singulares,
1747 3580 1856 3611 swe
1878 3560 2100 3628 plurium
2130 3560 2364 3612 eiusdem

161 3655 462 3703 provmmae
502 3634 584 3686 vel
624 3604 793 3702 geritis
838 3650 1159 3699 communes,
1200 3629 1414 3698 egregia
1451 3650 1605 3682 ammi
1646 3651 1798 3683 sensa
1835 3631 2199 3700 praeferentes.
2247 3632 2363 3684 Nec
