2548 4192
888 265 943 302 IN
975 266 1013 302 S.
1035 264 1278 301 THOMAM
1306 264 1631 312 AQUINATEM

157 351 232 381 Non
257 349 337 380 levis
360 353 417 386 est,
442 347 607 388 inquiens,
630 348 770 388 suscepti
791 357 812 377 a
838 347 927 377 nobis
949 347 1138 387 argumenti
1157 355 1236 386 pro-

157 395 254 431 batio,
275 402 316 423 ne
333 392 484 429 dixerim,
504 391 754 423 demonstratio:
777 401 841 432 qua
860 392 976 422 etenim
997 390 1154 428 libertate,
1174 400 1237 430 quo

157 440 230 469 iure
253 436 458 468 monachales
477 441 580 467 vestes
598 436 780 467 induendas
798 436 962 467 obtulisset
975 445 1115 476 parens,
1135 436 1164 466 si
1183 445 1238 465 eas

158 491 333 523 numquam
363 476 460 511 antea
477 480 576 522 filius
599 480 784 511 induisset?
806 483 849 511 At
872 489 976 521 neque
1008 480 1237 510 demonstratio

158 534 215 566 est,
239 535 344 567 neque
367 525 515 566 probatio
539 525 636 556 etiam
659 525 747 563 levis,
772 525 963 555 monasticas
987 531 1078 555 antea
1101 531 1237 564 gestasse

158 572 324 603 Thomam
341 576 459 608 vestes,
479 579 516 600 ex
531 579 598 610 quo
613 569 790 600 induendas
804 569 873 600 illas
888 569 1038 600 obtulerit
1057 575 1154 608 pater.
1176 569 1239 599 Eas

159 625 300 656 namque
314 624 370 645 cur
384 614 545 652 obtulerit,
561 621 664 654 patet;
680 620 716 645 ut
730 614 755 645 si
770 624 850 655 quas
869 614 1019 654 regularis
1035 613 1170 644 Instituti
1185 624 1239 644 ve-

159 667 221 692 stes
243 659 375 690 induere
406 658 492 689 filius
516 658 628 697 vellet,
648 669 723 699 prae
737 658 957 689 Dominicanis
982 658 1108 699 eligeret
1127 668 1238 689 mona-

159 704 274 742 chalet»,
282 713 362 745 quas
377 703 473 734 etiam
487 702 596 733 animo
611 703 820 734 destinaverat
837 703 951 742 eidem,
959 713 1033 735 cum
1057 702 1165 742 ipsum
1178 703 1238 734 Ca-

160 748 338 780 sinensibus
352 747 519 779 Monachis
529 747 658 778 tradidit
672 748 816 779 moribus
827 754 857 778 et
866 747 976 778 litteris
986 747 1237 778 informandum.

226 795 270 824 At
287 793 382 823 verba
400 802 529 823 rursum
547 793 756 833 Logothetae,
776 792 801 822 si
821 792 932 823 omnia
950 793 1152 830 adnotentur,
1173 803 1237 823 non

159 839 263 870 levem
281 837 517 878 probationem,
538 837 594 867 sed
613 837 819 868 clarissimam
838 837 1145 868 demonstrationem
1164 848 1238 878 sup-

159 883 312 924 peditant,
333 891 400 912 non
419 891 483 922 qua
498 882 708 913 monachatus
723 882 882 920 Thomae,
903 889 1075 923 antequam
1094 882 1134 912 ad
1148 882 1240 913 Prae-

159 927 339 959 dicatorum
369 926 526 958 Ordinem
556 936 589 957 se
619 926 815 964 transferret,
843 933 879 957 ut
908 933 999 967 putat
1029 926 1239 968 Disquisitor,

159 972 225 1004 ulla
247 971 370 1002 ratione
398 971 578 1009 evincatur,
602 972 658 1002 sed
687 982 752 1012 qua
782 971 992 1002 monachatus
1022 971 1109 1001 idem
1132 970 1239 1011 profli-

158 1023 266 1058 getur:
291 1015 521 1056 Thomamque
544 1023 615 1047 tum
633 1016 767 1047 demum
791 1015 918 1046 saeculo
941 1015 1143 1053 valedixisse,
1164 1025 1239 1046 cum

158 1060 418 1093 Praedicatorum
436 1059 594 1091 Ordinem
617 1060 775 1100 ingressus
794 1067 859 1098 est,
879 1060 1073 1090 ostendatur.
1093 1060 1169 1090 Non
1189 1069 1240 1090 so-

159 1106 230 1138 lum
253 1105 341 1137 enim
363 1105 512 1135 Thomae
542 1104 575 1134 in
599 1114 720 1135 carcere
750 1105 879 1135 detento
903 1104 1110 1135 monachales
1138 1109 1240 1134 vestes

158 1150 274 1182 obtulit
297 1156 395 1190 pater,
420 1149 475 1179 sed
498 1148 595 1180 etiam
619 1148 770 1180 laicales:
793 1159 857 1190 qua
880 1148 976 1188 igitur
998 1148 1151 1186 libertate,
1171 1158 1238 1189 quo

158 1196 228 1227 iure
251 1194 385 1224 laicales
408 1198 510 1224 vestes
532 1193 710 1224 induendas
739 1193 906 1224 obtulisset
928 1192 1016 1230 filio,
1041 1192 1066 1223 si
1091 1199 1182 1223 antea
1205 1193 1238 1222 in

131 1269 133 1271 .
159 1238 288 1272 saeculo
311 1248 380 1268 non
402 1237 555 1276 existens,
579 1238 635 1268 sed
658 1237 836 1268 monachus
860 1247 879 1267 a
901 1237 1011 1268 multis
1041 1236 1132 1267 annis
1160 1246 1233 1277 pro-

158 1284 272 1323 fessus,
295 1289 417 1314 vestem
440 1281 688 1321 Dominicanam
711 1279 888 1313 induisset?

226 1326 530 1368 Ilealam‘fidem
552 1327 773 1368 Disquisitoris
796 1326 829 1356 in
853 1325 1017 1357 afferendis
1044 1326 1236 1366 scriptorum

157 1367 349 1406 uffinoniis
367 1371 440 1413 quis
459 1381 526 1402 non
545 1370 738 1403 admiretur?
751 1371 841 1402 Patet
859 1371 955 1402 etiam
972 1371 1138 1402 oscitantia
1157 1371 1236 1410 eius,

158 1424 196 1451 ut
217 1417 328 1450 mitius
350 1417 460 1457 agam:
485 1426 584 1458 quem
608 1426 682 1447 sane
699 1422 838 1457 oportet,
858 1415 978 1456 priscos
997 1415 1070 1446 illos
1088 1415 1237 1447 Thomae

157 1462 241 1495 vitae
258 1461 437 1503 scriptores,
452 1460 509 1502 qui
528 1467 594 1492 tam
613 1461 706 1500 clara,
722 1468 788 1492 tam
806 1460 922 1491 diserta
941 1460 1106 1491 saecularis
1126 1467 1236 1499 status,

156 1507 192 1540 in
202 1515 273 1550 quo
287 1506 470 1538 versabatur
484 1505 548 1544 ille,
559 1515 635 1537 cum
649 1506 879 1537 Dominicanae
894 1505 1046 1536 Familiae
1060 1505 1236 1546 adscriptus

156 1551 229 1591 fuit,
246 1550 432 1584 testimonia
455 1550 633 1591 proferunt,
654 1557 709 1582 aut
731 1550 846 1581 vidisse
874 1560 1054 1591 numquam
1077 1556 1132 1580 aut
1155 1550 1236 1581 osci-

156 1602 260 1629 tanter
287 1595 410 1636 legisse.
439 1595 658 1627 Nihilominus
689 1595 733 1626 sic
765 1595 817 1626 ille
848 1594 1114 1636 Disquisitionem
1144 1605 1236 1625 suam

157 1641 319 1674 exorditur
342 1639 444 1681 capite
467 1651 496 1679 r,
516 1650 606 1671 num.
633 1647 665 1671 1:
689 1654 703 1668 «x
717 1639 838 1671 Divum
857 1639 1032 1677 Thomam,
1053 1639 1236 1670 scholarum

159 1698 175 1715 »
197 1685 377 1727 Angelum,
401 1691 574 1726 antequam
598 1685 804 1716 dominicano
833 1684 1091 1715 Praedicatorum
1120 1684 1235 1715 Ordini

158 1742 176 1760 n
197 1739 319 1762 nomen
332 1729 431 1768 daret,
441 1729 685 1760 Benedictinum
699 1729 935 1761 monachorum
950 1729 1134 1760 Institutum
1149 1729 1235 1769 apud

159 1787 176 1804 2
197 1774 388 1807 Casinenses
411 1773 594 1815 professum
613 1784 691 1811 esse,
710 1773 894 1815 ibidemque
909 1783 966 1814 per
986 1773 1110 1814 aliquot
1132 1783 1234 1804 annos

158 1832 175 1849 2
196 1818 395 1852 monachum
423 1818 620 1849 solemnibus
650 1818 733 1850 votis
763 1818 952 1850 obstrictum
981 1817 1172 1856 substitisse;
1196 1817 1234 1848 iis

158 1877 174 1894 ι
197 1870 279 1896 certe
302 1862 500 1906 paradoxum
523 1862 682 1894 videbitur
703 1862 903 1900 inauditum,
923 1861 978 1904 qui
1007 1862 1128 1902 priscos
1152 1862 1234 1893 vitae

157 1912 182 1939 a
194 1907 264 1941 eius
282 1907 451 1939 historicos
470 1907 580 1938 leviter
597 1914 723 1938 tantum
745 1918 782 1938 ac
797 1907 995 1939 defunctorie
1009 1906 1198 1938 lectitarunt.
1214 1920 1228 1934 2>

154 1953 226 1986 Imo
249 1953 448 1994 paradoxum
477 1951 659 1983 inauditum
690 1952 827 1983 maxime
856 1951 982 1982 videtur
1004 1951 1059 1990 iis,
1083 1951 1139 1992 qui
1164 1952 1232 1982 dili-

152 1997 336 2040 geminine
359 1997 508 2028 Thomae
532 2003 600 2028 acta
622 2007 641 2027 a
665 1996 775 2037 priscis
799 1996 955 2028 historicis
979 1996 1158 2037 conscripta
1182 2007 1232 2028 ex-

152 2043 349 2086 penderunt:
369 2048 401 2072 et
418 2052 518 2083 quam
537 2041 604 2072 aliis
628 2041 749 2082 affingit
772 2041 976 2083 Disquisitor,
996 2041 1063 2082 ipse
1088 2051 1179 2072 reum
1199 2052 1231 2073 se

281 2086 422 2118 incuriae
445 2086 666 2127 maximaeque
690 2086 864 2117 socordiae.

219 2131 283 2164 Sed
305 2131 373 2173 ipse
397 2131 456 2162 sibi
475 2141 667 2172 repugnanS,
682 2130 741 2162 hac
759 2131 799 2162 de
819 2141 851 2162 re
871 2130 992 2162 siluisse
1017 2130 1138 2171 priscos
1157 2130 1229 2162 illos

151 2176 321 2209 historicos
351 2176 466 2207 fatetur
498 2175 599 2216 capite
622 2186 696 2214 vm,
721 2175 794 2214 ubi,
823 2185 959 2206 numero
986 2186 1012 2214 1,
1036 2175 1229 2214 difficultati,

151 2224 234 2264 quae
252 2220 391 2252 sumitur
409 2230 447 2252 ex
469 2230 584 2252 eorum
603 2220 742 2258 silentio,
765 2220 937 2261 respondet
955 2220 989 2250 in
1013 2220 1090 2251 haec
1113 2221 1224 2254 verba:

154 2278 170 2295 ε
190 2260 279 2298 Nihil
309 2265 343 2296 in
366 2265 516 2296 historica
546 2265 780 2296 concertatione
811 2265 935 2296 roboris
958 2265 1072 2296 habere
1103 2265 1227 2296 abnuti-

111 2348 114 2349 ⁷
153 2323 168 2340 »
190 2320 270 2343 vum
298 2317 542 2351 argumentum:
573 2309 669 2351 quive
701 2310 739 2340 de
770 2309 834 2340 divi
863 2309 1012 2340 Thomae
1035 2310 1229 2341 monachatu

154 2366 169 2385 s
190 2355 307 2388 siluere
327 2355 420 2396 prisci
439 2354 607 2396 scriptores
626 2354 848 2392 Dominicani,
864 2364 930 2385 non
949 2354 1067 2385 idcirco
1088 2364 1228 2394 negasse,

153 2410 169 2430 x
191 2406 248 2432 aut
270 2399 530 2432 commentitium
553 2409 620 2430 esse
644 2409 704 2430 suo
728 2399 784 2430 illo
808 2399 933 2430 silentio
953 2399 1109 2430 docuisse.
1129 2412 1143 2426 »
1166 2400 1227 2430 Ve—

151 2442 226 2477 mm
247 2451 335 2486 patet
362 2444 617 2486 quammaxime,
649 2444 770 2484 priscos
800 2443 968 2474 historicos
999 2443 1230 2474 Dominicanos

151 2490 192 2521 de
214 2488 409 2520 monachatu
433 2488 581 2519 Thomae
602 2489 723 2519 nedum
745 2498 810 2518 non
839 2488 979 2525 siluisse;
1004 2488 1059 2518 sed
1078 2488 1174 2519 etiam
1193 2499 1230 2519 ea

151 2543 304 2572 narrasse,
322 2543 405 2575 quae
423 2533 516 2563 illum
535 2532 671 2563 omnino
691 2532 877 2573 profligant:
897 2533 987 2573 quod
1009 2539 1055 2563 est
1078 2533 1230 2563 eumdem

151 2578 347 2621 apertissime
371 2587 495 2618 negare.
521 2577 650 2608 Siluisse
672 2587 712 2608 ne
736 2576 889 2608 dicendus
913 2583 960 2607 est
974 2576 1166 2608 Guillelmus
1190 2578 1229 2608 de

150 2625 279 2662 Tocco,
303 2622 359 2664 qui
383 2622 492 2653 refert:
517 2622 606 2652 Tum
630 2621 793 2652 nolentem
816 2622 981 2652 Thomam
1004 2622 1159 2652 talentum
1183 2622 1230 2652 in-

149 2667 235 2711 genii
253 2666 450 2699 abscondere
469 2666 529 2697 sub
554 2667 759 2708 neglectioris
778 2667 863 2697 vitae
881 2671 979 2704 statu,
1000 2666 1086 2707 quod
1098 2672 1230 2707 poterat

143 2720 211 2756 per
231 2713 404 2745 transitum
429 2711 474 2742 ad
495 2711 634 2752 aliquem
663 2710 817 2742 Ordinem
837 2716 1073 2752 augmentare,
1097 2711 1228 2742 ductum

151 2765 222 2791 esse
242 2757 287 2789 ad
298 2756 453 2798 fratrum
476 2756 742 2787 Praedicatorum
765 2755 941 2793 Ordinem,
966 2755 1022 2787 diu
1048 2756 1154 2787 cordis
1177 2756 1230 2787 de-

150 2802 272 2836 siderio
284 2801 495 2843 affectatum‚·
512 2807 583 2832 tum
603 2801 723 2832 nobiles
747 2801 886 2831 civitatis
903 2800 943 2831 de
962 2801 1113 2842 ingressu
1142 2801 1231 2832 illius

151 2849 186 2879 in
212 2846 368 2879 Ordinem
391 2846 570 2877 admiratos
593 2855 677 2884 esse,
697 2845 783 2887 quod
805 2850 870 2876 tam
892 2845 1006 2876 nobilis
1027 2846 1151 2876 iuvenis
1168 2856 1230 2887 pa-

153 2897 282 2924 rentum
305 2891 435 2922 domum
454 2890 648 2922 deseruisset
653 2898 667 2929 ;
687 2897 758 2921 tum
781 2890 914 2920 demum
932 2899 1101 2930 germanos
1121 2890 1230 2922 fratres

153 2935 250 2968 iratos
271 2941 394 2967 vestem
411 2935 660 2966 Dominicanam
683 2944 791 2965 recens
814 2935 961 2965 indutam
979 2934 1012 2965 in
1032 2934 1131 2966 frusta
1155 2945 1230 2966 con-

155 2979 278 3019 cidisse,
298 2985 335 3011 ut
350 2989 437 3020 prae
462 2980 656 3010 verecundia
680 2979 872 3010 dilaniatum
892 2979 1034 3010 habitum
1058 2979 1231 3020 deponeret

154 3029 187 3056 et
207 3024 310 3055 alium
334 3024 493 3062 indueret,
509 3025 565 3065 qui
586 3024 733 3065 placeret
756 3023 813 3055 ei?
829 3024 905 3054 Non
933 3023 1031 3062 siluit,
1055 3024 1132 3055 haec
1157 3024 1230 3055 scri-

119 3101 122 3103 ,
154 3069 232 3100 bens
247 3068 450 3099 Guillelmus:
466 3068 522 3099 sed
540 3078 576 3099 ac
591 3068 617 3098 si
635 3068 846 3099 monachatus
865 3068 1013 3099 Thomae
1031 3068 1082 3099 vel
1101 3075 1171 3099 tum
1190 3069 1229 3099 ab

155 3113 264 3154 aliquo
287 3111 463 3143 fabulator&
487 3113 637 3143 obtrusus
661 3119 752 3152 esset,
776 3112 972 3153 apertissime
996 3112 1089 3143 illum
1112 3113 1230 3144 inficia-

154 3164 216 3189 tur.
233 3156 310 3188 Silet
319 3166 359 3187 ne
373 3162 532 3196 praeterea
545 3157 741 3196 Antoninus,
756 3157 812 3198 qui
827 3164 945 3188 narrat:
959 3157 1109 3198 Coepisse
1122 3167 1229 3189 secum

159 3202 329 3239 Thomam,
349 3201 490 3231 Domino
508 3206 644 3242 agente,
671 3201 842 3242 disponere
861 3202 1027 3233 saeculum
1047 3202 1231 3243 relinquere

154 3252 186 3278 et
211 3245 366 3277 Ordinem
386 3245 650 3276 Praedicatorum
671 3246 833 3277 introire?
854 3246 931 3277 Silet
946 3256 985 3277 ne
1003 3247 1134 3277 tandem
1156 3247 1230 3277 Bar-

153 3290 357 3323 tholomaeus
386 3289 425 3320 de
451 3289 582 3330 Capua,
611 3290 691 3320 dum
720 3290 900 3321 iuramento
930 3297 1062 3321 testatur
1090 3291 1230 3322 Landul-

153 3335 258 3377 phum
281 3341 404 3375 patrem
427 3333 593 3372 Thomae,
617 3341 655 3365 ut
680 3341 801 3365 vestem
824 3335 882 3365 iste
905 3334 1153 3366 Dominicanam
1175 3336 1229 3366 de-

154 3385 298 3421 poneret,
326 3379 358 3409 ei
375 3378 526 3409 obtulisse
544 3378 749 3409 monachales
775 3379 826 3410 vel
851 3379 984 3409 laicales
1009 3384 1127 3417 vestes,
1149 3389 1229 3420 quas

154 3434 329 3465 numquam
355 3422 630 3453 constantissimus
662 3423 845 3453 adolescens
871 3424 1015 3463 recipere
1044 3423 1172 3453 voluit?
1195 3423 1228 3454 Si

153 3469 230 3500 haec
253 3478 312 3510 pro
337 3467 461 3498 silentio
491 3473 522 3498 et
551 3477 611 3507 pro
635 3466 735 3497 nihilo
759 3467 903 3497 habenda
922 3473 1007 3505 sunt,
1031 3466 1126 3497 libeat
1144 3467 1230 3498 diem

154 3519 283 3544 noctem
305 3512 425 3543 dicere:
446 3511 589 3552 nihilque
612 3510 671 3541 erit
689 3511 727 3541 ab
751 3510 929 3549 historicis,
950 3510 1024 3541 licet
1047 3510 1138 3549 clare,
1157 3510 1230 3542 licet

153 3557 267 3588 diserte
290 3557 424 3595 dictum,
448 3556 537 3597 quod
560 3565 619 3596 pro
644 3565 711 3586 non
735 3555 820 3586 dicto
844 3564 911 3585 non
934 3554 1095 3585 habeatur.

222 3601 285 3632 Sed
306 3601 423 3632 invitos
442 3600 567 3631 tametsi
593 3600 670 3630 deos
693 3599 831 3640 patiatur
848 3598 1051 3640 Disquisitor,
1072 3608 1139 3629 non
1158 3605 1229 3630 ante

155 3645 383 3677 Dominicanas
401 3651 503 3676 vestes
522 3645 649 3675 indutas
673 3654 691 3674 a
704 3643 834 3674 Thoma
856 3643 1019 3674 contendit
1041 3643 1111 3682 ille,
1131 3653 1230 3684 quam

2272 282 2366 307 LXVII

1293 345 1414 376 exuerit
1436 346 1646 385 monasticas,
1671 347 1704 377 in
1735 347 1896 378 oblatione
1926 348 1966 378 de
1990 358 2022 379 se
2046 359 2064 379 a
2087 350 2268 389 parentibus
2296 351 2365 382 Deo

1294 388 1375 419 facta
1389 383 1499 420 Casini
1518 391 1660 431 primum
1680 392 1880 432 adsumptas,
1896 402 1931 423 ac
1952 392 2099 433 deinceps
2119 394 2160 424 ob
2176 396 2368 426 monasticae

1293 434 1500 473 professionis
1521 442 1635 466 votum
1658 435 1782 467 firmata
1806 436 1951 467 strictiori
1975 436 2043 468 iure
2065 444 2208 469 retentas.
2228 440 2368 470 Tabulas

1294 477 1482 509 Casinenses
1497 479 1530 510 in
1545 487 1770 520 argumentum
1784 480 1871 511 affert
1886 491 1953 521 cap.
1965 492 2007 519 vr,
2023 492 2112 513 num.
2127 490 2152 512 1:
2167 495 2181 510 α
2194 483 2368 515 Richardus

1297 535 1311 549 2>
1334 533 1352 553 a
1367 534 1390 553 s.
1401 523 1575 562 Germano,
1591 526 1704 565 inquit,
1720 526 1898 558 monachus
1914 536 1950 556 ea
1966 533 2064 557 aetate
2075 526 2267 566 Casinensis,
2279 528 2369 559 cuius

1297 579 1311 593 ›>
1335 567 1487 599 Chronici
1517 569 1691 609 fragmenta
1714 569 1823 601 laudat
1851 580 2080 610 saepenumero
2105 571 2260 603 Odericus
2286 573 2368 614 Ray-

1297 623 1311 638 »
1335 612 1448 643 naldus
1474 613 1505 643 in
1522 614 1699 644 Annalibus
1719 614 1934 645 ecclesiasticis
1956 616 1996 645 ad
2015 616 2179 646 saeculum
2194 617 2369 648 decimum-

1298 667 1312 682 »
1334 657 1481 696 tertium,
1506 658 1694 689 eiectionem
1713 659 1950 690 monachorum
1969 670 2103 691 suorum
2122 660 2270 699 referens,
2290 662 2370 692 dum

1286 711 1312 727 ·»
1335 701 1518 732 Fredericus
1551 703 1577 733 11
1615 703 1789 743 Imperator
1821 704 2052 735 Monasterium
2089 705 2122 736 in
2155 706 2370 737 munitionem

1297 757 1312 771 »
1336 746 1500 785 convertit,
1522 747 1620 787 paulo
1639 754 1811 788 antequam
1835 749 1980 779 Thomas
2005 749 2160 790 Aquinas,
2180 751 2288 782 relicto
2309 751 2369 782 Ca-

1297 801 1312 816 »
1335 790 1418 828 sino,
1437 791 1695 822 Praedicatorum
1714 792 1870 823 Ordinem
1889 793 2001 824 adiisse
2017 794 2169 833 creditur;
2191 795 2271 826 illud
2289 795 2370 826 inter

1298 846 1312 860 ⁹
1329 842 1454 866 'caetera
1475 843 1563 866 notat
1586 836 1741 875 maxime,
1762 837 1996 868 monachorum
2011 838 2136 880 aliquos
2158 839 2223 870 suis
2242 840 2369 871 sedibus

1297 891 1312 905 »
1335 879 1452 910 eiectos
1481 890 1517 910 ac
1547 880 1740 911 disturbatos
1769 881 2012 913 Benedictinum
2042 883 2206 914 cucullum
2236 885 2367 916 exuisse.

1297 935 1312 949 ιν
1334 924 1446 961 Αηηο,
1467 923 1589 964 inquit,
1620 925 1701 965 ¹239
1724 935 1833 956 mense
1851 926 1938 964 iulii,
1960 929 2054 958 tertia
2068 928 2115 969 fit
2137 929 2290 960 exclusio·
2304 940 2369 961 mo-

1298 980 1312 995 »
1336 968 1513 998 nachorum
1537 969 1578 999 de
1600 969 1801 1000 Monasterio
1828 970 2016 1002 Casinensi,·
2045 977 2075 1002 et
2098 973 2130 1002 in
2159 974 2227 1013 ipso
2250 975 2368 1005 Mona-

1298 1024 1312 1039 »
1334 1013 1443 1050 sterio,
1465 1013 1594 1043 nonnisi
1612 1019 1682 1044 octo
1706 1019 1831 1044 tantum
1856 1015 2019 1053 monachi,
2039 1016 2083 1047 ad
2105 1018 2296 1049 celebranda
2320 1019 2367 1050 di—

1298 1069 1312 1083 »
1335 1057 1412 1087 vina
1426 1055 1537 1098 officia
1552 1063 1791 1096 remanserunt,
1808 1069 1944 1099 quorum
1961 1062 2091 1091 nomina
2106 1067 2182 1092 sunt
2195 1063 2274 1093 haec
2288 1070 2367 1095 etc...

1297 1113 1312 1127 »
1334 1101 1439 1131 Eiecti
1452 1107 1560 1132 autem
1578 1102 1771 1140 coenobitae,
1783 1104 1842 1133 alii
1858 1104 1902 1134 ad
1912 1106 2142 1135 monasterium
2160 1106 2258 1138 Vallis
2271 1108 2368 1139 Lucis

1297 1157 1312 1172 x·
1333 1154 1369 1175 se
1391 1151 1600 1185 receperunt,
1630 1146 1689 1177 alii
1717 1148 1806 1187 apud
1836 1150 2112 1189 consanguineos,
2139 1150 2197 1180 alii
2226 1152 2368 1183 habitum

1297 1202 1312 1216 :v
1335 1189 1556 1230 reliquerunt:
1582 1201 1648 1221 non
1669 1191 1780 1232 utique
1800 1192 1872 1223 facti
1888 1200 2050 1233 apostatae
2071 1192 2166 1235 (absit
2191 1205 2207 1225 a
2230 1196 2304 1227 viris
2323 1207 2368 1227 re-

1296 1246 1311 1261 »
1333 1233 1544 1274 ligiosissimis
1563 1242 1689 1266 tantum
1713 1235 1811 1274 nefas,
1831 1238 1920 1277 quod
1940 1248 1998 1268 nec
2022 1238 2047 1268 si
2071 1238 2151 1269 forte
2176 1239 2296 1279 fuisset,
2316 1241 2368 1271 Ri—

1296 1291 1311 1306 »
1334 1278 1469 1309 chardus
1500 1289 1518 1309 a
1541 1287 1651 1311 sancto
1676 1280 1837 1311 Germano
1857 1281 1890 1311 in
1909 1282 1958 1312 sui
1983 1282 2112 1314 Ordinis
2137 1284 2273 1316 dedecus
2297 1296 2370 1325 pro-

1296 1335 1311 1350 »
1333 1321 1477 1366 didisset)
1501 1324 1557 1354 sed
1579 1324 1612 1354 in
1636 1325 1716 1356 alios
1739 1325 1876 1356 Ordines
1901 1327 2115 1358 convolantes.

1359 1370 1544 1409 Antequam
1567 1369 1668 1400 refero
1699 1378 1925 1410 argumentum
1956 1372 2046 1412 quod
2075 1371 2150 1403 inde
2178 1374 2371 1415 Disquisitor

1292 1412 1450 1453 exprimit,
1475 1413 1709 1445 animadverto:
1735 1415 1930 1446 Richardum
1955 1416 1993 1446 de
2025 1427 2048 1447 s.
2075 1417 2235 1449 Germano
2259 1429 2369 1459 perpe-

1292 1467 1361 1487 ram
1375 1457 1436 1488 dici
1452 1458 1642 1489 monachum
1663 1469 1701 1490 ea
1720 1465 1826 1491 aetate
1847 1460 2075 1493 Casinensem:
2093 1472 2128 1492 ac
2147 1462 2267 1493 mirum
2286 1473 2368 1502 esse,

1292 1501 1414 1533 editum
1429 1502 1573 1533 eiusdem
1584 1502 1770 1534 Chronicon
1787 1505 2018 1536 aFerdinando
2030 1506 2167 1546 Ughello
2185 1517 2270 1538 anno
2287 1508 2368 1549 1647

1292 1546 1326 1576 in
1358 1546 1464 1578 Italiae
1495 1557 1599 1578 sacrae
1634 1554 1725 1579 tomo
1755 1549 1796 1579 111
1830 1549 2010 1591 iterumque
2042 1561 2190 1582 recusum
2217 1559 2308 1582 tomo
2340 1553 2370 1583 X

1292 1591 1442 1622 editionis
1473 1592 1611 1623 Venetae
1639 1603 1725 1624 anno
1755 1603 1837 1635 1722
1870 1604 1936 1625 non
1966 1595 2082 1626 vidisse
2112 1596 2368 1637 Disquisitorem.

1293 1636 1328 1666 ln
1360 1636 1533 1667 Prooemio
1567 1637 1611 1668 sic
1640 1637 1683 1668 ait
1711 1638 1778 1678 ipse
1811 1639 1987 1670 chronista:
2018 1640 2093 1681 Ego
2115 1641 2300 1672 Richardus
2331 1642 2371 1672 de

1291 1689 1317 1711 s.
1344 1680 1508 1712 Germano
1541 1683 1698 1713 notarius.
1731 1683 1771 1714 Et
1794 1683 1892 1714 infra:
1921 1684 2082 1721 Quoniam
2105 1695 2185 1726 ergo
2206 1686 2315 1727 Regni
2322 1687 2370 1727 fi-

1292 1725 1356 1756 lius
1379 1735 1441 1767 ego
1464 1735 1548 1764 sum,
1568 1727 1624 1767 qui
1647 1727 1765 1768 legerit
1789 1738 1852 1758 non
1878 1738 1928 1759 me
1951 1735 2103 1760 causetur
2123 1730 2321 1768 detestando,
2341 1732 2371 1762 si

1290 1769 1399 1810 Regni
1420 1775 1514 1811 gesta
1533 1771 1647 1802 scribo.
1669 1771 1851 1803 Casinensis
1871 1774 2080 1804 monachatus
2108 1774 2175 1805 eius
2198 1775 2369 1815 vestigium

1290 1814 1428 1853 nullum,
1453 1815 1527 1845 vola
1550 1816 1655 1846 nulla:
1680 1826 1738 1847 nec
1762 1817 1870 1857 ipsum
1899 1818 1980 1848 inter
2004 1818 2166 1850 Casinates
2190 1820 2368 1851 monachos

1290 1866 1430 1891 recenset
1452 1859 1596 1898 Gattula;
1621 1860 1793 1902 ipsumque
1811 1864 1985 1900 notarium,
2010 1874 2075 1894 non
2098 1864 2295 1895 monachum
2314 1875 2368 1905 ap-

1290 1903 1409 1944 pellant
1438 1904 1590 1935 Nicolaus
1620 1905 1770 1946 Toppius
1801 1906 1834 1936 in
1863 1906 2054 1938 bibliotheca
2084 1909 2312 1948 Neapolitana,
2337 1916 2368 1940 et

1289 1947 1482 1979 Guillelmus
1502 1949 1587 1980 Cave
1603 1949 1635 1980 in
1650 1950 1792 1981 Historia
1806 1951 1964 1990 litteraria,
1979 1952 2035 1993 qui
2051 1963 2110 1983 suo
2126 1953 2253 1992 ingenio
2269 1953 2366 1992 addit,

1288 1993 1460 2024 adnotante
1485 1994 1680 2033 Muratorio,
1713 1995 1821 2036 ipsum
1855 1995 1951 2027 fuisse
1983 1997 2085 2038 Regis
2107 1997 2240 2028 Siciliae
2262 2007 2367 2029 secre-

1287 2039 1419 2069 tarium.

1332 2082 1398 2113 Iam
1422 2093 1498 2114 vero
1517 2083 1561 2114 sic
1580 2091 1805 2124 argumentum
1826 2084 1970 2117 efformat
1983 2086 2192 2127 Disquisitor:
2212 2100 2226 2114 «
2240 2087 2361 2125 Quidni

1289 2140 1303 2154 »
1326 2137 1446 2168 quaeso
1471 2128 1509 2158 de
1534 2128 1607 2158 divo
1631 2129 1761 2159 Thoma
1784 2130 1954 2170 Aquinate,
1975 2131 2069 2161 tacito
2101 2131 2248 2170 nomine,
2273 2132 2362 2163 locu-

1289 2184 1302 2199 »
1326 2179 1397 2203 tum
1411 2172 1474 2203 illic
1484 2173 1678 2204 Richardum
1688 2171 1782 2214 (cum
1793 2175 1850 2212 ait,
1861 2184 1903 2205 ex
1912 2176 2019 2206 eiectis
2029 2177 2193 2207 monachis
2207 2177 2290 2208 alios
2305 2177 2361 2207 ha-

1289 2229 1302 2244 »
1325 2217 1424 2248 bitum
1447 2218 1625 2258 reliquisse,
1642 2228 1706 2249 non
1725 2220 1834 2259 utique
1844 2219 1957 2260 factos
1966 2226 2141 2260 apostatas,
2160 2221 2217 2252 sed
2226 2221 2270 2252 ad
2279 2222 2362 2252 alios

1289 2274 1302 2288 ν
1325 2262 1496 2303 religiosos
1514 2262 1654 2293 Ordines
1668 2263 1890 2305 convolantes)
1915 2264 2147 2303 existimemus,
2170 2276 2267 2306 quem
2287 2276 2362 2307 prae

1288 2318 1302 2334 ι
1326 2306 1453 2337 caeteris
1473 2306 1592 2337 Casino
1611 2307 1775 2338 exclusum
1793 2308 1946 2348 oportuit,
1966 2309 2044 2339 dum
2070 2319 2107 2340 ea
2126 2311 2360 2342 monachorum

1288 2363 1302 2378 2>
1326 2351 1437 2381 eiectio
1457 2361 1494 2381 ex
1513 2351 1668 2382 Frederici
1690 2352 1890 2392 Imperatoris
1910 2352 1998 2383 iussu
2018 2353 2099 2385 facta
2118 2361 2175 2392 est,
2195 2362 2360 2397 tamquam

1288 2408 1302 2422 1>
1325 2394 1429 2426 filium
1448 2395 1586 2426 Comitis
1609 2396 1796 2437 Aquinatis,
1816 2407 1914 2438 quem
1939 2397 2055 2428 Caesar
2079 2399 2216 2430 maxime
2240 2401 2360 2439 oderat,

1288 2453 1302 2466 ιο
1325 2440 1414 2480 quod
1439 2447 1548 2471 contra
1567 2440 1675 2480 ipsum
1694 2440 1856 2472 Pontificis
1880 2449 1983 2482 partes
2005 2450 2131 2474 secutus
2151 2443 2280 2475 fuisset?
2299 2445 2361 2476 Sed

1288 2497 1302 2512 »
1325 2491 1400 2515 sunt
1413 2484 1501 2522 haec,
1516 2484 1633 2526 inquis,
1649 2495 1753 2516 merae
1769 2486 1967 2517 coniecturae
1982 2487 2021 2518 ad
2036 2487 2200 2519 arbitrium
2219 2488 2318 2520 fictae.
2342 2503 2357 2518 »

1285 2529 1364 2560 Siste
1381 2529 1589 2570 Disquisitor:
1615 2540 1681 2560 non
1700 2540 1803 2561 meras
1822 2530 1914 2562 hasce
1933 2538 2004 2562 tuas
2030 2531 2142 2574 inquio
2165 2534 2360 2565 coniecturas

1285 2583 1352 2604 esse
1376 2574 1415 2604 ad
1439 2574 1604 2605 arbitrium
1634 2574 1739 2614 fictas,
1764 2575 1819 2605 sed
1849 2576 1967 2607 malam
1997 2577 2127 2617 insuper
2156 2577 2253 2608 fidem
2281 2586 2360 2610 noto

1285 2618 1477 2659 scriptorum
1509 2618 1579 2649 loca
1612 2619 1846 2660 depravantem.
1886 2620 2033 2652 Richardi
2064 2622 2103 2652 de
2142 2633 2165 2653 s.
2198 2623 2359 2654 Germano

1286 2662 1471 2694 Chronicon
1496 2663 1618 2694 editum
1641 2671 1763 2704 prostat
1790 2675 1875 2695 anno
1905 2666 1986 2708 1647
2014 2673 2044 2697 et
2073 2677 2154 2708 1722
2182 2668 2267 2707 apud
2286 2668 2360 2698 Fer-

1286 2707 1463 2738 dinandum
1486 2708 1659 2748 Ughellum
1690 2709 1722 2739 in
1753 2709 1840 2740 Italia
1864 2719 1968 2748 sacra,
1999 2718 2029 2741 et
2053 2721 2137 2742 anno
2167 2713 2247 2753 1725
2273 2713 2359 2752 apud

1285 2752 1498 2784 Muratorium
1521 2759 1613 2784 tomo
1642 2754 1699 2784 VII
1728 2754 1927 2794 Scriptorum
1951 2755 2075 2794 Italiae,
2103 2763 2134 2787 et
2156 2757 2242 2796 apud
2268 2757 2358 2787 Eras-

1286 2807 1378 2827 mum
1408 2797 1536 2828 Gattula
1567 2808 1652 2828 anno
1682 2799 1765 2839 1734
1795 2799 1827 2829 in
1851 2799 2094 2830 Accessionibus
2125 2801 2165 2830 ad
2194 2801 2358 2832 historiam

1285 2842 1438 2873 Abbatiae
1462 2841 1643 2873 Casinensis
1667 2850 1754 2883 parte
1778 2844 1823 2882 ΙΙ;
1843 2843 1959 2884 quibus
1983 2844 2133 2875 omnibus
2156 2845 2189 2875 in
2213 2845 2358 2876 editioni-

1285 2887 1345 2917 bus
1368 2887 1422 2917 illa
1444 2887 1549 2924 verba,
1574 2897 1610 2917 ex
1633 2887 1751 2928 quibus
1774 2896 1999 2928 argumentum
2025 2889 2157 2929 promis,
2181 2890 2358 2920 desideran—

1286 2938 1347 2969 tur,
1371 2932 1438 2962 Alii
1461 2932 1603 2962 habitum
1628 2933 1838 2973 reliquerunt.
1865 2933 2026 2973 Integrum
2049 2943 2085 2964 ac
2108 2934 2285 2973 genuinum
2308 2945 2358 2965 ac-

1286 2975 1355 3016 cipe
1379 2982 1517 3006 textum:
1541 2977 1663 3007 Eodem
1687 2987 1796 3008 mense
1825 2975 1922 3020 (iulii)
1942 2979 2036 3008 tertia
2057 2978 2104 3019 fit
2127 2979 2269 3009 exclusio
2292 2989 2358 3010 mo-

1286 3020 1462 3051 nachorum
1478 3020 1518 3051 de
1532 3021 1733 3052 Monasterio
1757 3021 1947 3059 Casinensi,·
1960 3032 2107 3064 quorum!
2121 3023 2250 3063 quidam
2270 3024 2359 3064 apud

1292 3065 1527 3096 Vallem-Lucis
1550 3063 1798 3108 (Vallem-Luci)
1818 3066 1947 3107 quidam
1971 3067 2060 3107 apud
2084 3076 2110 3097 s.
2129 3068 2260 3098 Petrum
2284 3069 2356 3099 Mo—

1286 3111 1431 3147 nasterii,
1457 3115 1488 3140 et
1510 3110 1641 3150 quidam
1673 3121 1796 3141 moram
1811 3110 1932 3151 facere
1954 3112 1987 3141 in
2007 3117 2183 3151 parentum
2212 3112 2357 3144 domibus

1285 3154 1474 3195 elegerunt:
1504 3160 1535 3185 et
1567 3155 1600 3184 in
1633 3156 1701 3195 ipso
1733 3156 1934 3186 Monasterio
1972 3157 2101 3186 nonnisi
2131 3162 2201 3187 octo
2232 3162 2356 3188 tantum

1285 3199 1434 3229 monachi
1460 3199 1504 3230 ad
1533 3199 1758 3230 celebrandum
1790 3200 1822 3230 in
1853 3209 1890 3230 eo
1920 3199 2031 3230 divina
2061 3200 2171 3241 officia
2195 3211 2357 3232 remanse-

1285 3248 1380 3281 runt,
1405 3253 1542 3284 quorum
1567 3245 1697 3274 nomina
1727 3249 1803 3274 sunt
1832 3244 1912 3274 haec
1941 3251 1998 3275 etc.
2024 3245 2091 3275 lam
2118 3255 2194 3285 ergo
2225 3246 2357 3276 delenda

1284 3288 1379 3318 verba
1402 3294 1486 3325 sunt,
1502 3298 1584 3328 quae
1602 3288 1652 3318 vel
1680 3288 1764 3318 mala
1791 3287 1853 3318 fide
1882 3288 2074 3329 Disquisitor
2102 3290 2232 3327 addidit,
2248 3290 2298 3320 vel
2317 3291 2355 3320 ab

1285 3332 1348 3362 alio
1372 3331 1492 3362 adiecta
1514 3342 1572 3372 per
1594 3342 1756 3362 summam
1774 3332 1974 3363 oscitantiam
1994 3334 2196 3373 transcripsit,
2211 3334 2283 3373 ipso
2302 3334 2355 3364 Ri-

1284 3376 1390 3406 chardi
1414 3375 1577 3407 Chronico
1597 3386 1654 3407 nec
1677 3377 1771 3415 lecto,
1792 3386 1850 3407 nec
1872 3377 1957 3407 viso:
1980 3387 2100 3418 quaeve
2123 3378 2196 3408 inde
2220 3378 2356 3408 sumitur

1284 3420 1474 3459 coniectura,
1499 3421 1623 3451 tametsi
1642 3421 1682 3450 ad
1705 3421 1869 3451 arbitrium
1892 3420 1974 3459 ficta,
1999 3422 2162 3452 evanescit.

1351 3464 1442 3501 Quae
1466 3474 1593 3495 rursum
1616 3464 1680 3494 abit
1702 3465 1735 3494 in
1757 3474 1860 3502 auras,
1884 3472 2014 3495 canente
2038 3465 2178 3495 fabulam
2200 3465 2357 3507 Disquisie

1284 3515 1370 3545 tore,
1402 3517 1476 3538 cum
1508 3508 1567 3538 ait:
1602 3509 1753 3538 Thomam
1771 3518 1857 3549 prae
1884 3510 2020 3540 caeteris
2045 3509 2164 3540 Casino
2187 3511 2353 3541 exclusum

1283 3553 1442 3592 oportuit,
1467 3552 1544 3582 dum
1575 3562 1613 3582 ea
1637 3553 1866 3583 monachorum
1898 3554 2007 3584 eiectio
2031 3563 2073 3584 ex
2095 3554 2261 3585 Frederici
2287 3555 2354 3585 Im-

1278 3597 1443 3636 peratoris
1466 3597 1555 3627 iussu
1570 3596 1669 3636 facta
1693 3602 1756 3634 est,
1782 3602 1944 3638 tamquam
1960 3598 2072 3639 filium
2100 3598 2233 3630 Comitis
2254 3599 2354 3640 Aqui-

1284 3641 1386 3678 natis,
1410 3650 1503 3681 quem
1534 3640 1659 3672 Caesar
1680 3642 1821 3672 maxime
1850 3642 1980 3680 oderat,
2005 3642 2090 3683 quod
2112 3648 2224 3674 contra
2250 3645 2352 3684 ipsum
