2788 4204
60 405 69 414 ¹
81 403 116 426 Cf.
126 402 214 438 Rev-221„
222 402 274 423 lect.

61 440 92 461 lv,
107 437 156 455 not.
175 437 198 455 ο.

62 771 74 780 ·
88 775 115 791 ιε
130 769 193 790 linea
208 767 277 789 enim.

65 961 116 978 W·

65 987 116 1004 1310

67 1193 78 1203 '
93 1191 169 1215 Codd.
180 1203 192 1209 -
205 1198 231 1214 ιη
245 1191 280 1214 bi-

66 1218 160 1241 urias.

1165 255 1276 291 CAP.
1308 250 1376 301 Ν,
1407 254 1557 291 LECT.
1587 254 1623 290 X

301 336 442 374 modus
462 334 612 373 dicendi
633 345 706 383 per
731 344 771 370 se
799 340 865 380 est,
895 332 1049 380 quando
1069 332 1282 369 subiectum
1301 345 1368 381 po-

302 389 401 427 nitur
420 389 459 426 in
478 387 696 425 definitione
715 385 921 435 praedicati
929 386 960 432 *,
981 385 1087 432 quod
1103 393 1157 421 est
1170 385 1369 434 proprium

303 442 478 479 accidens
498 441 578 478 eius
596 447 616 477 ⁴.
637 440 687 476 Et
708 440 782 476 hoc
803 446 858 475 est
871 438 977 486 quod
997 437 1095 484 dicit,
1116 444 1152 474 et
1173 450 1241 487 per
1260 451 1299 474 se
1316 438 1369 474 di-

304 503 439 532 cuntur
459 494 739 543 quibuscunque
757 504 888 529 eorum
899 497 924 536 ²²,
941 490 1037 527 idest
1056 491 1103 527 de
1123 503 1285 529 numero
1306 503 1369 527 eo-

304 560 401 594 rum,
417 559 515 596 quae
533 547 658 584 insunt
675 545 772 593 ipsis,
794 545 890 581 idest
909 543 1085 581 subiectis
1105 544 1368 590 accidentium,

304 601 384 649 ipsa
408 599 576 636 subiecta
597 599 723 635 insunt
741 599 778 634 in
804 598 949 634 ratione
980 597 1256 635 demonstrante
1283 597 1372 645 quid

305 658 359 690 est
374 653 502 701 ipsum
521 650 709 699 accidens,
738 651 834 688 idest
861 650 899 687 in
917 650 1135 687 definitione
1155 650 1369 688 accidentis.

306 706 411 743 Sicut
439 711 580 742 rectum
614 709 650 740 et
680 704 865 741 circulare
902 704 1028 742 insunt
1059 703 1180 741 lineae
1211 716 1280 753 per
1308 715 1368 739 se:

305 770 396 795 nam
424 758 523 795 linea
540 759 560 779 ³*
579 757 732 806 ponitur
750 757 790 793 in
810 756 1029 795 definitione
1058 768 1204 794 eorum.
1235 758 1283 793 Et
1311 768 1371 792 ea-

306 811 396 848 dem
416 811 560 867 ratione
583 823 660 859 par
687 819 724 847 et
752 811 877 858 impar
898 822 968 859 per
987 823 1026 848 se
1050 810 1176 846 insunt
1195 821 1370 855 numero,

65 877 74 887 ·
87 883 115 899 a:
129 876 277 931 Ὗοηιζιῶινιν.
306 864 395 913 quia
409 876 592 908 numerus
611 864 650 901 in
670 875 804 901 eorum
826 863 1045 901 definitione
1064 863 1217 910 ponitur
1230 864 1265 900 *:
1281 874 1372 899 narn

64 935 188 951 manu-r:
198 934 238 957 qua

65 955 281 1037 mffilffig
306 982 411 1007 mum
441 978 477 1007 et
504 971 748 1019 compositum
775 982 846 1018 per
873 982 913 1006 se
941 970 1207 1018 praedicantur
1235 970 1282 1006 de
1305 981 1373 1004 nu-

67 1034 101 1057 ἐκ.

260 928 280 967 ''¹.
301 929 378 966 par
392 925 447 954 est
461 930 643 954 numerus
663 917 834 954 medium
854 917 1011 954 habens.
1041 918 1091 953 Et
1109 916 1276 953 similiter
1293 915 1373 964 pri-

308 1035 428 1070 mer0,
459 1031 496 1060 et
522 1035 705 1060 numerus
733 1023 771 1060 in
800 1022 1020 1060 definitione
1049 1035 1183 1059 eorum
1208 1021 1372 1071 ponitur.

307 1076 376 1112 Est
404 1076 505 1112 enim
524 1077 696 1124 primum
715 1076 754 1113 in
773 1076 953 1122 numeris,
984 1087 1167 1112 numerus
1187 1075 1251 1124 qui
1270 1075 1372 1111 nullo

307 1128 380 1165 alio
400 1140 562 1165 numero
582 1137 833 1175 mensuratur,
849 1129 917 1165 sed
936 1129 1016 1165 sola
1034 1128 1187 1175 unitate,
1202 1136 1244 1164 ut
1261 1133 1375 1175 septe-

308 1181 438 1218 narius
453 1182 484 1218 ³⁸.
515 1181 761 1230 Compositus
789 1189 918 1218 autem
947 1193 1139 1232 numerus*
1159 1188 1228 1227 est,
1259 1191 1374 1227 quem

308 1233 423 1270 etiam
451 1233 544 1270 alius
573 1246 755 1271 numerus
778 1242 983 1280 mensurat,
1014 1234 1109 1271 sicut
1136 1233 1374 1270 novenarius.

309 1286 360 1322 Et
387 1286 555 1323 similiter
582 1287 799 1335 isopleuros,
820 1287 916 1337 idest
935 1287 1218 1335 aequaliterum,
1240 1294 1277 1322 et
1294 1297 1374 1322 sca-

307 1338 430 1385 lenon,
459 1339 556 1380 idest
581 1340 696 1377 trium
724 1340 1168 1387 inaequalium-laterum
1198 1347 1235 1376 et
1262 1340 1377 1376 altera

255 1407 271 1409 ⁷·
307 1396 415 1440 parte
424 1387 576 1439 lOngius
589 1390 614 1439 λ,
624 1404 697 1440 per
709 1405 749 1429 se
767 1393 894 1429 insunt
912 1392 1110 1440 triangulo,
1122 1401 1158 1429 et
1172 1392 1376 1440 triangulus

307 1444 463 1492 ponitur
489 1444 528 1481 in
556 1445 775 1482 definitione
805 1458 952 1482 eorum.
983 1447 1032 1482 Et
1065 1446 1152 1482 ideo
1187 1445 1378 1492 subiungit

365 1608 384 1642 ι)
410 1608 525 1639 Quando
548 1609 693 1635 subiectum
713 1609 828 1642 ponitur
850 1610 876 1635 in
896 1610 1048 1643 definitione
1065 1610 1220 1642 praedicati
1243 1611 1314 1643 quod
1338 1614 1378 1635 est

289 1649 292 1651 ’
305 1644 450 1677 proprium
469 1645 592 1670 accidens
608 1645 673 1670 eius.
692 1646 812 1670 Notanda
829 1650 869 1670 est
887 1646 1015 1670 distinctio
1038 1645 1103 1671 inter
1121 1646 1264 1670 secundum
1284 1646 1309 1671 εἰ
1327 1646 1378 1679 pri-

311 1685 385 1704 mum
403 1680 514 1704 modum
532 1680 632 1705 dicendi
645 1687 699 1712 per
716 1687 753 1705 se.
773 1681 800 1705 In
818 1680 904 1713 primo
923 1681 1002 1706 modo
1021 1681 1195 1714 praedicatum
1212 1686 1252 1706 est
1265 1680 1378 1706 definitio

310 1714 353 1739 vel
372 1714 404 1739 de
423 1713 570 1740 definitione
589 1715 706 1746 subiecti,
725 1715 762 1740 uti
781 1716 936 1748 explicatum
955 1721 1007 1746 est;
1027 1717 1054 1741 in
1074 1717 1188 1741 secundo
1206 1717 1286 1741 modo
1304 1723 1379 1749 prae-

312 1749 424 1774 dicatum
443 1757 496 1775 non
515 1755 554 1775 est
573 1749 686 1776 definitio
709 1758 794 1784 neque
812 1751 845 1776 de
863 1750 1009 1776 definitione
1028 1751 1136 1776 subiecti
1156 1751 1226 1784 (non
1250 1752 1320 1776 enim
1338 1759 1378 1776 re-

312 1789 383 1809 ctum
400 1785 443 1810 vel
462 1793 571 1810 curvum
590 1791 652 1810 sunt
670 1785 783 1811 definitio
805 1786 847 1811 vel
867 1787 900 1811 de
919 1785 1066 1812 definitione
1084 1787 1199 1819 lineae),
1219 1787 1265 1812 sed
1284 1794 1298 1812 e
1318 1794 1379 1811 con-

311 1827 389 1845 verso
407 1820 554 1845 subiectum
571 1821 676 1853 ponitur
693 1821 720 1846 in
739 1819 886 1846 definitione
903 1822 1054 1854 praedicati,
1074 1822 1140 1847 sicut
1158 1822 1225 1847 linea
1243 1822 1270 1847 in
1289 1821 1378 1847 defini-

311 1854 382 1880 tione
405 1855 467 1880 recti
486 1860 512 1880 et
529 1856 611 1881 curvi.
634 1856 783 1881 Subiectum
807 1861 894 1881 autem
919 1864 971 1881 non
994 1862 1081 1889 potest
1099 1864 1158 1882 esse
1176 1858 1208 1882 de
1233 1856 1379 1882 definitione

311 1889 450 1923 praedicati
469 1889 556 1923 (quod
575 1896 615 1916 est
632 1891 778 1925 accidens),
798 1891 872 1924 quasi
896 1891 930 1916 sit
947 1897 990 1917 aut
1008 1900 1068 1925 pars
1088 1892 1223 1917 intrinseca
1242 1892 1379 1925 praedicati

312 1930 358 1951 aut
375 1925 493 1950 accidens
518 1926 636 1951 eiusdem
656 1926 705 1959 (ef.
718 1927 736 1951 1.
750 1926 853 1956 Perih„
873 1927 930 1952 lect.
943 1935 983 1956 ιν,
1007 1933 1060 1952 not.
1074 1926 1114 1960 3);
1133 1928 1181 1952 sed
1200 1928 1274 1960 quia,
1298 1932 1327 1952 ut
1345 1927 1380 1952 ait

278 1973 283 1977 ·
313 1967 335 1985 s.
347 1959 474 1991 Thomas,
489 1961 624 1994 proprium
643 1961 789 1986 subiectum
808 1962 913 1994 ponitur
931 1962 957 1987 in
976 1962 1124 1988 definitione
1142 1963 1287 1994 accidentis,
1307 1963 1379 1988 cuius

313 1999 354 2020 eet
371 2002 431 2021 esse
448 1995 475 2020 in
494 1996 618 2027 subiecto,
638 2002 665 2022 et
678 2002 867 2030 consequenter
880 1997 939 2023 ideo
953 1997 1058 2031 ponitur
1077 1998 1273 2023 determinatum
1293 1998 1379 2023 subie-

313 2035 384 2056 ctum
402 2030 429 2056 in
448 2030 595 2056 definitione
613 2032 765 2063 accidentis,
791 2033 852 2065 quia
875 2033 992 2058 accidens
1011 2038 1051 2059 est
1068 2034 1172 2066 propria
1196 2034 1284 2067 passio
1302 2033 1379 2058 huius

313 2065 429 2091 subiecti.
442 2066 569 2091 Accidens
583 2067 718 2100 proprium
731 2067 757 2092 in
772 2068 845 2092 cuius
859 2067 1005 2093 definitione
1018 2069 1121 2101 ponitur
1139 2069 1292 2099 subiectum,
1307 2077 1381 2102 prae-

314 2100 413 2126 dicatur
437 2101 469 2126 de
487 2102 581 2127 eodem
603 2102 720 2127 subiecto
739 2102 765 2127 in
787 2104 901 2128 secundo
920 2104 998 2128 modo
1024 2104 1123 2129 dicendi
1143 2112 1190 2137 per
1207 2112 1248 2134 se;
1271 2105 1336 2130 sicut
1354 2104 1381 2129 in

314 2135 463 2162 definitione
479 2137 586 2170 imparis
606 2138 697 2162 dicitur
709 2138 781 2171 quod
795 2138 828 2163 sit
840 2146 965 2164 numerus
983 2146 1076 2164 carens
1089 2140 1176 2165 medio
1180 2147 1190 2169 ,-
1208 2144 1233 2164 et
1245 2140 1303 2165 ideo
1317 2139 1381 2165 haec

313 2171 460 2205 propositio
475 2172 511 2197 ·de
529 2180 650 2198 numero:
670 2180 795 2199 numerus
807 2177 847 2199 est
854 2181 911 2206 par
924 2175 965 2200 vel
977 2174 1065 2207 impar
1078 2180 1118 2200 est
1131 2175 1158 2200 in
1172 2175 1288 2200 secundo
1301 2175 1381 2200 modo

314 2206 415 2232 dicendi
428 2213 482 2240 per
499 2214 534 2233 se.

367 2242 424 2267 Hac
443 2247 529 2268 autem
551 2243 578 2267 in
596 2251 625 2268 re
643 2249 747 2269 sanctus
771 2243 902 2275 Thomas,
926 2245 996 2270 aiens
1020 2245 1091 2278 quod
1115 2245 1140 2270 in
1164 2246 1278 2271 secundo
1302 2246 1381 2270 modo

315 2276 415 2303 dicendi
427 2285 476 2312 per
489 2286 519 2303 se
537 2278 682 2304 subiectum
701 2279 805 2312 ponitur
823 2279 849 2304 in
866 2278 1014 2305 definitione
1030 2281 1176 2312 accidentis,
1191 2281 1251 2314 quia
1263 2281 1380 2306 accidens

316 2313 444 2345 dependet
457 2321 473 2338 a
485 2313 603 2339 subiecto
615 2314 701 2347 quoad
714 2314 954 2347 substentationem,
964 2323 1048 2340 errare
1067 2316 1167 2341 videtur
1181 2316 1380 2341 Bartholomaeo

315 2348 420 2373 Amico:
439 2356 513 2380 nam,
531 2349 616 2382 inquit
632 2350 732 2375 Auctor
749 2349 812 2381 iste,
831 2349 879 2375 hac
897 2350 994 2375 ratione
1016 2351 1104 2376 omnia
1123 2351 1262 2376 accidentia
1280 2350 1381 2384 praedi-

316 2388 435 2408 carentur
452 2391 499 2416 per
516 2391 546 2409 se
564 2384 590 2409 in
603 2385 719 2409 secundo
739 2385 827 2415 modo,
842 2390 930 2411 contra
941 2391 1038 2411 textum
1051 2386 1196 2411 Aristotelis
1210 2392 1235 2412 et
1246 2387 1381 2412 veritatem

316 2417 364 2451 (In
381 2418 463 2444 libros
476 2419 628 2445 Aristotelis
646 2420 865 2450 strihermenias,
884 2421 992 2446 Priores
1005 2425 1031 2446 et
1045 2422 1208 2448 Posteriores
1221 2422 1380 2455 analyticos,

316 2457 396 2479 notae
413 2457 440 2479 et
459 2454 659 2487 disputationes.
678 2455 795 2488 Neapoli,
818 2455 893 2487 1626,
911 2461 983 2481 tract.
995 2457 1086 2488 XXVI,
1100 2457 1166 2490 disp.
1179 2465 1201 2488 1,
1221 2465 1264 2490 qu.
1277 2465 1313 2488 ix,
1334 2457 1381 2482 du-

315 2488 387 2514 bitat.
400 2497 437 2520 m,
457 2494 503 2515 art.
515 2497 533 2520 1,
551 2498 611 2523 pag.
626 2489 684 2522 283,
704 2491 754 2515 col.
771 2491 804 2523 1).

369 2525 421 2550 Sed
438 2525 518 2550 verba
536 2532 558 2550 s.
576 2525 695 2551 'rhomae
717 2533 770 2551 non
788 2530 882 2551 attente
905 2526 1076 2552 consideravit
1093 2527 1215 2553 Amicus:
1239 2535 1292 2553 non
1311 2528 1381 2553 enim

317 2567 339 2585 s.
351 2559 450 2585 Doctor
466 2560 581 2593 loquitur
599 2561 631 2585 de
650 2560 780 2586 accidente
797 2561 824 2587 in
842 2569 945 2594 genere,
964 2562 1010 2587 sed
1029 2563 1062 2587 de
1078 2563 1207 2588 accidente
1219 2563 1339 2596 proprio;
1353 2567 1382 2587 ut

316 2595 414 2620 scilicet
432 2594 499 2621 sicut
516 2596 542 2621 in
561 2595 708 2621 definitione
727 2596 864 2622 accidentis
877 2597 903 2621 in
916 2605 1011 2630 genere
1029 2598 1133 2631 ponitur
1152 2598 1297 2624 subiectum
1310 2607 1381 2624 com-

316 2637 397 2655 mune
415 2638 430 2655 a
448 2638 502 2664 quo
520 2631 698 2656 substentatur
716 2636 742 2656 et
761 2632 889 2665 dependet
907 2633 993 2665 quoad
1012 2641 1083 2665 esse,
1097 2633 1131 2658 ita
1142 2633 1168 2658 in
1182 2632 1328 2659 definitione
1340 2642 1382 2659 ac-

316 2665 424 2691 cidentis
442 2666 540 2700 proprii
559 2666 665 2699 ponitur
676 2667 820 2700 propr-ium
838 2667 996 2698 subiectum,
1011 2676 1027 2693 a
1051 2676 1104 2702 quo
1123 2669 1180 2694 solo
1193 2677 1254 2694 esse
1266 2669 1382 2694 acciden-

315 2701 348 2726 tis
368 2700 496 2735 dependet
510 2706 536 2727 et
547 2702 574 2726 in
587 2709 639 2735 quo
658 2702 716 2727 solo
735 2710 794 2727 esse
811 2707 907 2735 potest.
918 2716 938 2722 -
950 2703 1017 2728 Hinc
1036 2703 1122 2729 inferri
1141 2712 1194 2729 non
1212 2709 1299 2737 potest
1311 2705 1383 2738 quod

316 2736 405 2762 omnia
423 2737 564 2762 accidentia
574 2737 753 2770 praedicentur
765 2745 813 2771 per
825 2745 855 2763 se
868 2737 894 2762 in
908 2739 1024 2764 secundo
1037 2740 1123 2770 modo,
1143 2740 1190 2766 sed
1209 2740 1280 2773 quod
1294 2740 1382 2765 omnia

318 2771 457 2799 accidentia
469 2773 594 2805 propria.
614 2772 691 2803 Quod
710 2778 751 2798 est
766 2780 874 2804 verum,
894 2778 919 2798 et
937 2775 1083 2799 secundum
1102 2779 1217 2800 mentem
1235 2775 1381 2800 Aristotelis

318 2813 348 2831 ac
366 2814 388 2831 s.
402 2806 529 2840 Thomue,
548 2808 602 2832 imo
620 2807 704 2841 ipsius
722 2808 843 2834 Auctoris
862 2809 1001 2842 praecitati.

324 2840 326 2877 ᾗ
371 2841 520 2868 Notandum
540 2843 632 2868 deinde
650 2843 722 2876 quod
740 2843 886 2869 subiectum
904 2849 991 2877 potest
1009 2845 1070 2877 poni
1088 2845 1114 2870 in
1133 2844 1231 2871 ratione
1245 2846 1382 2878 praedicati

319 2875 468 2910 dupliciter:
490 2878 532 2903 vel
551 2878 694 2904 secundum
713 2878 844 2912 seipsum,
864 2879 930 2904 sicut
948 2880 1052 2913 quando
1071 2880 1163 2906 dicitur
1187 2882 1257 2914 quod
1270 2889 1327 2914 par
1344 2885 1384 2907 est

319 2919 444 2938 numerus
463 2913 602 2940 divisibilis
620 2913 759 2948 bifariam5
778 2915 849 2948 quod
868 2915 956 2947 impar
973 2919 1013 2941 est
1031 2923 1157 2942 numerus
1175 2923 1227 2941 non
1247 2916 1385 2942 divisibilis

319 2946 452 2988 bifariam.
470 2948 520 2973 Vel
542 2956 595 2974 non
619 2949 762 2974 secundum
787 2949 904 2982 seipsum
922 2950 969 2975 sed
993 2950 1136 2976 secundum
1159 2950 1256 2984 aliquid
1279 2952 1327 2977 sibi
1346 2952 1385 2977 in-

318 2986 458 3008 trinsecum
473 2987 499 3008 et
515 2983 663 3016 essentiale,
683 2983 750 3009 sicut
768 2992 828 3010 cum
847 2985 946 3016 dicitur,
966 2985 1088 3011 Isosceles
1101 2985 1180 3012 habet
1192 2990 1246 3013 tres
1259 2987 1387 3021 angulos:

319 3017 378 3042 loco
396 3018 503 3043 subiecti
522 3019 682 3052 triangulus,
700 3019 804 3052 ponitur
822 3019 918 3045 habere
936 3023 990 3046 tres
1011 3021 1136 3054 angulos,
1156 3021 1253 3047 scilicet
1271 3023 1296 3047 id
1315 3023 1386 3055 quod

319 3057 360 3077 est
377 3053 409 3078 de
427 3053 539 3079 essentia
557 3054 673 3084 subiecti,
688 3055 759 3087 quod
778 3059 818 3079 est
835 3055 987 3088 triangulus.
996 3070 1015 3074 -
1025 3056 1066 3082 Ad
1077 3057 1282 3090 propositionem
1296 3065 1344 3091 per
1357 3066 1386 3083 se

318 3087 345 3112 in
359 3088 474 3113 secundo
492 3089 572 3114 modo
595 3087 688 3114 sufficit
706 3089 776 3122 quod
795 3090 940 3116 subiectum
953 3096 1063 3123 ponatur
1076 3091 1102 3116 in
1121 3091 1268 3118 definitione
1286 3093 1386 3126 praedi-

320 3123 382 3154 cati,
402 3123 458 3148 sive
475 3124 620 3149 secundum
638 3131 668 3149 se
681 3124 737 3149 sive
755 3126 899 3150 secundum
914 3126 1010 3159 aliquid
1029 3126 1078 3151 sibi
1096 3127 1270 3152 intrinsecum.

373 3157 399 3192 κ)
420 3159 457 3184 Et
474 3158 523 3184 hoc
540 3163 581 3185 est
598 3159 670 3193 quod
683 3159 761 3190 dicit,
780 3163 807 3185 et
818 3167 872 3193 per
889 3167 917 3186 se
935 3161 1102 3187 ete-Codd.
1121 3162 1249 3187 BCHMS:
1262 3166 1287 3188 et
1302 3163 1386 3188 hoc...-

320 3194 386 3220 dicit
399 3193 471 3227 quod
479 3193 568 3226 perse
577 3199 637 3226 etc.;
652 3194 675 3219 K
685 3199 711 3219 et
720 3202 807 3228 marg.
816 3195 848 3220 S:
863 3196 935 3228 quod
948 3197 1028 3222 etiam
1037 3204 1091 3229 per
1103 3204 1159 3223 se.-
1168 3197 1249 3222 Codd.
1262 3197 1387 3223 BCDEGI

319 3229 525 3260 KLMOQRST:
548 3233 575 3255 et
592 3230 641 3255 hoc
659 3232 741 3255 est...
760 3230 955 3264 quibuscunque
973 3238 1078 3264 eorum,
1095 3240 1161 3265 quae
1175 3237 1216 3258 est
1236 3233 1311 3257 lectio
1325 3240 1386 3257 con-

320 3264 411 3289 formis
430 3264 508 3289 textui
522 3264 678 3290 aristotelico
696 3273 711 3290 a
729 3273 751 3290 s.
767 3265 870 3291 Thomu
888 3267 1007 3299 recitato,
1026 3275 1157 3300 quamque
1174 3272 1311 3300 propterea
1325 3267 1387 3292 ado-

320 3302 425 3333 ptamus
449 3300 507 3324 loco
526 3296 632 3332 Pinnae:
656 3307 825 3333 quaecunque
847 3308 948 3327 eorum.
965 3315 985 3321 -·
1004 3302 1047 3328 Ob
1066 3303 1186 3328 eamdem
1211 3310 1315 3327 causam
1334 3310 1387 3327 non

321 3335 479 3360 admittimus
503 3335 640 3360 lectionem
659 3336 717 3360 cod.
736 3335 760 3360 1:
780 3342 847 3368 quae
864 3343 918 3369 per
938 3343 967 3362 se
989 3337 1092 3366 insunt,
1112 3343 1137 3362 et
1159 3337 1300 3362 retinemus
1323 3337 1387 3370 ipsis

321 3370 428 3396 Pianae:
448 3370 567 3403 quamvis
586 3370 687 3396 codices
706 3378 799 3396 omnes
817 3371 868 3396 hoc
885 3371 1013 3397 vocabulo
1032 3377 1134 3397 careant
1152 3380 1182 3397 ac
1201 3373 1301 3404 legant:
1320 3379 1389 3405 quae

322 3406 412 3431 insunt
421 3406 544 3431 subiectis
553 3405 638 3438 (GBS,
648 3405 823 3439 substantiis),
837 3406 907 3432 idest
917 3406 1094 3432 accidentium
1104 3412 1152 3432 etc.
1163 3407 1288 3439 Legimus
1299 3412 1387 3432 tamen

321 3449 382 3467 cum
402 3441 500 3466 eisdem
521 3441 584 3473 (exc.
598 3441 635 3474 M)
655 3446 680 3466 et
698 3445 781 3466 textu:
801 3441 858 3474 ipsa
876 3441 993 3468 subiecta
1011 3442 1102 3467 insunt
1123 3447 1185 3472 etc.;
1205 3442 1265 3466 PM:
1284 3446 1312 3467 et
1329 3443 1387 3474 ipsa

320 3476 437 3502 subiecta
451 3477 542 3501 insunt
554 3481 602 3501 etc.
611 3476 699 3502 Placet
708 3477 785 3506 etiam
795 3476 870 3501 lectio
880 3477 937 3502 cod.
947 3477 983 3502 N:
999 3477 1064 3510 ipsa,
1075 3477 1144 3502 idest
1152 3477 1277 3508 subiecta,
1288 3477 1386 3503 insunt.

326 3507 329 3510 ’
374 3510 403 3545 λ)
424 3511 460 3537 Et
473 3511 596 3537 similiter
611 3512 782 3545 isopleuros...
795 3514 822 3537 et
834 3512 921 3537 altera
929 3515 1012 3544 parte
1025 3512 1139 3546 longius.
1154 3512 1225 3537 Haec
1238 3513 1295 3538 sola
1307 3512 1387 3538 verba

322 3551 405 3572 textus
417 3547 563 3572 Aristotelis
578 3546 669 3572 habet:
685 3545 727 3572 καὶ
742 3542 897 3581 ἰσόπλευρον
911 3544 954 3572 καὶ
967 3544 1125 3581 ἑτερόμηκες.
1144 3547 1281 3572 Dubitatur
1290 3555 1305 3573 a
1314 3555 1387 3572 com-

322 3581 509 3607 mentatoribus
518 3587 606 3607 utrum
617 3583 648 3607 ad
661 3590 783 3608 numeros
797 3590 830 3607 an
839 3583 871 3607 ad
880 3581 975 3616 figuras
989 3582 1122 3608 referenda
1136 3582 1187 3608 sint
1198 3581 1261 3608 haec
1271 3583 1388 3616 exempla

465 3636 534 3669 Opp.
553 3636 584 3661 D.
599 3636 713 3661 ”suonam
732 3636 763 3661 T.
779 3637 796 3661 Ι.

2417 263 2486 300 177

1425 332 1547 381 quod,
1577 331 1744 369 subiecta
1772 343 1871 380 quae
1885 332 1905 352 '¹‘
1928 331 2054 368 insunt
2077 330 2255 367 omnibus
2273 330 2489 377 praemissis

1425 385 1681 422 accidentibus
1710 384 1748 421 in
1776 384 1919 421 ratione
1950 384 2095 421 dicente
2116 384 2205 431 quid
2222 388 2284 428 est,
2305 382 2400 419 idest
2418 383 2457 419 in
2470 383 2490 404 *

1426 438 1644 475 definitione
1657 438 1691 485 ³³,
1707 437 1801 474 sicut
1816 437 1924 474 alicui
1943 437 2223 486 praedictorum
2239 435 2488 474 accidentium

1425 491 1521 528 inest
1535 491 1644 538 linea,
1661 491 1770 527 alicui
1785 503 1879 527 vero
1895 503 2087 537 numerus,
2105 498 2141 526 et
2156 490 2322 526 similiter
2340 488 2377 525 in
2398 488 2488 535 aliis,

2516 377 2527 387 ⁸
2543 377 2617 399 Codd.
2634 389 2644 393 -
2659 384 2686 399 p:
2701 384 2728 399 o-

2516 404 2579 424 mnia
2586 404 2689 426 subiecta
2697 405 2730 426 in-

2516 432 2578 451 sunt

2518 457 2525 464 ·
2541 456 2567 476 In
2582 462 2610 477 ex
2626 457 2694 478 codd.

2517 483 2526 491 ‘
2546 488 2575 503 n:
2596 482 2731 510 definitione

2518 513 2605 530 eorum.

1427 545 1636 592 unicuique,
1668 544 1843 592 inquam,
1873 544 2043 593 ipsorum
2064 543 2337 589 subiectorum,
2362 553 2434 590 per
2451 554 2490 578 se
2517 554 2524 560 ·

1426 598 1543 634 inesse
1571 598 1653 634 dico
1680 609 1790 634 suum
1819 597 2040 647 accidens&

1484 651 1516 687 5.
1547 651 1657 696 Quae
1672 662 1766 687 vero
1785 650 2000 698 praedicata
2014 650 2230 687 neutraliter
2243 649 2380 694 insunt,
2396 647 2492 684 idest

1426 715 1550 752 neque
1578 704 1628 740 ita
1656 703 1761 751 quod
1788 712 1979 751 ponantur
2006 704 2045 740 in
2064 703 2282 740 definitione
2305 701 2491 739 subiecto-

1427 768 1534 802 rum,
1562 768 1688 804 neque
1717 756 1883 793 subiecta
1911 757 1949 793 in
1978 757 2196 793 definitione
2226 768 2376 802 eorum,
2406 761 2492 790 sunt

1427 809 1644 856 accidentia,
1674 809 1769 846 idest
1790 821 1863 857 per
1898 810 2068 846 accidens
2095 810 2371 858 praedicantur,
2398 808 2492 844 sicut

1428 862 1617 898 musicum
1647 870 1683 898 et
1710 863 1839 899 album
1872 862 2136 910 praedicantur
2169 863 2215 900 de
2244 862 2396 899 animali
2423 873 2492 909 per

1429 915 1604 952 accidens
1627 921 1658 951 Ρ.

1510 969 1545 1004 6.
1575 967 1723 1004 Deinde
1753 979 1839 1004 cum
1862 967 1963 1004 dicit:
1984 968 2155 1016 Amplius
2183 969 2283 1016 quod
2309 979 2382 1004 non
2408 975 2490 1013 ete,

1429 1021 1536 1069 ponit
1554 1020 1670 1057 alium
1691 1021 1853 1057 modum
1883 1020 1972 1066 eius,
2003 1021 2108 1068 quod
2128 1029 2183 1057 est
2204 1033 2277 1069 per
2300 1033 2350 1066 se,
2379 1028 2492 1069 prout

1424 1085 1497 1121 per
1519 1086 1559 1110 se
1584 1073 1767 1120 significat
1795 1073 1933 1120 aliquid
1953 1073 2177 1120 solitarium,
2207 1074 2301 1111 sicut
2329 1074 2462 1110 dicitur
2480 1078 2492 1092 ''

2520 598 2527 605 '
2539 602 2569 617 m«
2578 604 2582 617 :
2591 596 2731 624 &caprae-

2520 621 2598 643 dicata
2614 622 2674 648 dico,
2692 629 2731 644 se-

2520 648 2588 670 cund.
2603 655 2669 670 suum
2690 655 2730 670 ac-

2519 675 2598 696 cidens
2605 682 2615 700 ,-
2628 675 2668 697 sed
2683 681 2729 697 non

2519 705 2587 722 recte.

1430 1126 1536 1174 quod
1556 1138 1630 1174 per
1655 1138 1695 1162 se
1722 1132 1776 1162 est
1801 1126 1955 1173 aliquod
1983 1127 2215 1175 particulare,
2244 1127 2348 1175 quod
2377 1135 2432 1164 est
2456 1127 2493 1163 in
2536 1152 2539 1155 -

1430 1191 1567 1227 genere
1596 1179 1836 1225 substantiae,
1866 1179 1970 1227 quod
1999 1192 2076 1216 non
2103 1180 2340 1228 praedicatur
2363 1181 2411 1218 de
2430 1181 2493 1218 ali—

1431 1244 1509 1280 quo
1530 1232 1699 1269 subiecto
1714 1233 1744 1269 ³¹³.
1766 1233 1815 1268 Et
1834 1232 1945 1269 huius
1966 1233 2058 1269 ratio
2080 1242 2144 1278 est,
2166 1233 2254 1280 quia
2283 1246 2370 1270 cum
2396 1234 2492 1280 dico,

1431 1286 1630 1322 ambulans
1656 1286 1718 1322 vel
1747 1285 1895 1331 album,
1926 1298 2004 1322 non
2023 1286 2192 1334 significo
2212 1287 2410 1323 ambulans
2433 1288 2495 1324 vel

1432 1339 1582 1385 album,
1618 1338 1725 1387 quasi
1750 1338 1890 1386 aliquid
1917 1350 1990 1386 per
2016 1351 2056 1375 se
2088 1339 2294 1376 solitarium
2324 1340 2493 1387 existens,

1433 1404 1521 1428 cum
1550 1391 1772 1439 intelligatur
1799 1391 1938 1439 aliquid
1972 1391 2073 1428 aliud
2102 1404 2183 1429 esse
2211 1393 2316 1440 quod
2343 1393 2389 1429 sit
2415 1406 2496 1429 am-

1432 1445 1567 1481 bulans
1594 1446 1656 1481 vel
1684 1445 1826 1481 album.
1862 1444 1938 1481 Sed
1966 1444 2004 1481 in
2032 1445 2090 1481 his
2109 1442 2138 1492 ⁴⁵,
2163 1458 2261 1493 quae
2290 1445 2497 1493 significant

1434 1610 1593 1643 (Cf.Bonitz‚
1609 1610 1844 1640 Ind.Aristotelic.‚
1859 1618 1916 1635 voc.
1932 1608 2082 1644 ἑτερόμηκες
2097 1618 2155 1644 pag.
2170 1618 2229 1644 290,
2243 1612 2291 1636 col.
2307 1613 2412 1637 1.·-Ed.
2422 1614 2462 1639 cit.
2472 1615 2498 1639 in

1432 1646 1490 1670 lect.
1497 1654 1514 1676 1,
1524 1651 1578 1671 not.
1584 1644 1618 1678 Θ).
1629 1646 1788 1678 Philoponus
1799 1646 1841 1671 illa
1850 1645 2029 1678 interpretatur
2039 1646 2070 1670 de
2080 1646 2210 1671 numeris:
2221 1656 2235 1670 <‹
2242 1648 2394 1679 Alexander,
2404 1648 2497 1681 inquit,

1433 1689 1448 1704 >>
1463 1689 1515 1706 non
1526 1682 1558 1706 de
1571 1681 1694 1710 numeris,
1705 1681 1751 1705 sed
1766 1681 1798 1706 de
1812 1679 1900 1713 figuris
1914 1681 2023 1714 accepit3
2038 1682 2108 1714 quod
2123 1687 2175 1706 erat
2190 1688 2391 1707 consentaneum
2405 1684 2497 1710 intelli-

1434 1725 1447 1739 »
1463 1724 1538 1748 gere:
1552 1724 1605 1741 non
1624 1716 1694 1741 enim
1707 1716 1859 1741 Aristoteles
1873 1716 1899 1741 in
1913 1715 2001 1748 figuris
2020 1717 2082 1741 haec
2097 1717 2190 1750 posuit.
2205 1718 2320 1743 Dicimus
2335 1724 2435 1750 autem,
2451 1721 2497 1746 sed

1435 1761 1448 1774 ›
1464 1752 1491 1776 in
1509 1752 1639 1776 numeris:
1659 1752 1754 1776 etenim
1773 1752 1943 1784 aequilaterus
1963 1759 2085 1776 numeros
2106 1760 2164 1777 esse
2185 1753 2292 1778 dicimus
2313 1755 2459 1786 quadratos,
2469 1762 2499 1781 ut

1434 1794 1449 1809 ι
1463 1794 1566 1818 novem,
1579 1791 1717 1820 propterea
1730 1787 1801 1819 quod
1815 1786 1983 1820 multiplicato
1998 1787 2108 1812 ternario
2124 1795 2234 1813 numero
2252 1789 2278 1813 in
2292 1797 2329 1819 se,
2344 1791 2497 1816 novenarius

1435 1831 1449 1844 ›
1464 1829 1590 1847 numerus
1608 1821 1648 1852 fit;
1667 1822 1746 1847 altera
1764 1829 1826 1847 vero
1845 1827 1917 1855 parte
1935 1822 1995 1847 item
2010 1823 2139 1855 longiores
2158 1831 2282 1848 numeros
2301 1832 2360 1854 eos,
2380 1825 2423 1857 qui
2446 1827 2498 1851 sint

1436 1865 1450 1880 2
1464 1865 1494 1882 ex
1519 1857 1634 1882 numeris
1658 1857 1799 1890 imparibus
1824 1858 1998 1891 multiplicatis
2017 1857 2087 1887 facti;
2111 1863 2138 1882 ut
2158 1859 2304 1891 quindecim
2329 1860 2408 1885 altera
2426 1867 2498 1893 parte

1437 1890 1582 1925 {longiora
1605 1893 1730 1917 dicimus:
1760 1898 1878 1917 constant
1901 1893 1969 1917 enim
1994 1900 2024 1918 ex
2047 1893 2164 1926 quinque
2188 1894 2363 1927 multiplicatis
2388 1895 2413 1920 in
2436 1902 2498 1922 tres.

1436 1936 1450 1951 >›
1467 1928 1544 1958 Quod
1563 1933 1648 1953 autem
1667 1936 1720 1952 non
1739 1929 1771 1953 de
1789 1926 1878 1960 figuris
1897 1928 1986 1961 accipit
2004 1928 2193 1961 (Aristoteles)
2211 1930 2402 1961 aequilaterum
2421 1938 2446 1957 et
2459 1933 2499 1957 al-

1435 1971 1450 1986 »
1464 1966 1523 1988 tera
1532 1966 1614 1995 parte
1628 1963 1733 1997 longius
1753 1963 1888 1988 declaravit
1903 1971 1933 1989 ex
1947 1963 2043 1996 quibus
2056 1964 2139 1988 intulit
2153 1964 2249 1996 dicens,
2264 1968 2291 1990 et
2302 1966 2421 1991 omnibus
2436 1968 2499 2000 ipsis

1435 2008 1448 2021 ι
1465 1998 1667 2024 inexistentibus
1685 1999 1712 2023 in
1731 1999 1853 2024 oratione
1870 1999 1935 2031 quid
1953 2002 1992 2024 est
2011 1999 2176 2028 declarante,
2193 1999 2233 2025 hic
2252 2000 2326 2032 linea,
2341 2001 2392 2026 illic
2407 2010 2498 2028 nume-

1437 2041 1450 2057 »
1466 2042 1526 2065 rus3
1545 2033 1596 2059 hoc
1614 2038 1661 2064 est,
1676 2034 1702 2058 in
1721 2033 1911 2059 definitionibus
1930 2034 2047 2059 omnium
2061 2035 2186 2059 dictorum
2201 2035 2288 2060 insunt
2301 2036 2414 2062 subiecta
2426 2038 2498 2070 ipsis,

1437 2079 1450 2092 ›
1465 2069 1515 2094 illic
1534 2069 1601 2094 linea
1623 2069 1741 2094 videlicet
1760 2069 1785 2094 in
1804 2074 1873 2094 recto
1899 2075 1924 2094 et
1942 2070 2115 2094 circumducto
2130 2070 2224 2101 lineae,
2245 2071 2270 2095 in
2291 2071 2345 2096 aliis
2364 2080 2498 2099 numerus.

1436 2113 1451 2128 a
1467 2105 1630 2130 Manifestum
1649 2104 1725 2137 igitur
1743 2105 1813 2137 quod
1832 2105 2024 2137 aequilaterum
2039 2106 2079 2130 vel
2090 2106 2176 2130 altera
2185 2110 2268 2138 parte
2281 2107 2386 2140 longius
2400 2116 2452 2132 non
2467 2109 2498 2134 de

1436 2149 1452 2164 ³>
1466 2139 1568 2172 figuris,
1588 2140 1635 2165 sed
1653 2140 1685 2165 de
1703 2140 1818 2165 numeris
1836 2141 1953 2173 accepit»
1967 2138 2028 2174 (lnl
2043 2141 2153 2170 Foster„
2164 2140 2188 2173 ξ.
2199 2142 2236 2167 Et
2251 2142 2444 2175 quibuscunque
2456 2151 2499 2169 eo-

1436 2183 1496 2200 rum
1506 2180 1562 2206 etc„
1573 2183 1631 2208 pag.
1643 2183 1684 2206 22,
1697 2175 1745 2200 col.
1764 2183 1811 2200 1.-
1820 2176 1868 2200 Ed.
1879 2175 1940 2208 cic).
1949 2177 1978 2201 Β.
1986 2175 2107 2200 Albertus
2117 2176 2202 2208 Magn.
2217 2177 2243 2201 in
2253 2178 2262 2202 Ι
2272 2178 2380 2207 Foster„
2392 2180 2499 2210 tract.11,

1436 2218 1538 2243 cap.xx‚
1559 2218 1617 2243 pag.
1635 2210 1693 2243 537,
1713 2211 1763 2235 col.
1782 2219 1789 2235 1
1814 2208 1893 2244 (Opp.
1909 2210 2011 2243 tom.I),
2033 2211 2167 2236 admittere
2184 2212 2285 2237 videtur
2302 2218 2357 2237 tum
2376 2221 2499 2239 numeros

1435 2251 1492 2271 tum
1510 2245 1621 2278 figuras:
1637 2255 1651 2269 α
1663 2246 1690 2270 ln
1705 2245 1850 2271 definitione
1865 2246 1932 2279 paris
1947 2252 1972 2271 et
1986 2245 2099 2278 imparis,
2114 2246 2206 2278 inquit,
2221 2249 2262 2272 vel
2277 2248 2362 2280 primi,
2374 2250 2414 2273 vel
2429 2257 2499 2274 com-

1437 2290 1451 2305 >
1467 2281 1552 2314 positi,
1565 2281 1607 2305 vel
1622 2281 1738 2313 quadrati
1757 2286 1782 2306 et
1800 2282 1878 2306 altera
1896 2286 1969 2314 parte
1990 2281 2113 2313 longioris
2133 2283 2301 2315 quadranguli
2320 2283 2387 2308 inest
2404 2284 2430 2309 in
2447 2292 2500 2310 una

1438 2327 1451 2339 ›
1467 2322 1539 2349 parte
1564 2316 1644 2346 linea,
1664 2316 1689 2341 in
1708 2316 1757 2341 alia
1775 2322 1846 2349 parte
1870 2325 2003 2342 numerus.
2027 2317 2074 2341 Est
2092 2317 2160 2342 enim
2186 2318 2393 2351 quadrangulum
2421 2320 2500 2345 altera

1437 2360 1451 2375 ³
1467 2357 1539 2385 parte
1553 2351 1655 2384 longius
1671 2359 1796 2376 numerus
1810 2353 1851 2377 vel
1866 2352 1932 2376 linea
1951 2353 2023 2377 cuius
2043 2352 2134 2377 ductus
2153 2353 2254 2386 longior
2270 2360 2309 2378 est
2321 2354 2406 2379 radice
2412 2362 2419 2384 ;
2433 2355 2501 2380 sicut

1438 2396 1452 2410 x
1468 2387 1573 2420 quando
1592 2394 1715 2411 numerus
1739 2387 1823 2412 minor
1842 2387 1943 2412 ducitur
1960 2387 1986 2412 in
2005 2388 2130 2412 maiorem
2153 2389 2193 2413 vel
2213 2396 2228 2413 e
2246 2396 2385 2419 converso,
2409 2395 2438 2414 ut
2461 2396 2500 2415 ter

1437 2431 1452 2446 z
1467 2422 1493 2447 in
1508 2427 1627 2455 quatuor,
1637 2422 1678 2446 vel
1698 2430 1779 2455 quum
1798 2422 1865 2447 linea
1886 2422 1997 2448 bicubita
2016 2423 2115 2448 ducitur
2133 2422 2158 2447 in
2180 2423 2501 2450 circulatam.»-Mentem

1436 2457 1581 2488 Alexandri,
1609 2457 1677 2482 otius
1688 2465 1766 2490 quam
1776 2458 1885 2482 litteram
1896 2458 2049 2489 Aristotelis,
2059 2466 2120 2491 prae
2132 2459 2214 2483 oculis
2228 2459 2317 2484 habuit
2329 2460 2373 2492 qui
2388 2457 2430 2484 καὶ
2446 2455 2501 2485 ἷσό-

1436 2491 1547 2526 πλευρον
1566 2501 1608 2518 και
1628 2490 1777 2526 ἑτερόμηκες
1795 2493 1878 2523 vern't,
1897 2496 1924 2518 et
1942 2493 2095 2526 isopleuros,
2115 2494 2186 2526 quod
2203 2497 2242 2519 est
2260 2495 2460 2527 aequilaterum,
2475 2499 2502 2521 et

1436 2529 1567 2557 scalenon,
1582 2527 1650 2553 idest
1665 2528 1753 2553 altera
1766 2531 1848 2560 parte
1866 2528 1986 2562 longius:
2004 2537 2056 2562 qua
2069 2530 2188 2554 versione
2202 2538 2267 2554 usus
2281 2536 2320 2555 est
2333 2531 2460 2556 Averroes
2476 2531 2502 2555 in

1436 2564 1445 2588 Ι
1461 2563 1571 2592 Poster„
1586 2568 1725 2588 comment.
1740 2563 1782 2594 IX,
1797 2563 1820 2596 §-
1835 2563 1871 2588 Et
1878 2571 1932 2596 per
1943 2571 1970 2589 se
1986 2564 2091 2596 quidem
2105 2564 2203 2590 dicitur
2217 2568 2332 2597 quatuor
2346 2566 2431 2591 modis
2441 2571 2497 2596 etc„

1437 2599 1561 2631 illamque
1579 2598 1694 2623 adhibuit
1712 2606 1734 2624 s.
1744 2598 1869 2629 Thomas,
1889 2599 1952 2632 quin
1971 2600 2003 2624 ad
2021 2604 2118 2624 textum
2137 2608 2258 2632 graecum
2276 2600 2325 2625 hoc
2344 2601 2370 2625 in
2389 2602 2446 2626 loco
2461 2609 2501 2626 re-

1438 2638 1558 2664 curreret,
1578 2633 1638 2666 quia
1656 2641 1698 2658 res
1716 2641 1769 2658 non
1788 2634 1873 2667 magni
1892 2635 2016 2659 momenti
2036 2640 2082 2660 est.

1492 2669 1521 2704 μ.)
1536 2669 1733 2694 Praedicantur
1752 2669 1784 2694 de
1802 2669 1914 2694 animali
1926 2677 1979 2702 per
1996 2669 2126 2695 accidens.
2142 2670 2293 2695 Codd.-P:
2307 2671 2503 2703 praedicantur

1432 2712 1486 2737 per
1503 2704 1625 2730 accidens
1644 2704 1677 2729 de
1690 2704 1809 2730 animali.
1818 2717 1838 2723 -
1850 2705 1878 2729 ln
1892 2704 1963 2730 hisce
1978 2705 2212 2738 propositionibus:
2232 2706 2334 2731 animal
2346 2710 2386 2731 est
2399 2707 2486 2732 album
2494 2714 2503 2736 ,·

1437 2740 1516 2765 homo
1539 2743 1579 2765 est
1601 2739 1730 2769 musicus,-
1749 2740 1838 2765 album
1857 2745 1882 2765 et
1900 2741 2028 2766 musicum
2047 2741 2225 2773 praedicantur
2238 2749 2290 2773 per
2308 2741 2437 2771 accidens,
2457 2743 2503 2766 sed

1439 2780 1568 2808 quatenus
1586 2782 1633 2808 per
1651 2775 1769 2800 accidens
1789 2775 1898 2808 positive
1916 2776 2033 2807 sumitur,
2053 2781 2078 2801 et
2096 2775 2221 2808 significat
2238 2777 2438 2802 accidentaliter
2456 2785 2503 2802 seu

1438 2811 1638 2844 contingentem
1656 2818 1709 2835 non
1732 2815 1818 2835 autem
1843 2816 1970 2843 quatenus
1989 2818 2041 2843 per
2064 2811 2186 2836 accidens
2209 2812 2319 2836 sumitur
2342 2813 2458 2844 negative
2477 2817 2503 2837 et

1439 2845 1564 2879 significat
1577 2853 1630 2878 per
1647 2846 1730 2871 aliud.
1744 2860 1763 2864 -
1775 2845 1813 2870 Cf.
1827 2853 1894 2879 quae
1913 2845 1960 2871 hac
1979 2847 2010 2871 de
2024 2854 2052 2871 re
2066 2846 2244 2871 adnotavimus
2264 2855 2341 2880 supra
2359 2853 2412 2872 not.
2432 2845 2454 2879 β.

1493 2881 1516 2914 ν)
1537 2881 1613 2906 Sicut
1627 2881 1726 2906 dicitur
1738 2886 1785 2906 etc.
1798 2895 1817 2900 ·-
1831 2881 1893 2906 Cod.
1908 2881 1944 2906 D:
1963 2881 2001 2908 sic
2015 2881 2083 2906 enim
2097 2889 2150 2914 per
2166 2889 2193 2906 se
2207 2881 2306 2907 dicitur
2323 2889 2377 2907 esse
2395 2882 2504 2915 aliquod

1434 2916 1612 2950 particulare.
1635 2916 1668 2940 Et
1685 2916 1785 2941 videtur
1809 2916 1872 2941 haec
1896 2924 1954 2941 esse
1973 2917 2047 2941 lectio
2066 2917 2174 2941 aliorum
2199 2917 2273 2942 codd.
2298 2917 2400 2942 Etenim
2425 2918 2499 2942 codd.

1439 2951 1672 2982 BCEKLMQRST
1682 2951 1777 2976 habent
1786 2956 1812 2976 et
1820 2951 1884 2985 ipsi:
1897 2951 1934 2977 sic
1948 2951 2016 2977 enim
2032 2951 2063 2984 (L
2074 2951 2155 2976 omitt.
2166 2952 2246 2984 enim)
2263 2952 2361 2977 dicitur
2365 2959 2374 2980 ,·
2388 2952 2502 2977 AGHO:

1439 2987 1508 3013 sicut
1526 2987 1609 3016 enim;
1628 2987 1675 3011 sed
1693 2987 1767 3016 sicut,
1784 2987 1899 3011 admisso
1918 2987 1999 3015 enim,
2019 2986 2084 3011 falsa
2103 2992 2142 3011 est
2160 2987 2246 3017 lectio;
2265 2988 2334 3012 unde
2353 2987 2418 3012 forte
2432 2995 2502 3012 ama-

1441 3022 1585 3047 nuensibus
1604 3021 1699 3046 horum
1718 3022 1792 3047 codd.
1811 3021 1914 3055 irrepsit
1927 3022 1995 3047 sicut
2007 3029 2055 3054 pro
2069 3022 2386 3047 sic.·—ABCGIKLMNT:
2406 3022 2504 3048 dicitur

1435 3065 1489 3090 per
1506 3064 1534 3082 se
1553 3064 1622 3086 esse‚·
1641 3057 1676 3081 R:
1697 3057 1795 3082 dicitur
1813 3064 1866 3091 per
1883 3064 1911 3082 se
1935 3057 2044 3089 aliquod
2048 3064 2057 3086 ;
2076 3058 2108 3082 S:
2133 3057 2230 3082 dicitur
2248 3065 2317 3086 esse,·
2335 3066 2416 3090 marg.
2436 3058 2503 3089 add.,

1436 3100 1489 3125 per
1502 3092 1742 3117 se.—-ABGLKMN:
1757 3091 1860 3124 aliquid
1868 3092 2035 3124 particulare
2054 3090 2092 3125 (Ι,
2107 3092 2257 3126 singulare)
2263 3101 2273 3123 ,·
2290 3093 2501 3118 ABCGlMNOS:

1436 3127 1605 3160 particulare
1618 3127 1644 3152 in
1662 3134 1759 3160 genere
1771 3127 1946 3156 substantiae:
1960 3128 1998 3152 H:
2013 3127 2080 3153 sicut
2098 3128 2166 3152 enim
2182 3127 2279 3153 dicitur
2292 3128 2402 3159 aliquod
2413 3128 2503 3160 parti-

1441 3163 1544 3191 culare;
1569 3162 1606 3187 O:
1629 3162 1697 3187 sicut
1719 3162 1789 3187 enim
1808 3162 1906 3187 dicitur
1924 3170 1978 3194 per
2001 3169 2028 3187 se
2046 3163 2155 3195 aliquod
2171 3163 2338 3194 particulare
2362 3163 2388 3188 in
2407 3170 2504 3196 genere

1441 3197 1618 3226 substantiae;
1637 3196 1675 3227 Q:
1693 3197 1731 3222 sic
1749 3197 1817 3222 enim
1831 3204 1884 3229 per
1901 3198 2010 3230 aliquod
2022 3198 2196 3230 particulare.

1496 3230 1519 3265 Ε)
1540 3232 1595 3257 Sed
1613 3231 1639 3256 in
1658 3232 1699 3256 his
1711 3239 1778 3264 quae
1790 3232 1942 3265 significant
1960 3233 2008 3258 hoc
2026 3233 2136 3265 aliquid.
2155 3233 2206 3262 Ita,
2226 3238 2255 3257 ut
2273 3240 2303 3257 ex
2326 3238 2444 3258 contextu
2463 3237 2503 3258 est

1441 3267 1616 3296 manifestum,
1632 3267 1693 3299 legit
1711 3272 1779 3292 recte
1798 3267 1874 3292 editio
1886 3268 2092 3293 Pinum-'Codd.
2107 3267 2171 3302 (exc.
2186 3266 2259 3301 NR):
2273 3271 2300 3293 et
2309 3268 2455 3300 praecipue
2476 3268 2503 3293 in

1442 3302 1474 3327 iis
1486 3309 1555 3335 quae
1570 3301 1723 3335 significant
1741 3302 1789 3327 hoc
1805 3302 1908 3335 aliquid
1922 3300 1966 3336 (Bz
1981 3310 2048 3336 quae
2066 3303 2115 3328 hoc
2132 3303 2234 3335 aliquid
2251 3303 2503 3338 significant).—N:

1441 3341 1468 3362 et
1486 3338 1512 3362 in
1532 3337 1572 3362 his
1595 3343 1662 3369 quae
1685 3337 1838 3370 significant
1856 3338 2002 3370 praecipue
2025 3338 2073 3363 hoc
2097 3338 2207 3371 aliquid.
2231 3337 2303 3368 Quae
2322 3338 2396 3363 lectio
2415 3339 2503 3364 minus

1441 3372 1578 3405 perspicua
1600 3371 1708 3396 videtur.
1733 3372 1849 3404 Opponit
1873 3369 1942 3397 einim
1961 3381 1983 3397 s.
2002 3373 2117 3398 Thomas
2136 3380 2166 3397 ea
2185 3381 2250 3406 quae
2269 3373 2371 3399 nonnisi
2389 3373 2505 3398 subiecta

1442 3412 1503 3432 sunt
1521 3412 1546 3431 et
1564 3414 1617 3431 non
1635 3406 1661 3431 in
1679 3406 1794 3432 subiecto
1813 3405 1871 3440 (sed
1889 3407 1915 3432 in
1934 3407 1975 3433 his
1998 3415 2066 3440 quae
2082 3408 2234 3441 significant
2250 3408 2298 3434 hoc
2315 3408 2417 3441 aliquid
2435 3407 2503 3443 etc.)‚

1441 3442 1471 3467 iis
1491 3449 1557 3474 quae
1575 3441 1753 3474 praedicantur
1767 3442 1798 3467 de
1811 3442 1934 3473 subiecto,
1949 3443 2016 3468 sicut
2033 3443 2059 3468 in
2078 3443 2192 3468 subiecto
2211 3443 2341 3469 existentia
2354 3444 2426 3475 (cum
2445 3443 2505 3470 dico

1441 3477 1580 3503 ambulans
1598 3477 1639 3501 vel
1656 3477 1765 3509 album).
1784 3477 1859 3502 Unde
1872 3477 1920 3502 sed
1930 3478 2030 3507 videtur
2044 3485 2102 3503 esse
2117 3478 2263 3510 legendum,
2278 3486 2330 3503 non
2344 3482 2377 3504 et.
2386 3479 2504 3504 -Lectio

1442 3512 1469 3537 in
1488 3512 1529 3537 his
1542 3512 1695 3544 praecipue,
1715 3520 1794 3545 quarn
1812 3512 1907 3537 habent
1925 3512 2054 3546 praecitati
2071 3513 2180 3544 codices,
2200 3514 2282 3547 magis
2301 3513 2453 3539 confirmare
2465 3515 2504 3539 vi-

1443 3548 1517 3572 detur
1536 3547 1696 3580 superiorem
1711 3544 1848 3572 lectionem
1862 3547 1976 3578 Pianam,
1989 3548 2057 3574 sicut
2071 3548 2177 3578 dicitur,
2192 3548 2224 3574 de
2237 3557 2289 3582 qua
2301 3549 2328 3574 in
2341 3549 2503 3582 praecedenti

1443 3587 1510 3607 nota.
1531 3582 1598 3607 Cum
1617 3582 1685 3607 enim
1705 3590 1726 3607 s.
1736 3582 1853 3608 Thomas
1868 3583 1954 3616 quoad
1969 3583 2071 3608 tertium
2083 3584 2190 3608 modum
2207 3583 2305 3609 dicendi
2313 3592 2366 3617 per
2377 3592 2412 3614 se,
2427 3590 2505 3617 prout

2303 3637 2357 3662 23*

2522 1238 2530 1246 '
2541 1237 2576 1259 ef.
2587 1244 2638 1265 sup.
2649 1242 2697 1259 not.
2709 1235 2732 1268 β.

2523 1280 2532 1285 -
2550 1275 2578 1290 u:
2601 1269 2630 1290 de
2652 1269 2733 1297 aliquo

2522 1295 2572 1317 alio
2587 1295 2697 1317 subiecto.
