2788 4204
71 3211 81 3220 ·
95 3209 168 3233 uum.
180 3216 231 3239 neq.

70 3264 83 3276 ⁴⁸
95 3263 168 3286 Num.
182 3270 202 3292 5.

1129 249 1239 285 CAP.
1271 250 1410 298 XXVI,
1442 252 1591 289 LECT.
1623 253 1691 288 XL

2430 255 2498 290 301

909 469 1209 525 LEcT10
1249 472 1905 548 QUADRAGESIMA

314 594 800 637 DEMONSTRATIO
829 597 1147 638 NEGATIVA
1177 599 1520 641 OSTENSIVA
1549 602 1772 642 POTIOR
1796 603 1910 644 EST
1934 604 2500 658 DEMONSTRATIONE

1003 673 1294 715 DUCENTE
1323 675 1408 715 AD
1438 676 1812 718 IMPOSSIBILE

308 800 408 838 Ἐπεὶ
431 792 460 828 ’δ’
490 798 511 834 ’ἡ
535 796 747 842 κατηγορική
774 797 835 851 τῇς
860 798 1060 841 στερητικῆς
1091 798 1249 838 βελτίων,
1275 793 1379 835 δῆλον

383 843 437 876 ὅτι
460 844 520 874 καὶ
545 842 607 879 τῆς
633 842 677 879 εἰς
702 841 743 874 τὸ
771 841 942 874 ἀὸιὶνατον
970 842 1128 887 ἀγούσης.

315 898 371 928 Δεῖ
393 886 421 920 δ’
455 882 580 919 εἰδέναι
610 889 660 924 τίς
686 887 706 923 ἡ
738 881 885 931 διαφορά
917 888 1043 919 αὐτῶν.
1070 887 1182 919 Ἔστω
1212 882 1255 923 δή
1289 886 1330 919 τὸ
1355 888 1380 918 Α
1406 884 1408 890 Α

407 928 499 972 ηδενὶ
526 930 597 964 ὑπά
618 943 678 977 χον
697 932 745 973 τῷ
769 933 806 972 Β,
826 933 872 972 τῷ
898 927 935 963 δὲ
961 934 981 962 Γ
1007 932 1048 964 τὸ
1065 934 1089 962 Β
1108 933 1226 964 παντί·
1247 931 1378 977 ἀνάγκη

404 980 424 1018 ἢ
443 978 490 1017 τῷ
508 979 529 1008 Γ
548 989 591 1021 μη
618 978 663 1007 ενὶ
682 975 846 1021 ὑπάρχειν
864 976 905 1009 τὸ
927 978 959 1009 A.
979 976 1076 1009 Οὕτω
1091 976 1150 1018 μέν
1170 974 1226 1008 οὖν
1242 975 1382 1019 ληφθέν-

381 1036 448 1063 των
466 1019 620 1058 δεικτικὴ
647 1021 667 1057 ή
693 1021 878 1063 στερητική
899 1019 937 1052 ἂν
956 1023 1004 1058 εἴη
1027 1016 1197 1061 ἀπόδειξις
1218 1019 1272 1052 ὅτι
1297 1021 1337 1053 τὸ
1355 1022 1380 1051 Α

382 1071 430 1112 τῷ
456 1070 477 1098 Γ
504 1067 566 1112 οὑχ
595 1068 752 1118 ὑπαρχει.
772 1103 814 1119 n,
846 1109 858 1119 ν
981 1110 987 1119 .
1012 1104 1046 1118 x.
1152 1108 1166 1119 ν
1229 1107 1241 1118 θ’
1330 1109 1336 1118 1

313 1119 355 1160 “Η
379 1111 406 1147 δ’
436 1113 481 1150 εἰς
499 1111 539 1144 τὸ
568 1106 740 1142 ἀδυνατον
758 1111 802 1140 ωὸ
845 1121 926 1154 εχει.
955 1110 991 1140 Ει
1009 1110 1079 1140 ὸεοι
1097 1104 1207 1149 δεῖξαι
1225 1120 1278 1141 οτι
1297 1120 1337 1140 το
1355 1110 1380 1138 A

382 1160 430 1192 τῶ
444 1159 467 1187 Β
485 1157 550 1200 οὑχ
567 1155 725 1199 ὑπάρχει,
739 1153 892 1190 ληπτέον
911 1154 1090 1197 ὑπάρχειν,
1102 1155 1159 1184 καὶ
1178 1152 1218 1184 τὸ
1235 1154 1259 1182 Β
1278 1153 1325 1192 τῷ
1343 1154 1378 1193 Γ,

381 1191 468 1236 ὥστε
493 1199 668 1244 συμβαίνει
687 1198 727 1231 τὸ
745 1199 770 1229 Α
788 1199 835 1239 τῷ
853 1199 874 1228 Γ
893 1197 1068 1243 ὑπάρχειν.
1096 1198 1206 1229 Τοῦτο
1232 1191 1262 1226 δ’
1293 1196 1379 1228 ’έστω

380 1246 543 1295 γνώριμον
561 1247 618 1276 καὶ
638 1242 907 1288 ὁμολογούμενον
935 1241 988 1275 ὅτι
1015 1236 1200 1274 ἀδύνατον.
1227 1241 1295 1271 Οὑκ
1316 1241 1380 1285 ἄρα

381 1292 492 1326 οἷόντε
518 1289 559 1322 τὸ
576 1290 602 1320 A
627 1289 716 1329 τῷΒ
741 1286 920 1331 ὑπάρχειν.
947 1287 984 1317 Εἰ
1011 1284 1065 1317 οὖν
1091 1286 1132 1318 ‘td
1157 1287 1181 1316 B
1199 1286 1246 1325 τῷ
1264 1287 1285 1315 Γ
1304 1286 1382 1329 ὁμο·
1407 1298 1409 1307 ¹

378 1341 538 1384 λογεῑτοιι
562 1333 739 1378 ὑπάρχειν,
766 1331 806 1364 τὸ
832 1334 856 1362 Α
881 1332 929 1372 τῷ
952 1332 976 1361 Β
1003 1325 1174 1363 ἀδύνατον
1201 1330 1377 1375 ὑπάρχειν.
1407 1359 1409 1376 ,

278 1414 283 1418 ,
310 1386 360 1416 Οίν
374 1383 439 1428 μὲν
460 1379 518 1414 οὖν
545 1376 613 1422 ὅροι
630 1378 751 1422 ὁμοίως
777 1376 988 1410 τάττονται·
1015 1370 1165 1419 διαφέρει
1185 1369 1222 1406 δὲ
1241 1377 1281 1407 *ro*
1301 1377 1380 1407 ὁπο-

381 1427 464 1472 τέρα
483 1424 521 1458 ἂν
541 1421 564 1466 ’ᾖ
580 1420 820 1469 γνωριμωτέρα.
838 1421 858 1456 τ’)
881 1420 1045 1464 πρότασις
1063 1421 1083 1456 ἡ
1105 1420 1304 1464 στερητική,
1321 1419 1382 1452 πό-

380 1482 476 1515 τερον
495 1468 550 1502 ὅτι
575 1467 617 1500 τὸ
642 1469 666 1498 A
691 1467 738 1507 τῷ
756 1467 780 1496 Β
800 1466 862 1511 οὑχ
887 1464 1032 1510 ὑπάρχει
1058 1464 1078 1502 ἦ
1106 1464 1159 1497 ὅτι
1177 1465 1218 1497 τὸ
1236 1467 1260 1496 A
1279 1466 1326 1507 τῷ
1344 1466 1377 1497 Γ.

371 1517 481 1549 ’Ὅταν
507 1513 566 1558 μὲν
593 1509 649 1544 οὑν
676 1510 700 1554 ᾗ
724 1510 765 1543 τὸ
790 1510 1018 1555 συμπέρασμα
1048 1509 1298 1556 γνωριμώτερον
1326 1508 1380 1542 ὅτι

381 1562 440 1594 οὐκ
457 1561 564 1598 ἔστιν,
579 1558 600 1594 ἦ
616 1557 661 1594 εἰς
680 1557 721 1589 τὸ
749 1550 919 1589 ἀδύνατον
936 1557 1069 1601 γίνεται
1090 1549 1274 1596 ἀπόδειξις·
1294 1553 1379 1586 ὅταν

357 1601 409 1638 “δ’
438 1606 459 1642 ἡ
486 1605 519 1637 ἐν
545 1603 594 1644 τῷ
618 1602 846 1645 συλλογισμῷ,
873 1595 1162 1637 ἡνάποδεικτικῆ.

310 1651 415 1684 Φύσει
439 1645 477 1682 δὲ
502 1646 652 1690 προτέρα
670 1647 690 1683 ἡ
714 1645 768 1678 ὅτι
794 1645 834 1678 τὸ
860 1648 884 1676 A
910 1646 957 1686 τῷ
983 1646 1007 1675 Β
1033 1644 1054 1681 ἧ
1081 1643 1134 1676 ὅτι
1161 1643 1201 1676 τὸ
1226 1644 1251 1674 A
1277 1645 1324 1685 τῷ
1342 1646 1377 1677 Γ,

378 1695 530 1740 Πρότερα
545 1691 611 1740 γάρ
630 1693 703 1725 ἐστι
722 1691 784 1722 τοῦ
805 1689 1107 1735 συμπεράσματος,
1127 1687 1161 1729 ἐξ
1178 1688 1220 1719 ὧν
1239 1688 1280 1719 τὸ
1299 1700 1379 1733 συμ-

381 1740 555 1784 πέρασμα·
583 1737 656 1769 ἔστι
681 1731 718 1768 δὲ
736 1735 776 1768 τὸ
802 1735 862 1778 μὲν
881 1736 904 1765 Α
930 1735 977 1775 τῷ
997 1736 1017 1764 Γ
1036 1734 1083 1777 μή
1110 1733 1274 1777 ὑπάρχειν
1299 1745 1380 1778 συμ-

380 1785 555 1830 πέρασμα,
583 1781 623 1815 τὸ
648 1776 686 1813 δὲ
711 1783 735 1811 A
761 1781 808 1821 τῷ
833 1781 857 1810 Β
883 1778 917 1820 ἐξ
943 1779 981 1811 οὑ
1005 1779 1046 1811 τὸ
1076 1777 1315 1822 συμπέρασμα.

310 1875 358 1907 Οὐ
381 1873 446 1920 γάρ
472 1872 501 1903 εὶ
525 1870 700 1914 συμβαίνει
728 1866 936 1911 ἀναιρεῖσθαί
960 1878 1007 1907 τι,
1027 1867 1132 1898 τοῦτο
1150 1865 1379 1910 συμπέρασμά

380 1920 486 1957 ἐστιν,
514 1916 625 1948 ἐκεῖνα
649 1908 689 1945 δὲ
713 1911 747 1953 ἐξ
772 1912 827 1943 ὦν.
849 1911 958 1943 Ἀλλοὶ
982 1911 1023 1944 τό
1045 1910 1104 1954 μὲν
1131 1910 1164 1951 ἐξ
1191 1911 1242 1952 οὑ,
1261 1912 1378 1942 συλλο-

378 1961 498 2010 γισμός
530 1961 636 2000 ἐστιν,
664 1958 680 1990 ὃ
707 1955 746 1990 ἂν
779 1956 886 1993 οὕτως
919 1955 982 2001 ἔχῃ
1011 1954 1098 1988 ὥστε
1133 1954 1153 1992 ἠ
1189 1955 1265 1987 ὅλον
1298 1956 1377 2000 πρὸς

379 2007 476 2053 μέρος
502 2004 524 2042 ἦ
549 2004 646 2049 μέρος
672 2002 753 2046 πρὸς
773 2001 848 2033 ὅλον
868 2002 970 2046 ἔχειν,
991 2002 1025 2031 αἱ
1042 1995 1079 2031 δὲ
1098 2000 1138 2032 τὸ
1157 2002 1182 2031 Α
1199 2002 1219 2031 Γ
1236 2002 1294 2032 καὶ
1312 2002 1337 2032 A
1354 2002 1377 2030 B

381 2049 563 2097 προτάσεις
590 2049 648 2082 οὑκ
674 2048 807 2092 ἔχουσιν
834 2045 923 2078 οὕτω
950 2045 1030 2088 πρὸς
1058 2044 1222 2082 ἀλλήλας.
1251 2046 1287 2076 Ei
1321 2044 1377 2078 οὑν

379 2098 400 2134 ’ti
426 2097 464 2129 ἐκ
487 2091 748 2142 γνωριμωτέρων
772 2092 831 2123 καὶ
857 2090 1027 2135 προτέρων
1051 2092 1229 2134 κρείττων,
1256 2091 1318 2122 εἰσὶ
1343 2086 1373 2122 δ’

381 2139 571 2186 ἀμφότεραι
600 2140 637 2172 ἐκ
661 2138 725 2170 τοῦ
749 2137 798 2179 μή
823 2133 908 2167 εἷναί
934 2147 967 2168 τι
993 2137 1128 2175 πισταί,
1166 2135 1243 2167 ἀλλ’
1273 2136 1293 2171 ἠ
1318 2136 1378 2180 μέν

380 2187 416 2219 ἐκ
442 2184 620 2230 προτέρου,
639 2184 660 2220 ἡ
681 2178 709 2214 δ’
731 2181 766 2221 ἐξ
785 2179 939 2226 ὑστέρου,
966 2180 1107 2220 βελτίων
1131 2180 1245 2218 ἁπλῶς
1271 2179 1310 2212 ᾶὶν
1327 2182 1376 2217 εἴη

379 2231 442 2269 τῆς
467 2231 512 2268 εἰς
542 2229 584 2262 τὰ
615 2223 788 2262 ἀδύνατον
813 2227 833 2263 ἡ
859 2224 1044 2269 στερητική
1078 2219 1264 2266 ἀπόδειξις,
1291 2223 1377 2256 ὥστε

378 2278 436 2308 καὶ
461 2275 482 2311 ’ἦ
508 2273 641 2311 ταύτης
667 2273 809 2312 βελτίων
834 2270 854 2307 ἡ
876 2270 1088 2315 κατηγορικη
1112 2265 1216 2306 δῆλον
1241 2269 1295 2303 ὅτι
1319 2271 1377 2301 καὶ

380 2321 443 2358 τῆς
467 2320 512 2357 εἰς
538 2319 580 2351 τὸ
607 2313 779 2352 ἀδύνατόν
805 2316 878 2348 ἑστι
903 2315 1059 2356 βελτίων.

373 2460 523 2487 Smopsts.
539 2474 573 2478 --
596 2466 618 2484 ι.
642 2457 854 2492 Argumentum
869 2455 1009 2483 lectionis.
1024 2472 1043 2476 -
1057 2454 1174 2483 Thesis:
1192 2454 1268 2489 Quia
1281 2461 1380 2483 osten-

310 2499 374 2528 siva
402 2496 612 2527 demonstratio
640 2494 812 2524 affirmativa
843 2495 940 2532 potior
967 2501 1010 2523 est
1037 2494 1184 2532 negativa,
1206 2494 1303 2531 potior
1337 2501 1379 2522 est

311 2539 399 2568 etiam
420 2536 668 2567 demonstratione
687 2537 810 2564 ducente
829 2536 866 2563 ad
887 2534 1074 2572 impossibile.
1086 2551 1105 2556 -
1122 2542 1148 2562 2.
1167 2535 1378 2563 Praenotamen

311 2579 454 2616 primum:
477 2579 508 2605 ln
523 2576 770 2605 demonstratione
789 2575 921 2612 negativa
941 2574 1048 2603 directe
1069 2574 1250 2602 concluditur
1263 2574 1379 2611 praedi-

312 2625 410 2648 catum
430 2618 460 2646 in
479 2617 559 2645 nullo
581 2616 710 2644 subiecto
732 2625 834 2644 esse.-
846 2615 871 2643 3.
893 2616 1105 2643 Praenotamen
1123 2615 1260 2642 alterurn:
1276 2616 1308 2642 In
1327 2615 1379 2642 de-

311 2658 522 2688 monstratione
550 2657 672 2685 ducente
699 2656 736 2684 ad
764 2655 950 2692 impossibile,
972 2664 1006 2682 ex
1027 2654 1163 2691 opposito
1184 2654 1379 2682 conclusionis

310 2698 438 2728 intentae
456 2697 576 2726 infertur
597 2695 705 2733 aliquid
727 2696 807 2732 quod
830 2701 873 2723 est
891 2694 1077 2731 impossibile.
1089 2703 1146 2729 —4.
1162 2694 1378 2722 Demonstratio

311 2738 444 2775 negativa
470 2744 498 2766 et
518 2735 728 2765 demonstratio
750 2736 787 2764 ad
808 2734 987 2772 impossibile
1006 2734 1184 2763 conveniunt
1211 2734 1241 2762 in
1262 2734 1380 2762 ordina-

457 2856 467 2866 .
517 2851 524 2857 ⁴
544 2856 550 2865 .
579 2837 756 2877 ostquam
791 2827 955 2865 ostendit
983 2827 1238 2876 Philosophus
1273 2827 1378 2876 quod

580 2882 851 2919 demonstratio
885 2881 1107 2918 universalis
1143 2880 1290 2928 dignior
1324 2888 1379 2917 est

492 2978 495 2979 ⁷
579 2934 812 2984 particulari,
852 2942 888 2971 et
922 2934 1149 2972 affirmativa
1182 2934 1376 2983 negativa,

379 3014 402 3020 ψ
523 2981 559 3017 91³¹
579 2988 640 3025 hic
657 2988 765 3024 tertio
786 2987 950 3024 ostendit
977 2989 1082 3036 quod
1101 2989 1285 3025 ostensiva
1309 3001 1377 3037 po-

312 3042 386 3079 tior
400 3049 456 3078 est
471 3055 516 3079 ea
530 3048 547 3063 ·‘
562 3053 659 3090 quae
680 3040 782 3077 ducit
802 3041 852 3076 ad
868 3041 1104 3088 impossibile.
1125 3042 1175 3078 Et
1190 3041 1288 3078 circa
1301 3043 1376 3078 hoc

312 3095 382 3132 tria
400 3094 502 3132 facit:
522 3094 660 3144 primo,
680 3093 860 3143 proponit
879 3093 984 3142 quod
1002 3093 1175 3141 intendit;
1194 3095 1376 3142 seeundo,

310 3148 516 3199 praemittit
525 3147 715 3196 quaedam
726 3147 937 3184 necessaria
947 3147 996 3184 ad
1002 3148 1242 3197 propositum
1253 3156 1376 3186 osten-

314 3202 501 3247 dendum3
521 3201 588 3238 ibi:
610 3201 763 3251 Oportet
779 3206 904 3238 autem
918 3200 1044 3237 scire*
1054 3208 1135 3247 etc.;
1153 3202 1273 3249 tertio,
1289 3214 1376 3250 pro-

312 3256 377 3292 bat
390 3255 643 3304 propositum;
659 3254 726 3291 ibi:
742 3255 896 3291 Natura
910 3260 1036 3291 autem
1047 3255 1187 3302 prior*
1197 3262 1264 3292 etc.
1277 3255 1377 3292 Dicit

314 3320 402 3356 ergo
422 3308 547 3356 primo
573 3307 694 3357 quod,
716 3307 805 3356 quia
833 3314 1029 3344 ostensum
1059 3315 1115 3344 est
1142 3308 1246 3356 quod
1277 3308 1376 3344 affir-

312 3361 455 3399 mativa
475 3361 746 3399 demonstratio
767 3369 822 3398 est
838 3361 965 3410 potior
983 3372 1099 3409 quarn
1124 3360 1309 3408 negativa,
1332 3373 1376 3397 ex

311 3416 386 3453 hoc
421 3415 576 3452 ulterius
613 3414 781 3464 sequitur
817 3414 922 3463 quod
955 3413 1182 3451 affirmativa
1217 3414 1375 3450 demon-

1434 800 1451 819 *
1468 801 1630 838 Quoniam
1650 809 1756 832 autem
1783 802 1954 842 categorica
1977 804 2126 843 privativa
2151 805 2275 846 dignior
2300 807 2348 844 sit,
2371 808 2499 839 manife-

1502 853 1587 876 stum
1611 853 1657 876 est
1681 853 1710 877 et
1732 847 1771 876 ad
1794 847 1988 885 impossibile
2012 848 2154 879 ducente.

1436 889 1570 929 Oportet
1593 897 1699 920 autem
1722 890 1798 921 scire
1822 900 1902 931 quae
1926 890 2096 922 differentia
2119 893 2158 923 sit
2180 893 2329 933 ipsarum.
2350 895 2382 926 Si
2405 897 2499 937 igitur

1496 936 1525 964 A
1540 934 1572 964 in
1583 935 1671 964 nullo
1682 935 1707 964 B
1722 934 1811 972 inest,
1823 935 1849 965 C
1861 941 1967 965 autem
1982 937 2071 966 omni
2080 937 2115 975 B,
2125 947 2248 968 necesse
2265 946 2311 969 est
2324 940 2356 969 in
2371 942 2460 972 nullo
2471 941 2497 972 C

1502 988 1568 1008 esse
1586 981 1625 1009 A.
1650 978 1700 1009 Sic
1723 978 1817 1018 igitur
1839 980 1984 1019 acceptis,
2009 981 2251 1012 demonstrativa
2274 984 2424 1023 privativa
2443 986 2499 1017 erit

1502 1022 1728 1053 demonstratio
1751 1023 1905 1063 quoniam
1923 1026 1952 1054 A
1971 1024 2003 1053 in
2023 1025 2049 1055 C
2069 1035 2134 1055 non
2158 1027 2224 1057 erit.

1436 1109 1526 1145 Quae
1545 1119 1620 1140 vero
1641 1116 1687 1140 est
1705 1110 1744 1139 ad
1762 1110 1968 1150 impossibile,
1982 1112 2024 1142 sic
2049 1123 2080 1142 se
2104 1114 2206 1145 habet.
2227 1115 2258 1145 Si
2281 1126 2362 1156 opus
2382 1125 2427 1148 est
2446 1120 2497 1150 de-

1502 1160 1675 1184 monstrare
1699 1155 1785 1194 quod
1805 1157 1834 1184 A
1852 1155 1884 1184 in
1903 1156 1928 1185 B
1949 1166 2012 1186 non
2038 1157 2087 1195 sit,
2112 1158 2328 1198 accipiendum
2350 1169 2395 1192 est
2418 1163 2497 1193 affir-

1503 1198 1618 1228 mative
1637 1201 1666 1228 A
1686 1208 1750 1228 esse
1779 1199 1811 1228 in
1830 1199 1874 1237 B,
1895 1206 1925 1230 et
1943 1200 1968 1230 B
1992 1200 2024 1230 in
2044 1200 2087 1239 C;
2112 1212 2207 1242 quare
2231 1204 2340 1235 accidit
2362 1209 2390 1236 A
2418 1207 2450 1236 in
2471 1207 2496 1238 C

1503 1252 1579 1272 esse.
1600 1243 1671 1273 Hoc
1690 1250 1795 1274 autem
1815 1243 1854 1276 sit
1876 1251 1989 1275 notum
2009 1252 2039 1275 et
2062 1253 2181 1276 certum
2197 1249 2285 1288 quod
2306 1250 2499 1290 impossibile

1503 1294 1549 1317 est
1571 1297 1647 1318 esse.

1436 1376 1578 1406 Termini
1602 1377 1733 1417 quidem
1757 1377 1896 1409 similiter
1915 1377 2113 1417 ordinantur3
2138 1379 2237 1410 differt
2256 1388 2362 1412 autem
2380 1383 2412 1413 in
2432 1394 2497 1424 quo

1503 1428 1533 1451 et
1556 1421 1657 1462 qualis
1685 1421 1723 1452 sit
1747 1422 1851 1452 notior
1880 1422 2030 1463 privativa
2052 1424 2245 1463 propositi0‚
2276 1433 2382 1457 utrum
2405 1428 2499 1468 igitur

1502 1476 1584 1507 quae
1600 1473 1645 1497 est
1660 1469 1690 1496 A
1704 1467 1730 1496 B
1749 1477 1814 1497 non
1834 1467 1928 1505 inest,
1949 1474 2004 1497 aut
2021 1470 2050 1497 A
2067 1468 2093 1499 C
2110 1478 2175 1498 non
2194 1469 2282 1501 inest.
2300 1471 2386 1502 Cum
2404 1472 2498 1512 igitur

1502 1511 1664 1541 conclusio
1689 1511 1809 1550 notior,
1830 1512 1984 1552 quoniam
2007 1522 2072 1542 non
2097 1519 2142 1543 est
2159 1516 2188 1544 A
2207 1514 2239 1544 in
2258 1514 2294 1552 B,
2318 1516 2358 1546 ad
2380 1516 2498 1557 impos-

1502 1555 1589 1586 sibile
1617 1555 1652 1586 fit
1675 1556 1911 1587 demonstratio.
1937 1556 2022 1587 Cum
2051 1564 2158 1588 autem
2180 1558 2212 1589 in
2236 1560 2420 1600 syllogismo
2444 1562 2497 1600 sit⁷

1502 1600 1745 1631 demonstrativa
1768 1607 1824 1631 est.

1434 1646 1552 1676 Natura
1581 1652 1688 1675 autem
1716 1644 1802 1685 prior
1829 1652 1890 1683 est,
1920 1656 2000 1686 quae
2024 1653 2069 1677 est
2100 1648 2188 1688 quod
2206 1650 2235 1678 A
2253 1648 2286 1678 in
2304 1649 2329 1679 B
2353 1660 2419 1680 non
2443 1651 2496 1689 sit,

1501 1700 1599 1731 quam
1618 1692 1646 1719 A
1666 1699 1730 1719 non
1749 1689 1781 1719 in
1801 1689 1839 1720 C.
1859 1690 1966 1720 Priora
1990 1691 2075 1721 enim
2094 1699 2124 1722 et
2147 1692 2269 1722 notiora
2289 1701 2398 1725 natura
2423 1706 2496 1726 con-

1501 1735 1642 1765 clusione
1662 1741 1744 1772 sunt,
1765 1744 1802 1764 ex
1825 1734 1939 1774 quibus
1959 1742 2005 1765 est
2024 1736 2199 1766 conclusio:
2216 1743 2262 1767 est
2283 1745 2399 1778 autern,
2416 1750 2497 1780 quae

1501 1787 1546 1810 est
1564 1782 1593 1809 A
1612 1779 1743 1820 quidem
1770 1778 1802 1808 in
1822 1779 1848 1809 C
1869 1789 1933 1809 non
1958 1789 2034 1818 esse,
2060 1781 2237 1819 conclusio;
2257 1784 2286 1812 A
2305 1790 2411 1814 autem
2430 1794 2496 1815 non

1500 1824 1532 1854 in
1555 1824 1592 1861 B,
1614 1833 1653 1862 »ex
1676 1823 1790 1864 quibus
1814 1830 1860 1853 est
1883 1824 2054 1854 conclusio.

1432 1869 1506 1899 Non
1531 1868 1616 1899 enim
1635 1868 1660 1898 si
1680 1867 1830 1908 contingit
1849 1869 2002 1899 removeri
2026 1869 2160 1910 aliquid,
2180 1870 2241 1901 hoc
2260 1872 2420 1904 conclusio
2440 1881 2496 1913 est,

1499 1913 1551 1944 illa
1579 1919 1686 1943 autem
1714 1923 1750 1943 ex
1781 1912 1897 1953 quibus
1921 1920 2003 1944 sunt.
2028 1913 2089 1945 Sed
2119 1914 2181 1944 hoc
2209 1915 2339 1956 quidem
2367 1928 2404 1948 ex
2430 1929 2495 1959 quo

1500 1957 1702 1999 syllogismus
1722 1964 1782 1995 est,
1807 1958 1894 1997 quod
1912 1957 2019 1998 utique
2039 1958 2082 1988 sic
2101 1968 2133 1988 se
2152 1959 2254 1998 habet,
2272 1962 2425 2001 quoniam
2443 1971 2498 1994 aut

1501 2009 1536 2033 ut
1564 2009 1667 2033 totum
1693 2002 1731 2031 ad
1755 2008 1886 2041 partem,
1911 2009 1966 2033 aut
1989 2009 2024 2033 ut
2046 2012 2116 2043 pars
2144 2004 2183 2033 ad
2206 2011 2311 2035 totum
2334 2017 2366 2036 se
2389 2007 2495 2038 habet:

1501 2047 1554 2077 sed
1583 2056 1663 2087 quae
1692 2052 1766 2076 sunt
1787 2048 1816 2076 A
1841 2046 1867 2077 C
1887 2053 1918 2077 et
1935 2049 1964 2076 A
1986 2047 2012 2077 B
2042 2047 2274 2087 propositiones
2304 2060 2369 2081 non
2393 2051 2435 2082 sic
2464 2063 2496 2083 se

1499 2092 1615 2122 habent
1638 2091 1678 2121 ad
1693 2090 1836 2121 invicem.
1861 2091 1893 2122 Si
1916 2091 2010 2131 igitur
2032 2102 2068 2122 ex
2091 2092 2266 2124 notioribus
2290 2094 2328 2125 sit
2347 2102 2378 2126 et
2400 2097 2495 2127 credi-

1500 2136 1679 2173 bilioribus,
1704 2135 1827 2175 dignior
1857 2142 1915 2166 est:
1947 2143 2020 2166 sunt
2048 2143 2153 2167 autem
2184 2145 2334 2179 utraeque
2364 2150 2400 2170 ex
2430 2151 2495 2171 non

1501 2191 1567 2211 esse
1591 2180 1766 2218 credibiles;
1790 2180 1845 2210 sed
1868 2180 1944 2210 haec
1968 2181 2098 2221 quidem
2121 2191 2157 2211 ex
2181 2183 2289 2222 priori,
2312 2183 2366 2214 illa
2389 2191 2495 2215 autern

1500 2236 1537 2256 ex
1555 2224 1737 2266 posteriori:
1757 2224 1863 2264 potior
1882 2225 2062 2265 simpliciter
2080 2225 2189 2266 utique
2209 2227 2266 2258 erit
2291 2238 2326 2258 ea
2350 2238 2430 2269 quae
2450 2237 2496 2260 est

1500 2271 1538 2300 ad
1561 2269 1766 2310 impossibile,
1797 2269 1946 2308 privativa
1974 2270 2214 2301 demonstratio:
2239 2282 2335 2312 quare
2364 2279 2394 2303 et
2421 2283 2495 2304 cum

1498 2314 1556 2345 hac
1571 2314 1695 2354 dignior
1708 2313 1924 2353 praedicativa,
1935 2314 2137 2345 manifestum
2154 2322 2199 2346 est
2219 2316 2307 2356 quod
2322 2323 2353 2347 et
2368 2327 2403 2347 ea
2414 2328 2495 2358 quae

1500 2366 1546 2389 est
1569 2359 1608 2388 ad
1631 2357 1836 2398 impossibile,
1860 2357 1966 2398 potior
1989 2365 2044 2389 est.

1432 2454 1512 2482 tione
1533 2454 1740 2490 terminorum;
1763 2454 1897 2482 differunt
1917 2461 2013 2482 autem
2035 2455 2065 2482 in
2086 2456 2253 2492 acceptione
2279 2457 2401 2485 notioris
2428 2468 2495 2494 pro-

1432 2494 1585 2531 positionis
1609 2494 1764 2531 negativae.
1784 2511 1803 2515 —
1824 2494 1849 2522 5.
1870 2495 2085 2523 Demonstratio
2108 2496 2239 2532 negativa
2266 2497 2362 2533 potior
2383 2504 2425 2525 est
2446 2499 2495 2526 de-

1433 2534 1643 2562 monstratione
1665 2535 1786 2562 ducente
1812 2535 1849 2562 ad
1871 2533 2063 2570 impossibile;
2085 2535 2153 2572 quia
2177 2536 2306 2572 procedit
2333 2546 2367 2565 ex
2394 2537 2496 2574 priori—

1432 2575 1487 2602 bus
1502 2580 1529 2602 et
1547 2574 1718 2602 notioribus.
1730 2575 1786 2602 -6.
1806 2575 1981 2602 Removetur
2003 2574 2158 2610 dubitati03
2180 2582 2208 2603 et
2228 2577 2318 2613 magis
2337 2577 2497 2606 declaratur

1433 2614 1594 2650 propositio
1624 2614 1807 2650 praecedens.
1825 2631 1845 2635 -
1862 2623 1888 2650 7.
1914 2613 1990 2649 Quia
2020 2614 2105 2651 igitur
2128 2616 2335 2645 demonstratio
2363 2617 2495 2654 negativa

1433 2654 1530 2690 potior
1559 2660 1602 2682 est
1629 2653 1877 2682 demonstratione
1907 2655 1944 2681 ad
1974 2654 2164 2691 impossibile;
2188 2656 2316 2692 sequitur
2339 2658 2418 2693 quod
2444 2658 2494 2685 de-

1434 2693 1643 2722 monstratione
1678 2693 1732 2722 ista
1762 2694 1853 2722 multo
1887 2693 1984 2730 potior
2013 2694 2048 2722 sit
2080 2695 2286 2724 demonstratio
2324 2694 2495 2725 affirmativa

1434 2740 1586 2762 ostensiva.

1433 2827 1561 2864 stratio
1591 2827 1782 2864 ostensiva
1801 2827 1847 2863 sit
1866 2827 1885 2848 *
1901 2827 2024 2875 potior
2053 2839 2096 2863 ea
2116 2828 2212 2876 quae
2233 2827 2334 2865 ducit
2356 2829 2405 2866 ad
2424 2829 2492 2866 im-

1432 2880 1624 2930 possibile.
2175 2928 2179 2932 ι

1488 2946 1522 2970 2.
1553 2934 1700 2971 Deinde
1731 2945 1818 2970 cum
1848 2933 1950 2970 dicit:
1986 2934 2136 2981 Oportet
2152 2939 2275 2970 autem
2294 2935 2390 2971 scire
2409 2942 2491 2981 etc.,

1431 2987 1635 3036 praemittit
1654 2986 1843 3036 quaedam
1872 2999 1969 3036 quae
1998 2994 2084 3023 sunt
2108 2987 2318 3023 necessaria
2338 2987 2386 3024 ad
2404 3001 2491 3036 pro-

1431 3040 1599 3089 positum
1635 3040 1927 3078 ostendendum.
1963 3042 2011 3078 Et
2047 3040 2143 3077 circa
2175 3041 2250 3077 hoc
2283 3040 2351 3077 tria
2385 3041 2489 3078 facit:

1431 3093 1574 3142 primo,
1605 3094 1768 3131 ostendit
1795 3106 1892 3142 quae
1921 3094 1966 3130 sit
1994 3094 2263 3131 demonstratio
2297 3094 2489 3141 negativa;

1431 3147 1621 3194 secundo,
1652 3147 1814 3184 ostendit
1850 3147 1870 3167 '¹‘
1906 3160 2001 3196 quae
2036 3147 2082 3184 sit
2115 3147 2383 3184 demonstratio
2423 3147 2490 3184 du·
2516 3164 2528 3174 ·

1432 3212 1520 3236 cens
1549 3200 1569 3221 ¹³
1598 3201 1646 3237 ad
1673 3200 1926 3249 impossibile;
1955 3201 2023 3237 ibi:
2058 3202 2162 3243 Quae
2179 3212 2269 3237 vero
2287 3201 2339 3237 ad
2355 3201 2488 3250 impos-

1429 3253 1657 3299 sibile*etc.;
1682 3248 1802 3300 tertiog
1824 3254 2014 3291 concludit
2035 3253 2358 3302 comparationem
2376 3254 2488 3291 unius

1431 3306 1480 3343 ad
1503 3307 1680 3352 alteram;
1705 3307 1776 3343 ibi:
1813 3307 1981 3343 Termini
2008 3308 2124 3357 igitur
2142 3307 2162 3328 *
2183 3315 2250 3343 etc.
2275 3307 2374 3343 Dicit
2398 3319 2486 3355 ergo

1429 3359 1566 3408 prim0‚
1583 3360 1687 3408 quod
1707 3359 1756 3396 ad
1774 3360 2012 3408 propositum
2037 3359 2315 3397 ostendendum
2341 3368 2490 3409 oportet

1431 3412 1669 3449 considerare
1690 3412 1940 3450 differentiam
1959 3413 2143 3462 ipsarum,
2169 3413 2306 3450 scilicet
2330 3413 2487 3450 demon-

365 3558 393 3592 α)
412 3558 505 3583 Potior
523 3561 563 3583 est
580 3565 646 3583 ea.—
661 3556 908 3587 ADEKLMNQST:
923 3556 1016 3588 potior
1035 3556 1071 3581 sit
1088 3563 1134 3585 ea5
1157 3557 1192 3580 B:
1212 3556 1321 3589 dignior
1339 3559 1365 3580 et
1379 3556 1472 3587 potior
1489 3558 1529 3580 est
1546 3562 1594 3584 ea,·
1612 3555 1650 3580 H:
1669 3555 1705 3580 sit
1718 3555 1812 3587 potior
1830 3562 1908 3588 quam
1921 3562 1952 3580 ea
1958 3563 1967 3585 ,·
1985 3555 2024 3580 0:
2039 3555 2148 3588 dignior
2166 3559 2205 3581 est
2222 3563 2261 3581 ea.
2273 3569 2292 3574 —
2305 3556 2489 3581 Desiderantur

310 3594 439 3619 variantes
458 3594 580 3619 lectiones
599 3594 656 3618 cod.
674 3593 685 3617 1
703 3600 750 3625 pro
769 3592 816 3617 hac
834 3597 860 3617 et
878 3599 954 3625 seqq.
973 3592 1042 3617 lectt.
1059 3591 1134 3624 primi
1154 3591 1220 3616 libri.

2527 817 2535 826 ·
2552 817 2609 844 Cap.
2624 823 2686 838 xm.

2525 842 2593 864 Text.
2608 849 2640 869 4¹-

2522 2848 2530 2856 ’
2545 2848 2618 2870 Codd.
2628 2859 2638 2864 -
2649 2855 2674 2870 r:
2685 2851 2731 2870 est.

2554 3164 2652 3186 Ostend.
2681 3172 2729 3187 om.

2517 3196 2559 3216 ορ.

2515 3221 2623 3243 “Codd.-
2632 3228 2656 3243 1²:
2668 3228 2730 3249 quae

2515 3247 2592 3273 ducit,¹
2600 3254 2622 3269 o:
2631 3249 2728 3276 quaesit

2514 3273 2609 3296 ducens.

2514 3301 2526 3311 '⁴
2540 3300 2610 3322 Num.
2625 3307 2674 3328 seq.

2513 3327 2526 3337 ⁴
2540 3327 2611 3349 Num.
2624 3334 2647 3353 4.
