2788 4204
329 220 400 256 160

918 221 1302 259 POSTERIORUM
1330 219 1759 256 ANALYTICORUM
1788 220 1882 256 LIB.
1913 221 1927 256 I

1067 426 1412 483 LECTIO
1456 428 1776 483 SEXTA

685 565 770 605 DE
801 564 1287 617 IMMEDIATORUM
1319 565 1752 607 PRINCIPIORUM
1786 565 2162 607 COGNITIONE

318 692 423 726 Ἐπεὶ
448 686 485 722 δὲ
510 686 561 721 δεῖ
587 688 756 722 πιστεύειν
786 699 823 720 τε
855 690 914 720 καὶ
943 682 1068 719 εἰδέναι
1101 688 1141 721 τὸ
1174 689 1316 744 πρᾶγμα
1349 690 1397 730 τῷ

393 735 550 767 τοιοῦτον
577 733 664 789 ἔχειν
689 733 914 788 συλλογισμόν
945 732 979 764 ὃν
1004 733 1174 787 καλοῦμεν
1202 730 1396 775 ἀπόδειξιν,

394 779 467 812 ἔστι
495 774 524 809 δ’
554 778 652 815 οὗτος
685 779 733 819 τῷ
759 774 836 811 τάδ’
866 775 951 809 εἶναι
978 776 1013 818 ἐξ
1043 776 1086 808 ὥν
1115 778 1130 808 ὀ
1155 778 1396 834 συλλογισμός,

394 823 525 878 ἀνάγκη
551 835 598 867 μη
623 822 724 867 μόνον
750 835 812 868 προ
840 822 987 855 ινώσκειν
1006 822 1080 854 τοὶ
1071 822 1210 866 πρῶτα,
1238 822 1259 860 ἦ
1279 822 1397 856 πάντα

392 866 414 903 ἦ
441 867 525 907 ἔνια,
555 868 646 900 ἀλλα
668 869 726 899 καὶ
752 870 862 911 μαλο

328 915 378 946 ἀεὶ
403 912 467 957 γοίρ
492 906 534 941 δι’
565 912 581 944 ὃ
608 910 752 957 υπάρχει
779 912 938 953 ἕκαστον,
959 912 1064 943 ἐκεῖνο
1082 911 1212 954 μᾶλλον
1236 911 1395 957 ὑπάρχει·

393 959 461 990 οἷον
479 950 521 986 δι’
544 956 560 987 ὃ
578 957 751 1000 φιλοῦμεν,
778 961 886 1002 εχεῖνο
912 958 1014 1010 φίλον
1024 954 1165 998 μᾶλλον.
1186 955 1281 989 “’Ὠστ
1304 960 1396 1001 εἴπερ

390 1005 485 1045 ἴσμεν
510 995 570 1032 &a
593 1001 641 1033 τοὶ
659 1002 785 1055 πρῶτα
809 1003 867 1034 καὶ
893 999 1110 1054 πιστεύομεν,
1136 1000 1278 1033 κάκεῖνα
1301 1004 1396 1046 ἴσμεν

392 1059 430 1080 τε
455 1046 514 1076 καὶ
545 1056 644 1077 πιστε
631 1044 730 1090 ύομε
717 1057 749 1077 εν
777 1047 927 1091 μᾶλλον
958 1045 1012 1078 ότι
1043 1041 1083 1076 δι’
1119 1046 1231 1077 ἐκεῖνα
1262 1048 1321 1079 καὶ
1351 1047 1399 1080 τοὶ

393 1091 544 1143 ὕστερον.

324 1136 396 1181 Οὐχ
421 1133 531 1167 οἷόντε
563 1128 600 1165 δε
627 1134 798 1167 πιστεύειν
828 1134 956 1188 μᾶλλον
988 1133 1032 1166 ὢν
1064 1127 1169 1174 οἶδεν,
1198 1135 1220 1167 οἳ
1227 1147 1290 1189 μη
1301 1148 1399 1190 τυγ-

391 1179 488 1225 χοίνει
505 1177 594 1223 μήτε
613 1174 707 1217 εἱδως
725 1179 814 1223 μήτε
834 1178 968 1219 βέλτιον
986 1158 1227 1234 διακείμενος
1212 1178 1233 1216 νὶ
1252 1180 1280 1211 εἰ
1297 1180 1398 1226 ἐτύγ-

392 1235 494 1278 χανεν
521 1218 632 1277 effide-.-
655 1224 874 1268 Συμβήσεται
899 1218 937 1255 δὲ
963 1225 1091 1266 τοῦτο,
1118 1223 1146 1254 εἰ
1170 1223 1217 1268 μή
1240 1236 1291 1262 τις
1318 1237 1398 1270 προ-

390 1268 559 1322 γνώσεται
585 1270 651 1301 τῶν
676 1264 721 1300 δι’
752 1265 925 1308 ἀπόδειξιν
951 1270 1188 1302 πιστευοντον·

325 1314 454 1358 μᾶλλον
479 1311 547 1364 γοὶρ
572 1312 722 1367 ἀνάγκη
731 1313 902 1346 πιστεύειν
929 1318 1005 1351 ταῖς
1033 1315 1071 1359 ἀρ
1100 1317 1150 1349 αῖς
1177 1311 1198 1350 ἦ
1224 1312 1351 1350 ποίσαις
1374 1311 1395 1350 ἦ

392 1359 460 1390 τισὶ
486 1368 548 1390 του
569 1357 857 1412 συμπεράσματος
844 1382 875 1412 'x’
902 1358 963 1391 τόν
981 1354 1020 1390 δε
1036 1360 1209 1403 μελλοντα
1227 1356 1312 1397 ἐξειν
1330 1369 1395 1394 την

392 1402 517 1439 ἑπιστή
544 1414 584 1438 ην
611 1414 675 1438 την
700 1397 742 1433 δι’
775 1398 990 1444 ἀποδείξεως.

323 1447 369 1480 Οὐ
395 1446 495 1502 μόνον
520 1448 572 1480 ὸεῖ
596 1446 658 1484 τοὶς
687 1447 792 1502 ἀρχάς
819 1448 948 1491 μᾶλλον
974 1448 1142 1502 γνωρίζειν
1174 1447 1233 1478 καὶ
1294 1446 1395 1477 ἄλλον

392 1491 515 1528 αὑταῖς
542 1491 712 1524 πιστεύειν
739 1490 760 1528 ’ἢ
786 1493 834 1533 τῷ
859 1487 1071 1535 δεικνυμένῳ,
1100 1491 1191 1524 αλλοὶ
1210 1502 1254 1535 μη
1279 1490 1393 1522 ἀ”λλο

392 1536 488 1576 αὑτῳ
505 1534 708 1592 πιστότερον
730 1532 815 1568 εἶναι
819 1524 922 1579 μηδὲ
929 1535 1194 1592 γνωριμώτερον
1213 1536 1279 1567 τῶν
1300 1535 1393 1567 ἀντι-

389 1580 548 1624 κειμένων
567 1584 643 1617 ταῖς
663 1581 795 1625 ἀρχαῖς,
815 1580 848 1621 ἐξ
869 1580 912 1611 ὦν
929 1580 1030 1613 εσται
1055 1581 1277 1634 συλλογισμος
1297 1580 1312 1611 ὀ
1331 1580 1393 1616 τῆς

392 1625 549 1662 ἐναντίας
576 1624 728 1672 ἀπάτης,
751 1627 843 1669 εἴπερ
868 1621 921 1656 δεῖ
944 1625 1005 1657 τὸν
1032 1625 1259 1669 ἐπιστάμενον
1279 1624 1393 1662 ἁπλῶς

395 1668 651 1713 ἀμετάπειστον
677 1672 775 1703 εἰναι.

123 670 212 747 ff

387 1766 584 1794 SYNOP518.—
610 1776 632 1794 1.
655 1767 869 1803 Argumentum
891 1773 919 1794 et
941 1765 1043 1794 divisio
1071 1773 1173 1794 textus.
1187 1781 1208 1789 -
1226 1773 1252 1794 2.
1276 1765 1397 1794 Thesis:

324 1805 469 1842 Principia
492 1806 586 1842 prima
608 1806 864 1834 demonstrationis
886 1807 995 1835 nedum
1022 1812 1323 1843 praecognoscuntur,
1346 1806 1397 1834 sed

323 1845 414 1882 magis
436 1845 521 1873 nobis
543 1846 658 1883 cognita
684 1853 750 1874 sunt
771 1856 860 1883 quam
883 1846 1042 1874 conclusio.
1057 1861 1079 1868 -
1097 1847 1122 1874 3.
1146 1847 1289 1874 Probatur
1309 1846 1397 1874 thesis

322 1885 435 1913 ratione
457 1886 568 1914 directa
587 1895 638 1914 seu
653 1886 798 1914 ostensiva
812 1895 846 1914 ex
861 1895 896 1914 eo
914 1887 995 1923 quod
1016 1885 1233 1914 conclusionem
1249 1885 1355 1914 scimus
1370 1892 1397 1913 et

322 1924 348 1953 ei
371 1925 515 1953 credimus
543 1932 662 1962 propter
690 1926 841 1962 principia.
857 1941 879 1948 —
894 1936 923 1961 4.
948 1925 1079 1954 incidens
1107 1925 1258 1962 explicatio
1286 1925 1395 1962 adagii:

323 1965 451 2002 Propter
472 1966 548 2002 quod
576 1967 814 2003 unumquodque,
844 1971 872 1993 et
893 1966 968 1994 illud
989 1971 1032 1994 est
1052 1966 1189 2004 magis.-
1205 1966 1230 1994 5.
1253 1966 1396 1994 Probatur

322 2005 425 2032 eadem
449 2005 536 2033 thesis
551 2005 663 2033 ratione
686 2006 838 2039 indirecta,
861 2015 895 2033 ex
916 2015 952 2034 eo
974 2006 1054 2043 quod
1076 2005 1099 2033 si
1121 2014 1203 2033 secus
1218 2011 1306 2041 esset,
1328 2015 1394 2033 cum

320 2043 466 2081 principia
486 2052 772 2083 praecognoscentur
793 2045 989 2081 conclusioni,
1014 2051 1182 2082 sequeretur
1203 2046 1283 2090 quod
1304 2046 1395 2073 homo

521 2146 755 2186 ostquam
793 2137 956 2175 ostendit
983 2137 1250 2197 Philosophus
1291 2150 1390 2185 quae

536 2195 663 2228 ‘nsunt
693 2191 915 2228 immediata
934 2190 1128 2239 principia,
1159 2190 1219 2227 hic
1249 2190 1296 2228 de
1329 2203 1391 2227 eo-

475 2249 566 2294 ‘53
579 2257 663 2281 rum
694 2245 908 2293 cognitione
938 2243 1205 2281 determinat«.
1223 2244 1272 2280 Et
1293 2243 1390 2280 circa

380 2326 390 2331 -
461 2292 471 2303 “
525 2297 652 2335 :ahoe
678 2298 754 2335 duo
776 2298 877 2336 facit:
907 2297 1045 2346 primo,
1072 2297 1390 2345 ostendit*qu0d

319 2330 540 2388 immediata
559 2351 742 2400 principia
771 2359 857 2390 sunt
875 2351 996 2411 magis
1020 2358 1110 2388 nota
1130 2350 1389 2396 conclusione;

79 2420 292 2442 ·οςιεηαιιοιιιιιι.
320 2405 501 2451 seeundo,
514 2405 821 2465 ostendit*quod
836 2405 950 2442 etiam
966 2404 1103 2441 falsitas
1115 2404 1390 2441 contrariorum

78 2454 91 2469 ³
106 2453 144 2468 ⁰¹⁴
153 2447 249 2468 Etxam
264 2453 292 2468 εχ
321 2459 435 2496 debet
455 2470 536 2494 esse
557 2458 767 2504 notissima;
789 2459 855 2496 ibi:
876 2459 968 2495 Non
987 2460 1109 2496 solum
1128 2458 1289 2495 autem*
1320 2466 1388 2495 etc.

80 2474 163 2495 codd.
158 2490 164 2499 ,
180 2480 219 2494 Ρτ.
235 2475 264 2494 et.

79 2314 87 2322 '
102 2318 128 2333 ιιι
144 2311 208 2332 dicit.

80 2500 171 2522 Num'
180 2506 202 2526 ⁷
321 2512 432 2549 Circa
459 2511 626 2559 primum
655 2512 724 2548 tria
753 2512 849 2549 facit.

79 2579 212 2627 Μιᾷῗιηέη
213 2585 238 2600 ι»-
256 2578 293 2600 in-
375 2577 409 2602 2.
440 2564 582 2612 Primo,
594 2566 772 2614 proponit
790 2566 975 2602 intentum
990 2566 1010 2586 '³
1030 2566 1158 2602 dicens
1178 2564 1283 2624 quod
1302 2565 1391 2613 quia

79 2632 188 2663 -εοςιιι-
179 2638 218 2653 -ρ-
236 2631 291 2659 quia
320 2631 391 2655 nos
405 2618 630 2655 *credimus
649 2618 759 2655 alicui
778 2619 831 2655 rei
856 2619 1055 2656 conclusae
1084 2626 1121 2656 et
1144 2618 1284 2655 scimus
1304 2631 1391 2655 eam

81 2658 158 2679 munia
173 2664 226 2679 nos.

81 2687 122 2705 ·s
136 2685 222 2706 samu..
232 2690 293 2710 muz,-
319 2684 389 2721 per
406 2672 517 2708 hoc*
532 2671 636 2720 quod
655 2672 843 2709 habemus
871 2672 1132 2720 syllogismum
1157 2671 1392 2709 demonstra-

80 2717 188 2765 ἓῗῦἶῗῗη
201 2713 292 2759 ngifm
320 2725 453 2771 tivum,
485 2733 521 2762 et
539 2727 613 2762 hoc
642 2725 798 2773 quidem
819 2733 874 2762 est
893 2725 931 2762 in
950 2734 1135 2773 quantum
1160 2724 1300 2762 scimus
1319 2727 1391 2774 syl-

295 2778 524 2827 logismum
545 2778 904 2824 demonstrativum;
926 2791 1082 2816 necesse
1103 2787 1159 2816 est
1172 2788 1251 2815 non
1265 2778 1391 2817 solum

320 2844 646 2881 praecognoscere
674 2832 798 2881 prima
825 2831 1008 2882 principia
1044 2831 1297 2879 conclusioni,
1323 2831 1391 2870 sed

321 2885 435 2922 etiam
461 2899 504 2923 ea
525 2886 645 2934 magis
674 2898 916 2934 cognoscere,
946 2899 1063 2935 quam
1092 2885 1389 2933 conclusionem.

321 2938 437 2976 Addit
456 2948 582 2977 autern
610 2945 678 2976 aut
694 2939 834 2985 omnia,
854 2946 922 2979 aut
938 2941 1140 2989 quaedam
1167 2939 1256 2989 quia
1275 2951 1391 2988 quae—

250 3016 282 3052 ).
322 2992 411 3029 dam
440 2993 622 3042 principia
650 2992 874 3043 probatione
902 2994 1080 3042 indigent,
1110 2994 1159 3031 ad
1182 2995 1257 3031 hoc
1285 2992 1391 3041 quod

323 3045 395 3082 sint
414 3054 514 3093 nota,
546 3054 582 3083 et
601 3054 806 3095 antequam
825 3049 1046 3096 probentur,
1067 3061 1145 3085 non
1165 3055 1251 3085 sunt
1269 3046 1389 3094 magis

323 3106 412 3135 nota
446 3100 700 3137 conclusione.
737 3101 841 3138 Sicut
881 3101 1003 3150 quod,
1033 3102 1197 3152 angulus
1225 3101 1390 3138 exterior

85 3144 179 3165 '⁰⁰⁶⁶'
192 3155 201 3159 ”
215 3150 239 3165 ¹³²
254 3150 295 3165 ‘¹⁸
324 3152 508 3202 trianguli
523 3154 649 3190 valeat
665 3155 758 3192 duos
776 3155 977 3205 angulos*
998 3155 1214 3192 intrinsecos
1231 3155 1304 3192 sihi
1325 3166 1388 3203 op-

85 3170 176 3197 quales.

378 3282 407 3321 α)
417 3286 469 3311 Hic
484 3286 516 3311 de
530 3293 622 3311 eorum
635 3285 786 3319 cognitione
797 3286 983 3311 determinat-
991 3286 1261 3317 ABDEGHILOQST
1270 3285 1391 3310 omittunt

325 3321 374 3350 hic,
390 3327 414 3346 et
429 3330 488 3346 cum
504 3322 555 3346 MR
569 3322 671 3353 legunt.
687 3321 846 3346 determinat
862 3322 894 3346 de
906 3329 996 3347 eorum
1011 3321 1170 3354 cognitione.
1185 3321 1219 3346 C·
1231 3321 1392 3346 determinat

325 3357 366 3381 hic
384 3361 433 3382 etc.
448 3357 470 3381 K
489 3365 565 3381 vero:
581 3357 623 3382 hic
642 3357 803 3382 determinat
820 3360 1009 3389 consequenter
1027 3357 1060 3382 de
1077 3364 1168 3382 eorum
1187 3357 1346 3389 cognitione.

379 3390 404 3427 β)
417 3392 514 3417 Statim
525 3392 674 3424 proposita.
680 3392 743 3417 —N:
758 3393 849 3418 statim
860 3400 919 3418 cum
929 3396 1077 3425 ponuntur.
1091 3392 1142 3416 Alii
1157 3392 1258 3417 codices
1273 3390 1392 3426 (excepto

326 3428 349 3451 Α
365 3428 407 3459 qui
427 3433 476 3452 stat
495 3435 542 3460 pto
556 3427 633 3452 Pinna
647 3423 764 3463 posita)·
778 3428 869 3453 statim
884 3428 1034 3460 proposita.
1050 3428 1082 3452 Et
1095 3427 1161 3452 hanc
1175 3427 1310 3452 lectionem
1330 3427 1392 3451 ado-

327 3467 467 3494 ptamus-
477 3463 567 3495 Supra,
587 3467 729 3496 antequam
743 3463 887 3495 probetur,
907 3471 975 3488 unus
995 3463 1051 3488 cod.
1066 3463 1087 3487 B
1102 3462 1174 3495 legit:
1194 3462 1242 3488 hoc
1260 3462 1329 3488 enim
1344 3469 1391 3487 an—

327 3500 431 3529 tequam
447 3498 585 3529 probetur.

380 3532 406 3566 γ)
431 3533 474 3557 Vel
493 3533 608 3558 aliter.-
618 3534 654 3558 K:
671 3534 740 3558 unde
758 3534 850 3562 alitem
865 3534 898 3558 B:
914 3534 983 3558 unde
1001 3533 1164 3558 Aristoteles.
1184 3533 1320 3558 Lectiones
1339 3540 1391 3557 non

328 3568 505 3593 admittendae.
526 3568 573 3592 Hic
593 3569 661 3593 enim
681 3569 754 3594 tertia
772 3577 787 3593 a
807 3577 829 3594 s.
843 3568 947 3593 Thema
965 3569 1110 3601 assignatur
1128 3568 1193 3593 ratio
1211 3567 1314 3593 illorum
1334 3575 1392 3593 ver-

1419 1765 1426 2082 ι

1453 691 1470 710 *
1485 692 1649 729 Quoniam
1665 699 1773 724 autem
1788 701 1916 734 oportet
1931 694 2054 725 credere
2071 701 2102 725 et
2118 695 2195 725 scire
2211 705 2279 726 rem
2293 697 2326 726 in
2340 696 2563 727 huiusmodi·
2577 704 2632 733 Seq.
2644 711 2695 733 cap.
2705 711 2732 733 ιι,
2745 710 2768 728 et

1520 737 1667 768 habendo
1685 738 1919 778 syllogismum,
1930 748 2029 779 quern
2042 749 2195 770 vocamus
2210 736 2525 781 demonstrationem,
2553 731 2612 753 Tex.
2626 738 2646 760 ⁵

1521 788 1567 812 est
1581 788 1689 812 autem
1701 782 1763 812 hoc
1780 792 1819 812 eo
1835 783 1923 823 quod
1949 789 1996 813 est
2011 783 2089 813 scire
2113 793 2159 820 ea,
2177 793 2214 814 ex
2236 785 2354 825 quibus
2368 792 2415 816 est
2428 787 2525 827 syllo-

1519 826 1652 866 gismus,
1683 836 1809 856 necesse
1833 833 1880 857 est
1906 837 1973 857 non
1998 827 2106 858 solum
2121 837 2389 868 praecognoscere
2411 831 2525 870 prima,

1520 877 1574 900 aut
1597 870 1706 901 omnia
1729 877 1784 901 aut
1807 871 1976 911 quaedam,
2000 872 2055 902 sed
2080 871 2176 902 etiam
2199 873 2316 912 magis:

1453 924 1577 954 semper
1601 914 1697 953 enim,
1722 921 1852 955 propter
1875 916 1964 956 quod
1987 916 2244 957 unumquodque
2260 923 2306 948 est
2324 917 2405 948 illud
2425 917 2525 958 magis

1520 966 1576 997 est,
1601 966 1636 990 ut
1659 966 1789 1000 propter
1807 960 1896 1000 quod
1920 970 2076 998 amamus,
2092 959 2172 990 illud
2189 961 2329 992 amicum
2345 962 2446 1002 magis
2462 969 2523 993 est:

1519 1013 1617 1044 quare
1640 1003 1799 1044 siquidem
1823 1003 1940 1034 scimus
1964 1014 2020 1044 per
2043 1004 2146 1044 prima
2162 1011 2192 1036 et
2208 1005 2377 1044 credimus,
2394 1006 2449 1037 illa
2467 1006 2524 1037 sci-

1518 1058 1592 1078 mus
1615 1054 1646 1079 et
1670 1049 1827 1079 credimus
1857 1048 1977 1088 magis,
2001 1049 2156 1089 quoniam
2184 1057 2314 1090 propter
2336 1050 2390 1080 illa
2413 1058 2443 1082 et
2466 1060 2524 1091 po-

1519 1092 1658 1123 steriora.

1452 1137 1526 1167 Non
1550 1143 1655 1177 potest
1678 1143 1785 1168 autem
1809 1137 1933 1167 credere
1956 1136 2057 1177 magis
2076 1147 2158 1178 quae
2177 1138 2245 1175 scit,
2261 1149 2343 1179 quae
2367 1149 2434 1170 non
2448 1149 2523 1170 con-

1519 1181 1655 1221 tingunt,
1680 1191 1783 1222 neque
1807 1181 1919 1220 sciens,
1943 1191 2048 1222 neque
2071 1181 2185 1212 melius
2209 1182 2401 1223 dispositus,
2425 1193 2523 1224 quam

1519 1225 1630 1264 sciens,
1644 1226 1670 1256 si
1686 1226 1849 1266 contingit.
1865 1225 1989 1256 Accidit
2012 1232 2119 1256 autem
2135 1226 2209 1264 hoc,
2222 1227 2282 1258 nisi
2302 1228 2416 1269 aliquis
2432 1238 2523 1268 prae-

1519 1270 1703 1311 cognoverit
1720 1281 1777 1311 per
1801 1270 2106 1301 demonstrationem
2131 1271 2343 1310 credentium;

1451 1315 1552 1355 magis
1583 1316 1668 1345 enim
1696 1323 1827 1346 'necesse
1858 1322 1904 1346 est
1931 1315 2055 1345 credere
2088 1315 2239 1346 omnibus
2268 1315 2430 1356 principiis
2468 1323 2524 1347 aut

1517 1359 1720 1400 quibusdam,
1745 1370 1843 1400 quam
1867 1359 2077 1398 conclusioni,
2102 1360 2272 1391 debentem
2294 1360 2408 1391 habere
2424 1359 2524 1391 scien-

1517 1404 1595 1434 tiam
1619 1414 1675 1444 per
1698 1404 2014 1435 demonstrationem.

1449 1448 1523 1478 Non
1548 1448 1656 1478 solum
1679 1455 1806 1488 oportet
1838 1447 1991 1489 principia
2021 1448 2120 1488 magis
2149 1457 2339 1489 cognoscere
2369 1455 2400 1479 et
2422 1449 2522 1489 magis

1516 1492 1593 1532 ipsis
1617 1492 1740 1523 credere
1764 1502 1863 1533 quam
1886 1493 1926 1531 ei,
1949 1493 2037 1533 quod
2062 1493 2312 1524 demonstratur:
2337 1493 2392 1523 sed
2414 1503 2520 1534 neque

1516 1536 1602 1567 aliud
1626 1536 1686 1576 ipsi
1710 1537 1889 1567 credibilius
1913 1543 1970 1575 est,
1999 1547 2103 1578 neque
2122 1537 2230 1568 notius
2254 1537 2411 1578 oppositis
2435 1538 2521 1577 prin-

1516 1581 1619 1621 cipiis.
1633 1591 1671 1611 ex
1689 1581 1807 1622 quibus
1823 1581 1881 1612 erit
1899 1581 2104 1622 syllogismus
2123 1582 2296 1612 contrariae
2315 1581 2522 1622 deceptionis,

1516 1626 1675 1667 siquidem
1705 1632 1831 1666 oportet
1863 1625 2015 1656 scientem
2046 1626 2229 1666 simpliciter
2262 1636 2329 1657 non
2351 1625 2523 1669 incredibi-

1515 1670 1579 1709 lem
1603 1680 1680 1701 esse.

1449 1766 1494 1794 vel
1516 1766 1580 1802 plus
1601 1766 1645 1794 vel
1673 1765 1830 1802 aequaliter
1857 1773 2045 1803 cognosceret
2073 1775 2107 1794 ea
2128 1775 2203 1803 quae
2230 1775 2292 1794 non
2314 1765 2410 1801 novit,
2433 1774 2522 1803 quam

1450 1815 1484 1834 ea
1505 1815 1580 1843 quae
1600 1805 1690 1834 novit.
1713 1806 1802 1840 Quod
1823 1812 1866 1833 est
1886 1805 2106 1851 impossibileae
2116 1807 2143 1834 6.
2158 1805 2262 1834 Thesis
2283 1812 2381 1834 tamen
2402 1787 2522 1843 intelligi

1449 1846 1535 1874 debet
1549 1852 1681 1882 respectu
1696 1845 1756 1873 eius
1772 1844 1821 1882 qui
1842 1845 1946 1882 accipit
1963 1845 2144 1882 disciplinam
2159 1855 2211 1882 per
2225 1845 2522 1881 demonstrationem,

1448 1894 1510 1914 non
1524 1892 1621 1914 autem
1643 1886 1761 1922 quando
1783 1885 1932 1913 conclusio
1949 1895 2001 1922 per
2015 1885 2100 1914 aliam
2122 1885 2198 1914 viam
2220 1891 2291 1914 nota
2311 1891 2395 1913 est.-
2372 1895 2436 1922 -.7
2458 1886 2527 1922 lmo,

1449 1925 1536 1953 etiam
1558 1925 1588 1953 in
1610 1925 1761 1962 disciplina
1781 1925 2009 1954 demonstrativa
2029 1925 2100 1953 nihil
2121 1925 2207 1953 debet
2227 1934 2290 1953 esse
2305 1924 2410 1953 certius
2431 1934 2521 1962 quam

1449 1966 1530 2010 quod
1551 1965 1687 2002 opposita
1707 1965 1854 2010 principiis
1875 1965 1932 1994 sint
1952 1965 2038 1994 falsa:
2059 1974 2140 1994 secus
2154 1974 2216 1993 non
2237 1964 2402 1993 firmissime
2423 1973 2520 1993 assen-

1447 2005 1568 2033 tiremur
1581 2005 1690 2033 eisdem
1704 2004 1860 2041 principiis,
1876 2011 1903 2033 et
1917 2005 1986 2033 ideo
2007 2004 2136 2038 scientia,
2152 2005 2208 2033 hoc
2223 2010 2266 2033 est
2279 2004 2365 2033 firma
2378 2004 2521 2033 certitudo

1447 2038 1643 2073 conclusionis
1658 2054 1719 2073 non
1734 2045 1923 2073 obtineretur.

1439 2138 1592 2186 positos,
1623 2145 1829 2186 antequam
1853 2136 2048 2185 probetur,
2069 2136 2119 2173 ita
2147 2135 2320 2185 ignotum
2340 2144 2408 2185 est,
2425 2135 2521 2175 sicut

1445 2191 1563 2239 quod,
1579 2191 1793 2241 triangulus
1807 2192 1945 2228 habeat
1961 2195 2035 2227 tres
2053 2190 2217 2240 angulos
2234 2190 2410 2240 aequales
2428 2191 2518 2228 duo·
2568 2212 2570 2214 ν

1445 2245 1513 2281 bus
1532 2245 1651 2281 rectis.
1670 2243 1874 2291 Quaedam
1889 2257 1984 2281 vero
2005 2243 2190 2293 principia
2209 2251 2295 2281 sunt
2311 2256 2423 2292 quae,
2444 2251 2516 2282 sta-
2530 2231 2551 2272 ἐ

1445 2297 1512 2334 ιιιιι
1531 2298 1769 2347 proposita,
1741 2296 1759 2327 Ρ
1791 2306 1877 2335 5ιιιιι
1896 2298 2017 2346 magis
2036 2305 2126 2334 nota
2147 2297 2402 2338 conclusione.
2413 2298 2516 2334 -Vel
2531 2279 2583 2329 ἃ·

1445 2351 1565 2388 aliter:
1595 2351 1786 2411 quaedam
1807 2351 2069 2402 conclusiones
2097 2359 2184 2388 sunt
2210 2363 2310 2400 quae
2338 2358 2425 2388 sunt
2448 2363 2517 2388 no-

1445 2404 1632 2452 tissimae,
1657 2395 1831 2454 utpdfe
1837 2417 1907 2454 per
1948 2417 2103 2442 sensum
2146 2412 2325 2454 acceptae
2361 2405 2392 2452 *,
2422 2404 2517 2441 sicut
2544 2414 2659 2438 mode.-
2647 2421 2708 2438 -211
2733 2417 2762 2438 u

1445 2457 1563 2506 quod,
1591 2458 1649 2495 sol
1675 2458 1880 2507 eclipsetur.
1910 2450 2021 2496 Unde
2049 2458 2277 2507 principium
2310 2470 2380 2508 per
2411 2457 2517 2506 quod
2539 2442 2761 2517 fflm⁸ffi

1445 2512 1629 2560 probatur
1647 2524 1726 2549 non
1747 2520 1802 2549 est
1825 2511 2043 2572 simpliciter
2061 2512 2181 2560 magis
2201 2519 2347 2559 notum,
2378 2511 2517 2548 scilicet
2542 2496 2651 2549 ⁶⁸33?
2659 2501 2672 2517 ⁸
2716 2500 2759 2517 ⁶⁶

1446 2565 1562 2613 quod,
1578 2565 1670 2602 luna
1685 2565 1944 2614 interponatur
1963 2565 2058 2602 inter
2075 2565 2191 2602 solem
2210 2571 2247 2602 et
2262 2564 2517 2612 terram‚1icet

1446 2618 1491 2655 sit
1519 2618 1639 2666 magis
1672 2626 1806 2655 notum
1844 2618 1883 2655 in
1918 2618 1982 2655 via
2015 2618 2168 2655 rationis
2200 2617 2441 2668 procedentis
2470 2629 2516 2654 ex

1447 2684 1561 2708 causa
1580 2671 1619 2708 in
1634 2671 1825 2708 effectum.
1837 2671 1941 2708 —Vel
1957 2671 2061 2708 aliter
2074 2676 2104 2708 ⁷.
2120 2672 2195 2708 hoc
2214 2671 2301 2709 ideo
2317 2671 2415 2731 dicit,
2427 2670 2516 2719 quia
2542 2667 2584 2710 J

1446 2724 1560 2761 etiam
1576 2737 1691 2773 supra
1710 2724 1883 2761 dixerat*
1892 2724 1996 2773 quod
2013 2724 2204 2772 quaedam
2218 2724 2405 2774 principia
2419 2731 2552 2761 tem--

1445 2790 1540 2828 pore
1567 2777 1671 2826 prius
1700 2785 1980 2825 cognoscuntur
2007 2790 2124 2826 quam
2154 2778 2364 2825 conclusio,
2401 2789 2516 2826 quae-

1445 2830 1536 2871 dam
1564 2843 1659 2869 vero
1688 2831 1799 2868 simul
1827 2839 2001 2880 tempore
2030 2838 2119 2868 nota
2147 2831 2244 2868 fiunt
2261 2832 2281 2853 *
2301 2843 2388 2868 cum
2427 2843 2517 2869 con·
2543 2845 2642 2870 codd.
2655 2853 2681 2869 r·
2691 2848 2760 2870 me

1446 2883 1624 2923 elusione.
2291 2905 2296 2908 -

1488 2939 1535 2976 3.
1556 2938 1748 2984 Secundo;
1769 2937 1832 2974 ibi:
1854 2938 2009 2986 Semper
2023 2938 2122 2974 enim
2139 2943 2298 2986 propter
2316 2937 2418 2986 quod
2431 2944 2499 2974 etc.
2491 2965 2514 2984 .,

1443 2991 1581 3040 probat
1607 2991 1847 3040 propositum
1862 2990 2068 3040 dupliciter.
2086 2991 2216 3028 Primo
2232 2990 2376 3028 ratione
2391 2997 2515 3028 osten-

1444 3045 1541 3090 s1va;
1562 3044 1630 3082 sic:
1655 3046 1814 3094 Propter
1832 3045 1933 3093 quod
1957 3044 2248 3094 unumquodque
2265 3049 2303 3081 et
2323 3044 2415 3082 illud
2426 3050 2481 3082 est
2493 3046 2513 3065 ⁰

1443 3095 1607 3148 magis-⁸3
1621 3099 1718 3135 sicut
1731 3098 1766 3135 si
1781 3109 1956 3135 amamus
1970 3098 2146 3146 aliquem,
2161 3105 2317 3147 propter
2331 3098 2510 3136 alterum·
2501 3127 2511 3146 ‚

1442 3159 1483 3188 ut
1511 3151 1541 3189 si
1565 3151 1821 3200 magistrum*
1017 3158 1990 3248 fflpropter
2013 3150 2256 3201 discipulum,
2287 3150 2512 3200 discipulum

2643 2297 2658 2333 β

2642 2689 2658 2715 Υ

2543 2740 2631 2764 qm.
2645 2726 2729 2768 nsua.
2743 2740 2759 2763 8

2543 2770 2566 2790 et
2579 2772 2603 2796 9.

2542 3053 2650 3077 ·Οοάἀ.
2665 3066 2676 3071 -
2688 3060 2703 3076 ι’
2727 3059 2755 3076 ο-

2541 3080 2602 3103 mnt-
2616 3083 2661 3103 etl:

2637 3108 2652 3134 8

2541 3142 2658 3192 ωὲἶὶῗῖἀάύ
2665 3148 2715 3165 exc.
2729 3147 2744 3164 Δ

1445 3285 1539 3310 borum
1558 3284 1718 3310 Aristotelis:
1732 3287 1781 3309 aut
1794 3284 1893 3315 omnia,
1907 3287 1956 3309 aut
1971 3282 2111 3316 quaedam.
2125 3283 2176 3309 Alii
2195 3283 2297 3308 codices
2315 3282 2412 3309 habent
2425 3283 2511 3309 lectio-

1446 3328 1506 3345 nem
1525 3319 1640 3345 Pinnem.

1498 3352 1524 3390 ὃ)
1539 3355 1653 3388 &opter-
1666 3355 1738 3388 quod
1754 3355 1957 3388 unumquodque
1970 3358 1997 3380 et
2011 3337 2079 3380 illud
2091 3358 2132 3380 est
2145 3354 2269 3387 magis.-
2249 3353 2388 3380 -.AnGo
2397 3356 2512 3386 propter

1445 3391 1516 3423 quod
1529 3394 1569 3416 est
1583 3390 1796 3423 unumquodque
1801 3396 1879 3416 etc.—
1859 3391 1927 3415 —:H
1937 3394 2052 3423 propter
2065 3390 2137 3423 quod
2150 3389 2354 3422 unumquodque
2368 3389 2429 3418 tale,
2444 3388 2512 3414 illud

1446 3426 1532 3460 magis
1550 3430 1626 3452 εει-
1636 3427 1692 3451 Hoc
1711 3426 1830 3458 adagium
1849 3426 2031 3451 aristotelicum
2050 3425 2147 3459 passim
2166 3425 2273 3450 recurrit
2291 3424 2358 3457 apud
2377 3423 2511 3449 scholasti-

1445 3469 1505 3493 cos3
1524 3466 1550 3486 et
1567 3462 1592 3486 in
1612 3467 1681 3486 textu
1706 3462 1845 3494 explicatur
1867 3462 1986 3494 exemplo
2005 3468 2098 3486 causae
2116 3460 2214 3492 finalis,
2237 3467 2332 3492 nempe
2351 3459 2372 3484 si
2391 3466 2511 3484 amamus

1445 3497 1598 3529 magistrum
1613 3497 1638 3521 in
1654 3497 1761 3529 gratiam
1776 3504 1823 3522 seu
1838 3501 1945 3530 propter
1958 3496 2124 3530 discipulum,
2138 3500 2206 3521 certe
2220 3495 2376 3528 discipulum
2390 3501 2510 3520 amamus

1444 3533 1527 3564 magis
1546 3540 1625 3565 quam
1645 3532 1806 3565 magistrum.
1821 3532 1919 3557 Verum
1939 3540 1991 3557 non
2011 3539 2116 3564 semper
2133 3538 2186 3556 uno
2203 3530 2349 3562 eodemque
2374 3536 2454 3554 sensu
2468 3536 2510 3554 nc-

1444 3567 1536 3600 cipitur
1554 3567 1683 3600 adagium,
1702 3567 1747 3601 qui
1766 3572 1853 3592 tamen
1873 3575 1967 3592 sensus
1986 3566 2196 3592 determinandus
2214 3569 2268 3596 est,
2282 3568 2312 3590 ῠι
2326 3572 2386 3590 cum
2404 3564 2511 3590 verime
