2788 4204
55 544 67 555 ¹*
82 543 119 565 cf.
133 548 189 571 n.3.

157 593 169 609 ε

54 703 63 712 ·
80 702 151 724 Nun-1.
167 709 216 730 seq.

156 753 171 782 ζ

54 809 66 820 ⁸
73 808 177 836 Ct.1ib.1,
189 810 268 836 lecmi,

54 844 104 862 not.
120 838 143 864 ὃ.

54 969 63 979 “
68 973 181 990 antona:
190 967 267 994 sequi·

55 997 103 1020 tun·
113 1000 181 1015 uiuo:
190 1000 268 1021 seque<

53 1023 135 1045 retur,-
149 1027 172 1042 r:
188 1020 266 1048 requi-

55 1049 159 1070 reremr.

54 1109 66 1121 ⁴·
76 1109 150 1131 Codd.
160 1120 170 1125 -
178 1115 202 1130 1²:
216 1114 265 1129 nec.

300 242 374 287 348

297 320 407 368 igitur
424 327 527 369 patet
555 319 659 367 quod
688 317 922 366 impossibile
943 324 998 353 est
1025 315 1129 364 quod
1158 315 1270 351 simul
1300 315 1364 352 de-

297 380 528 410 monstretur
556 373 646 421 quid
671 377 726 408 est
751 378 788 407 et
815 371 903 418 quia
932 375 994 406 est.

352 427 387 463 6.
409 426 557 463 Deinde
578 438 665 462 cum
681 424 769 461 dicit
789 421 819 459 δε
842 423 883 459 Si
900 434 993 471 ergo
1013 421 1192 469 definiens
1211 421 1363 457 demon-

296 485 392 517 strat
418 487 500 526 etc.‚
531 477 692 515 ostendit
719 476 824 524 quod
853 488 931 512 non
950 482 1074 523 potest
1093 474 1242 511 ostendi
1265 474 1367 522 quod

298 533 388 581 quid
414 538 468 569 est
495 531 713 569 definitione
734 530 766 575 ²,
798 528 973 566 ducendo
1003 527 1051 564 ad
1076 527 1362 564 inconveniens.

298 586 410 624 Unde
428 585 565 634 primo,
593 582 756 621 ostendit
775 587 785 602 ⁸
809 581 900 629 quid
921 593 966 617 ex
994 581 1069 617 hoc
1089 588 1285 629 sequatur;
1306 593 1363 616 se-

299 639 442 686 cundo,
472 637 636 679 ostendit
663 635 755 672 illud
784 635 889 683 quod
917 634 1087 682 sequitur
1116 645 1197 670 esse
1231 634 1362 670 incon-

296 692 471 737 veniens;
501 690 569 727 ibi:
599 690 673 726 Sed
704 688 967 725 inconveniens
998 688 1017 709 ’¹‘
1046 694 1114 724 ete.
1144 687 1244 724 Dicit
1273 699 1362 734 ergo

296 745 421 794 primo
442 743 558 792 quod,
576 741 689 780 curng
708 742 767 778 ille
787 741 852 789 qui
874 741 1015 786 definit,
1027 740 1147 789 possit
1161 740 1363 777 ostendere

295 799 357 836 vel
386 798 476 846 quid
501 802 564 843 est,
585 797 647 833 vel
674 803 822 832 tanturn
851 795 941 843 quid
965 794 1157 844 significat
1174 805 1310 830 nomen
1330 794 1362 840 ²¹⁶,

296 864 374 888 non
401 858 556 899 propter
574 850 649 886 hoc
669 848 858 898 oportebit
886 848 991 896 quod
1029 847 1199 884 definitio
1219 847 1264 884 sit
1283 859 1363 883 ma-

295 903 505 941 nifestativa
533 902 649 952 ipsius
678 903 780 951 quod
805 902 896 950 quid
921 907 985 948 est,
1005 901 1112 949 quod
1135 900 1289 949 proprie
1314 900 1364 937 ad

295 956 556 995 definitionem
588 955 768 1005 pertinet:
798 955 966 1003 alioquin
1003 963 1182 1003 sequetur
1205 954 1225 974 ³*
1258 953 1363 1002 quod

296 1010 463 1048 definitio
493 1009 709 1058 significans
737 1009 843 1057 quod
863 1008 956 1058 quid
983 1016 1050 1054 est,
1071 1008 1162 1045 nihil
1189 1008 1236 1045 sit
1263 1007 1363 1044 aliud

294 1076 412 1113 quarn
432 1063 525 1100 ratio
554 1062 771 1111 significans
789 1062 893 1099 idem
913 1062 1019 1111 quod
1040 1074 1184 1098 nornen
1197 1067 1223 1098 ⁷¹:
1245 1073 1324 1098 non
1344 1062 1364 1082 *

295 1117 397 1154 enirn
417 1129 532 1166 super
550 1118 666 1154 talem
691 1117 878 1163 rationem
899 1115 1003 1153 addit
1021 1115 1161 1163 aliquid
1181 1115 1362 1161 definitio,

294 1170 365 1208 nisi
393 1170 482 1219 quia
517 1170 702 1218 significat
737 1169 938 1207 essentiam
968 1168 1124 1206 alicuius
1157 1168 1221 1206 rei.
1252 1168 1363 1206 Unde

295 1224 325 1261 si
353 1236 433 1261 non
461 1223 506 1261 sit
539 1224 666 1273 aliqua
695 1235 776 1269 res,
807 1222 913 1260 cuius
951 1222 1153 1259 essentiam
1192 1221 1362 1259 definitio

295 1277 495 1325 significet,
529 1277 619 1314 nihil
659 1276 783 1314 differt
820 1276 989 1313 definitio
1019 1289 1041 1312 a
1070 1276 1214 1313 ratione
1248 1287 1362 1324 expo-

294 1339 407 1368 nente
436 1330 750 1378 significationem
779 1329 935 1367 alicuius
963 1329 1142 1366 nominis.

349 1397 385 1433 7.
416 1384 566 1422 Deinde
586 1396 675 1420 cum
696 1383 800 1420 dicit:
831 1383 906 1420 Sed
922 1383 1187 1419 inconveniens
1205 1387 1261 1418 est
1278 1389 1360 1427 etc.‚

296 1437 460 1475 ostendit
496 1437 770 1475 inconveniens
809 1448 891 1473 esse
924 1435 1030 1484 quod
1064 1435 1234 1473 definitio
1272 1435 1363 1472 nihil

349 1607 374 1642 δ)
395 1607 499 1632 Deinde
516 1614 576 1632 cum
595 1606 660 1631 dicit
679 1610 728 1630 etc.
745 1619 764 1624 —
782 1605 810 1630 ln
828 1605 905 1630 huius
929 1610 1064 1630 contextus
1089 1605 1297 1637 interpretatione
1315 1605 1364 1629 Za-

295 1644 393 1669 barella
411 1647 484 1676 putat
506 1642 672 1666 Aristotelem
692 1641 731 1665 hic
750 1641 818 1666 velle
836 1641 983 1673 disputandi
1002 1641 1082 1674 gratia
1100 1641 1239 1665 ostendere
1262 1645 1363 1665 contra-

295 1679 363 1704 rium
383 1678 451 1708 eius,
471 1678 542 1710 quod
556 1677 703 1701 immediate
718 1681 776 1701 ante
788 1677 908 1701 ostendit.
924 1677 994 1701 Haec
1009 1676 1092 1706 enim,
1107 1676 1202 1709 inquit,
1216 1681 1257 1700 est
1275 1676 1363 1708 dispu-

294 1714 397 1740 tationis
415 1714 520 1743 utilitas,
534 1718 571 1743 ut,
585 1712 650 1737 facta
662 1713 687 1737 in
701 1717 839 1745 utramque
858 1717 959 1745 partem
977 1712 1207 1745 argumentatione,
1222 1711 1364 1736 faciliorem

295 1749 463 1775 inveniendae
476 1748 590 1773 veritatis
607 1748 674 1772 viam
692 1746 842 1772 efficiamus.
858 1747 947 1777 Quum
961 1747 1038 1780 igitur
1051 1747 1204 1772 Aristoteles
1217 1747 1365 1780 probaverit

295 1784 470 1810 definitionem
496 1792 548 1808 non
573 1791 652 1816 posse
674 1783 812 1807 ostendere
831 1783 894 1816 quid
918 1787 972 1814 est,
995 1791 1063 1808 nunc
1086 1783 1142 1808 vult
1160 1783 1186 1807 in
1211 1783 1364 1807 contrariam

295 1825 395 1854 partem
417 1819 584 1853 probabiliter
609 1818 796 1851 argumentari,
816 1824 842 1843 et
864 1819 975 1851 probare
994 1819 1138 1843 absurdum
1161 1826 1222 1843 esse
1244 1819 1270 1843 id
1293 1818 1365 1851 quod

294 1862 432 1881 ostensum
452 1859 505 1885 est,
525 1859 550 1879 et
569 1854 706 1879 dicendum
726 1854 812 1887 potius
831 1853 1006 1879 definitionem
1030 1853 1162 1879 notificare
1180 1854 1243 1886 quid
1263 1859 1317 1885 est;
1336 1859 1365 1878 ut

295 1891 362 1917 inter
382 1891 521 1916 contrarias
541 1890 727 1922 disputationes
747 1889 817 1914 dubii
831 1894 857 1914 et
870 1890 984 1922 perplexi
998 1895 1141 1920 manentes,
1157 1897 1217 1914 mox
1234 1889 1265 1914 ad
1280 1890 1364 1922 ipsam

295 1927 332 1952 rei
351 1926 486 1951 veritatem
505 1926 675 1958 indagandam
694 1930 883 1950 convertamur.
903 1925 999 1950 Probat
1013 1925 1089 1958 igitur
1107 1923 1277 1954 Aristoteles.
1297 1925 1365 1950 iuxta

295 1963 469 1993 Zabarellam,
489 1960 664 1986 definitionem
688 1960 831 1993 patefacere
850 1961 936 1994 ipsum
956 1960 1018 1993 quid
1038 1966 1092 1991 est,
1111 1966 1150 1991 et,
1165 1961 1197 1985 ad
1220 1960 1365 1985 incommo-

297 1999 359 2023 dum
379 1997 511 2028 ducendo,
530 1996 563 2021 ita
583 2001 783 2029 argumentatur.
803 1995 922 2021 Definitio
941 1997 1050 2021 alterum
1069 1996 1181 2021 duorum
1198 1996 1306 2021 omnino
1321 1996 1365 2020 de-

296 2034 340 2058 bet
363 2031 507 2062 notificare,
533 2037 577 2056 aut
600 2032 661 2065 quid
685 2039 727 2056 res
751 2032 801 2062 sit,
825 2036 869 2056 aut
892 2031 956 2064 quid
981 2039 1077 2056 nomen
1101 2031 1244 2063 significet:
1269 2032 1364 2056 etenim

296 2069 385 2094 inutile
409 2075 517 2101 prorsus
540 2073 610 2092 esset
634 2067 730 2100 aliquid
754 2066 872 2097 definire,
892 2067 913 2091 si
933 2074 979 2100 per
998 2066 1174 2092 definitionem
1197 2067 1258 2092 nihil
1282 2066 1365 2092 notifi-

297 2109 405 2129 caretur.
425 2103 513 2133 Quum
537 2103 623 2135 itaque
642 2103 754 2127 duorum
779 2103 889 2127 alterurn
913 2103 1052 2127 ostendere
1076 2102 1168 2128 debeat
1187 2102 1365 2136 (quandoqui-

297 2140 357 2165 dem
377 2139 411 2164 nil
431 2139 499 2163 aliud
519 2143 637 2171 apparet.
656 2138 733 2171 quod,
751 2145 797 2170 per
819 2138 903 2170 ipsam
927 2137 1051 2163 notificari
1076 2139 1173 2171 possit.
1198 2144 1300 2171 praeter
1323 2139 1365 2163 illa

297 2174 373 2209 duo),
393 2182 463 2207 ergo,
483 2175 504 2199 si
522 2182 584 2199 vera
602 2179 642 2198 est
660 2174 848 2206 argumentatio
867 2174 1038 2206 praecedens,
1057 2179 1083 2198 et
1104 2174 1220 2199 dicamus
1240 2173 1366 2199 definitio—

296 2218 357 2235 nem
381 2218 433 2234 non
456 2210 594 2234 ostendere
612 2209 674 2241 quid
694 2214 746 2239 est,
765 2209 919 2242 relinquitur
937 2214 966 2234 ut
984 2209 1019 2234 nil
1038 2217 1084 2242 per
1107 2217 1164 2234 eam
1184 2209 1252 2234 aliud
1277 2214 1365 2234 osten-

297 2247 371 2271 datur
390 2253 470 2278 quam
493 2245 555 2278 quid
575 2252 671 2269 nomen
695 2243 828 2277 significet.
851 2245 886 2269 At
908 2244 958 2270 hoc
981 2245 1123 2270 absurdum
1147 2250 1187 2270 est
1206 2245 1250 2277 (ut
1272 2245 1366 2278 probat

296 2282 448 2306 Aristoteles
467 2281 549 2305 tribus
568 2280 722 2311 rationibus,
742 2287 808 2312 quas
827 2279 908 2305 habes
927 2288 970 2305 nn.
984 2288 1012 2313 7,
1033 2280 1062 2310 8,
1081 2281 1129 2314 9):
1149 2288 1211 2312 ergo
1230 2286 1256 2306 et
1275 2281 1366 2305 absur—

297 2317 359 2342 dum
379 2321 419 2341 est
437 2316 606 2346 antecedens,
626 2323 679 2348 quo
702 2315 833 2340 dicebatur
857 2314 1030 2341 definitionem
1050 2324 1103 2341 non
1121 2316 1261 2341 ostendere
1279 2317 1366 2349 ipsum

298 2353 359 2385 quid
374 2357 422 2376 est.
433 2352 530 2376 -Haec
549 2351 682 2376 Zabarella
701 2351 727 2375 in
746 2351 765 2376 11
783 2351 894 2380 Foster„
909 2358 964 2384 cap.
973 2359 1008 2381 vr.
1024 2351 1068 2376 fol.
1086 2359 1149 2384 127,
1169 2352 1217 2376 col.
1234 2351 1248 2376 3
1265 2357 1290 2377 et
1309 2359 1365 2385 seq.

297 2389 370 2412 Hanc
389 2387 624 2421 interpretationem
649 2387 718 2411 idem
737 2391 827 2411 auctor
845 2385 955 2412 affirmat
973 2394 1033 2412 esse
1051 2388 1188 2418 Averrois,
1207 2387 1254 2412 sed
1277 2392 1366 2412 utrum

296 2424 427 2448 Averroes
445 2423 470 2447 id
495 2423 606 2447 senserit
630 2421 732 2447 difficile
751 2427 791 2447 est
809 2421 950 2447 affirmare:
974 2422 1037 2447 satis
1056 2423 1124 2447 enirn
1148 2423 1259 2448 obscure
1283 2423 1367 2456 loqui-

297 2463 339 2483 tur
362 2458 387 2483 in
410 2458 558 2483 Comment.
575 2465 612 2482 vu
636 2458 661 2482 in
684 2457 705 2483 11
728 2457 830 2483 Poster.
848 2472 869 2477 -
887 2458 1046 2489 Eustratius,
1072 2459 1097 2483 in
1116 2458 1136 2483 11
1156 2458 1257 2484 Foster.
1263 2476 1271 2488 ‚
1297 2459 1366 2484 hunc

297 2494 385 2519 locum
405 2494 454 2526 (Si
471 2501 536 2527 ergo
555 2493 683 2527 definiens
702 2492 767 2527 etc.)
787 2494 821 2518 ita
839 2494 955 2525 exponit:
977 2503 988 2516 α
1005 2494 1145 2526 Reliquum
1165 2499 1217 2525 est,
1243 2501 1303 2519 cum
1322 2494 1366 2518 de-

299 2539 312 2552 »
328 2528 408 2554 finitio
427 2529 538 2554 duorum
557 2529 666 2554 alterum
686 2529 824 2554 ostendere
843 2529 947 2559 debeat,
966 2530 1007 2553 vel
1027 2529 1090 2562 quid
1109 2534 1149 2554 est
1167 2537 1223 2560 res,
1242 2530 1284 2554 vel
1304 2529 1366 2562 quid

299 2575 312 2588 »
329 2564 454 2598 significat
472 2571 580 2595 nomem
604 2571 770 2597 nequaquam
790 2569 876 2589 autem
895 2564 1009 2589 ostendit
1027 2565 1089 2597 quid
1108 2570 1149 2589 est
1166 2572 1224 2596 res,
1244 2565 1311 2590 sicut
1329 2565 1366 2590 di-

299 2610 312 2623 »
329 2605 399 2625 ctum
418 2605 471 2631 est;
486 2600 580 2624 indicat
593 2607 656 2633 ergo
670 2599 734 2632 quid
746 2598 871 2632 significat
883 2607 992 2630 nomen,
1005 2605 1034 2624 ut
1048 2599 1110 2624 nihil
1125 2600 1193 2625 aliud
1206 2601 1240 2625 sit
1253 2599 1366 2625 definitio

300 2646 312 2658 »
329 2643 407 2668 quam
427 2636 505 2666 ratio,
532 2643 615 2668 aeque
633 2643 663 2660 ac
682 2642 787 2665 nomen,
806 2634 953 2668 significans
970 2645 982 2658 s
1004 2633 1157 2668 (Alexandri
1182 2635 1322 2669 Aphrodis.
1341 2640 1367 2661 et

296 2671 419 2696 Eustratii
438 2671 463 2695 in
482 2671 502 2696 11
523 2671 567 2696 lib.
587 2671 690 2696 Foster.
714 2670 918 2701 Commentaria,
943 2671 1081 2702 interprete
1106 2671 1210 2696 Andrea
1234 2671 1365 2702 Gratiolo,

297 2714 355 2739 pag.
365 2713 412 2738 42,
429 2707 477 2731 col.
489 2714 510 2731 1.
519 2720 538 2725 -
547 2706 661 2731 Venetiis
681 2704 746 2731 ¹568
752 2706 771 2738 ).
786 2706 816 2730 Β.
826 2706 949 2731 Albertus
963 2706 1048 2739 Magn.
1059 2707 1084 2730 in
1094 2706 1113 2730 11
1124 2707 1235 2735 Postera,
1245 2706 1365 2737 Tracnn,

297 2749 354 2774 cap.
367 2749 408 2772 vi,
428 2749 486 2774 pag.
499 2740 559 2772 625,
579 2742 628 2766 col.
643 2748 672 2766 2:
687 2751 699 2764 ‹
716 2741 742 2766 Si
762 2749 832 2773 ergo,
853 2741 946 2774 inquit.
966 2741 1059 2774 aliquis
1079 2741 1145 2766 dicat
1163 2742 1235 2774 quod
1253 2740 1366 2767 definitio

300 2787 313 2800 ι
330 2785 381 2802 non
400 2784 504 2809 semper
522 2778 683 2802 demonstrat
695 2777 758 2810 quid
773 2782 814 2802 est
831 2784 874 2802 res
894 2777 1037 2802 secundum
1057 2777 1128 2809 quod
1147 2777 1209 2810 quid
1224 2782 1264 2802 est
1277 2777 1309 2802 de
1323 2785 1365 2808 re,

300 2823 313 2835 ι
330 2813 376 2837 sed
401 2812 538 2845 aliquando
564 2813 725 2837 demonstrat
749 2812 812 2845 quid
835 2811 961 2846 significat
986 2819 1096 2842 nomen,
1120 2812 1170 2837 hoc
1195 2818 1235 2837 est
1254 2812 1366 2837 nominis

300 2858 313 2870 ›
330 2846 503 2873 definitionem
527 2848 581 2872 sive
604 2846 831 2881 significationem,
852 2853 877 2872 et
895 2848 932 2872 sic
951 2847 1112 2872 demonstrat
1134 2848 1197 2880 quid
1221 2852 1261 2872 est
1279 2848 1366 2880 aliquo

300 2893 313 2906 »
329 2883 422 2913 modo;
437 2884 608 2908 ostendemus
631 2883 754 2916 quoniam
778 2881 903 2908 definiens
928 2891 980 2908 non
1006 2883 1167 2908 demonstrat
1191 2882 1366 2908 definitionem

300 2929 313 2942 »
330 2919 453 2950 nominis,
473 2919 539 2943 sicut
556 2927 608 2943 non
628 2919 788 2943 demonstrat
812 2917 987 2944 definitionem
1006 2919 1051 2944 rei.
1065 2928 1078 2941 ›
1095 2918 1134 2943 cf.
1146 2918 1322 2943 Themistium
1341 2918 1366 2943 in

298 2954 318 2979 ll
338 2954 454 2984 Foster„
475 2962 531 2987 cap.
545 2961 584 2984 xx,
603 2962 660 2987 pag.
674 2954 720 2986 34;
735 2954 909 2986 philoponum
924 2954 967 2985 ib.,
982 2953 998 2986 ἕ
1015 2954 1093 2984 Quod
1111 2954 1217 2986 quidem
1237 2961 1308 2979 nunc
1318 2955 1367 2988 sa-

297 2990 379 3019 ciunt,
394 2997 453 3022 pag.
468 2997 525 3020 121,
538 2990 588 3014 col.
605 2997 618 3014 2
630 3007 637 3021 ‚
658 2989 705 3014 Ed.
719 2997 803 3021 graec.
823 2997 881 3022 pag.
897 2997 960 3023 ²095
979 2990 1148 3022 Anonymum
1167 2989 1217 3020 ib.,
1236 2998 1294 3023 pag.
1310 2988 1366 3020 118,

299 3025 347 3050 col.
360 3032 382 3055 2,
399 3025 445 3049 Ed.
455 3033 539 3058 graec.
550 3032 609 3057 pag.
619 3023 682 3055 266;
697 3025 815 3050 Lincoln.
826 3025 869 3055 ib.,
879 3032 935 3057 cap.
946 3033 973 3055 11,
988 3024 1004 3058 g
1015 3025 1189 3058 Manifestum
1204 3029 1294 3051 autem
1309 3031 1366 3056 etc.‚

298 3060 342 3085 fol.
355 3060 396 3091 33,
409 3061 458 3085 col.
478 3068 502 3091 1;
516 3060 654 3092 Aegidium
669 3060 712 3090 ib.,
726 3059 742 3093 9
763 3060 795 3085 Si
806 3067 872 3094 ergo
891 3060 1017 3094 definiens
1031 3065 1088 3090 etc..
1107 3060 1151 3085 iol.
1171 3067 1227 3091 ιη,
1247 3061 1297 3086 col.
1310 3068 1329 3093 4
1342 3066 1368 3086 et

299 3102 387 3128 aeqq.;
407 3096 557 3121 Caietanum
571 3095 615 3126 ib.,
632 3103 688 3128 cap.
697 3103 731 3126 vi,
749 3096 864 3121 conclus.
879 3096 968 3125 tertia,
982 3095 998 3129 g
1015 3095 1094 3126 Quod
1112 3096 1176 3128 quid
1194 3099 1234 3122 est
1251 3104 1302 3122 non
1322 3096 1368 3122 de-

299 3131 470 3156 monstrabile
489 3137 550 3162 etc.‚
570 3130 614 3156 fol.
629 3129 678 3161 80,
698 3131 747 3156 col.
764 3138 793 3161 2;
813 3131 937 3164 Sylvestr.
956 3131 1074 3156 Maurum
1094 3131 1141 3162 ib.,
1161 3139 1215 3164 cap.
1230 3139 1269 3160 rv,
1285 3140 1309 3156 n.
1328 3139 1366 3162 12,

299 3174 356 3199 pag.
365 3165 428 3198 385;
443 3166 565 3191 Toletum
579 3166 622 3197 ib.,
637 3174 693 3199 cap.
702 3174 747 3196 vn,
762 3174 787 3191 n.
797 3174 823 3198 4,
839 3166 885 3192 fol.
897 3174 960 3200 219,
976 3167 1025 3192 col.
1039 3174 1047 3192 1
1058 3173 1065 3197 ;
1080 3166 1209 3192 Dominic.
1219 3175 1234 3192 a
1247 3167 1368 3192 Flandria

298 3201 347 3233 ib.,
367 3209 412 3234 qu.
426 3209 466 3232 vx,
481 3202 552 3227 artic.
566 3209 594 3227 u.

354 3237 380 3262 S.
399 3237 518 3262 Thomae
542 3237 666 3270 expositio
692 3242 746 3262 est:
771 3237 797 3262 Si
821 3235 934 3262 definitio
959 3238 1007 3263 τοῦ
1030 3237 1103 3271 quod
1125 3238 1188 3271 quid
1213 3243 1253 3263 est
1277 3242 1368 3271 posset

298 3272 400 3297 ostendi
419 3271 574 3303 definitione,
588 3272 651 3298 haec
670 3271 783 3298 definitio
801 3273 933 3298 ostensiva
951 3278 1022 3298 esset
1039 3273 1081 3298 vel
1101 3273 1214 3299 definitio
1233 3274 1318 3303 realis.
1332 3274 1366 3299 si-

300 3306 422 3339 gnificans
441 3315 536 3340 nempe
561 3308 632 3341 quod
655 3308 717 3341 quid
737 3313 790 3339 est,
810 3309 851 3333 vel
870 3314 941 3333 esset
959 3307 1073 3333 definitio
1093 3308 1240 3340 significans
1253 3309 1366 3334 nominis

300 3343 544 3375 interpretationem.
563 3344 614 3368 Sed
634 3351 686 3368 non
704 3344 800 3376 prima:
820 3351 879 3368 nam
893 3344 925 3368 ad
939 3345 1150 3375 cognoscendum
1165 3345 1236 3378 quod
1251 3345 1313 3377 quid
1328 3350 1368 3370 est

300 3379 437 3411 requiritur
456 3379 567 3410 cognitio
585 3379 648 3411 quia
666 3382 713 3409 est,
733 3379 804 3412 quod
823 3387 875 3404 non
894 3387 940 3412 per
959 3378 1133 3405 definitionem
1154 3381 1200 3405 sed
1220 3388 1266 3412 per
1282 3381 1366 3405 solam

302 3413 547 3439 demonstrationem
566 3414 737 3447 cognoscitur,
753 3420 781 3439 ut
800 3415 938 3447 probatum
957 3421 997 3440 est
1016 3416 1041 3440 in
1054 3415 1277 3448 praecedentibus.
1298 3416 1367 3447 Ergo

301 3449 371 3481 quod
390 3449 451 3481 quid
475 3454 514 3474 est
533 3457 585 3474 non
610 3455 699 3482 posset
717 3451 818 3475 ostendi
841 3450 889 3475 nisi
909 3458 955 3483 per
979 3450 1154 3476 definitionem
1181 3450 1367 3483 significantem

302 3484 414 3508 nominis
433 3484 677 3517 interpretationem.
696 3485 755 3516 Quo
769 3486 863 3518 posito,
882 3486 1000 3519 sequitur
1013 3486 1084 3519 quod
1099 3485 1212 3512 definitio
1226 3487 1368 3512 ostendens

302 3518 364 3550 quid
384 3518 508 3550 significat
525 3527 620 3545 nornen
635 3521 703 3545 idem
718 3521 750 3545 sit
764 3528 793 3545 ac
808 3520 921 3546 definitio
935 3522 1075 3546 ostendens
1090 3522 1151 3554 quid
1167 3523 1200 3547 sit
1213 3530 1255 3547 res
1269 3520 1368 3554 (osten-

303 3554 375 3578 deret
393 3554 461 3578 enim
480 3555 505 3579 in
524 3555 571 3580 hac
590 3555 726 3588 hypothesi
746 3557 816 3588 quod
835 3557 897 3589 quid
917 3561 956 3581 est
974 3556 1039 3591 rei).
1058 3557 1136 3590 Atqui
1153 3557 1216 3582 haec
1235 3557 1314 3582 illatio
1329 3562 1369 3582 est

302 3588 492 3621 inconveniens,
511 3594 539 3614 ut
558 3591 680 3623 probatur
698 3599 724 3616 n.
739 3599 764 3624 7,
783 3599 858 3624 seqq.
878 3592 947 3625 Ergo
966 3591 1061 3617 falsum
1075 3597 1116 3617 est
1134 3593 1205 3625 quod
1219 3593 1290 3626 quod
1304 3593 1369 3626 quid

880 236 1266 275 POSTERIORUM
1292 236 1724 274 ANALYTICORUM
1752 237 1847 274 LIB.
1878 238 1910 274 11

1419 315 1465 352 sit
1493 315 1596 353 aliud
1624 328 1741 364 quarn
1770 316 1864 353 ratio
1886 327 2081 365 exponens
2109 316 2276 354 nominis
2304 317 2491 366 significa-

1418 368 1574 406 tionem.
1606 370 1655 406 Et
1682 370 1757 406 h‘oc
1782 370 1901 406 tribus
1920 369 2139 407 rationibus.
2171 370 2347 417 Quarum
2367 372 2492 420 prima

1420 429 1492 468 est,
1522 422 1612 470 quia
1641 422 1821 470 contingit
1850 423 1963 460 etiarn
1994 435 2038 460 ea
2067 435 2166 471 quae
2191 436 2262 460 nec
2291 432 2378 461 sunt
2403 426 2491 462 sub-

1419 474 1554 511 stantia
1572 473 1596 521 ⁰,
1618 487 1689 512 nec
1717 485 1804 513 sunt
1822 476 2085 513 universaliter
2114 476 2229 524 entia,
2263 477 2392 526 aliquo
2421 491 2490 515 no—

1419 527 1522 564 mine
1557 528 1781 576 significare.
1826 530 2035 576 Quodlibet
2075 538 2203 567 autem
2242 542 2387 568 nomen
2422 543 2492 580 per

1419 581 1586 629 aliquam
1615 581 1965 631 interpretationem
1996 584 2135 632 exponi
2163 591 2299 632 potest.
2331 584 2371 621 Si
2401 596 2490 632 ergo

1419 634 1509 670 nihil
1538 634 1640 671 aliud
1669 643 1767 672 esset
1796 636 1966 673 definitio
1995 649 2113 685 quam
2147 637 2241 673 ratio
2271 637 2491 686 interpreta-

1418 687 1496 724 tiva
1533 688 1717 735 nominis,
1755 697 1976 737 sequeretur
2009 690 2116 738 quod
2157 690 2328 727 definitio
2360 699 2492 740 posset

1419 753 1503 777 esse
1531 747 1539 761 ⁸
1563 754 1638 778 non
1666 743 1960 779 substantiarum
1990 751 2027 779 et
2053 743 2216 780 totaliter
2235 756 2310 780 non
2336 746 2488 782 entium.

1420 794 1537 841 Quod
1565 802 1668 843 patet
1697 806 1778 831 esse
1807 795 1956 832 falsum.
1993 796 2202 833 Ostensum
2232 805 2287 834 est
2321 798 2424 834 enim
2452 798 2492 835 in

1418 848 1487 884 VII
1512 848 1682 896 Metaph.
1696 848 1716 868 ¹*
1737 848 1843 896 quod
1864 849 2034 885 definitio
2053 850 2308 898 principaliter
2331 850 2490 899 quidem

1420 907 1476 937 est
1503 900 1756 948 substantiae,
1795 901 1959 939 aliorum
1995 910 2127 940 autem
2155 903 2195 940 in
2226 911 2414 951 quantum
2449 916 2490 941 se

1418 954 1561 991 habent
1580 954 1628 991 ad
1658 954 1919 992 substantiam.

1474 1008 1509 1044 8.
1549 1007 1770 1045 Secundam
1817 1008 2004 1046 rationem
2051 1009 2159 1058 ponit
2197 1008 2275 1046 ibi:
2317 1010 2492 1059 Amplius

1419 1073 1549 1098 omnes
1576 1061 1740 1098 rationes
1768 1069 1851 1108 etc.;
1882 1074 1981 1110 quae
2014 1062 2098 1100 talis
2127 1070 2193 1100 est.
2234 1063 2398 1100 Cuilibet
2429 1075 2491 1100 ra-

1418 1115 1520 1160 tioni,
1542 1114 1638 1151 idest
1666 1114 1827 1151 orationi
1856 1116 1996 1164 aliquid
2025 1116 2262 1164 significanti,
2285 1124 2340 1153 est
2365 1116 2490 1166 impo-

1418 1180 1508 1205 nere
1546 1168 1701 1216 aliquod
1734 1180 1879 1206 nomen
1912 1169 1946 1206 ei
1977 1170 1997 1191 *
2024 1170 2349 1219 correspondens,
2385 1170 2494 1219 quod*

1417 1234 1486 1270 per
1514 1221 1616 1258 illam
1655 1221 1841 1259 rationem
1872 1223 1892 1243 *
1916 1223 2189 1261 manifestatur.
2211 1223 2251 1260 Si
2280 1235 2370 1271 ergo
2399 1223 2490 1261 nihil

1418 1274 1520 1312 aliud
1549 1275 1595 1312 sit
1615 1276 1635 1296 *
1655 1275 1824 1312 definitio
1849 1288 1967 1324 quam
1997 1276 2092 1314 ratio
2121 1276 2404 1325 interpretativa
2422 1290 2490 1314 no-

1418 1327 1550 1374 minis,
1589 1337 1812 1377 sequeretur
1848 1330 1952 1378 quod
1985 1343 2122 1367 omnes
2162 1330 2327 1367 rationes
2365 1338 2493 1368 essent

1418 1381 1676 1419 definitiones:
1707 1391 1744 1420 et
1771 1382 1821 1420 ita
1849 1391 2029 1433 sequetur
2057 1384 2164 1433 quod
2184 1385 2216 1430 ¹²,
2247 1396 2336 1421 cum
2363 1383 2491 1433 dispu-

1416 1442 1542 1471 tamus
1570 1436 1633 1472 vel
1654 1436 1909 1484 colloquimur
1937 1438 1985 1475 ad
2014 1437 2193 1486 invicem,
2210 1437 2349 1486 ipsae*
2363 1437 2491 1487 dispu-

1417 1607 1458 1629 est
1475 1604 1560 1636 possit
1577 1604 1680 1629 ostendi
1698 1605 1740 1629 vel
1760 1603 1909 1630 definitione
1928 1605 2087 1639 significante
2104 1606 2167 1640 quid
2179 1607 2225 1638 rei,
2239 1607 2282 1632 vel
2297 1606 2446 1634 definitione
2457 1608 2492 1634 si-

1417 1638 1554 1673 gnificante
1573 1639 1687 1664 nominis
1706 1640 1952 1673 interpretationem.

1472 1675 1494 1707 ε)
1518 1675 1594 1700 Unde
1608 1675 1699 1707 primo
1713 1676 1831 1701 ostendit
1845 1677 1950 1701 etc.-P
1969 1676 2060 1702 habet:
2084 1677 2159 1702 Unde
2172 1677 2272 1709 primo,
2287 1678 2433 1710 proponit,·
2450 1685 2491 1704 se-

1417 1711 1513 1741 cundo,
1533 1711 1650 1736 ostendit
1667 1711 1733 1744 quid
1751 1718 1789 1736 ex
1807 1711 1857 1737 hoc
1874 1715 2015 1745 sequutum·
2034 1713 2070 1738 ibi
2088 1713 2227 1738 ete—Sed
2246 1713 2448 1739 DG1K1.MNST
2466 1719 2494 1740 et

1418 1755 1444 1780 p.
1458 1755 1494 1771 m.
1508 1747 1553 1771 AC
1568 1747 1671 1779 legunt:
1690 1747 1765 1772 Unde
1772 1747 1865 1779 primo
1883 1748 2003 1773 ostendit
2017 1749 2068 1780 (IL,
2082 1749 2200 1774 ostendit
2213 1748 2323 1782 primo)
2338 1749 2404 1782 quid
2417 1747 2494 1782 (ΑΟ,Ι

1418 1782 1504 1815 quod)
1524 1789 1562 1807 ex
1581 1782 1629 1807 hoc
1646 1785 1776 1814 sequatur
1791 1783 1838 1814 (G,
1857 1783 2002 1816 sequitur->5
2023 1784 2067 1809 ibi.
2086 1784 2170 1809 Huius
2190 1784 2307 1809 lectionis
2327 1784 2492 1811 defectuosae

1419 1818 1499 1851 (quae
1518 1822 1606 1842 tamen
1620 1817 1722 1842 videtur
1740 1818 1883 1850 primorum
1903 1819 2123 1852 apographorum)
2143 1820 2220 1844 ceteri
2245 1820 2319 1845 codd.
2340 1820 2376 1852 (O
2390 1820 2416 1846 h.
2431 1820 2490 1854 lac.)

1419 1858 1444 1878 et
1458 1853 1478 1878 P
1493 1852 1615 1878 exhibent
1633 1853 1821 1878 correctiones:
1840 1855 1864 1879 A
1883 1862 1904 1879 s.
1920 1863 1955 1880 m.
1970 1860 1999 1880 ut
2017 1863 2066 1880 nos
2085 1855 2111 1880 in
2130 1860 2215 1886 textu;
2234 1856 2270 1880 B:
2289 1859 2435 1888 sequutum
2450 1863 2491 1882 se-

1419 1888 1507 1914 cundo
1521 1888 1638 1914 ostendit
1649 1889 1699 1914 hoc
1712 1896 1768 1914 esse
1782 1889 1982 1921 inconveniens,·
1997 1890 2018 1915 C
2033 1898 2131 1923 marg.:
2150 1890 2278 1920 secundo,
2294 1891 2411 1917 ostendit
2425 1891 2493 1918 illud

1419 1931 1474 1949 esse
1492 1923 1692 1953 inconveniens,
1711 1925 1784 1957 quod
1797 1925 1919 1958 sequitur
1932 1933 1970 1951 ex
1983 1926 2046 1955 hoc,
2063 1926 2172 1959 legenda
2186 1927 2252 1951 inter
2265 1930 2393 1959 sequatur
2403 1932 2428 1952 et
2441 1927 2492 1957 ibi,-

1419 1960 1453 1984 E:
1466 1959 1601 1992 sequitur‚-
1614 1960 1738 1989 secundo,
1758 1961 1875 1986 ostendit
1894 1961 1950 1991 hoc,
1970 1962 2070 1987 scilicet
2089 1962 2161 1995 quod
2178 1962 2307 1994 sequitur,
2326 1969 2382 1988 esse
2400 1963 2492 1988 incon-

1419 1995 1526 2020 veniens
1545 1998 1572 2020 et
1590 1994 1763 2027 impossibi1e;
1782 1995 1833 2024 im,-
1852 1996 1890 2021 1-1:
1909 2000 2051 2029 sequutum·
2069 1997 2194 2026 secundo,
2214 1997 2370 2031 manifestat
2387 1998 2436 2023 hoc
2451 1998 2491 2024 in·

1419 2030 1590 2060 conveniens,·
1603 2030 1654 2061 ibi5
1669 2030 1694 2061 Q
1712 2031 1782 2063 (om.
1801 2031 1915 2057 Unde...
1933 2033 2076 2066 sequatur)
2093 2033 2218 2062 seeundo,
2233 2033 2352 2058 ostendit
2364 2034 2436 2067 quod
2454 2040 2493 2059 ex

1419 2067 1468 2091 hoc
1486 2066 1620 2098 sequitur,-
1638 2066 1682 2091 ibi.
1702 2065 1762 2092 Alia
1780 2068 1905 2092 correctio
1924 2068 2020 2101 (quam
2039 2069 2148 2100 scriptor
2166 2075 2219 2093 non
2238 2068 2375 2102 intellexit)
2394 2069 2492 2095 eruitur

1419 2109 1450 2127 ex
1464 2101 1497 2126 F:
1517 2101 1592 2126 Unde
1604 2101 1721 2127 ostendit
1734 2102 1826 2134 primo
1845 2103 1917 2128 circa
1936 2103 1986 2129 hoc
2004 2104 2058 2129 duo
2070 2104 2158 2138 facit.-
2172 2103 2271 2136 primo,
2291 2104 2410 2130 ostendit
2427 2104 2494 2137 quid

1419 2144 1457 2162 ex
1475 2137 1525 2162 hoc
1539 2137 1671 2170 sequanum
1690 2138 1814 2167 secundo,
1833 2139 1951 2164 ostendit
1969 2139 1998 2164 id
2016 2139 2215 2170 inconveniensf
2233 2139 2278 2164 ibi.
2297 2139 2493 2166 Correctionem

1420 2173 1477 2198 cod.
1490 2173 1513 2197 A
1532 2173 1679 2205 recipimus,
1695 2178 1723 2198 ut
1742 2174 1798 2198 aliis
1816 2174 1954 2200 veriorem.

1473 2207 1498 2240 ζ)
1520 2207 1606 2239 Quod,
1621 2215 1690 2234 cum.
1703 2222 1723 2228 -
1735 2209 1782 2233 Est
1800 2209 1877 2234 lectio
1891 2209 1919 2240 P,
1936 2210 1995 2236 edd.
2008 2210 2083 2240 Veri„
2099 2214 2124 2236 et
2142 2209 2197 2235 fere
2215 2211 2332 2236 omnium
2352 2211 2429 2236 codd.
2442 2210 2492 2237 -C

1420 2251 1442 2268 s.
1453 2252 1498 2269 rm:
1512 2244 1584 2276 quod
1597 2243 1621 2269 si
1634 2244 1762 2269 ille-DL
1773 2252 1828 2269 om.
1841 2250 1896 2270 tum
1909 2245 1933 2271 si
1945 2251 2001 2270 tum
2015 2253 2084 2276 cum,
2098 2246 2144 2271 sed
2157 2253 2216 2272 cum
2231 2246 2291 2271 add.
2306 2254 2388 2280 marg.
2402 2246 2439 2278 D;
2454 2246 2492 2278 Q:

1421 2279 1493 2312 quod
1502 2279 1545 2304 ille
1559 2279 1606 2312 qui
1617 2280 1710 2313 definit
1723 2280 1784 2305 licet
1793 2281 1881 2313 possit
1890 2281 2029 2306 ostendere
2042 2281 2115 2314 quod
2129 2281 2194 2314 quid
2203 2284 2242 2306 est
2254 2282 2295 2307 vel
2308 2285 2413 2308 tantum
2424 2287 2494 2308 etef-

1421 2315 1458 2340 1-1:
1473 2315 1612 2340 ostendere
1631 2315 1704 2348 quod
1721 2315 1787 2348 quid
1804 2319 1851 2346 est,
1872 2323 1924 2341 non
1944 2320 2033 2342 tamen
2052 2317 2117 2350 quid
2135 2317 2270 2351 significat
2288 2318 2396 2343 ete-A
2410 2326 2433 2343 s.
2445 2325 2492 2343 m:

1421 2357 1528 2380 nomen,
1548 2350 1608 2376 ideo
1623 2354 1738 2383 propter
1755 2351 1805 2377 hoc
1823 2352 1895 2384 quod
1914 2360 1966 2378 non
1985 2353 2127 2385 oportebit.

1474 2386 1501 2418 η)
1521 2386 1596 2411 Nihil
1613 2386 1649 2412 sit
1666 2387 1742 2411 aliud
1760 2394 1840 2420 quam
1860 2388 1931 2413 ratio
1949 2388 2105 2422 significans
2125 2388 2194 2414 idem
2209 2389 2281 2422 quod
2299 2388 2492 2414 nomem—Po-

1421 2422 1530 2446 stillator
1548 2422 1606 2446 cod.
1621 2422 1642 2447 C
1660 2422 1730 2446 addit
1749 2423 1774 2447 in
1793 2423 1909 2455 margine
1927 2423 1993 2448 hanc
2010 2424 2140 2449 notulam:
2161 2431 2212 2449 non
2233 2424 2354 2458 intelligo
2372 2424 2415 2450 hic
2434 2424 2493 2450 Ex-

1415 2457 1578 2490 positorem,
1598 2460 1625 2482 et
1641 2458 1723 2483 credo
1741 2465 1797 2484 esse
1814 2458 1858 2484 hic
1881 2459 2011 2492 defectum
2031 2459 2058 2484 in
2077 2459 2165 2485 litera.
2179 2473 2200 2478 -
2217 2460 2286 2491 Quid
2305 2460 2421 2492 praecise
2439 2467 2494 2485 non

1421 2493 1543 2518 intellexit
1562 2493 1587 2518 in
1606 2493 1654 2518 hac
1673 2494 1833 2526 expositione
1852 2501 1874 2519 s.
1888 2494 2015 2525 Tlxomae,
2035 2495 2179 2528 postillator
2198 2503 2251 2520 non
2271 2495 2329 2520 dicit
2336 2504 2343 2527 ;
2362 2495 2421 2520 hinc
2439 2503 2493 2521 non

1420 2536 1564 2562 possumus
1579 2529 1748 2554 determinate
1761 2529 1930 2562 respondere.
1950 2530 2041 2564 Neque
2055 2538 2085 2555 ex
2100 2531 2196 2555 nostris
2211 2531 2286 2556 codd.
2300 2532 2434 2564 potuimus
2448 2531 2493 2556 de-

1421 2563 1581 2597 prehendere
1599 2569 1687 2589 utrum
1707 2565 1741 2589 sit
1759 2564 1875 2590 defectus
1894 2565 1921 2590 in
1939 2565 1987 2591 hac
2006 2573 2028 2591 s.
2042 2565 2162 2591 Thomae
2180 2567 2271 2592 littera.

1475 2599 1503 2624 ln
1522 2599 1721 2624 declarationem
1747 2599 1902 2625 definitionis
1925 2601 1988 2634 quid
2006 2602 2042 2626 rei
2062 2606 2087 2626 et
2106 2602 2167 2634 quid
2187 2601 2299 2626 nominis
2323 2601 2402 2626 affero
2425 2608 2493 2635 quae

1421 2634 1559 2659 Caietanus
1573 2635 1651 2660 habet
1665 2635 1691 2660 in
1705 2635 1724 2660 ll
1739 2635 1851 2663 Foster..
1866 2643 1923 2669 cap.
1933 2643 1967 2666 vi,
1982 2636 1998 2669 9
2015 2637 2094 2662 Circa
2108 2636 2216 2662 tertiam
2230 2637 2423 2662 conclusionem
2434 2641 2492 2666 etc..

1420 2670 1465 2695 fol.
1484 2669 1532 2701 80,
1551 2670 1600 2695 col.
1615 2678 1640 2702 4.
1655 2679 1670 2694 ‹
1685 2671 1798 2696 Adverte
1812 2672 1904 2704 primo,
1919 2671 2013 2705 inquit,
2027 2672 2099 2705 quod
2114 2671 2227 2697 definitio
2245 2672 2311 2705 quid
2329 2672 2444 2698 nominis
2458 2672 2494 2698 ita

1421 2705 1505 2730 differt
1517 2713 1531 2730 a
1544 2704 1692 2731 definitione
1710 2706 1776 2739 quid
1794 2707 1841 2735 rei,
1857 2706 1923 2732 sicut
1942 2707 2028 2740 ipsum
2048 2708 2110 2740 quid
2127 2707 2238 2732 nominis
2254 2707 2336 2732 differt
2350 2715 2364 2732 a
2379 2708 2441 2741 quid
2455 2707 2493 2733 rei

1420 2741 1552 2775 (definitio
1571 2741 1640 2766 enim
1659 2744 1686 2766 et
1705 2741 1841 2775 definitum
1860 2744 2079 2775 convertuntur).
2099 2743 2169 2768 Haec
2188 2748 2275 2768 autem
2295 2743 2375 2768 duo...
2393 2751 2424 2768 ex
2443 2742 2494 2768 hoc

1421 2776 1550 2806 differunt,
1561 2776 1632 2809 quod
1642 2777 1751 2801 alterum
1766 2782 1806 2802 est
1819 2777 1856 2802 rei
1870 2777 2027 2810 significatae
2041 2778 2179 2811 quidditas,
2190 2779 2299 2804 alterum
2313 2783 2354 2804 est
2363 2778 2493 2811 quidditas

1421 2812 1502 2844 ipsius
1518 2811 1630 2836 nominis
1650 2809 1700 2847 (cs.
1714 2812 1759 2837 lib.
1775 2812 1803 2842 1.,
1817 2813 1875 2838 lect.
1889 2821 1920 2844 ιι,
1936 2821 1961 2838 n.
1979 2812 2005 2838 5
2017 2817 2044 2839 et
2058 2817 2112 2839 not.
2126 2813 2162 2848 ὃ).
2177 2814 2261 2839 Huius
2276 2814 2340 2839 ratio
2355 2814 2380 2839 in
2396 2813 2493 2848 signifi-

1421 2848 1519 2872 catione
1534 2847 1664 2878 consistit;
1680 2853 1706 2872 et
1719 2853 1856 2880 propterea
1872 2847 1985 2874 definitio
2000 2849 2062 2882 quid
2075 2849 2188 2874 nominis
2201 2849 2263 2874 nihil
2279 2850 2349 2875 aliud
2361 2855 2401 2875 est
2413 2857 2493 2883 quam

1421 2882 1533 2907 nominis
1553 2882 1737 2916 interpretatio.
1751 2882 1871 2908 Definitio
1885 2889 1971 2909 autem
1987 2885 2050 2917 quid
2063 2885 2100 2910 rei
2115 2890 2155 2910 est
2168 2886 2344 2911 essentialium
2358 2885 2442 2919 ipsius
2456 2885 2494 2911 rei

1421 2918 1570 2951 explicativa
1583 2919 1675 2943 oratio.
1689 2919 1764 2944 Unde
1783 2924 1808 2944 et
1826 2919 1848 2943 si
1863 2924 1972 2952 utraque
1992 2919 2107 2945 definitio
2121 2921 2230 2954 explicet
2249 2921 2311 2954 quid
2331 2929 2378 2954 per
2396 2929 2494 2947 nornen

1421 2954 1587 2986 importatur,
1608 2954 1652 2978 illa
1671 2958 1758 2979 tamen
1777 2955 1888 2979 nominis
1912 2954 2125 2987 significationem
2149 2957 2316 2987 declarando,
2338 2957 2387 2982 ista
2405 2962 2493 2982 autern

1420 2997 1477 3014 rem
1496 2988 1664 3022 significatam
1684 2989 1802 3015 distincte
1822 2991 1984 3016 dilucidando
2002 2999 2017 3016 a
2035 2991 2119 3023 prima
2138 2992 2251 3025 potentia
2276 2999 2360 3025 usque
2384 2993 2415 3017 ad
2434 2993 2494 3018 ulti·

1421 3032 1495 3050 mum
1514 3030 1608 3050 actum.
1623 3025 1655 3050 Et
1674 3026 1731 3050 ideo
1745 3025 1828 3059 inquit
1846 3026 1999 3051 Aristoteles
2013 3027 2093 3060 quod,
2109 3027 2130 3052 si
2150 3028 2254 3052 nomine
2269 3035 2320 3052 non
2336 3027 2495 3060 significetur

1420 3060 1534 3085 essentia
1552 3060 1646 3093 aliqua,
1661 3061 1703 3086 vel
1723 3061 1859 3086 declaratio
1879 3062 1991 3087 nominis
2011 3070 2064 3087 non
2084 3063 2193 3095 explicet
2211 3064 2352 3088 essentiam
2370 3064 2493 3097 aliquam,

1421 3095 1548 3127 definitio,
1563 3096 1630 3121 idest
1648 3095 1762 3121 definitio
1781 3098 1842 3129 quid
1861 3097 1906 3128 rei,
1924 3105 1991 3131 quae
2010 3098 2162 3131 simpliciter
2179 3103 2287 3124 vocatur
2305 3098 2426 3130 definitio,
2441 3107 2494 3124 non

1422 3131 1506 3156 differt
1525 3139 1539 3156 a
1557 3131 1656 3157 ratione
1674 3132 2027 3158 nominis.-Advenendum
2047 3133 2183 3167 dupliciter
2201 3134 2359 3167 (secundo),
2378 3135 2450 3167 quod
2463 3142 2494 3160 ex

1421 3167 1471 3192 hoc
1491 3167 1548 3192 loco
1562 3167 1605 3198 (n.
1617 3163 1653 3200 8)
1672 3167 1782 3192 habetur
1796 3169 1867 3201 quod
1886 3169 1948 3201 quid
1968 3169 2081 3194 nominis
2099 3177 2152 3194 non
2171 3170 2280 3195 debetur
2298 3170 2450 3204 complexis,
2464 3175 2495 3195 ut

1421 3203 1458 3228 sic
1473 3203 1525 3236 (cs.
1544 3202 1588 3228 lib.
1609 3203 1635 3232 1,
1655 3203 1714 3228 lect.
1729 3211 1762 3234 n,
1782 3211 1808 3228 n.
1823 3201 1848 3230 3
1866 3207 1892 3229 et
1906 3208 1962 3230 not.
1976 3205 2012 3240 γ),
2032 3205 2079 3230 sed
2098 3210 2127 3230 ut
2145 3206 2280 3238 complexa
2299 3205 2331 3230 ad
2350 3205 2493 3239 incomple-

1420 3238 1503 3263 xionis
1522 3238 1634 3263 formam
1653 3239 1789 3270 ducuntur,
1805 3239 1867 3264 dum
1886 3240 1990 3273 aliquod
2010 3247 2106 3265 nomen
2121 3240 2167 3265 toti
2187 3241 2324 3274 complexo
2342 3241 2493 3274 imponitur,

1421 3279 1448 3299 ut
1461 3273 1583 3299 historiae
1606 3273 1720 3299 troianae
1740 3274 1819 3300 Ilias:
1837 3275 1919 3308 inquit
1937 3275 2007 3301 enim
2027 3276 2180 3301 Aristoteles
2198 3277 2252 3306 hic,
2271 3277 2364 3302 volens
2382 3277 2494 3309 probare

1419 3317 1513 3335 omnes
1531 3309 1661 3335 orationes
1675 3317 1734 3335 esse
1746 3309 1920 3341 definitiones,
1941 3311 2012 3344 quod
2031 3311 2068 3336 eis
2084 3319 2179 3337 nomen
2194 3312 2299 3345 aliquod
2314 3311 2413 3346 imponi
2431 3319 2494 3345 pos—

1421 3350 1473 3376 set,
1492 3350 1521 3370 ut
1541 3345 1605 3370 Ilias
1611 3352 1620 3374 ,-
1638 3351 1664 3370 et
1682 3345 1719 3371 sic
1733 3346 1815 3371 oratio
1831 3346 2002 3380 interpretans
2015 3346 2078 3372 illud
2090 3355 2187 3373 nomen
2201 3352 2272 3373 esset
2290 3346 2412 3379 definitio,
2426 3348 2494 3373 sicut

1421 3386 1447 3406 et
1465 3385 1535 3405 esset
1553 3381 1652 3406 ratione
1671 3381 1793 3406 nominis.
1805 3391 1818 3404 »

1475 3414 1500 3450 Θ)
1522 3416 1563 3441 Ea
1582 3424 1649 3449 quae
1668 3424 1715 3443 nec
1732 3421 1796 3442 sunt
1813 3417 2046 3443 substantiae-G
2065 3426 2119 3443 om.
2137 3425 2170 3444 ea
2189 3425 2271 3451 quae:
2289 3418 2336 3443 sed
2355 3423 2395 3444 est
2413 3425 2498 3443 effora

1423 3451 1465 3476 BN
1486 3457 1511 3476 et
1530 3460 1556 3484 p.
1572 3459 1607 3476 m.
1621 3453 1643 3477 Α
1662 3460 1716 3478 οπι.
1730 3460 1790 3482 nec,·
1803 3458 1829 3478 at
1842 3460 1914 3478 error
1933 3453 2025 3486 corrig.
2039 3453 2066 3478 in
2083 3454 2122 3479 A:
2140 3461 2192 3480 non
2210 3457 2287 3483 sunu·
2304 3459 2330 3479 et
2348 3461 2400 3480 non
2415 3453 2493 3478 etiam

1422 3486 1455 3517 Q.
1474 3487 1509 3511 A:
1528 3487 1702 3513 substantiae.

1476 3523 1495 3555 ι)
1515 3522 1607 3548 Posset
1625 3523 1772 3548 essa-Est
1790 3523 1866 3549 lectio
1881 3524 1964 3555 codd„
1978 3532 2032 3550 exc.
2047 3524 2132 3555 GOQ.
2144 3538 2163 3544 —
2177 3524 2209 3549 P:
2224 3527 2308 3550 esset.-
2325 3523 2389 3550 GO:
2404 3522 2493 3556 possit

1422 3558 1564 3588 esse.—Q,
1583 3559 1688 3583 omissis
1705 3561 1796 3591 posset
1814 3566 1870 3585 esse
1888 3564 1914 3584 et
1931 3560 2054 3585 omnibus
2079 3560 2265 3593 sequentibus,
2284 3560 2382 3593 pergit:
2400 3565 2491 3584 omnes

1423 3593 1540 3619 rationes
1559 3597 1648 3619 essent
1666 3594 1833 3628 definitiones
1852 3593 1936 3628 (linea
1954 3595 2066 3628 septima
2084 3603 2157 3621 num.
2171 3594 2217 3630 8).

2621 755 2629 770 t

2518 854 2732 911 fecessvffitffii:

2521 908 2560 929 hb.
2571 908 2619 934 Vl.
2634 914 2686 936 esp.
2701 914 2734 935 iv,

2519 940 2542 956 n.
2554 934 2576 962 8,
2591 941 2659 963 seqq.

2519 1173 2738 1196 voda-naon.

2517 1200 2583 1228 quod
2595 1202 2634 1222 est
2645 1200 2676 1223 et.

2517 1232 2529 1241 ¹
2539 1237 2625 1253 mu:
2640 1231 2734 1254 oratio-

2517 1264 2578 1280 nem.

2518 1286 2526 1295 ·
2539 1284 2624 1311 Codd..
2633 1291 2683 1307 exc.
2694 1291 2731 1307 Α.-

2517 1317 2531 1333 1’
2538 1319 2543 1333 :
2551 1313 2603 1338 est,·
2610 1318 2636 1333 a:
2644 1313 2732 1340 potest.

2517 1391 2528 1403 ⁴
2539 1390 2610 1418 Quod
2622 1390 2733 1413 neoda.

2517 1426 2528 1438 “
2535 1425 2611 1447 Codd.
2617 1437 2628 1442 -
2635 1432 2661 1448 r:
2671 1425 2735 1454 qnod

2518 1452 2597 1480 ipsae.
