2788 4204
1154 330 1265 367 CAP.
1296 332 1358 379 111,
1388 331 1539 368 LECT.
1569 331 1604 367 v

2425 330 2472 366 23

1051 541 1351 598 LECTIO
1390 545 1702 615 QUINTA

511 684 596 725 DE
627 684 809 725 VERBI
842 683 1101 724 NATURA
1134 684 1213 723 ET
1247 683 1383 724 EIUS
1418 684 1875 728 CONVENIENTIA
1909 688 1994 728 AD
2027 688 2244 728 NOMEN

280 835 395 879 Ῥἥμα
419 828 459 865 δέ
483 834 556 866 ἐστι
582 833 623 865 τὸ
649 837 900 877 προσσημαῖνον
925 832 1058 878 χρόνον,
1078 832 1116 864 οὖ
1134 832 1231 876 μέρος
1257 826 1353 864 οὐδὲν
1407 833 1425 851 ⁴*
1444 834 1586 864 Verbum
1609 841 1715 864 autem
1735 842 1780 865 est
1795 837 1884 876 quod
1900 838 2113 877 consignificat
2129 845 2270 879 tempus,
2291 839 2380 870 cuius
2396 850 2468 880 pars

353 880 508 922 σημαίνει
532 880 652 924 χωρίς,
677 879 736 910 καὶ
762 877 854 911 ἔστιν
882 878 933 910 ἀεὶ
959 878 1025 910 τῶν
1056 876 1121 909 καθ
1162 876 1277 921 ete-'pou
1301 878 1354 908 λε-

351 923 501 969 γομένων
526 926 675 966 σημεῖον.

286 966 384 1014 Λέγω
402 963 430 1000 δ’
451 966 504 1000 ὅτι
522 970 764 1011 προσ-σημαίνει
778 966 911 1011 χρόνον,
927 967 995 998 οἷον
1015 967 1126 1011 ὑγίεια
1151 965 1210 1008 μὲν
1233 965 1352 1009 ὄνομα,

354 1012 395 1044 τὸ
412 1007 450 1044 δέ
468 1014 610 1058 ὑγιαίνει
634 1012 739 1056 ῥῆμα·
772 1013 1014 1055 προσσημαίνει
1031 1010 1096 1056 γάρ
1114 1010 1156 1041 τό
1173 1010 1230 1041 νῦν
1248 1009 1354 1052 ὑπάρ-

379 1068 437 1088 ειν.

286 1070 429 1134 Καὶχάεὶ
455 1101 522 1134 τῶν
539 1099 613 1131 καθ’
643 1098 758 1143 ἑτέρου
774 1098 965 1144 λεγομένων
990 1097 1128 1141 σημεῖόν
1152 1098 1264 1138 ἐστιν,
1285 1097 1353 1129 οἷον

355 1146 421 1177 τῶν
446 1144 520 1176 καθ’
551 1143 785 1188 ὑποκειμένου,
812 1144 834 1180 ἦ
861 1145 893 1176 ἐν
921 1142 1138 1187 ὑποκειμένῳ.

285 1189 331 1221 Τὸ
355 1189 393 1222 δὲ
419 1189 483 1234 οὐχ
508 1190 670 1234 ὑγιαίνει,
696 1189 754 1220 καὶ
780 1188 822 1221 τὸ
847 1188 885 1220 οὖ
909 1187 1042 1232 κάμνει,
1071 1187 1108 1218 οὗ
1133 1187 1226 1231 ῥῆμα
1249 1185 1350 1231 λέγω·

354 1235 598 1279 προσσημαίνει
628 1233 687 1275 μὲν
712 1233 777 1278 γάρ
802 1232 941 1277 χρόνον,
967 1233 1026 1263 καὶ
1060 1231 1110 1263 ἀεὶ
1135 1230 1232 1263 κατά
1263 1241 1353 1267 τινος

353 1278 512 1323 ὑπάρχει·
540 1278 585 1319 τῇ
611 1272 651 1309 δὲ
673 1272 819 1321 διαφορᾷ
845 1277 952 1319 ὄνομα
970 1276 1008 1308 οὐ
1025 1279 1151 1307 κεῖται·
1173 1275 1242 1307 ἀλλ’
1265 1275 1352 1307 ἔστω

354 1322 512 1368 ἀόριστον
536 1323 643 1366 ῥῆμα,
664 1320 717 1353 ὅτι
737 1323 856 1365 ὁμοίως
875 1322 920 1366 ἐφ’
944 1321 1086 1353 ὁτουοῦν
1113 1320 1272 1365 ύποίρχει,
1294 1321 1353 1351 καὶ

316 1400 319 1401 ⁷
348 1368 467 1408 ὄνςος,
493 1364 550 1399 καὶ
577 1366 624 1411 μή
651 1366 760 1403 ὄντος.

279 1411 420 1455 Ὁμοίως
445 1408 483 1444 δὲ
505 1412 564 1443 καὶ
582 1411 623 1444 τό
642 1411 790 1456 ύγίανεν,
816 1408 837 1447 ἦ
856 1409 897 1443 τὸ
915 1410 1057 1456 ὑγιανεῖ,
1078 1408 1116 1441 οὖ
1133 1410 1238 1453 ῥῆμα,
1263 1409 1354 1441 &nd

352 1456 498 1494 πτώσεις
523 1456 690 1500 ῥήματος·
716 1454 866 1500 διαφέρει
890 1449 928 1485 δὲ
952 1454 1015 1487 τοῦ
1037 1453 1207 1498 ῥήματος,
1235 1452 1289 1485 ὅτι
1311 1454 1353 1486 τὸ

351 1502 411 1546 μὲν
437 1501 496 1533 τὸν
523 1499 682 1544 παρόντα
713 1501 956 1545 προσσημαίνει
987 1497 1129 1543 χρόνον,
1157 1498 1205 1531 τοὶ
1227 1493 1267 1530 δὲ
1291 1498 1350 1530 τὸν

352 1545 460 1590 πέριξ.

283 1589 382 1623 Αὐτοὶ
398 1590 458 1635 μὲν
478 1588 534 1622 οὖν
550 1588 624 1621 καθ’
647 1588 760 1621 ἐαυτοὶ
780 1586 950 1634 λεγόμενα
969 1587 1017 1620 τοὶ
1031 1586 1173 1632 ῥήματα
1193 1585 1352 1630 ὀνόματά

351 1635 438 1676 ἐστι,

281 1681 342 1712 καὶ
359 1682 516 1724 σημαίνει
534 1689 581 1710 τι·
603 1677 730 1720 (ἵστησι
747 1676 811 1722 γοὶρ
832 1677 847 1708 ὀ
864 1674 970 1722 λέγων
989 1675 1053 1712 τήν
1071 1670 1239 1716 διάνοιαν,
1256 1677 1315 1708 καὶ
1334 1676 1350 1707 ὀ

353 1723 500 1761 ἀκούσας
515 1721 708 1767 ἦρέμησεν·)
722 1721 795 1754 ἀλλ’
809 1721 836 1752 εἰ
852 1719 956 1761 ἔστιν,
967 1719 988 1757 ἦ
1001 1719 1166 1763 μή,οὕπω
1179 1723 1349 1763 σημαίνει·

351 1763 431 1801 οὐδὲ
444 1768 508 1814 γὰρ
527 1767 568 1799 τι)
586 1763 685 1808 εἶναι,
704 1766 726 1803 ἦ
744 1766 790 1810 μή
808 1762 906 1806 εἶναι,
919 1764 1055 1808 σημεῖόν
1074 1765 1147 1797 ἐστι
1165 1766 1226 1798 τοῦ
1245 1765 1353 1811 προέγ-

350 1825 476 1858 ματος·
503 1806 573 1844 οὐδ’
602 1811 661 1844 ἐὰν
686 1810 728 1844 τὸ
754 1809 789 1843 ὃν
806 1812 902 1853 εἴπῃς
924 1809 1013 1842 αὐτὸ
1029 1808 1099 1841 καθ’
1118 1809 1223 1842 ἑαυτὸ
1241 1808 1349 1852 ψιλόν·

352 1857 442 1890 αὐτὸ
459 1857 519 1900 μὲν
543 1856 608 1901 γσὶρ
635 1850 731 1887 οὐδέν
756 1855 845 1887 ἐστι·
872 1856 1114 1898 προσσημαίνει
1139 1848 1176 1885 δέ
1201 1852 1350 1886 σύνθεσίν

351 1913 448 1943 τινα,
476 1902 515 1938 ἦν
543 1902 620 1934 ἄνευ
645 1901 711 1933 τῶν
736 1898 960 1946 συγκειμένων
986 1899 1046 1931 οὐκ
1072 1898 1144 1930 ἔστι
1170 1898 1303 1935 νοῆσαι.

344 1999 493 2027 Smopsss.
513 2014 547 2018 —
574 2006 598 2025 1.
619 1997 727 2024 Textus
755 2001 958 2032 argumentum
993 2001 1020 2023 et
1048 1994 1210 2023 divisiones.
1227 2011 1249 2018 -
1268 2003 1294 2024 2.
1319 1997 1350 2024 In

283 2039 368 2068 ver-171¹
394 2037 562 2066 definitione
592 2036 782 2071 omittuntur,
817 2036 857 2063 ut'
877 2035 1092 2070 subintellecta,
1123 2044 1198 2071 quae
1230 2036 1349 2063 verbum

282 2080 370 2107 habet
390 2077 559 2107 communia
579 2086 646 2104 cum
668 2075 913 2104 nomina-Duae
940 2074 1051 2111 primae
1072 2074 1227 2111 particulae
1249 2075 1350 2103 defini-

281 2118 371 2148 tionis
393 2117 551 2146 verbi.-3.
574 2115 701 2144 Solvitur
722 2115 828 2152 duplici
850 2114 962 2143 ratione
983 2114 1143 2148 difficultas,
1165 2124 1254 2151 quare
1275 2115 1349 2143 nihi-

282 2158 410 2187 lominus
431 2162 594 2193 apponatur
614 2155 754 2192 particula
768 2154 932 2183 communis
947 2154 1033 2182 etiam
1050 2153 1237 2190 nomini—4.
1252 2155 1350 2183 Tertia

282 2197 421 2235 particula
435 2195 610 2224 definitionis
623 2195 702 2223 verbi
717 2195 1006 2223 assertum-Verbum
1028 2200 1071 2222 est
1091 2202 1206 2231 semper
1219 2204 1252 2222 ex
1269 2201 1350 2231 parte

281 2236 451 2274 praedicati:
480 2245 531 2272 per
558 2236 639 2273 quod
665 2234 849 2272 distinguitur
878 2243 939 2262 non
967 2234 1062 2262 solum
1090 2243 1108 2262 a
1135 2235 1270 2270 nomine,
1299 2235 1349 2263 sed

280 2277 370 2306 etiam
397 2285 415 2305 a
440 2275 591 2313 participio
619 2275 704 2310 (infra
730 2284 758 2302 n.
783 2275 854 2309 8).-
869 2274 895 2301 5.
918 2273 1043 2301 Solvitur
1070 2272 1232 2305 difficultas.
1254 2275 1350 2303 Verba

281 2315 413 2345 infinitivi
433 2315 513 2343 modi
535 2315 653 2352 quando
668 2314 698 2342 in
713 2314 841 2343 subiecto
856 2313 1063 2350 propositionis
1079 2322 1228 2351 ponuntur
1242 2315 1349 2342 habent

282 2356 341 2385 vim
362 2355 502 2384 nominis:
525 2355 598 2383 ratio
620 2360 662 2383 est
683 2354 752 2391 quia
772 2354 843 2391 ipsa,
865 2363 926 2381 non
954 2362 1035 2381 secus
1056 2363 1090 2383 ac
1111 2355 1240 2388 nomina,
1262 2354 1348 2391 signi-

282 2395 370 2424 ficant
383 2404 429 2424 res
443 2394 526 2432 quasi
539 2404 592 2431 per
605 2404 635 2422 se
650 2400 766 2429 stantes,
778 2403 883 2431 nempe
898 2393 992 2430 ipsum
1007 2403 1175 2429 processum
1190 2394 1234 2422 vel
1250 2393 1348 2421 inhae-

282 2434 405 2463 rentiam
425 2434 546 2463 actionis
567 2433 650 2470 quasi
670 2443 716 2462 res
737 2434 887 2470 quasdam,
909 2442 971 2461 non
991 2439 1087 2461 autem
1117 2433 1278 2472 significant
1298 2443 1350 2469 per

282 2475 405 2502 modum
419 2473 561 2510 passionis
575 2480 603 2501 et
617 2473 738 2501 actionis
752 2474 932 2511 egredientis
945 2483 963 2501 a
973 2473 1131 2502 substantia
1145 2481 1172 2502 et
1181 2473 1234 2509 ipsi
1250 2473 1348 2500 inhae—

283 2514 388 2542 rentis:
403 2523 478 2550 quae
492 2512 661 2550 significatio
683 2519 725 2540 est
740 2513 857 2550 propria
873 2514 971 2541 verbo.
981 2513 1035 2540 -6.
1050 2514 1125 2541 Tam
1147 2514 1243 2547 verba,
1259 2521 1347 2548 quam

281 2563 385 2582 omnes
406 2552 545 2581 orationis
566 2559 670 2589 partes,
692 2553 810 2589 quando
831 2559 981 2589 ponuntur
1001 2553 1030 2580 in
1044 2553 1244 2589 propositione
1259 2557 1348 2580 mate-

282 2593 406 2626 rialiter,
429 2598 582 2620 sumuntur
602 2598 634 2619 ut
654 2592 846 2629 nomIna.-7.
863 2592 939 2627 Quia
959 2593 1078 2620 verbum
1099 2593 1238 2630 significat
1259 2591 1348 2619 actio-

280 2641 359 2667 nem,
375 2632 442 2660 ideo
453 2631 660 2669 consignificat,
675 2641 726 2659 seu
736 2641 769 2660 ex
784 2632 972 2668 consequenti
987 2632 1061 2667 (infr.
1072 2642 1100 2660 n.
1113 2640 1150 2661 20
1161 2639 1188 2661 et
1199 2634 1247 2667 22)
1259 2631 1345 2668 signi-

281 2672 348 2700 ficat
361 2678 487 2708 tempus:
511 2672 561 2699 sed
582 2672 638 2699 hoc
659 2672 774 2700 relative
788 2673 825 2700 ad
839 2681 902 2706 nos,
919 2672 1023 2708 quibus
1038 2672 1165 2709 actiones
1180 2678 1267 2700 notae
1282 2679 1349 2700 sunt

279 2711 313 2739 in
337 2712 546 2748 tempore.-8.
563 2711 639 2746 Quia
659 2712 778 2739 verbum
800 2711 940 2748 significat
959 2711 988 2739 id
1009 2713 1090 2748 quod
1110 2711 1291 2749 praedicatur
1312 2713 1348 2740 de

279 2751 348 2786 alio,
370 2757 399 2779 et
418 2751 570 2788 componit
587 2751 783 2787 praedicatum
799 2751 942 2786 subiect03
958 2751 1024 2779 ideo
1039 2752 1142 2780 dicitur
1157 2757 1223 2780 nota
1237 2760 1287 2779 seu
1309 2753 1348 2780 .ςὶ-

279 2800 374 2829 gnum
395 2799 499 2819 eorum
520 2800 594 2827 quae
615 2791 651 2818 de
672 2791 762 2820 altero
779 2791 1056 2828 praedicantur.—9.
1079 2792 1206 2820 Solvitur
1227 2791 1348 2820 dubium

280 2830 383 2866 quoad
397 2839 458 2858 esse
480 2830 516 2858 de
530 2830 659 2858 subiecto
680 2837 708 2858 et
723 2840 784 2859 esse
799 2831 827 2858 in
842 2831 980 2859 subiecto.
990 2831 1182 2868 -Responsio
1198 2832 1349 2860 Boethii.-

281 2868 348 2897 Alia
368 2869 528 2905 responsio.
551 2870 655 2897 Omnis
676 2871 851 2906 praedicatio
869 2870 901 2898 fit
921 2880 973 2907 per
992 2872 1111 2899 verbum
1133 2871 1245 2900 ratione
1266 2881 1347 2900 com-

281 2908 434 2944 positionis
447 2909 628 2945 importatae,
644 2909 702 2938 sive
716 2911 896 2947 praedicetur
909 2910 1017 2947 aliquid
1032 2911 1226 2946 essentialiter,
1242 2920 1347 2948 nempe

282 2953 315 2975 ut
335 2948 371 2975 de
385 2948 520 2982 subiecto,
535 2948 593 2976 sive
607 2949 826 2983 accidentaliter,
838 2950 944 2978 scilicet
957 2957 989 2978 ut
1003 2949 1032 2977 in
1047 2951 1209 2979 subtecto.-
1222 2961 1265 2979 ιο.
1274 2952 1346 2979 Ver-

282 2987 354 3014 bum
375 2986 518 3015 infinitum
540 2988 594 3023 (Cf.
609 2988 672 3017 lect.
687 2997 726 3024 lv,
742 2999 770 3017 n.
790 2990 835 3024 13)
853 2989 921 3026 quia
942 2999 1003 3018 non
1020 2990 1159 3026 significat
1173 2990 1281 3027 aliquid
1296 3000 1347 3026 per

282 3026 405 3054 modum
426 3026 548 3054 actionis
568 3027 613 3055 vel
633 3028 784 3064 passionis,
805 3038 866 3056 non
887 3029 1003 3065 proprie
1023 3036 1119 3065 potest
1139 3029 1195 3058 dici
1215 3031 1345 3058 verbum.

283 3065 394 3093 Dicitur
413 3071 512 3094 tamen
530 3067 650 3094 verbum
664 3067 733 3104 quia
753 3077 818 3096 cum
840 3068 933 3096 verbis
948 3069 1082 3097 convenit
1096 3069 1125 3097 in
1141 3078 1176 3097 eo
1191 3071 1271 3106 quod
1292 3079 1345 3106 po-

283 3104 361 3132 nitur
373 3113 408 3132 ex
428 3111 509 3141 parte
522 3106 687 3141 praedicati,
702 3113 730 3134 et
750 3107 847 3144 aliquo
869 3116 955 3135 sensu
976 3108 1173 3145 consignificat
1192 3115 1347 3145 tempus.—

288 3153 331 3172 11.
360 3144 486 3172 Solvitur
506 3144 639 3173 obiectio.
652 3161 675 3167 —
692 3153 735 3174 12.
756 3147 852 3174 Verba
881 3148 1026 3183 praeteriti
1049 3154 1077 3176 et
1099 3148 1186 3176 futuri
1207 3149 1345 3180 temporis

283 3183 472 3212 excluduntur
498 3193 516 3213 a
542 3185 630 3212 verbo
659 3185 753 3213 stricte
781 3193 913 3223 sumpto,
945 3187 1014 3224 quia
1039 3197 1100 3215 non
1127 3188 1346 3225 consignificant

404 3284 479 3327 „,›ssss'·
549 3282 724 3323 ostquam
740 3276 994 3325 Philosophus
1014 3277 1279 3314 determinavit
1299 3277 1346 3314 de

404 3330 518 3445 ’,ὲ-Ἣ
538 3328 726 3365 nomine:
769 3329 831 3365 hic
872 3330 1096 3366 determinat
1134 3330 1181 3366 de
1217 3331 1343 3367 verbo.

404 3406 433 3425 V
449 3411 478 3422 r*
490 3424 492 3426 .

350 3446 377 3461 .⁷:
404 3419 532 3473 &Reus-
548 3433 730 3478 verbum;
760 3434 944 3480 secundo,
967 3435 1129 3471 excludit
1157 3435 1346 3482 quaedam

284 3498 308 3523 a
336 3486 480 3522 ratione
507 3485 633 3531 verbi;
662 3485 731 3522 ibi:
766 3486 857 3522 Non
886 3487 1005 3522 currit
1029 3492 1174 3532 autem,
1210 3492 1246 3522 et
1272 3498 1345 3522 non

284 3538 435 3575 laborat
456 3546 544 3583 etc.;
573 3538 693 3584 tertio,
723 3538 886 3575 ostendit
914 3538 1218 3575 convenientiam
1239 3538 1347 3575 verbi

286 3591 335 3627 ad
350 3603 511 3636 nomen;
533 3591 601 3628 ibi:
617 3592 706 3638 Ipsa
721 3591 868 3639 quidem
882 3591 1085 3627 secundum
1101 3603 1140 3627 se
1154 3591 1250 3628 dicta
1264 3602 1346 3627 ver-

283 3644 346 3690 ba,
366 3651 435 3681 etc.
457 3644 567 3681 Circa
584 3644 753 3692 primum
773 3643 849 3680 duo
870 3644 970 3680 facit:
990 3643 1131 3692 primo,
1150 3643 1259 3692 ponit
1283 3643 1346 3680 de-

1476 878 1553 908 nihil
1578 885 1660 908 extra
1684 879 1851 918 significat,
1880 888 1910 911 et
1934 888 1979 912 est
2007 892 2129 923 semper
2159 893 2286 923 eorum,
2317 894 2398 925 quae
2429 885 2468 915 de

1476 923 1574 952 altero
1598 923 1825 962 praedicantur,
1850 932 1934 955 nota.

1408 967 1488 998 Dico
1512 977 1587 997 vero
1611 967 1765 1008 quoniam
1780 968 1993 1008 consignificat
2011 976 2153 1010 tempus,
2178 978 2214 1001 ut
2232 981 2340 1002 cursus
2359 970 2467 1012 (vale-

1475 1012 1575 1053 tudo)
1595 1011 1725 1052 quidem
1740 1023 1858 1042 nomen
1877 1020 1932 1050 est,
1949 1014 2041 1043 currit
2056 1013 2180 1057 (valet)
2196 1022 2302 1046 autem
2319 1018 2466 1049 verbum:

1475 1055 1691 1096 consignificat
1715 1056 1799 1086 enirn
1823 1067 1907 1087 nunc
1931 1067 2006 1088 esse.

1408 1101 1449 1132 Et
1472 1107 1519 1131 est
1541 1110 1665 1140 semper
1689 1110 1818 1138 eorum,
1846 1111 1927 1141 quae
1951 1102 1989 1131 de
2013 1101 2108 1132 altero
2133 1103 2293 1142 dicuntur,
2317 1112 2408 1144 nota,
2432 1113 2468 1137 ut

1476 1155 1589 1176 eorum
1612 1154 1693 1185 quae
1718 1145 1756 1175 de
1780 1145 1920 1175 subiecto
1940 1145 2086 1176 dicuntur
2104 1147 2153 1176 vel
2172 1147 2203 1176 in
2223 1149 2362 1180 subiecto
2382 1157 2465 1181 sunt.

1407 1190 1483 1220 Non
1507 1189 1601 1220 currit
1620 1187 1748 1230 (valet)
1768 1199 1843 1219 vero
1863 1196 1893 1219 et
1912 1199 1977 1219 non
2000 1190 2131 1228 laborat,
2151 1201 2215 1221 non
2234 1194 2366 1224 verbum
2385 1195 2466 1225 dico:

1475 1233 1692 1273 consignificat
1715 1235 1832 1264 etenim
1855 1241 1996 1273 tempus,
2022 1241 2051 1264 et
2074 1245 2197 1275 semper
2220 1236 2258 1266 de
2279 1238 2385 1279 aliquo
2405 1246 2465 1270 est:

1475 1278 1664 1309 differentiae
1695 1284 1800 1309 autem
1825 1278 1898 1309 huic
1922 1288 2040 1308 nomen
2063 1289 2128 1309 non
2157 1287 2203 1310 est
2233 1282 2387 1320 positum:
2413 1284 2467 1313 sed

1475 1323 1515 1354 sit
1536 1322 1696 1354 infinitum
1710 1325 1854 1361 verbum,
1869 1322 2023 1363 quoniam
2042 1323 2182 1354 similiter
2200 1325 2231 1355 in
2250 1327 2392 1366 quolibet
2410 1334 2466 1366 est,

1475 1375 1506 1398 et
1529 1369 1618 1409 quod
1642 1374 1687 1398 est
1710 1375 1741 1398 et
1764 1369 1853 1410 quod
1876 1378 1941 1398 non
1966 1374 2020 1398 est.

1408 1412 1557 1444 Similiter
1571 1420 1677 1444 autem
1693 1421 1794 1445 curret
1809 1412 1941 1454 (valuit)
1958 1419 1987 1443 et
2002 1413 2142 1444 currebat
2157 1411 2319 1456 (valebit),
2336 1416 2467 1445 verbum

1474 1467 1540 1488 non
1565 1464 1625 1496 est,
1650 1456 1704 1486 sed
1728 1469 1817 1489 casus
1840 1458 1940 1496 verbi;
1965 1457 2065 1488 differt
2088 1465 2194 1488 autem
2217 1469 2235 1489 a
2253 1460 2359 1497 verbo,
2386 1469 2466 1499 quo-

1473 1503 1560 1532 niam
1582 1502 1645 1533 hoc
1668 1503 1798 1541 quidem
1827 1502 2043 1542 consignificat
2072 1512 2217 1542 praesens
2247 1511 2388 1544 tempus,
2415 1503 2468 1534 illa

1473 1557 1548 1577 vero
1572 1557 1653 1587 quae
1678 1548 1757 1578 circa
1781 1554 1863 1578 sunt.

1407 1592 1477 1632 Ipsa
1499 1591 1621 1633 itaque,
1646 1593 1821 1624 secundum
1845 1602 1878 1622 se
1901 1591 1982 1622 dicta
2004 1591 2113 1630 verba,
2138 1593 2268 1623 nomina
2290 1599 2378 1631 sunt,

1406 1687 1436 1711 et
1451 1680 1626 1720 significant
1644 1681 1780 1722 aliquid:
1801 1680 1977 1723 (constituit
1995 1680 2080 1710 enim
2098 1681 2153 1721 qui
2173 1681 2247 1711 dicit
2264 1681 2467 1720 intellectum,

1473 1732 1503 1756 et
1522 1726 1576 1766 qui
1596 1726 1699 1763 audit,
1723 1724 1886 1767 quiescit):
1911 1725 1966 1755 sed
1981 1724 2006 1754 si
2026 1731 2072 1755 est
2090 1725 2139 1754 vel
2159 1736 2224 1755 non
2244 1732 2300 1762 est,
2321 1726 2466 1756 nondum

1473 1769 1643 1809 significat:
1660 1780 1763 1810 neque
1783 1770 1867 1800 enim
1887 1770 2013 1808 signum
2032 1775 2078 1799 est
2096 1769 2139 1799 rei
2159 1779 2224 1800 esse
2239 1769 2288 1799 vel
2303 1780 2369 1800 non
2388 1777 2465 1807 esse;

1473 1823 1530 1844 nec
1549 1813 1574 1844 si
1592 1814 1654 1845 hoc
1673 1815 1779 1854 ipsum
1798 1819 1845 1844 est
1863 1810 1981 1854 purum
2005 1813 2128 1844 dixeris:
2154 1811 2259 1854 ipsum
2279 1814 2363 1844 enim
2389 1814 2467 1845 nihil

1474 1864 1535 1895 est;
1551 1858 1766 1898 consignificat
1779 1865 1885 1888 autem
1898 1859 2070 1899 quamdam
2081 1858 2358 1899 compositionem,
2369 1869 2467 1899 quam

1474 1899 1540 1932 sine
1564 1903 1749 1944 compositis
1773 1913 1838 1933 non
1856 1910 1908 1933 >est
1930 1902 2110 1942 intelligere.

1401 2001 1516 2032 tempus
1533 2006 1691 2034 praesens,
1720 1998 1800 2034 quod
1827 2007 1845 2025 a
1870 1998 1958 2025 verbo
1979 1997 2094 2033 proprie
2122 1996 2198 2025 dicto
2220 1996 2464 2033 consignificatur:

1402 2036 1438 2063 ab
1460 2035 1524 2072 ipso
1548 2037 1625 2064 enim
1651 2037 1826 2074 significatur
1846 2046 1938 2075 agere
1960 2043 1987 2064 et
2011 2037 2075 2074 pati
2101 2036 2274 2072 simpliciter,
2296 2037 2376 2073 quod
2398 2046 2466 2072 pro-

1401 2075 1462 2111 prie
1490 2082 1532 2103 est
1562 2077 1598 2104 de
1629 2086 1659 2104 re
1686 2076 1923 2113 praesenti-13.
1955 2076 2030 2111 Quia
2054 2077 2247 2114 praeteritum
2278 2082 2306 2103 et
2325 2077 2464 2114 futurum

1401 2114 1535 2143 dicuntur
1562 2125 1614 2152 per
1637 2116 1770 2144 ordinem
1797 2117 1834 2144 ad
1858 2125 2016 2154 praesens,
2045 2117 2131 2144 verba
2158 2115 2301 2152 praeteriti
2325 2122 2352 2143 et
2379 2116 2466 2144 futuri

1400 2155 1540 2191 temporis
1563 2155 1770 2184 rationabiliter
1791 2156 1925 2184 dicuntur
1945 2165 2029 2183 casus
2050 2155 2221 2190 verbi.-14.
2245 2157 2320 2192 Ergo
2344 2155 2463 2183 variatio

1402 2203 1476 2230 quae
1511 2201 1554 2222 est
1583 2195 1613 2223 in
1647 2196 1838 2224 declinatione
1870 2195 1948 2223 verbi
1979 2204 2039 2222 non
2074 2195 2221 2223 constituit
2254 2204 2338 2222 casus
2367 2194 2462 2230 verbi,

1401 2234 1455 2261 nisi
1486 2234 1521 2262 sit
1551 2244 1585 2262 ex
1620 2242 1700 2271 parte
1734 2235 1899 2263 actionis·
1917 2235 1959 2262 15.
1984 2235 2079 2262 Verba
2110 2235 2216 2262 habent
2241 2235 2367 2270 aliquam
2394 2244 2463 2262 con-

1400 2273 1574 2302 venientiam
1598 2284 1664 2302 cum
1685 2275 1804 2303 nomine
1825 2284 1886 2302 non
1907 2274 2010 2309 stricte,
2026 2275 2075 2302 sed
2097 2274 2289 2302 communiter
2309 2281 2465 2310 accepto.-

1405 2314 1448 2341 16.
1472 2315 1614 2342 Probatur
1635 2321 1784 2342 assertum.
1807 2316 1843 2342 Et
1870 2314 1965 2350 primo
1994 2314 2074 2350 quod
2096 2314 2214 2341 verbum
2236 2314 2369 2342 convenit
2396 2323 2463 2341 cum

1401 2353 1515 2381 nomine
1537 2353 1566 2381 in
1588 2354 1775 2390 significando
1797 2353 1920 2390 aliquid,
1949 2353 2054 2381 scilicet
2074 2362 2167 2391 agere
2190 2353 2234 2380 vel
2252 2354 2323 2391 pati,
2345 2359 2376 2381 ut
2397 2359 2464 2381 sunt

1400 2401 1445 2419 res
1467 2394 1626 2429 quaedam:
1656 2394 1736 2430 quod
1757 2393 1912 2421 intenditur
1936 2402 1954 2421 a
1974 2393 2135 2428 proferente
2163 2393 2291 2427 verbum,
2314 2399 2341 2420 et
2362 2402 2464 2429 appre-

1401 2432 1535 2460 henditur
1555 2434 1591 2460 ab
1613 2433 1746 2461 audiente
1767 2433 1873 2461 illud.-
1894 2442 1937 2469 ¹7·
1957 2433 2084 2460 Verbum
2106 2433 2266 2460 secundum
2294 2442 2324 2460 se
2345 2442 2405 2460 non
2426 2432 2463 2460 si-

1400 2472 1516 2508 gnificat
1537 2472 1591 2500 nisi
1612 2473 1771 2509 simplicem
1799 2472 2020 2508 conceptionem
2044 2472 2178 2507 alicuius,
2209 2472 2281 2499 sicut
2305 2478 2332 2499 et
2356 2481 2464 2500 nomen

1400 2512 1462 2547 (Cf.
1484 2512 1547 2539 lect.
1562 2520 1607 2547 m,
1629 2522 1657 2540 n.
1683 2514 1769 2548 11).-
1784 2513 1826 2540 18.
1849 2512 2050 2540 Corollarium.
2072 2513 2148 2549 Ergo
2163 2512 2251 2539 altera
2265 2511 2464 2539 convenientia

1400 2551 1480 2578 verbi
1501 2561 1566 2579 cum
1588 2552 1707 2580 nomine
1731 2552 1760 2580 in
1781 2561 1817 2580 eo
1846 2558 1896 2587 est,
1927 2552 2007 2588 quod
2028 2551 2100 2579 sicut
2127 2560 2180 2579 nec
2202 2560 2323 2586 nomen,
2352 2551 2391 2579 ita
2411 2560 2464 2579 nec

1401 2592 1521 2619 verbum
1543 2601 1594 2628 per
1617 2601 1648 2619 se
1676 2598 1823 2628 sumptum
1847 2591 1987 2628 significat
2014 2600 2114 2618 verum
2136 2591 2181 2619 vel
2208 2591 2310 2619 falsum
2338 2590 2462 2627 logicum

1400 2639 1451 2658 seu
1473 2631 1645 2668 cognitionis
1661 2632 1714 2667 (Cf.
1730 2632 1793 2659 lect.
1808 2639 1849 2666 ιιι,
1867 2640 1895 2659 n.
1907 2632 1974 2666 6).-
1989 2630 2127 2665 Quamvis
2142 2630 2219 2658 enim
2235 2639 2322 2658 omne
2343 2631 2463 2658 verbum

1400 2670 1526 2706 implicet
1552 2680 1615 2699 esse
1635 2672 1679 2699 vel
1704 2680 1759 2699 non
1784 2680 1861 2704 esse,
1889 2677 1987 2698 tamen
2009 2671 2166 2698 secundum
2193 2679 2222 2698 se
2244 2679 2304 2697 non
2325 2669 2464 2706 significat

1400 2719 1463 2737 rem
1484 2719 1546 2738 esse
1565 2711 1608 2739 vel
1633 2720 1688 2738 non
1713 2720 1790 2744 esse;
1805 2711 1834 2738 in
1858 2720 1916 2747 qua
1939 2709 2146 2747 significatione
2169 2710 2271 2737 veritas
2292 2709 2335 2737 vel
2357 2709 2463 2736 falsitas

1400 2749 1573 2787 cognitionis
1594 2748 1764 2778 consistitl-
1778 2760 1820 2786 19.
1842 2750 1977 2786 Specialis
1998 2747 2151 2777 difficultas
2174 2750 2271 2785 quoad
2293 2758 2344 2776 ens
2364 2758 2381 2776 a
2403 2757 2462 2784 quo

1400 2798 1462 2817 esse
1484 2790 1626 2827 originem
1648 2791 1825 2818 habet—20.
1841 2791 1902 2817 Ens
1917 2790 2075 2817 secundum
2090 2798 2119 2817 se
2143 2795 2290 2824 sumptum
2318 2788 2463 2824 consigni-

1400 2830 1482 2864 ficat,
1504 2830 1554 2857 sed
1575 2829 1768 2866 principaliter
1789 2839 1849 2857 non
1868 2829 2007 2866 significat
2021 2838 2099 2856 esse:
2121 2835 2148 2856 et
2169 2828 2234 2855 ideo
2250 2835 2309 2855 non
2324 2827 2463 2864 significat

1400 2869 1548 2898 veritatem
1569 2870 1613 2897 vel
1634 2869 1785 2897 falsitatem
1803 2869 2014 2906 cognitionis.—
2027 2875 2073 2895 21.
2095 2868 2222 2895 Verbum
2238 2872 2280 2895 est
2294 2876 2354 2894 non
2376 2866 2462 2903 signi-

1400 2909 1466 2937 ficat
1487 2909 1746 2946 compositionem,
1775 2918 1848 2945 quae
1868 2908 1959 2945 possit
1982 2907 2098 2944 intelligi
2124 2907 2184 2934 sine
2206 2906 2461 2942 componentibus;

1401 2955 1429 2977 et
1449 2949 1515 2976 ideo
1537 2949 1696 2976 secundum
1723 2958 1754 2976 se
1775 2958 1835 2976 non
1856 2949 1942 2976 habet
1968 2947 2113 2975 veritatem
2142 2947 2185 2974 vel
2213 2946 2362 2973 falsitatem
2391 2945 2462 2981 logi-

1400 2996 1559 3016 cam—22.
1576 2988 1651 3022 Quia
1678 2995 1776 3016 tamen
1804 2989 1923 3015 verbum
1950 2993 1993 3014 est
2016 2986 2154 3022 significat
2176 2986 2244 3013 illud
2266 2986 2345 3021 quod
2366 2985 2461 3020 primo

1401 3028 1477 3056 cadit
1498 3028 1527 3056 in
1549 3028 1692 3055 intellectu
1713 3037 1765 3064 per
1786 3028 1907 3055 modum
1928 3025 2095 3054 actualitatis
2119 3024 2281 3053 communis
2302 3024 2382 3051 omni
2403 3024 2461 3052 for-

1402 3077 1475 3102 mae,
1497 3074 1526 3095 et
1546 3076 1597 3103 per
1618 3067 1711 3103 ipsum
1733 3066 1926 3103 significamus
1947 3074 2149 3102 quamcunque
2164 3065 2286 3091 formam
2305 3063 2350 3091 vel
2365 3070 2461 3091 actum

1401 3107 1548 3135 actualiter
1575 3106 1667 3134 inesse
1689 3106 1772 3134 alicui
1800 3106 1942 3139 subieet03
1965 3114 1997 3132 ex
2024 3103 2210 3140 consequenti
2234 3103 2388 3140 significat,
2411 3112 2462 3130 seu

1401 3146 1598 3182 consignificat
1619 3145 1861 3182 compositionem
1882 3145 1975 3179 illam,
1997 3144 2026 3171 in
2047 3153 2104 3180 qua
2125 3152 2224 3171 verum
2246 3149 2274 3170 et
2296 3143 2399 3170 falsum
2417 3143 2461 3170 lo-

1399 3186 1461 3223 gice
1483 3185 1653 3213 continetur.

1401 3276 1613 3313 finitionem
1627 3276 1752 3322 verbi;
1769 3276 1937 3313 secundo
1958 3275 2111 3323 exponit
2129 3287 2215 3311 eam
2229 3275 2259 3320 *;
2276 3274 2344 3311 ibi:
2364 3274 2460 3311 Dico

1400 3335 1525 3366 autem
1554 3329 1732 3376 quoniam
1760 3329 2021 3377 consignificat
2046 3329 2134 3364 etc(
2403 3323 2409 3329 ’

1456 3393 1490 3418 2.
1512 3382 1580 3416 Est
1604 3388 1731 3417 autem
1758 3381 2076 3418 considerandum
2100 3379 2204 3428 quod
2229 3379 2458 3426 Aristoteles,

1400 3433 1572 3470 brevitati
1601 3433 1773 3480 studens,
1803 3445 1880 3469 non
1907 3433 2015 3481 ponit
2041 3432 2079 3468 in
2108 3432 2325 3468 definitione
2352 3432 2461 3469 verbi

1401 3498 1446 3522 ea
1474 3498 1572 3534 quae
1601 3492 1687 3522 sunt
1714 3485 1859 3522 nomini
1888 3493 1924 3521 et
1950 3485 2070 3521 verbo
2091 3484 2322 3531 communia,
2352 3485 2460 3522 relin-

1401 3551 1521 3586 quens
1550 3550 1594 3574 ea
1622 3538 1822 3574 intellectui
1850 3537 2004 3585 legentis
2033 3550 2078 3573 ex
2106 3537 2163 3573 his
2191 3549 2289 3585 quae
2319 3537 2463 3575 dixerat

1400 3591 1438 3627 in
1458 3590 1676 3627 definitione
1696 3590 1871 3627 nominis.
1893 3590 2004 3626 Ponit
2023 3597 2149 3626 autem
2169 3597 2243 3626 tres
2261 3590 2461 3638 particulas

1400 3644 1438 3680 in
1459 3643 1677 3680 definitione
1696 3643 1821 3680 verbi:
1849 3655 2010 3692 quarum
2029 3642 2153 3691 prima
2172 3643 2361 3690 distinguit
2378 3654 2460 3680 ver-

2496 845 2504 853 ·
2520 844 2576 871 Cap.
2591 849 2625 866 ιιι.

2487 3287 2497 3296 ·
2506 3285 2566 3308 Eam
2575 3292 2602 3308 ex
2615 3293 2685 3309 ΑΒΜ.
