<?xml version="1.0" encoding="UTF-8"?>
<!DOCTYPE html PUBLIC "-//W3C//DTD XHTML 1.0 Transitional//EN"
    "http://www.w3.org/TR/xhtml1/DTD/xhtml1-transitional.dtd">
<html xmlns="http://www.w3.org/1999/xhtml" xml:lang="en" lang="en">
 <head>
  <title>
</title>
<meta http-equiv="Content-Type" content="text/html;charset=utf-8" />
  <meta name='ocr-system' content='tesseract 3.04.00' />
  <meta name='ocr-capabilities' content='ocr_page ocr_carea ocr_par ocr_line ocrx_word'/>
</head>
<body>
  <div class='ocr_page' id='page_1' title='image "./operaomniaiussui01thom/operaomniaiussui01thom_0421.png"; bbox 0 0 2788 4204; ppageno 0'>
   <div class='ocr_carea' id='block_1_1' title="bbox 65 790 176 811">
    <p class='ocr_par' dir='ltr' id='par_1_1' title="bbox 65 790 176 811">
     <span class='ocr_line' id='line_1_1' title="bbox 65 790 176 811; baseline -0.009 0"><span class='ocrx_word' id='word_1_1' title='bbox 65 790 76 802; x_wconf 75' lang='lat'>⁸</span> <span class='ocrx_word' id='word_1_2' title='bbox 85 795 125 811; x_wconf 74' lang='lat' dir='ltr'>uc:</span> <span class='ocrx_word' id='word_1_3' title='bbox 140 794 176 810; x_wconf 84' lang='lat' dir='ltr'>ex.</span> 
     </span>
    </p>
   </div>
   <div class='ocr_carea' id='block_1_2' title="bbox 67 1412 225 1443">
    <p class='ocr_par' dir='ltr' id='par_1_2' title="bbox 67 1412 225 1443">
     <span class='ocr_line' id='line_1_2' title="bbox 67 1412 225 1443; baseline -0.006 0"><span class='ocrx_word' id='word_1_4' title='bbox 67 1421 78 1431; x_wconf 76' lang='lat'><em>⁶</em></span> <span class='ocrx_word' id='word_1_5' title='bbox 84 1419 157 1443; x_wconf 76' lang='lat' dir='ltr'>Num.</span> <span class='ocrx_word' id='word_1_6' title='bbox 171 1426 205 1442; x_wconf 88' lang='grc' dir='ltr'>ιο.</span> <span class='ocrx_word' id='word_1_7' title='bbox 212 1412 225 1414; x_wconf 66' lang='lat'>„</span> 
     </span>
    </p>
   </div>
   <div class='ocr_carea' id='block_1_3' title="bbox 62 1850 277 1879">
    <p class='ocr_par' dir='ltr' id='par_1_3' title="bbox 62 1850 277 1879">
     <span class='ocr_line' id='line_1_3' title="bbox 62 1850 277 1879; baseline -0.014 -4"><span class='ocrx_word' id='word_1_8' title='bbox 62 1850 277 1879; x_wconf 54' lang='lat' dir='ltr'>‘nnc—ramoque</span> 
     </span>
    </p>
   </div>
   <div class='ocr_carea' id='block_1_4' title="bbox 62 2225 221 2247">
    <p class='ocr_par' dir='ltr' id='par_1_4' title="bbox 62 2225 221 2247">
     <span class='ocr_line' id='line_1_4' title="bbox 62 2225 221 2247; baseline -0.006 0"><span class='ocrx_word' id='word_1_9' title='bbox 62 2225 122 2247; x_wconf 63' lang='lat' dir='ltr'>&#39;aaz</span> <span class='ocrx_word' id='word_1_10' title='bbox 134 2225 221 2246; x_wconf 60' lang='lat' dir='ltr'>umen.</span> 
     </span>
    </p>
   </div>
   <div class='ocr_carea' id='block_1_5' title="bbox 61 2328 274 2378">
    <p class='ocr_par' dir='ltr' id='par_1_5' title="bbox 61 2328 274 2378">
     <span class='ocr_line' id='line_1_5' title="bbox 61 2328 274 2357; baseline -0.005 -6"><span class='ocrx_word' id='word_1_11' title='bbox 61 2329 73 2340; x_wconf 81' lang='lat'><strong>·</strong></span> <span class='ocrx_word' id='word_1_12' title='bbox 88 2328 180 2356; x_wconf 80' lang='lat' dir='ltr'>Nempe</span> <span class='ocrx_word' id='word_1_13' title='bbox 193 2329 274 2357; x_wconf 69' lang='lat' dir='ltr'>magis</span> 
     </span>
     <span class='ocr_line' id='line_1_6' title="bbox 62 2355 206 2378; baseline -0.007 0"><span class='ocrx_word' id='word_1_14' title='bbox 62 2355 206 2378; x_wconf 52' lang='lat' dir='ltr'>mutale.</span> 
     </span>
    </p>
   </div>
   <div class='ocr_carea' id='block_1_6' title="bbox 62 2490 274 2566">
    <p class='ocr_par' dir='ltr' id='par_1_6' title="bbox 62 2490 274 2566">
     <span class='ocr_line' id='line_1_7' title="bbox 62 2490 274 2540; baseline -0.005 0"><span class='ocrx_word' id='word_1_15' title='bbox 62 2490 235 2540; x_wconf 43' lang='lat' dir='ltr'>actm?</span> <span class='ocrx_word' id='word_1_16' title='bbox 255 2501 274 2539; x_wconf 92' lang='grc'>··.</span> 
     </span>
     <span class='ocr_line' id='line_1_8' title="bbox 62 2544 148 2566; baseline 0 0"><span class='ocrx_word' id='word_1_17' title='bbox 62 2544 116 2566; x_wconf 64' lang='lat' dir='ltr'>len.</span> <span class='ocrx_word' id='word_1_18' title='bbox 131 2549 148 2566; x_wconf 90' lang='grc'>1.</span> 
     </span>
    </p>
   </div>
   <div class='ocr_carea' id='block_1_7' title="bbox 1162 284 1388 331">
    <p class='ocr_par' dir='ltr' id='par_1_7' title="bbox 1162 284 1388 331">
     <span class='ocr_line' id='line_1_9' title="bbox 1162 284 1388 331; baseline 0 -11"><span class='ocrx_word' id='word_1_19' title='bbox 1162 285 1274 320; x_wconf 87' lang='lat' dir='ltr'>CAP.</span> <span class='ocrx_word' id='word_1_20' title='bbox 1303 284 1388 331; x_wconf 89' lang='lat' dir='ltr'>v11,</span> 
     </span>
    </p>
   </div>
   <div class='ocr_carea' id='block_1_8' title="bbox 292 362 1376 2580">
    <p class='ocr_par' dir='ltr' id='par_1_8' title="bbox 307 362 1376 558">
     <span class='ocr_line' id='line_1_10' title="bbox 308 362 1370 411; baseline -0.002 -11"><span class='ocrx_word' id='word_1_21' title='bbox 308 364 421 400; x_wconf 88' lang='lat' dir='ltr'>homo</span> <span class='ocrx_word' id='word_1_22' title='bbox 441 375 515 399; x_wconf 90' lang='lat' dir='ltr'>non</span> <span class='ocrx_word' id='word_1_23' title='bbox 531 368 586 399; x_wconf 82' lang='lat' dir='ltr'>est</span> <span class='ocrx_word' id='word_1_24' title='bbox 598 362 759 399; x_wconf 88' lang='lat' dir='ltr'>animal:</span> <span class='ocrx_word' id='word_1_25' title='bbox 779 362 867 411; x_wconf 89' lang='lat' dir='ltr'>quia</span> <span class='ocrx_word' id='word_1_26' title='bbox 881 363 953 399; x_wconf 89' lang='lat' dir='ltr'>hae</span> <span class='ocrx_word' id='word_1_27' title='bbox 970 362 1253 399; x_wconf 90' lang='lat' dir='ltr'>enunciationes</span> <span class='ocrx_word' id='word_1_28' title='bbox 1269 375 1370 399; x_wconf 90' lang='lat' dir='ltr'>eam-</span> 
     </span>
     <span class='ocr_line' id='line_1_11' title="bbox 310 415 1372 463; baseline -0.002 -10"><span class='ocrx_word' id='word_1_29' title='bbox 310 416 399 453; x_wconf 89' lang='lat' dir='ltr'>dem</span> <span class='ocrx_word' id='word_1_30' title='bbox 428 416 570 452; x_wconf 91' lang='lat' dir='ltr'>habent</span> <span class='ocrx_word' id='word_1_31' title='bbox 597 415 678 451; x_wconf 92' lang='lat' dir='ltr'>vim</span> <span class='ocrx_word' id='word_1_32' title='bbox 712 415 856 451; x_wconf 89' lang='lat' dir='ltr'>ratione</span> <span class='ocrx_word' id='word_1_33' title='bbox 889 415 1102 463; x_wconf 88' lang='lat' dir='ltr'>significati;</span> <span class='ocrx_word' id='word_1_34' title='bbox 1137 427 1182 451; x_wconf 90' lang='lat' dir='ltr'>ac</span> <span class='ocrx_word' id='word_1_35' title='bbox 1210 415 1239 451; x_wconf 92' lang='lat' dir='ltr'>si</span> <span class='ocrx_word' id='word_1_36' title='bbox 1274 415 1372 452; x_wconf 90' lang='lat' dir='ltr'>dice-</span> 
     </span>
     <span class='ocr_line' id='line_1_12' title="bbox 307 468 1376 515; baseline -0.001 -10"><span class='ocrx_word' id='word_1_37' title='bbox 307 476 429 515; x_wconf 90' lang='lat' dir='ltr'>retur,</span> <span class='ocrx_word' id='word_1_38' title='bbox 459 468 580 505; x_wconf 84' lang='lat' dir='ltr'>omnis</span> <span class='ocrx_word' id='word_1_39' title='bbox 608 468 720 504; x_wconf 88' lang='lat' dir='ltr'>homo</span> <span class='ocrx_word' id='word_1_40' title='bbox 746 473 801 504; x_wconf 84' lang='lat' dir='ltr'>est</span> <span class='ocrx_word' id='word_1_41' title='bbox 825 468 987 514; x_wconf 87' lang='lat' dir='ltr'>animal,</span> <span class='ocrx_word' id='word_1_42' title='bbox 1023 468 1145 504; x_wconf 85' lang='lat' dir='ltr'>nullus</span> <span class='ocrx_word' id='word_1_43' title='bbox 1179 469 1290 504; x_wconf 87' lang='lat' dir='ltr'>homo</span> <span class='ocrx_word' id='word_1_44' title='bbox 1321 474 1376 504; x_wconf 84' lang='lat' dir='ltr'>est</span> 
     </span>
     <span class='ocr_line' id='line_1_13' title="bbox 307 521 461 558; baseline -0.006 0"><span class='ocrx_word' id='word_1_45' title='bbox 307 521 461 558; x_wconf 88' lang='lat' dir='ltr'>animal.</span> 
     </span>
    </p>

    <p class='ocr_par' dir='ltr' id='par_1_9' title="bbox 303 572 1374 1255">
     <span class='ocr_line' id='line_1_14' title="bbox 363 572 1369 620; baseline -0.001 -10"><span class='ocrx_word' id='word_1_46' title='bbox 363 574 423 610; x_wconf 88' lang='lat'>23.</span> <span class='ocrx_word' id='word_1_47' title='bbox 445 572 595 610; x_wconf 81' lang='lat' dir='ltr'>Deinde</span> <span class='ocrx_word' id='word_1_48' title='bbox 633 584 722 608; x_wconf 92' lang='lat' dir='ltr'>cum</span> <span class='ocrx_word' id='word_1_49' title='bbox 752 572 856 609; x_wconf 92' lang='lat' dir='ltr'>dicit:</span> <span class='ocrx_word' id='word_1_50' title='bbox 885 574 931 609; x_wconf 89' lang='lat' dir='ltr'>In</span> <span class='ocrx_word' id='word_1_51' title='bbox 961 585 1003 609; x_wconf 90' lang='lat' dir='ltr'>eo</span> <span class='ocrx_word' id='word_1_52' title='bbox 1031 584 1122 609; x_wconf 82' lang='lat' dir='ltr'>vero</span> <span class='ocrx_word' id='word_1_53' title='bbox 1151 573 1252 620; x_wconf 82' lang='lat' dir='ltr'>quod</span> <span class='ocrx_word' id='word_1_54' title='bbox 1288 580 1369 619; x_wconf 90' lang='lat' dir='ltr'>etc.,</span> 
     </span>
     <span class='ocr_line' id='line_1_15' title="bbox 307 625 1373 674; baseline -0.001 -11"><span class='ocrx_word' id='word_1_55' title='bbox 307 633 483 663; x_wconf 87' lang='lat' dir='ltr'>removet</span> <span class='ocrx_word' id='word_1_56' title='bbox 497 625 694 674; x_wconf 89' lang='lat' dir='ltr'>quoddam</span> <span class='ocrx_word' id='word_1_57' title='bbox 710 626 814 674; x_wconf 93' lang='lat' dir='ltr'>quod</span> <span class='ocrx_word' id='word_1_58' title='bbox 828 633 959 674; x_wconf 89' lang='lat' dir='ltr'>posset</span> <span class='ocrx_word' id='word_1_59' title='bbox 974 638 1056 662; x_wconf 88' lang='lat' dir='ltr'>esse</span> <span class='ocrx_word' id='word_1_60' title='bbox 1079 625 1249 662; x_wconf 90' lang='lat' dir='ltr'>dubium.</span> <span class='ocrx_word' id='word_1_61' title='bbox 1273 626 1373 672; x_wconf 86' lang='lat' dir='ltr'>Quia</span> 
     </span>
     <span class='ocr_line' id='line_1_16' title="bbox 308 678 1371 727; baseline -0.002 -11"><span class='ocrx_word' id='word_1_62' title='bbox 308 678 410 716; x_wconf 91' lang='lat' dir='ltr'>enim</span> <span class='ocrx_word' id='word_1_63' title='bbox 438 685 619 727; x_wconf 91' lang='lat' dir='ltr'>posuerat</span> <span class='ocrx_word' id='word_1_64' title='bbox 638 678 847 726; x_wconf 90' lang='lat' dir='ltr'>quamdam</span> <span class='ocrx_word' id='word_1_65' title='bbox 877 678 1132 716; x_wconf 88' lang='lat' dir='ltr'>diversitatem</span> <span class='ocrx_word' id='word_1_66' title='bbox 1152 678 1190 715; x_wconf 91' lang='lat' dir='ltr'>in</span> <span class='ocrx_word' id='word_1_67' title='bbox 1219 678 1371 727; x_wconf 91' lang='lat' dir='ltr'>opposi-</span> 
     </span>
     <span class='ocr_line' id='line_1_17' title="bbox 306 731 1371 780; baseline -0.001 -12"><span class='ocrx_word' id='word_1_68' title='bbox 306 731 408 768; x_wconf 90' lang='lat' dir='ltr'>tione</span> <span class='ocrx_word' id='word_1_69' title='bbox 429 731 739 768; x_wconf 90' lang='lat' dir='ltr'>enunciationum</span> <span class='ocrx_word' id='word_1_70' title='bbox 769 743 814 768; x_wconf 85' lang='lat' dir='ltr'>ex</span> <span class='ocrx_word' id='word_1_71' title='bbox 833 732 908 768; x_wconf 94' lang='lat' dir='ltr'>hoc</span> <span class='ocrx_word' id='word_1_72' title='bbox 934 731 1039 780; x_wconf 93' lang='lat' dir='ltr'>quod</span> <span class='ocrx_word' id='word_1_73' title='bbox 1068 731 1283 768; x_wconf 89' lang='lat' dir='ltr'>universale</span> <span class='ocrx_word' id='word_1_74' title='bbox 1311 744 1371 767; x_wconf 91' lang='lat' dir='ltr'>su-</span> 
     </span>
     <span class='ocr_line' id='line_1_18' title="bbox 308 784 1372 833; baseline -0.001 -12"><span class='ocrx_word' id='word_1_75' title='bbox 308 785 423 821; x_wconf 90' lang='lat' dir='ltr'>mitur</span> <span class='ocrx_word' id='word_1_76' title='bbox 441 797 464 821; x_wconf 92' lang='lat' dir='ltr'>a</span> <span class='ocrx_word' id='word_1_77' title='bbox 483 785 502 804; x_wconf 81' lang='lat'>⁴*</span> <span class='ocrx_word' id='word_1_78' title='bbox 521 792 628 833; x_wconf 90' lang='lat' dir='ltr'>parte</span> <span class='ocrx_word' id='word_1_79' title='bbox 648 784 805 821; x_wconf 91' lang='lat' dir='ltr'>subiecti</span> <span class='ocrx_word' id='word_1_80' title='bbox 824 784 1085 821; x_wconf 89' lang='lat' dir='ltr'>universaliter</span> <span class='ocrx_word' id='word_1_81' title='bbox 1102 785 1164 821; x_wconf 90' lang='lat' dir='ltr'>vel</span> <span class='ocrx_word' id='word_1_82' title='bbox 1193 797 1271 821; x_wconf 91' lang='lat' dir='ltr'>non</span> <span class='ocrx_word' id='word_1_83' title='bbox 1290 784 1372 821; x_wconf 93' lang='lat' dir='ltr'>uni-</span> 
     </span>
     <span class='ocr_line' id='line_1_19' title="bbox 306 837 1372 886; baseline -0.001 -12"><span class='ocrx_word' id='word_1_84' title='bbox 306 837 512 885; x_wconf 89' lang='lat' dir='ltr'>versaliter,</span> <span class='ocrx_word' id='word_1_85' title='bbox 532 845 663 886; x_wconf 90' lang='lat' dir='ltr'>posset</span> <span class='ocrx_word' id='word_1_86' title='bbox 691 837 823 886; x_wconf 89' lang='lat' dir='ltr'>aliquis</span> <span class='ocrx_word' id='word_1_87' title='bbox 845 837 998 874; x_wconf 88' lang='lat' dir='ltr'>credere</span> <span class='ocrx_word' id='word_1_88' title='bbox 1025 837 1130 886; x_wconf 93' lang='lat' dir='ltr'>quod</span> <span class='ocrx_word' id='word_1_89' title='bbox 1158 837 1288 874; x_wconf 89' lang='lat' dir='ltr'>similis</span> <span class='ocrx_word' id='word_1_90' title='bbox 1319 837 1372 874; x_wconf 93' lang='lat' dir='ltr'>di-</span> 
     </span>
     <span class='ocr_line' id='line_1_20' title="bbox 306 890 1373 939; baseline -0.002 -12"><span class='ocrx_word' id='word_1_91' title='bbox 306 890 464 927; x_wconf 87' lang='lat' dir='ltr'>versitas</span> <span class='ocrx_word' id='word_1_92' title='bbox 502 898 720 937; x_wconf 85' lang='lat' dir='ltr'>nasceretur</span> <span class='ocrx_word' id='word_1_93' title='bbox 754 903 799 927; x_wconf 87' lang='lat' dir='ltr'>ex</span> <span class='ocrx_word' id='word_1_94' title='bbox 829 898 936 939; x_wconf 90' lang='lat' dir='ltr'>parte</span> <span class='ocrx_word' id='word_1_95' title='bbox 969 890 1195 939; x_wconf 91' lang='lat' dir='ltr'>praedicati,</span> <span class='ocrx_word' id='word_1_96' title='bbox 1225 902 1271 926; x_wconf 85' lang='lat' dir='ltr'>ex</span> <span class='ocrx_word' id='word_1_97' title='bbox 1298 890 1373 926; x_wconf 91' lang='lat' dir='ltr'>hoc</span> 
     </span>
     <span class='ocr_line' id='line_1_21' title="bbox 308 942 1372 992; baseline -0.002 -12"><span class='ocrx_word' id='word_1_98' title='bbox 308 943 447 980; x_wconf 86' lang='lat' dir='ltr'>scilicet</span> <span class='ocrx_word' id='word_1_99' title='bbox 461 949 480 964; x_wconf 74' lang='lat'>⁶²</span> <span class='ocrx_word' id='word_1_100' title='bbox 500 944 605 992; x_wconf 93' lang='lat' dir='ltr'>quod</span> <span class='ocrx_word' id='word_1_101' title='bbox 623 943 836 980; x_wconf 87' lang='lat' dir='ltr'>universale</span> <span class='ocrx_word' id='word_1_102' title='bbox 855 943 1064 992; x_wconf 89' lang='lat' dir='ltr'>praedicari</span> <span class='ocrx_word' id='word_1_103' title='bbox 1082 950 1213 992; x_wconf 91' lang='lat' dir='ltr'>posset</span> <span class='ocrx_word' id='word_1_104' title='bbox 1238 950 1273 979; x_wconf 90' lang='lat' dir='ltr'>et</span> <span class='ocrx_word' id='word_1_105' title='bbox 1290 942 1372 978; x_wconf 93' lang='lat' dir='ltr'>uni-</span> 
     </span>
     <span class='ocr_line' id='line_1_22' title="bbox 305 995 1373 1042; baseline -0.002 -9"><span class='ocrx_word' id='word_1_106' title='bbox 305 996 502 1034; x_wconf 90' lang='lat' dir='ltr'>versaliter</span> <span class='ocrx_word' id='word_1_107' title='bbox 529 1004 566 1033; x_wconf 93' lang='lat' dir='ltr'>et</span> <span class='ocrx_word' id='word_1_108' title='bbox 601 1009 680 1033; x_wconf 91' lang='lat' dir='ltr'>non</span> <span class='ocrx_word' id='word_1_109' title='bbox 716 996 994 1042; x_wconf 90' lang='lat' dir='ltr'>universaliter;</span> <span class='ocrx_word' id='word_1_110' title='bbox 1024 1003 1061 1032; x_wconf 92' lang='lat' dir='ltr'>et</span> <span class='ocrx_word' id='word_1_111' title='bbox 1096 995 1184 1032; x_wconf 90' lang='lat' dir='ltr'>ideo</span> <span class='ocrx_word' id='word_1_112' title='bbox 1222 995 1271 1032; x_wconf 90' lang='lat' dir='ltr'>ad</span> <span class='ocrx_word' id='word_1_113' title='bbox 1298 995 1373 1031; x_wconf 92' lang='grc'><strong>1100</strong></span> 
     </span>
     <span class='ocr_line' id='line_1_23' title="bbox 308 1047 1374 1097; baseline -0.002 -12"><span class='ocrx_word' id='word_1_114' title='bbox 308 1049 588 1086; x_wconf 88' lang='lat' dir='ltr'>excludendum</span> <span class='ocrx_word' id='word_1_115' title='bbox 617 1049 705 1086; x_wconf 90' lang='lat' dir='ltr'>dicit</span> <span class='ocrx_word' id='word_1_116' title='bbox 731 1050 836 1097; x_wconf 93' lang='lat' dir='ltr'>quod</span> <span class='ocrx_word' id='word_1_117' title='bbox 863 1049 902 1085; x_wconf 90' lang='lat' dir='ltr'>in</span> <span class='ocrx_word' id='word_1_118' title='bbox 922 1061 968 1085; x_wconf 92' lang='lat' dir='ltr'>eo</span> <span class='ocrx_word' id='word_1_119' title='bbox 998 1048 1104 1097; x_wconf 92' lang='lat' dir='ltr'>quod</span> <span class='ocrx_word' id='word_1_120' title='bbox 1131 1047 1374 1096; x_wconf 90' lang='lat' dir='ltr'>praedicatur</span> 
     </span>
     <span class='ocr_line' id='line_1_24' title="bbox 307 1099 1372 1150; baseline -0.003 -12"><span class='ocrx_word' id='word_1_121' title='bbox 307 1101 462 1150; x_wconf 85' lang='lat' dir='ltr'>aliquod</span> <span class='ocrx_word' id='word_1_122' title='bbox 489 1102 715 1149; x_wconf 88' lang='lat' dir='ltr'>universale,</span> <span class='ocrx_word' id='word_1_123' title='bbox 746 1114 824 1138; x_wconf 91' lang='lat' dir='ltr'>non</span> <span class='ocrx_word' id='word_1_124' title='bbox 853 1109 908 1138; x_wconf 92' lang='lat' dir='ltr'>est</span> <span class='ocrx_word' id='word_1_125' title='bbox 935 1113 1072 1138; x_wconf 90' lang='lat' dir='ltr'>verum</span> <span class='ocrx_word' id='word_1_126' title='bbox 1101 1100 1206 1149; x_wconf 92' lang='lat' dir='ltr'>quod</span> <span class='ocrx_word' id='word_1_127' title='bbox 1225 1099 1372 1148; x_wconf 90' lang='lat' dir='ltr'>praedi-</span> 
     </span>
     <span class='ocr_line' id='line_1_25' title="bbox 307 1152 1372 1201; baseline -0.002 -11"><span class='ocrx_word' id='word_1_128' title='bbox 307 1162 412 1191; x_wconf 90' lang='lat' dir='ltr'>cetur</span> <span class='ocrx_word' id='word_1_129' title='bbox 429 1154 644 1191; x_wconf 85' lang='lat' dir='ltr'>universale</span> <span class='ocrx_word' id='word_1_130' title='bbox 668 1154 940 1192; x_wconf 87' lang='lat' dir='ltr'>universaliter.</span> <span class='ocrx_word' id='word_1_131' title='bbox 972 1153 1090 1190; x_wconf 92' lang='lat' dir='ltr'>Cuius</span> <span class='ocrx_word' id='word_1_132' title='bbox 1119 1152 1275 1201; x_wconf 93' lang='lat' dir='ltr'>quidem</span> <span class='ocrx_word' id='word_1_133' title='bbox 1304 1152 1372 1189; x_wconf 91' lang='lat' dir='ltr'>du-</span> 
     </span>
     <span class='ocr_line' id='line_1_26' title="bbox 303 1206 788 1255; baseline 0.002 -12"><span class='ocrx_word' id='word_1_134' title='bbox 303 1207 392 1255; x_wconf 88' lang='lat' dir='ltr'>plex</span> <span class='ocrx_word' id='word_1_135' title='bbox 420 1219 503 1243; x_wconf 90' lang='lat' dir='ltr'>esse</span> <span class='ocrx_word' id='word_1_136' title='bbox 530 1214 656 1255; x_wconf 90' lang='lat' dir='ltr'>potest</span> <span class='ocrx_word' id='word_1_137' title='bbox 683 1206 788 1244; x_wconf 92' lang='lat' dir='ltr'>ratio.</span> 
     </span>
    </p>

    <p class='ocr_par' dir='ltr' id='par_1_10' title="bbox 292 1257 1374 2580">
     <span class='ocr_line' id='line_1_27' title="bbox 359 1257 1372 1309; baseline -0.003 -13"><span class='ocrx_word' id='word_1_138' title='bbox 359 1259 444 1296; x_wconf 86' lang='lat' dir='ltr'>Una</span> <span class='ocrx_word' id='word_1_139' title='bbox 472 1259 640 1308; x_wconf 91' lang='lat' dir='ltr'>quidem,</span> <span class='ocrx_word' id='word_1_140' title='bbox 671 1260 759 1309; x_wconf 90' lang='lat' dir='ltr'>quia</span> <span class='ocrx_word' id='word_1_141' title='bbox 777 1259 859 1296; x_wconf 90' lang='lat' dir='ltr'>talis</span> <span class='ocrx_word' id='word_1_142' title='bbox 887 1258 1027 1295; x_wconf 89' lang='lat' dir='ltr'>modus</span> <span class='ocrx_word' id='word_1_143' title='bbox 1054 1257 1298 1306; x_wconf 90' lang='lat' dir='ltr'>praedicandi</span> <span class='ocrx_word' id='word_1_144' title='bbox 1317 1257 1372 1294; x_wconf 92' lang='lat' dir='ltr'>vi-</span> 
     </span>
     <span class='ocr_line' id='line_1_28' title="bbox 307 1307 1371 1362; baseline -0.004 -12"><span class='ocrx_word' id='word_1_145' title='bbox 307 1311 416 1350; x_wconf 91' lang='lat' dir='ltr'>detur</span> <span class='ocrx_word' id='word_1_146' title='bbox 443 1324 654 1361; x_wconf 90' lang='lat' dir='ltr'>repugnare</span> <span class='ocrx_word' id='word_1_147' title='bbox 683 1312 900 1362; x_wconf 90' lang='lat' dir='ltr'>praedicato</span> <span class='ocrx_word' id='word_1_148' title='bbox 930 1310 1142 1348; x_wconf 90' lang='lat' dir='ltr'>secundum</span> <span class='ocrx_word' id='word_1_149' title='bbox 1176 1307 1371 1359; x_wconf 83' lang='lat' dir='ltr'>propriam</span> 
     </span>
     <span class='ocr_line' id='line_1_29' title="bbox 292 1363 1373 1414; baseline -0.004 -11"><span class='ocrx_word' id='word_1_150' title='bbox 292 1365 495 1405; x_wconf 78' lang='lat' dir='ltr'>rationem</span> <span class='ocrx_word' id='word_1_151' title='bbox 512 1364 629 1414; x_wconf 86' lang='lat' dir='ltr'>quam</span> <span class='ocrx_word' id='word_1_152' title='bbox 653 1366 768 1403; x_wconf 91' lang='lat' dir='ltr'>habet</span> <span class='ocrx_word' id='word_1_153' title='bbox 787 1365 825 1401; x_wconf 93' lang='lat' dir='ltr'>in</span> <span class='ocrx_word' id='word_1_154' title='bbox 845 1363 1120 1401; x_wconf 89' lang='lat' dir='ltr'>enunciatione.</span> <span class='ocrx_word' id='word_1_155' title='bbox 1142 1363 1296 1400; x_wconf 88' lang='lat' dir='ltr'>Dictum</span> <span class='ocrx_word' id='word_1_156' title='bbox 1317 1371 1373 1400; x_wconf 92' lang='lat' dir='ltr'>est</span> 
     </span>
     <span class='ocr_line' id='line_1_30' title="bbox 307 1416 1372 1467; baseline -0.003 -12"><span class='ocrx_word' id='word_1_157' title='bbox 307 1418 409 1455; x_wconf 87' lang='lat' dir='ltr'>enim</span> <span class='ocrx_word' id='word_1_158' title='bbox 444 1430 559 1467; x_wconf 89' lang='lat' dir='ltr'>supra</span> <span class='ocrx_word' id='word_1_159' title='bbox 576 1418 597 1439; x_wconf 66' lang='lat'>’¹²</span> <span class='ocrx_word' id='word_1_160' title='bbox 617 1418 722 1467; x_wconf 93' lang='lat' dir='ltr'>quod</span> <span class='ocrx_word' id='word_1_161' title='bbox 755 1417 1016 1467; x_wconf 90' lang='lat' dir='ltr'>praedicatum</span> <span class='ocrx_word' id='word_1_162' title='bbox 1054 1424 1110 1454; x_wconf 89' lang='lat' dir='ltr'>est</span> <span class='ocrx_word' id='word_1_163' title='bbox 1143 1416 1250 1465; x_wconf 88' lang='lat' dir='ltr'>quasi</span> <span class='ocrx_word' id='word_1_164' title='bbox 1283 1428 1372 1465; x_wconf 88' lang='lat' dir='ltr'>pars</span> 
     </span>
     <span class='ocr_line' id='line_1_31' title="bbox 293 1470 1372 1520; baseline -0.003 -12"><span class='ocrx_word' id='word_1_165' title='bbox 293 1471 477 1520; x_wconf 85' lang='lat' dir='ltr'>formalis</span> <span class='ocrx_word' id='word_1_166' title='bbox 505 1471 790 1518; x_wconf 87' lang='lat' dir='ltr'>enunciationis,</span> <span class='ocrx_word' id='word_1_167' title='bbox 821 1470 1034 1507; x_wconf 89' lang='lat' dir='ltr'>subiectum</span> <span class='ocrx_word' id='word_1_168' title='bbox 1055 1477 1182 1506; x_wconf 90' lang='lat' dir='ltr'>autem</span> <span class='ocrx_word' id='word_1_169' title='bbox 1205 1477 1260 1506; x_wconf 91' lang='lat' dir='ltr'>est</span> <span class='ocrx_word' id='word_1_170' title='bbox 1283 1482 1372 1518; x_wconf 90' lang='lat' dir='ltr'>pars</span> 
     </span>
     <span class='ocr_line' id='line_1_32' title="bbox 303 1522 1371 1573; baseline -0.002 -12"><span class='ocrx_word' id='word_1_171' title='bbox 303 1524 510 1562; x_wconf 86' lang='lat' dir='ltr'>materialis</span> <span class='ocrx_word' id='word_1_172' title='bbox 537 1524 672 1573; x_wconf 89' lang='lat' dir='ltr'>ipsius:</span> <span class='ocrx_word' id='word_1_173' title='bbox 703 1537 793 1561; x_wconf 91' lang='lat' dir='ltr'>cum</span> <span class='ocrx_word' id='word_1_174' title='bbox 822 1531 950 1560; x_wconf 90' lang='lat' dir='ltr'>autem</span> <span class='ocrx_word' id='word_1_175' title='bbox 979 1522 1134 1571; x_wconf 88' lang='lat' dir='ltr'>aliquod</span> <span class='ocrx_word' id='word_1_176' title='bbox 1157 1522 1371 1560; x_wconf 89' lang='lat' dir='ltr'>universale</span> 
     </span>
     <span class='ocr_line' id='line_1_33' title="bbox 303 1575 1374 1626; baseline -0.001 -13"><span class='ocrx_word' id='word_1_177' title='bbox 303 1577 494 1626; x_wconf 87' lang='lat' dir='ltr'>profertur</span> <span class='ocrx_word' id='word_1_178' title='bbox 519 1577 791 1624; x_wconf 90' lang='lat' dir='ltr'>universaliter,</span> <span class='ocrx_word' id='word_1_179' title='bbox 821 1577 947 1625; x_wconf 91' lang='lat' dir='ltr'>ipsum</span> <span class='ocrx_word' id='word_1_180' title='bbox 975 1575 1190 1612; x_wconf 89' lang='lat' dir='ltr'>universale</span> <span class='ocrx_word' id='word_1_181' title='bbox 1213 1575 1374 1612; x_wconf 88' lang='lat' dir='ltr'>sumitur</span> 
     </span>
     <span class='ocr_line' id='line_1_34' title="bbox 305 1628 1370 1679; baseline -0.001 -13"><span class='ocrx_word' id='word_1_182' title='bbox 305 1630 518 1667; x_wconf 92' lang='lat' dir='ltr'>secundum</span> <span class='ocrx_word' id='word_1_183' title='bbox 537 1630 800 1668; x_wconf 88' lang='lat' dir='ltr'>habitudinem</span> <span class='ocrx_word' id='word_1_184' title='bbox 820 1642 936 1679; x_wconf 90' lang='lat' dir='ltr'>quam</span> <span class='ocrx_word' id='word_1_185' title='bbox 955 1630 1071 1666; x_wconf 91' lang='lat' dir='ltr'>habet</span> <span class='ocrx_word' id='word_1_186' title='bbox 1091 1628 1140 1665; x_wconf 93' lang='lat' dir='ltr'>ad</span> <span class='ocrx_word' id='word_1_187' title='bbox 1159 1628 1370 1676; x_wconf 88' lang='lat' dir='ltr'>singularia,</span> 
     </span>
     <span class='ocr_line' id='line_1_35' title="bbox 305 1681 1372 1731; baseline -0.001 -12"><span class='ocrx_word' id='word_1_188' title='bbox 305 1695 404 1731; x_wconf 93' lang='lat' dir='ltr'>quae</span> <span class='ocrx_word' id='word_1_189' title='bbox 432 1683 503 1719; x_wconf 89' lang='lat' dir='ltr'>sub</span> <span class='ocrx_word' id='word_1_190' title='bbox 523 1695 564 1719; x_wconf 93' lang='lat' dir='ltr'>se</span> <span class='ocrx_word' id='word_1_191' title='bbox 594 1684 776 1729; x_wconf 90' lang='lat' dir='ltr'>continet;</span> <span class='ocrx_word' id='word_1_192' title='bbox 801 1682 896 1720; x_wconf 91' lang='lat' dir='ltr'>sicut</span> <span class='ocrx_word' id='word_1_193' title='bbox 920 1690 956 1719; x_wconf 92' lang='lat' dir='ltr'>et</span> <span class='ocrx_word' id='word_1_194' title='bbox 975 1681 1128 1731; x_wconf 93' lang='lat' dir='ltr'>quando</span> <span class='ocrx_word' id='word_1_195' title='bbox 1157 1682 1372 1718; x_wconf 90' lang='lat' dir='ltr'>universale</span> 
     </span>
     <span class='ocr_line' id='line_1_36' title="bbox 303 1734 1372 1784; baseline -0.002 -12"><span class='ocrx_word' id='word_1_196' title='bbox 303 1736 493 1784; x_wconf 84' lang='lat' dir='ltr'>profertur</span> <span class='ocrx_word' id='word_1_197' title='bbox 519 1736 802 1784; x_wconf 85' lang='lat' dir='ltr'>particulariter,</span> <span class='ocrx_word' id='word_1_198' title='bbox 838 1736 998 1773; x_wconf 90' lang='lat' dir='ltr'>sumitur</span> <span class='ocrx_word' id='word_1_199' title='bbox 1026 1734 1238 1772; x_wconf 92' lang='lat' dir='ltr'>secundum</span> <span class='ocrx_word' id='word_1_200' title='bbox 1266 1734 1372 1771; x_wconf 88' lang='lat' dir='ltr'>habi-</span> 
     </span>
     <span class='ocr_line' id='line_1_37' title="bbox 304 1788 1372 1838; baseline -0.003 -12"><span class='ocrx_word' id='word_1_201' title='bbox 304 1788 476 1826; x_wconf 89' lang='lat' dir='ltr'>tudinem</span> <span class='ocrx_word' id='word_1_202' title='bbox 497 1801 613 1838; x_wconf 93' lang='lat' dir='ltr'>quam</span> <span class='ocrx_word' id='word_1_203' title='bbox 632 1790 748 1826; x_wconf 90' lang='lat' dir='ltr'>habet</span> <span class='ocrx_word' id='word_1_204' title='bbox 772 1788 821 1826; x_wconf 91' lang='lat' dir='ltr'>ad</span> <span class='ocrx_word' id='word_1_205' title='bbox 841 1788 996 1837; x_wconf 80' lang='lat' dir='ltr'>aliquod</span> <span class='ocrx_word' id='word_1_206' title='bbox 1015 1795 1280 1825; x_wconf 87' lang='lat' dir='ltr'>contentorum</span> <span class='ocrx_word' id='word_1_207' title='bbox 1301 1788 1372 1824; x_wconf 91' lang='lat' dir='ltr'>sub</span> 
     </span>
     <span class='ocr_line' id='line_1_38' title="bbox 304 1840 1374 1891; baseline -0.003 -12"><span class='ocrx_word' id='word_1_208' title='bbox 304 1854 362 1887; x_wconf 90' lang='lat' dir='ltr'>se;</span> <span class='ocrx_word' id='word_1_209' title='bbox 383 1849 420 1878; x_wconf 91' lang='lat' dir='ltr'>et</span> <span class='ocrx_word' id='word_1_210' title='bbox 434 1841 487 1878; x_wconf 88' lang='lat' dir='ltr'>sic</span> <span class='ocrx_word' id='word_1_211' title='bbox 499 1849 705 1891; x_wconf 88' lang='lat' dir='ltr'>utrumque</span> <span class='ocrx_word' id='word_1_212' title='bbox 723 1841 976 1891; x_wconf 72' lang='lat' dir='ltr'>pertinet*ad</span> <span class='ocrx_word' id='word_1_213' title='bbox 997 1841 1231 1881; x_wconf 83' lang='lat' dir='ltr'>materialem</span> <span class='ocrx_word' id='word_1_214' title='bbox 1252 1840 1374 1877; x_wconf 91' lang='lat' dir='ltr'>deter-</span> 
     </span>
     <span class='ocr_line' id='line_1_39' title="bbox 303 1893 1372 1943; baseline 0.001 -13"><span class='ocrx_word' id='word_1_215' title='bbox 303 1894 554 1931; x_wconf 89' lang='lat' dir='ltr'>minationem</span> <span class='ocrx_word' id='word_1_216' title='bbox 587 1895 831 1932; x_wconf 87' lang='lat' dir='ltr'>universalis:</span> <span class='ocrx_word' id='word_1_217' title='bbox 867 1902 904 1932; x_wconf 90' lang='lat' dir='ltr'>et</span> <span class='ocrx_word' id='word_1_218' title='bbox 937 1894 1024 1931; x_wconf 94' lang='lat' dir='ltr'>ideo</span> <span class='ocrx_word' id='word_1_219' title='bbox 1060 1906 1185 1943; x_wconf 91' lang='lat' dir='ltr'>neque</span> <span class='ocrx_word' id='word_1_220' title='bbox 1222 1893 1372 1941; x_wconf 85' lang='lat' dir='ltr'>signum</span> 
     </span>
     <span class='ocr_line' id='line_1_40' title="bbox 301 1946 1374 1996; baseline 0.002 -13"><span class='ocrx_word' id='word_1_221' title='bbox 301 1946 514 1984; x_wconf 88' lang='lat' dir='ltr'>universale</span> <span class='ocrx_word' id='word_1_222' title='bbox 542 1959 667 1996; x_wconf 92' lang='lat' dir='ltr'>neque</span> <span class='ocrx_word' id='word_1_223' title='bbox 685 1947 909 1996; x_wconf 87' lang='lat' dir='ltr'>particulare</span> <span class='ocrx_word' id='word_1_224' title='bbox 935 1947 1205 1985; x_wconf 90' lang='lat' dir='ltr'>convenienter</span> <span class='ocrx_word' id='word_1_225' title='bbox 1224 1946 1374 1985; x_wconf 91' lang='lat' dir='ltr'>additur</span> 
     </span>
     <span class='ocr_line' id='line_1_41' title="bbox 300 1999 1372 2050; baseline 0.001 -13"><span class='ocrx_word' id='word_1_226' title='bbox 300 1999 532 2050; x_wconf 84' lang='lat' dir='ltr'>praedicato,</span> <span class='ocrx_word' id='word_1_227' title='bbox 548 2001 617 2038; x_wconf 92' lang='lat' dir='ltr'>sed</span> <span class='ocrx_word' id='word_1_228' title='bbox 630 2001 752 2049; x_wconf 87' lang='lat' dir='ltr'>magis</span> <span class='ocrx_word' id='word_1_229' title='bbox 771 2001 954 2037; x_wconf 91' lang='lat' dir='ltr'>subiecto:</span> <span class='ocrx_word' id='word_1_230' title='bbox 967 2000 1254 2038; x_wconf 90' lang='lat' dir='ltr'>convenientius</span> <span class='ocrx_word' id='word_1_231' title='bbox 1269 2001 1372 2038; x_wconf 89' lang='lat' dir='ltr'>enim</span> 
     </span>
     <span class='ocr_line' id='line_1_42' title="bbox 303 2052 1371 2102; baseline 0 -11"><span class='ocrx_word' id='word_1_232' title='bbox 303 2053 448 2099; x_wconf 89' lang='lat' dir='ltr'>dicitur,</span> <span class='ocrx_word' id='word_1_233' title='bbox 465 2052 588 2090; x_wconf 85' lang='lat' dir='ltr'>nullus</span> <span class='ocrx_word' id='word_1_234' title='bbox 607 2054 720 2091; x_wconf 88' lang='lat' dir='ltr'>homo</span> <span class='ocrx_word' id='word_1_235' title='bbox 741 2059 794 2091; x_wconf 82' lang='lat' dir='ltr'>est</span> <span class='ocrx_word' id='word_1_236' title='bbox 807 2054 946 2100; x_wconf 80' lang='lat' dir='ltr'>asinus,</span> <span class='ocrx_word' id='word_1_237' title='bbox 969 2066 1097 2102; x_wconf 89' lang='lat' dir='ltr'>quam,</span> <span class='ocrx_word' id='word_1_238' title='bbox 1118 2054 1239 2091; x_wconf 83' lang='lat' dir='ltr'>omnis</span> <span class='ocrx_word' id='word_1_239' title='bbox 1259 2055 1371 2091; x_wconf 85' lang='lat' dir='ltr'>homo</span> 
     </span>
     <span class='ocr_line' id='line_1_43' title="bbox 302 2105 1370 2154; baseline 0 -10"><span class='ocrx_word' id='word_1_240' title='bbox 302 2112 358 2144; x_wconf 84' lang='lat' dir='ltr'>est</span> <span class='ocrx_word' id='word_1_241' title='bbox 374 2105 497 2143; x_wconf 82' lang='lat' dir='ltr'>nullus</span> <span class='ocrx_word' id='word_1_242' title='bbox 515 2107 656 2152; x_wconf 83' lang='lat' dir='ltr'>asinus,·</span> <span class='ocrx_word' id='word_1_243' title='bbox 676 2114 712 2143; x_wconf 92' lang='lat' dir='ltr'>et</span> <span class='ocrx_word' id='word_1_244' title='bbox 731 2106 900 2144; x_wconf 89' lang='lat' dir='ltr'>similiter</span> <span class='ocrx_word' id='word_1_245' title='bbox 919 2107 1205 2144; x_wconf 88' lang='lat' dir='ltr'>convenientius</span> <span class='ocrx_word' id='word_1_246' title='bbox 1225 2106 1370 2154; x_wconf 89' lang='lat' dir='ltr'>dicitur,</span> 
     </span>
     <span class='ocr_line' id='line_1_44' title="bbox 302 2159 1374 2209; baseline 0 -12"><span class='ocrx_word' id='word_1_247' title='bbox 302 2159 436 2207; x_wconf 81' lang='lat' dir='ltr'>aliquis</span> <span class='ocrx_word' id='word_1_248' title='bbox 463 2160 575 2196; x_wconf 87' lang='lat' dir='ltr'>homo</span> <span class='ocrx_word' id='word_1_249' title='bbox 604 2165 659 2196; x_wconf 82' lang='lat' dir='ltr'>est</span> <span class='ocrx_word' id='word_1_250' title='bbox 683 2159 807 2205; x_wconf 81' lang='lat' dir='ltr'>albus,</span> <span class='ocrx_word' id='word_1_251' title='bbox 837 2172 970 2209; x_wconf 89' lang='lat' dir='ltr'>quam,</span> <span class='ocrx_word' id='word_1_252' title='bbox 999 2161 1111 2197; x_wconf 87' lang='lat' dir='ltr'>homo</span> <span class='ocrx_word' id='word_1_253' title='bbox 1149 2166 1203 2197; x_wconf 84' lang='lat' dir='ltr'>est</span> <span class='ocrx_word' id='word_1_254' title='bbox 1230 2160 1374 2209; x_wconf 85' lang='lat' dir='ltr'>aliquid</span> 
     </span>
     <span class='ocr_line' id='line_1_45' title="bbox 302 2212 1371 2262; baseline 0 -12"><span class='ocrx_word' id='word_1_255' title='bbox 302 2212 443 2250; x_wconf 81' lang='lat' dir='ltr'>album.</span> <span class='ocrx_word' id='word_1_256' title='bbox 465 2212 659 2250; x_wconf 89' lang='lat' dir='ltr'>Invenitur</span> <span class='ocrx_word' id='word_1_257' title='bbox 673 2220 801 2249; x_wconf 92' lang='lat' dir='ltr'>autem</span> <span class='ocrx_word' id='word_1_258' title='bbox 812 2213 831 2234; x_wconf 83' lang='lat'><strong>*</strong></span> <span class='ocrx_word' id='word_1_259' title='bbox 850 2213 1081 2262; x_wconf 88' lang='lat' dir='ltr'>quandoque</span> <span class='ocrx_word' id='word_1_260' title='bbox 1097 2226 1118 2250; x_wconf 93' lang='lat' dir='ltr'>a</span> <span class='ocrx_word' id='word_1_261' title='bbox 1132 2213 1371 2262; x_wconf 89' lang='lat' dir='ltr'>philosophis</span> 
     </span>
     <span class='ocr_line' id='line_1_46' title="bbox 304 2265 1370 2315; baseline 0.001 -13"><span class='ocrx_word' id='word_1_262' title='bbox 304 2265 454 2314; x_wconf 90' lang='lat' dir='ltr'>signum</span> <span class='ocrx_word' id='word_1_263' title='bbox 481 2265 705 2314; x_wconf 86' lang='lat' dir='ltr'>particulare</span> <span class='ocrx_word' id='word_1_264' title='bbox 734 2266 951 2314; x_wconf 90' lang='lat' dir='ltr'>appositum</span> <span class='ocrx_word' id='word_1_265' title='bbox 979 2266 1209 2315; x_wconf 91' lang='lat' dir='ltr'>praedicato,</span> <span class='ocrx_word' id='word_1_266' title='bbox 1240 2267 1288 2303; x_wconf 93' lang='lat' dir='ltr'>ad</span> <span class='ocrx_word' id='word_1_267' title='bbox 1316 2266 1370 2303; x_wconf 92' lang='lat' dir='ltr'>in-</span> 
     </span>
     <span class='ocr_line' id='line_1_47' title="bbox 302 2318 1370 2370; baseline 0.003 -15"><span class='ocrx_word' id='word_1_268' title='bbox 302 2318 533 2356; x_wconf 90' lang='lat' dir='ltr'>sinuandum</span> <span class='ocrx_word' id='word_1_269' title='bbox 561 2318 666 2367; x_wconf 92' lang='lat' dir='ltr'>quod</span> <span class='ocrx_word' id='word_1_270' title='bbox 692 2319 953 2368; x_wconf 87' lang='lat' dir='ltr'>praedicatum</span> <span class='ocrx_word' id='word_1_271' title='bbox 979 2328 1035 2357; x_wconf 91' lang='lat' dir='ltr'>est</span> <span class='ocrx_word' id='word_1_272' title='bbox 1054 2321 1091 2357; x_wconf 88' lang='lat' dir='ltr'>in</span> <span class='ocrx_word' id='word_1_273' title='bbox 1113 2321 1201 2368; x_wconf 85' lang='lat' dir='ltr'>plus</span> <span class='ocrx_word' id='word_1_274' title='bbox 1215 2321 1235 2342; x_wconf 76' lang='grc'><em>*</em></span> <span class='ocrx_word' id='word_1_275' title='bbox 1254 2334 1370 2370; x_wconf 90' lang='lat' dir='ltr'>quam</span> 
     </span>
     <span class='ocr_line' id='line_1_48' title="bbox 303 2371 1369 2422; baseline 0.003 -14"><span class='ocrx_word' id='word_1_276' title='bbox 303 2371 527 2418; x_wconf 88' lang='lat' dir='ltr'>subiectum,</span> <span class='ocrx_word' id='word_1_277' title='bbox 545 2379 581 2408; x_wconf 92' lang='lat' dir='ltr'>et</span> <span class='ocrx_word' id='word_1_278' title='bbox 603 2373 678 2408; x_wconf 92' lang='lat' dir='ltr'>hoc</span> <span class='ocrx_word' id='word_1_279' title='bbox 705 2372 910 2421; x_wconf 89' lang='lat' dir='ltr'>praecipue</span> <span class='ocrx_word' id='word_1_280' title='bbox 935 2385 1041 2419; x_wconf 91' lang='lat' dir='ltr'>cum,</span> <span class='ocrx_word' id='word_1_281' title='bbox 1066 2373 1195 2410; x_wconf 89' lang='lat' dir='ltr'>habito</span> <span class='ocrx_word' id='word_1_282' title='bbox 1215 2386 1369 2422; x_wconf 89' lang='lat' dir='ltr'>genere,</span> 
     </span>
     <span class='ocr_line' id='line_1_49' title="bbox 302 2424 1371 2475; baseline 0.002 -14"><span class='ocrx_word' id='word_1_283' title='bbox 302 2424 528 2472; x_wconf 87' lang='lat' dir='ltr'>investigant</span> <span class='ocrx_word' id='word_1_284' title='bbox 560 2424 789 2462; x_wconf 85' lang='lat' dir='ltr'>differentias</span> <span class='ocrx_word' id='word_1_285' title='bbox 818 2426 1066 2474; x_wconf 90' lang='lat' dir='ltr'>completivas</span> <span class='ocrx_word' id='word_1_286' title='bbox 1095 2426 1250 2475; x_wconf 87' lang='lat' dir='ltr'>speciei,</span> <span class='ocrx_word' id='word_1_287' title='bbox 1276 2427 1371 2464; x_wconf 90' lang='lat' dir='ltr'>sicut</span> 
     </span>
     <span class='ocr_line' id='line_1_50' title="bbox 303 2477 1372 2527; baseline 0.003 -13"><span class='ocrx_word' id='word_1_288' title='bbox 303 2477 343 2515; x_wconf 89' lang='lat' dir='ltr'>in</span> <span class='ocrx_word' id='word_1_289' title='bbox 366 2478 398 2514; x_wconf 96' lang='lat' dir='ltr'>II</span> <span class='ocrx_word' id='word_1_290' title='bbox 427 2479 487 2515; x_wconf 92' lang='lat' dir='ltr'>De</span> <span class='ocrx_word' id='word_1_291' title='bbox 524 2478 653 2515; x_wconf 89' lang='lat' dir='ltr'>anima</span> <span class='ocrx_word' id='word_1_292' title='bbox 677 2478 698 2499; x_wconf 66' lang='lat'>&#39;⁸</span> <span class='ocrx_word' id='word_1_293' title='bbox 723 2478 858 2515; x_wconf 89' lang='lat' dir='ltr'>dicitur</span> <span class='ocrx_word' id='word_1_294' title='bbox 885 2478 990 2527; x_wconf 92' lang='lat' dir='ltr'>quod</span> <span class='ocrx_word' id='word_1_295' title='bbox 1023 2479 1164 2516; x_wconf 85' lang='lat' dir='ltr'>Anima</span> <span class='ocrx_word' id='word_1_296' title='bbox 1188 2486 1243 2516; x_wconf 83' lang='lat' dir='ltr'>est</span> <span class='ocrx_word' id='word_1_297' title='bbox 1268 2486 1372 2517; x_wconf 84' lang='lat' dir='ltr'>actus</span> 
     </span>
     <span class='ocr_line' id='line_1_51' title="bbox 302 2530 467 2580; baseline 0.006 -13"><span class='ocrx_word' id='word_1_298' title='bbox 302 2530 467 2580; x_wconf 85' lang='lat' dir='ltr'>quidam.</span> 
     </span>
    </p>
   </div>
   <div class='ocr_carea' id='block_1_9' title="bbox 299 2669 1372 3232">
    <p class='ocr_par' dir='ltr' id='par_1_11' title="bbox 299 2669 1372 3195">
     <span class='ocr_line' id='line_1_52' title="bbox 357 2669 1371 2705; baseline 0.002 -10"><span class='ocrx_word' id='word_1_299' title='bbox 357 2669 390 2705; x_wconf 82' lang='grc' dir='ltr'>ω)</span> <span class='ocrx_word' id='word_1_300' title='bbox 410 2670 516 2696; x_wconf 79' lang='lat' dir='ltr'>Exhoc</span> <span class='ocrx_word' id='word_1_301' title='bbox 524 2670 623 2695; x_wconf 82' lang='lat' dir='ltr'>scilicet</span> <span class='ocrx_word' id='word_1_302' title='bbox 642 2670 758 2695; x_wconf 63' lang='lat' dir='ltr'>etc-A:</span> <span class='ocrx_word' id='word_1_303' title='bbox 769 2677 806 2695; x_wconf 88' lang='lat' dir='ltr'>ex</span> <span class='ocrx_word' id='word_1_304' title='bbox 824 2670 873 2696; x_wconf 85' lang='lat' dir='ltr'>hoc</span> <span class='ocrx_word' id='word_1_305' title='bbox 891 2671 963 2703; x_wconf 88' lang='lat' dir='ltr'>quod</span> <span class='ocrx_word' id='word_1_306' title='bbox 981 2671 1128 2697; x_wconf 77' lang='lat' dir='ltr'>universale</span> <span class='ocrx_word' id='word_1_307' title='bbox 1141 2672 1299 2704; x_wconf 86' lang='lat' dir='ltr'>praedicari</span> <span class='ocrx_word' id='word_1_308' title='bbox 1306 2679 1371 2704; x_wconf 89' lang='lat' dir='ltr'>pos-</span> 
     </span>
     <span class='ocr_line' id='line_1_53' title="bbox 304 2705 1371 2739; baseline 0 -7"><span class='ocrx_word' id='word_1_309' title='bbox 304 2709 345 2732; x_wconf 76' lang='lat' dir='ltr'>set</span> <span class='ocrx_word' id='word_1_310' title='bbox 363 2706 548 2731; x_wconf 76' lang='lat' dir='ltr'>universaliter</span> <span class='ocrx_word' id='word_1_311' title='bbox 561 2709 588 2730; x_wconf 92' lang='lat' dir='ltr'>et</span> <span class='ocrx_word' id='word_1_312' title='bbox 602 2713 653 2730; x_wconf 89' lang='lat' dir='ltr'>non</span> <span class='ocrx_word' id='word_1_313' title='bbox 667 2705 881 2731; x_wconf 78' lang='lat' dir='ltr'>universaliter.—-</span> <span class='ocrx_word' id='word_1_314' title='bbox 890 2706 925 2731; x_wconf 88' lang='lat' dir='ltr'>E:</span> <span class='ocrx_word' id='word_1_315' title='bbox 940 2714 978 2731; x_wconf 81' lang='lat' dir='ltr'>ex</span> <span class='ocrx_word' id='word_1_316' title='bbox 991 2707 1040 2732; x_wconf 91' lang='lat' dir='ltr'>hoc</span> <span class='ocrx_word' id='word_1_317' title='bbox 1057 2707 1156 2732; x_wconf 86' lang='lat' dir='ltr'>scilicet</span> <span class='ocrx_word' id='word_1_318' title='bbox 1173 2707 1251 2739; x_wconf 80' lang='lat' dir='ltr'>quod.</span> <span class='ocrx_word' id='word_1_319' title='bbox 1271 2712 1297 2732; x_wconf 89' lang='lat' dir='ltr'>et</span> <span class='ocrx_word' id='word_1_320' title='bbox 1315 2715 1371 2732; x_wconf 92' lang='lat' dir='ltr'>cae-</span> 
     </span>
     <span class='ocr_line' id='line_1_54' title="bbox 303 2741 1372 2775; baseline 0.001 -9"><span class='ocrx_word' id='word_1_321' title='bbox 303 2746 359 2767; x_wconf 83' lang='lat' dir='ltr'>tera</span> <span class='ocrx_word' id='word_1_322' title='bbox 375 2745 407 2766; x_wconf 89' lang='lat' dir='ltr'>ut</span> <span class='ocrx_word' id='word_1_323' title='bbox 418 2741 568 2766; x_wconf 82' lang='lat' dir='ltr'>A.·-BCD:</span> <span class='ocrx_word' id='word_1_324' title='bbox 587 2747 625 2765; x_wconf 82' lang='lat' dir='ltr'>ex</span> <span class='ocrx_word' id='word_1_325' title='bbox 642 2741 692 2766; x_wconf 86' lang='lat' dir='ltr'>hoc</span> <span class='ocrx_word' id='word_1_326' title='bbox 713 2741 813 2766; x_wconf 84' lang='lat' dir='ltr'>scilicet</span> <span class='ocrx_word' id='word_1_327' title='bbox 832 2741 904 2774; x_wconf 88' lang='lat' dir='ltr'>quod</span> <span class='ocrx_word' id='word_1_328' title='bbox 925 2742 1073 2767; x_wconf 81' lang='lat' dir='ltr'>universale</span> <span class='ocrx_word' id='word_1_329' title='bbox 1091 2742 1248 2774; x_wconf 54' lang='lat' dir='ltr'>praedicari</span> <span class='ocrx_word' id='word_1_330' title='bbox 1266 2742 1300 2775; x_wconf 88' lang='lat' dir='ltr'>(D</span> <span class='ocrx_word' id='word_1_331' title='bbox 1314 2750 1372 2767; x_wconf 91' lang='lat' dir='ltr'>cor-</span> 
     </span>
     <span class='ocr_line' id='line_1_55' title="bbox 304 2775 1371 2810; baseline 0 -8"><span class='ocrx_word' id='word_1_332' title='bbox 304 2782 388 2810; x_wconf 84' lang='lat' dir='ltr'>rupte,</span> <span class='ocrx_word' id='word_1_333' title='bbox 402 2775 627 2809; x_wconf 81' lang='lat' dir='ltr'>praedicamenti)</span> <span class='ocrx_word' id='word_1_334' title='bbox 637 2780 729 2808; x_wconf 82' lang='lat' dir='ltr'>posset</span> <span class='ocrx_word' id='word_1_335' title='bbox 743 2777 783 2801; x_wconf 88' lang='lat' dir='ltr'>vel</span> <span class='ocrx_word' id='word_1_336' title='bbox 797 2777 982 2802; x_wconf 82' lang='lat' dir='ltr'>universaliter</span> <span class='ocrx_word' id='word_1_337' title='bbox 994 2778 1035 2802; x_wconf 80' lang='lat' dir='ltr'>vel</span> <span class='ocrx_word' id='word_1_338' title='bbox 1048 2785 1099 2802; x_wconf 87' lang='lat' dir='ltr'>non</span> <span class='ocrx_word' id='word_1_339' title='bbox 1111 2778 1303 2803; x_wconf 80' lang='lat' dir='ltr'>universaliter.</span> <span class='ocrx_word' id='word_1_340' title='bbox 1319 2778 1371 2802; x_wconf 88' lang='lat' dir='ltr'>De-</span> 
     </span>
     <span class='ocr_line' id='line_1_56' title="bbox 305 2811 1372 2846; baseline 0.002 -10"><span class='ocrx_word' id='word_1_341' title='bbox 305 2812 365 2837; x_wconf 83' lang='lat' dir='ltr'>inde</span> <span class='ocrx_word' id='word_1_342' title='bbox 377 2812 423 2836; x_wconf 86' lang='grc' dir='ltr'>ΑΕ</span> <span class='ocrx_word' id='word_1_343' title='bbox 437 2817 643 2845; x_wconf 87' lang='lat' dir='ltr'>prosequuntur:</span> <span class='ocrx_word' id='word_1_344' title='bbox 657 2815 684 2836; x_wconf 91' lang='lat' dir='ltr'>et</span> <span class='ocrx_word' id='word_1_345' title='bbox 702 2811 762 2837; x_wconf 87' lang='lat' dir='ltr'>ideo</span> <span class='ocrx_word' id='word_1_346' title='bbox 775 2812 813 2836; x_wconf 91' lang='lat' dir='ltr'>ad</span> <span class='ocrx_word' id='word_1_347' title='bbox 830 2812 879 2838; x_wconf 89' lang='lat' dir='ltr'>hoc</span> <span class='ocrx_word' id='word_1_348' title='bbox 897 2812 1093 2838; x_wconf 88' lang='lat' dir='ltr'>excludendum</span> <span class='ocrx_word' id='word_1_349' title='bbox 1107 2813 1197 2838; x_wconf 81' lang='lat' dir='ltr'>subdit</span> <span class='ocrx_word' id='word_1_350' title='bbox 1214 2813 1286 2846; x_wconf 86' lang='lat' dir='ltr'>quod</span> <span class='ocrx_word' id='word_1_351' title='bbox 1300 2813 1326 2837; x_wconf 87' lang='lat' dir='ltr'>in</span> <span class='ocrx_word' id='word_1_352' title='bbox 1341 2820 1372 2838; x_wconf 92' lang='lat' dir='ltr'>eo</span> 
     </span>
     <span class='ocr_line' id='line_1_57' title="bbox 305 2845 1372 2883; baseline 0.001 -11"><span class='ocrx_word' id='word_1_353' title='bbox 305 2847 378 2880; x_wconf 81' lang='lat' dir='ltr'>quod</span> <span class='ocrx_word' id='word_1_354' title='bbox 391 2847 569 2879; x_wconf 84' lang='lat' dir='ltr'>praedicatur</span> <span class='ocrx_word' id='word_1_355' title='bbox 585 2847 694 2880; x_wconf 83' lang='lat' dir='ltr'>aliquod</span> <span class='ocrx_word' id='word_1_356' title='bbox 713 2845 754 2880; x_wconf 83' lang='lat' dir='ltr'>(E,</span> <span class='ocrx_word' id='word_1_357' title='bbox 764 2847 875 2883; x_wconf 85' lang='lat' dir='ltr'>aliquid)</span> <span class='ocrx_word' id='word_1_358' title='bbox 897 2848 1044 2873; x_wconf 80' lang='lat' dir='ltr'>universale</span> <span class='ocrx_word' id='word_1_359' title='bbox 1062 2856 1114 2873; x_wconf 90' lang='lat' dir='ltr'>non</span> <span class='ocrx_word' id='word_1_360' title='bbox 1133 2852 1173 2874; x_wconf 88' lang='lat' dir='ltr'>est</span> <span class='ocrx_word' id='word_1_361' title='bbox 1191 2856 1281 2873; x_wconf 86' lang='lat' dir='ltr'>verum</span> <span class='ocrx_word' id='word_1_362' title='bbox 1300 2848 1372 2881; x_wconf 88' lang='lat' dir='ltr'>quod</span> 
     </span>
     <span class='ocr_line' id='line_1_58' title="bbox 299 2882 1371 2914; baseline 0.002 -8"><span class='ocrx_word' id='word_1_363' title='bbox 299 2882 474 2914; x_wconf 76' lang='lat' dir='ltr'>praedicetur</span> <span class='ocrx_word' id='word_1_364' title='bbox 503 2882 650 2907; x_wconf 80' lang='lat' dir='ltr'>universale</span> <span class='ocrx_word' id='word_1_365' title='bbox 672 2882 864 2908; x_wconf 79' lang='lat' dir='ltr'>universaliter.</span> <span class='ocrx_word' id='word_1_366' title='bbox 877 2897 896 2901; x_wconf 98' lang='lat'>—</span> <span class='ocrx_word' id='word_1_367' title='bbox 910 2883 992 2908; x_wconf 86' lang='lat' dir='ltr'>BCD:</span> <span class='ocrx_word' id='word_1_368' title='bbox 1016 2887 1042 2908; x_wconf 92' lang='lat' dir='ltr'>et</span> <span class='ocrx_word' id='word_1_369' title='bbox 1065 2883 1124 2908; x_wconf 89' lang='lat' dir='ltr'>ideo</span> <span class='ocrx_word' id='word_1_370' title='bbox 1151 2883 1188 2908; x_wconf 89' lang='lat' dir='ltr'>ad</span> <span class='ocrx_word' id='word_1_371' title='bbox 1208 2884 1257 2909; x_wconf 89' lang='lat' dir='ltr'>hoc</span> <span class='ocrx_word' id='word_1_372' title='bbox 1279 2884 1371 2909; x_wconf 81' lang='lat' dir='ltr'>exclu-</span> 
     </span>
     <span class='ocr_line' id='line_1_59' title="bbox 306 2916 1371 2953; baseline 0.001 -11"><span class='ocrx_word' id='word_1_373' title='bbox 306 2917 423 2942; x_wconf 84' lang='lat' dir='ltr'>dendum</span> <span class='ocrx_word' id='word_1_374' title='bbox 440 2917 530 2942; x_wconf 80' lang='lat' dir='ltr'>subdit</span> <span class='ocrx_word' id='word_1_375' title='bbox 547 2917 619 2950; x_wconf 88' lang='lat' dir='ltr'>quod</span> <span class='ocrx_word' id='word_1_376' title='bbox 636 2917 663 2942; x_wconf 86' lang='lat' dir='ltr'>in</span> <span class='ocrx_word' id='word_1_377' title='bbox 677 2924 708 2943; x_wconf 87' lang='lat' dir='ltr'>eo</span> <span class='ocrx_word' id='word_1_378' title='bbox 721 2918 793 2950; x_wconf 86' lang='lat' dir='ltr'>quod</span> <span class='ocrx_word' id='word_1_379' title='bbox 805 2918 984 2950; x_wconf 87' lang='lat' dir='ltr'>praedicatur</span> <span class='ocrx_word' id='word_1_380' title='bbox 1003 2916 1068 2952; x_wconf 83' lang='lat' dir='ltr'>(BC,</span> <span class='ocrx_word' id='word_1_381' title='bbox 1083 2917 1207 2953; x_wconf 80' lang='lat' dir='ltr'>aliquod)</span> <span class='ocrx_word' id='word_1_382' title='bbox 1224 2919 1371 2944; x_wconf 82' lang='lat' dir='ltr'>universale</span> 
     </span>
     <span class='ocr_line' id='line_1_60' title="bbox 306 2950 1370 2988; baseline 0.002 -11"><span class='ocrx_word' id='word_1_383' title='bbox 306 2959 358 2977; x_wconf 88' lang='lat' dir='ltr'>non</span> <span class='ocrx_word' id='word_1_384' title='bbox 368 2955 408 2977; x_wconf 81' lang='lat' dir='ltr'>est</span> <span class='ocrx_word' id='word_1_385' title='bbox 417 2959 508 2977; x_wconf 79' lang='lat' dir='ltr'>verum</span> <span class='ocrx_word' id='word_1_386' title='bbox 518 2952 589 2986; x_wconf 74' lang='lat' dir='ltr'>quod</span> <span class='ocrx_word' id='word_1_387' title='bbox 592 2953 768 2984; x_wconf 83' lang='lat' dir='ltr'>praedicetur</span> <span class='ocrx_word' id='word_1_388' title='bbox 778 2950 820 2986; x_wconf 82' lang='lat' dir='ltr'>(D,</span> <span class='ocrx_word' id='word_1_389' title='bbox 822 2952 1008 2988; x_wconf 83' lang='lat' dir='ltr'>praedicatur)</span> <span class='ocrx_word' id='word_1_390' title='bbox 1021 2954 1168 2979; x_wconf 82' lang='lat' dir='ltr'>universale</span> <span class='ocrx_word' id='word_1_391' title='bbox 1177 2954 1370 2979; x_wconf 82' lang='lat' dir='ltr'>universaliter.</span> 
     </span>
     <span class='ocr_line' id='line_1_61' title="bbox 305 2987 1370 3021; baseline 0.001 -9"><span class='ocrx_word' id='word_1_392' title='bbox 305 2987 339 3012; x_wconf 89' lang='lat' dir='ltr'>Et</span> <span class='ocrx_word' id='word_1_393' title='bbox 355 2987 377 3011; x_wconf 90' lang='lat' dir='ltr'>B</span> <span class='ocrx_word' id='word_1_394' title='bbox 395 2987 577 3020; x_wconf 82' lang='lat' dir='ltr'>prosequitur:</span> <span class='ocrx_word' id='word_1_395' title='bbox 600 2988 675 3013; x_wconf 84' lang='lat' dir='ltr'>cuius</span> <span class='ocrx_word' id='word_1_396' title='bbox 692 2988 798 3020; x_wconf 87' lang='lat' dir='ltr'>quidem</span> <span class='ocrx_word' id='word_1_397' title='bbox 817 2988 888 3013; x_wconf 81' lang='lat' dir='ltr'>ratio</span> <span class='ocrx_word' id='word_1_398' title='bbox 907 2988 1009 3021; x_wconf 82' lang='lat' dir='ltr'>duplex</span> <span class='ocrx_word' id='word_1_399' title='bbox 1026 2992 1073 3014; x_wconf 77' lang='lat' dir='ltr'>est.</span> <span class='ocrx_word' id='word_1_400' title='bbox 1094 2989 1160 3019; x_wconf 89' lang='lat' dir='ltr'>Quia</span> <span class='ocrx_word' id='word_1_401' title='bbox 1184 2997 1246 3021; x_wconf 88' lang='lat' dir='ltr'>ergo</span> <span class='ocrx_word' id='word_1_402' title='bbox 1269 2989 1370 3014; x_wconf 88' lang='lat' dir='ltr'>codices</span> 
     </span>
     <span class='ocr_line' id='line_1_62' title="bbox 306 3022 1370 3057; baseline 0.002 -10"><span class='ocrx_word' id='word_1_403' title='bbox 306 3022 468 3052; x_wconf 76' lang='lat' dir='ltr'>concordant,</span> <span class='ocrx_word' id='word_1_404' title='bbox 488 3027 514 3047; x_wconf 85' lang='lat' dir='ltr'>et</span> <span class='ocrx_word' id='word_1_405' title='bbox 531 3028 645 3047; x_wconf 87' lang='lat' dir='ltr'>mentem</span> <span class='ocrx_word' id='word_1_406' title='bbox 664 3031 685 3048; x_wconf 88' lang='lat' dir='ltr'>s.</span> <span class='ocrx_word' id='word_1_407' title='bbox 695 3023 814 3048; x_wconf 75' lang='lat' dir='ltr'>”rhomae</span> <span class='ocrx_word' id='word_1_408' title='bbox 831 3024 966 3056; x_wconf 85' lang='lat' dir='ltr'>perspicue</span> <span class='ocrx_word' id='word_1_409' title='bbox 980 3024 1122 3055; x_wconf 82' lang='lat' dir='ltr'>traducunt,</span> <span class='ocrx_word' id='word_1_410' title='bbox 1139 3032 1170 3049; x_wconf 86' lang='lat' dir='ltr'>ex</span> <span class='ocrx_word' id='word_1_411' title='bbox 1183 3024 1246 3057; x_wconf 87' lang='lat' dir='ltr'>ipsis</span> <span class='ocrx_word' id='word_1_412' title='bbox 1260 3024 1370 3049; x_wconf 85' lang='lat' dir='ltr'>confeci-</span> 
     </span>
     <span class='ocr_line' id='line_1_63' title="bbox 305 3057 1371 3092; baseline 0.002 -10"><span class='ocrx_word' id='word_1_413' title='bbox 305 3065 365 3082; x_wconf 88' lang='lat' dir='ltr'>mus</span> <span class='ocrx_word' id='word_1_414' title='bbox 384 3057 521 3082; x_wconf 87' lang='lat' dir='ltr'>lectionem</span> <span class='ocrx_word' id='word_1_415' title='bbox 539 3063 654 3082; x_wconf 83' lang='lat' dir='ltr'>nostram</span> <span class='ocrx_word' id='word_1_416' title='bbox 673 3063 750 3090; x_wconf 82' lang='lat' dir='ltr'>atque</span> <span class='ocrx_word' id='word_1_417' title='bbox 768 3058 917 3083; x_wconf 83' lang='lat' dir='ltr'>suffecimus</span> <span class='ocrx_word' id='word_1_418' title='bbox 935 3059 1041 3084; x_wconf 70' lang='lat' dir='ltr'>Pinnae:</span> <span class='ocrx_word' id='word_1_419' title='bbox 1060 3066 1098 3084; x_wconf 85' lang='lat' dir='ltr'>ex</span> <span class='ocrx_word' id='word_1_420' title='bbox 1115 3059 1164 3084; x_wconf 87' lang='lat' dir='ltr'>hoc</span> <span class='ocrx_word' id='word_1_421' title='bbox 1180 3059 1279 3084; x_wconf 84' lang='lat' dir='ltr'>scilicet</span> <span class='ocrx_word' id='word_1_422' title='bbox 1299 3059 1371 3092; x_wconf 90' lang='lat' dir='ltr'>quod</span> 
     </span>
     <span class='ocr_line' id='line_1_64' title="bbox 307 3092 1369 3125; baseline 0.002 -8"><span class='ocrx_word' id='word_1_423' title='bbox 307 3092 491 3117; x_wconf 78' lang='lat' dir='ltr'>universaliter</span> <span class='ocrx_word' id='word_1_424' title='bbox 503 3093 661 3124; x_wconf 85' lang='lat' dir='ltr'>praedicari</span> <span class='ocrx_word' id='word_1_425' title='bbox 673 3097 766 3125; x_wconf 82' lang='lat' dir='ltr'>posset</span> <span class='ocrx_word' id='word_1_426' title='bbox 777 3094 818 3118; x_wconf 84' lang='lat' dir='ltr'>vel</span> <span class='ocrx_word' id='word_1_427' title='bbox 831 3100 882 3118; x_wconf 89' lang='lat' dir='ltr'>non</span> <span class='ocrx_word' id='word_1_428' title='bbox 902 3094 1087 3119; x_wconf 82' lang='lat' dir='ltr'>universaliter</span> <span class='ocrx_word' id='word_1_429' title='bbox 1092 3101 1101 3123; x_wconf 89' lang='lat'><em>;</em></span> <span class='ocrx_word' id='word_1_430' title='bbox 1115 3097 1141 3119; x_wconf 87' lang='lat' dir='ltr'>et</span> <span class='ocrx_word' id='word_1_431' title='bbox 1155 3094 1215 3119; x_wconf 81' lang='lat' dir='ltr'>ideo</span> <span class='ocrx_word' id='word_1_432' title='bbox 1229 3094 1266 3119; x_wconf 89' lang='lat' dir='ltr'>ad</span> <span class='ocrx_word' id='word_1_433' title='bbox 1279 3095 1369 3119; x_wconf 84' lang='lat' dir='ltr'>exclu-</span> 
     </span>
     <span class='ocr_line' id='line_1_65' title="bbox 307 3127 1371 3162; baseline 0.002 -10"><span class='ocrx_word' id='word_1_434' title='bbox 307 3127 422 3153; x_wconf 89' lang='lat' dir='ltr'>dendum</span> <span class='ocrx_word' id='word_1_435' title='bbox 442 3127 632 3152; x_wconf 81' lang='lat' dir='ltr'>dubitationem</span> <span class='ocrx_word' id='word_1_436' title='bbox 647 3128 712 3153; x_wconf 83' lang='lat' dir='ltr'>dicit</span> <span class='ocrx_word' id='word_1_437' title='bbox 725 3128 796 3161; x_wconf 87' lang='lat' dir='ltr'>quod</span> <span class='ocrx_word' id='word_1_438' title='bbox 809 3128 836 3153; x_wconf 85' lang='lat' dir='ltr'>in</span> <span class='ocrx_word' id='word_1_439' title='bbox 850 3135 881 3154; x_wconf 88' lang='lat' dir='ltr'>eo</span> <span class='ocrx_word' id='word_1_440' title='bbox 893 3129 965 3161; x_wconf 86' lang='lat' dir='ltr'>quod</span> <span class='ocrx_word' id='word_1_441' title='bbox 972 3129 1086 3161; x_wconf 85' lang='lat' dir='ltr'>ponitur</span> <span class='ocrx_word' id='word_1_442' title='bbox 1099 3130 1209 3162; x_wconf 80' lang='lat' dir='ltr'>aliquod</span> <span class='ocrx_word' id='word_1_443' title='bbox 1223 3129 1371 3155; x_wconf 81' lang='lat' dir='ltr'>universale</span> 
     </span>
     <span class='ocr_line' id='line_1_66' title="bbox 301 3161 1369 3195; baseline 0.001 -8"><span class='ocrx_word' id='word_1_444' title='bbox 301 3162 471 3195; x_wconf 81' lang='lat' dir='ltr'>praedicari,</span> <span class='ocrx_word' id='word_1_445' title='bbox 490 3162 562 3195; x_wconf 85' lang='lat' dir='ltr'>quod</span> <span class='ocrx_word' id='word_1_446' title='bbox 574 3163 749 3194; x_wconf 81' lang='lat' dir='ltr'>praedicetur</span> <span class='ocrx_word' id='word_1_447' title='bbox 767 3163 914 3189; x_wconf 75' lang='lat' dir='ltr'>universale</span> <span class='ocrx_word' id='word_1_448' title='bbox 933 3165 1126 3194; x_wconf 82' lang='lat' dir='ltr'>universaliter,</span> <span class='ocrx_word' id='word_1_449' title='bbox 1141 3172 1192 3190; x_wconf 87' lang='lat' dir='ltr'>non</span> <span class='ocrx_word' id='word_1_450' title='bbox 1211 3168 1251 3190; x_wconf 87' lang='lat' dir='ltr'>est</span> <span class='ocrx_word' id='word_1_451' title='bbox 1269 3161 1369 3190; x_wconf 64' lang='lat' dir='ltr'>iterum.</span> 
     </span>
    </p>

    <p class='ocr_par' dir='ltr' id='par_1_12' title="bbox 360 3196 1369 3232">
     <span class='ocr_line' id='line_1_67' title="bbox 360 3196 1369 3232; baseline 0.002 -10"><span class='ocrx_word' id='word_1_452' title='bbox 360 3196 406 3232; x_wconf 85' lang='grc' dir='ltr'>αα)</span> <span class='ocrx_word' id='word_1_453' title='bbox 426 3198 522 3223; x_wconf 84' lang='lat' dir='ltr'>Falsae</span> <span class='ocrx_word' id='word_1_454' title='bbox 536 3201 621 3222; x_wconf 79' lang='lat' dir='ltr'>essent</span> <span class='ocrx_word' id='word_1_455' title='bbox 632 3198 656 3223; x_wconf 84' lang='lat' dir='ltr'>si</span> <span class='ocrx_word' id='word_1_456' title='bbox 669 3198 857 3230; x_wconf 81' lang='lat' dir='ltr'>praedicatum</span> <span class='ocrx_word' id='word_1_457' title='bbox 870 3204 918 3224; x_wconf 90' lang='grc'><strong>010.</strong></span> <span class='ocrx_word' id='word_1_458' title='bbox 931 3199 967 3224; x_wconf 87' lang='lat' dir='ltr'>Ita</span> <span class='ocrx_word' id='word_1_459' title='bbox 980 3200 1054 3224; x_wconf 88' lang='lat' dir='ltr'>codd.</span> <span class='ocrx_word' id='word_1_460' title='bbox 1068 3200 1148 3229; x_wconf 83' lang='lat' dir='ltr'>ABC;</span> <span class='ocrx_word' id='word_1_461' title='bbox 1161 3204 1187 3224; x_wconf 91' lang='grc'>01</span> <span class='ocrx_word' id='word_1_462' title='bbox 1198 3207 1290 3224; x_wconf 82' lang='grc' dir='ltr'><strong>011111οε</strong></span> <span class='ocrx_word' id='word_1_463' title='bbox 1303 3200 1369 3224; x_wconf 89' lang='lat' dir='ltr'>Ven.</span> 
     </span>
    </p>
   </div>
   <div class='ocr_carea' id='block_1_10' title="bbox 255 3233 1370 3268">
    <p class='ocr_par' dir='ltr' id='par_1_13' title="bbox 255 3233 1370 3268">
     <span class='ocr_line' id='line_1_68' title="bbox 255 3233 1370 3268; baseline 0.002 -11"><span class='ocrx_word' id='word_1_464' title='bbox 255 3250 258 3252; x_wconf 89' lang='lat'><em>-</em></span> <span class='ocrx_word' id='word_1_465' title='bbox 306 3233 373 3263; x_wconf 66' lang='lat' dir='ltr'>edd„</span> <span class='ocrx_word' id='word_1_466' title='bbox 392 3238 418 3258; x_wconf 80' lang='lat' dir='ltr'>et</span> <span class='ocrx_word' id='word_1_467' title='bbox 430 3233 536 3266; x_wconf 81' lang='lat' dir='ltr'>optime,</span> <span class='ocrx_word' id='word_1_468' title='bbox 554 3237 584 3257; x_wconf 92' lang='lat' dir='ltr'>ut</span> <span class='ocrx_word' id='word_1_469' title='bbox 600 3233 657 3265; x_wconf 87' lang='lat' dir='ltr'>ipse</span> <span class='ocrx_word' id='word_1_470' title='bbox 675 3238 808 3258; x_wconf 80' lang='lat' dir='ltr'>contextus</span> <span class='ocrx_word' id='word_1_471' title='bbox 826 3239 913 3267; x_wconf 84' lang='lat' dir='ltr'>aperte</span> <span class='ocrx_word' id='word_1_472' title='bbox 936 3234 1158 3259; x_wconf 62' lang='lat' dir='ltr'>indicat-Editio</span> <span class='ocrx_word' id='word_1_473' title='bbox 1177 3235 1266 3259; x_wconf 77' lang='lat' dir='ltr'>Piana:</span> <span class='ocrx_word' id='word_1_474' title='bbox 1280 3235 1370 3268; x_wconf 85' lang='lat' dir='ltr'>salsae</span> 
     </span>
    </p>
   </div>
   <div class='ocr_carea' id='block_1_11' title="bbox 306 3266 1369 3336">
    <p class='ocr_par' dir='ltr' id='par_1_14' title="bbox 306 3266 1369 3336">
     <span class='ocr_line' id='line_1_69' title="bbox 306 3266 1368 3303; baseline 0.001 -10"><span class='ocrx_word' id='word_1_475' title='bbox 306 3272 369 3294; x_wconf 83' lang='lat' dir='ltr'>sunt</span> <span class='ocrx_word' id='word_1_476' title='bbox 384 3266 422 3302; x_wconf 86' lang='lat' dir='ltr'>(si</span> <span class='ocrx_word' id='word_1_477' title='bbox 434 3266 572 3303; x_wconf 84' lang='lat' dir='ltr'>omittitur)</span> <span class='ocrx_word' id='word_1_478' title='bbox 592 3268 771 3301; x_wconf 74' lang='lat' dir='ltr'>significatum</span> <span class='ocrx_word' id='word_1_479' title='bbox 791 3274 838 3294; x_wconf 88' lang='grc'><strong>010.</strong></span> <span class='ocrx_word' id='word_1_480' title='bbox 844 3277 852 3300; x_wconf 88' lang='lat'>;</span> <span class='ocrx_word' id='word_1_481' title='bbox 871 3277 938 3302; x_wconf 84' lang='lat' dir='ltr'>quae</span> <span class='ocrx_word' id='word_1_482' title='bbox 957 3269 1031 3294; x_wconf 86' lang='lat' dir='ltr'>lectio</span> <span class='ocrx_word' id='word_1_483' title='bbox 1046 3269 1162 3294; x_wconf 88' lang='lat' dir='ltr'>nonnihil</span> <span class='ocrx_word' id='word_1_484' title='bbox 1180 3269 1258 3294; x_wconf 86' lang='lat' dir='ltr'>habet</span> <span class='ocrx_word' id='word_1_485' title='bbox 1275 3270 1368 3294; x_wconf 90' lang='lat' dir='ltr'>obscu-</span> 
     </span>
     <span class='ocr_line' id='line_1_70' title="bbox 307 3303 1369 3336; baseline 0.001 -8"><span class='ocrx_word' id='word_1_486' title='bbox 307 3304 402 3334; x_wconf 84' lang='lat' dir='ltr'>ritatis,</span> <span class='ocrx_word' id='word_1_487' title='bbox 421 3303 541 3336; x_wconf 89' lang='lat' dir='ltr'>ponendo</span> <span class='ocrx_word' id='word_1_488' title='bbox 559 3303 738 3336; x_wconf 79' lang='lat' dir='ltr'>significatum</span> <span class='ocrx_word' id='word_1_489' title='bbox 757 3304 816 3329; x_wconf 92' lang='lat' dir='ltr'>loco</span> <span class='ocrx_word' id='word_1_490' title='bbox 828 3304 1025 3336; x_wconf 87' lang='lat' dir='ltr'>praedicatum.</span> <span class='ocrx_word' id='word_1_491' title='bbox 1040 3305 1122 3329; x_wconf 89' lang='lat' dir='ltr'>Codd.</span> <span class='ocrx_word' id='word_1_492' title='bbox 1141 3312 1204 3329; x_wconf 88' lang='lat' dir='ltr'>vero</span> <span class='ocrx_word' id='word_1_493' title='bbox 1218 3305 1263 3329; x_wconf 88' lang='lat' dir='ltr'>DE</span> <span class='ocrx_word' id='word_1_494' title='bbox 1276 3312 1369 3329; x_wconf 88' lang='lat' dir='ltr'>conve-</span> 
     </span>
    </p>
   </div>
   <div class='ocr_carea' id='block_1_12' title="bbox 1419 284 2484 322">
    <p class='ocr_par' dir='ltr' id='par_1_15' title="bbox 1419 284 2484 322">
     <span class='ocr_line' id='line_1_71' title="bbox 1419 284 2484 322; baseline 0.002 -2"><span class='ocrx_word' id='word_1_495' title='bbox 1419 284 1570 321; x_wconf 88' lang='lat' dir='ltr'>LECT.</span> <span class='ocrx_word' id='word_1_496' title='bbox 1601 285 1636 321; x_wconf 93' lang='lat' dir='ltr'>X</span> <span class='ocrx_word' id='word_1_497' title='bbox 2443 287 2460 322; x_wconf 88' lang='lat'><strong>5</strong></span> <span class='ocrx_word' id='word_1_498' title='bbox 2472 299 2484 322; x_wconf 85' lang='lat'>1</span> 
     </span>
    </p>
   </div>
   <div class='ocr_carea' id='block_1_13' title="bbox 1424 363 2492 2578">
    <p class='ocr_par' dir='ltr' id='par_1_16' title="bbox 1425 363 2492 1627">
     <span class='ocr_line' id='line_1_72' title="bbox 1479 363 2490 413; baseline 0 -11"><span class='ocrx_word' id='word_1_499' title='bbox 1479 364 1565 402; x_wconf 90' lang='lat' dir='ltr'>Alia</span> <span class='ocrx_word' id='word_1_500' title='bbox 1592 376 1685 401; x_wconf 91' lang='lat' dir='ltr'>vero</span> <span class='ocrx_word' id='word_1_501' title='bbox 1716 364 1808 402; x_wconf 89' lang='lat' dir='ltr'>ratio</span> <span class='ocrx_word' id='word_1_502' title='bbox 1837 372 1962 413; x_wconf 92' lang='lat' dir='ltr'>potest</span> <span class='ocrx_word' id='word_1_503' title='bbox 1981 363 2099 412; x_wconf 90' lang='lat' dir='ltr'>accipi</span> <span class='ocrx_word' id='word_1_504' title='bbox 2128 377 2173 400; x_wconf 88' lang='lat' dir='ltr'>ex</span> <span class='ocrx_word' id='word_1_505' title='bbox 2200 373 2306 412; x_wconf 90' lang='lat' dir='ltr'>parte</span> <span class='ocrx_word' id='word_1_506' title='bbox 2326 365 2490 402; x_wconf 89' lang='lat' dir='ltr'>veritatis</span> 
     </span>
     <span class='ocr_line' id='line_1_73' title="bbox 1429 416 2491 466; baseline 0 -12"><span class='ocrx_word' id='word_1_507' title='bbox 1429 417 1721 464; x_wconf 87' lang='lat' dir='ltr'>enunciationis;</span> <span class='ocrx_word' id='word_1_508' title='bbox 1753 425 1788 454; x_wconf 92' lang='lat' dir='ltr'>et</span> <span class='ocrx_word' id='word_1_509' title='bbox 1815 416 1884 454; x_wconf 87' lang='lat' dir='ltr'>ista</span> <span class='ocrx_word' id='word_1_510' title='bbox 1917 417 2126 466; x_wconf 90' lang='lat' dir='ltr'>specialiter</span> <span class='ocrx_word' id='word_1_511' title='bbox 2159 417 2273 453; x_wconf 90' lang='lat' dir='ltr'>habet</span> <span class='ocrx_word' id='word_1_512' title='bbox 2296 418 2422 455; x_wconf 90' lang='lat' dir='ltr'>locum</span> <span class='ocrx_word' id='word_1_513' title='bbox 2452 418 2491 454; x_wconf 89' lang='lat' dir='ltr'>in</span> 
     </span>
     <span class='ocr_line' id='line_1_74' title="bbox 1428 470 2491 520; baseline -0.001 -13"><span class='ocrx_word' id='word_1_514' title='bbox 1428 471 1743 508; x_wconf 83' lang='lat' dir='ltr'>affirmationibus</span> <span class='ocrx_word' id='word_1_515' title='bbox 1759 483 1857 520; x_wconf 91' lang='lat' dir='ltr'>quae</span> <span class='ocrx_word' id='word_1_516' title='bbox 1877 470 1991 507; x_wconf 90' lang='lat' dir='ltr'>falsae</span> <span class='ocrx_word' id='word_1_517' title='bbox 2007 477 2131 508; x_wconf 87' lang='lat' dir='ltr'>essent</span> <span class='ocrx_word' id='word_1_518' title='bbox 2146 470 2175 506; x_wconf 89' lang='lat' dir='ltr'>si</span> <span class='ocrx_word' id='word_1_519' title='bbox 2189 470 2491 518; x_wconf 71' lang='lat' dir='ltr'>praedicatum⁰²⁰²</span> 
     </span>
     <span class='ocr_line' id='line_1_75' title="bbox 1426 522 2491 573; baseline -0.002 -13"><span class='ocrx_word' id='word_1_520' title='bbox 1426 524 1687 561; x_wconf 87' lang='lat' dir='ltr'>universaliter</span> <span class='ocrx_word' id='word_1_521' title='bbox 1705 523 1995 573; x_wconf 89' lang='lat' dir='ltr'>praedicaretur.</span> <span class='ocrx_word' id='word_1_522' title='bbox 2018 523 2067 559; x_wconf 88' lang='lat' dir='ltr'>Et</span> <span class='ocrx_word' id='word_1_523' title='bbox 2085 522 2171 560; x_wconf 91' lang='lat' dir='ltr'>ideo</span> <span class='ocrx_word' id='word_1_524' title='bbox 2193 522 2434 559; x_wconf 88' lang='lat' dir='ltr'>manifestans</span> <span class='ocrx_word' id='word_1_525' title='bbox 2453 523 2491 559; x_wconf 91' lang='lat' dir='ltr'>id</span> 
     </span>
     <span class='ocr_line' id='line_1_76' title="bbox 1428 575 2490 626; baseline -0.002 -13"><span class='ocrx_word' id='word_1_526' title='bbox 1428 577 1532 625; x_wconf 91' lang='lat' dir='ltr'>quod</span> <span class='ocrx_word' id='word_1_527' title='bbox 1557 584 1755 626; x_wconf 89' lang='lat' dir='ltr'>posuerat,</span> <span class='ocrx_word' id='word_1_528' title='bbox 1786 576 1976 624; x_wconf 88' lang='lat' dir='ltr'>subiungit</span> <span class='ocrx_word' id='word_1_529' title='bbox 2004 575 2108 624; x_wconf 93' lang='lat' dir='ltr'>quod</span> <span class='ocrx_word' id='word_1_530' title='bbox 2136 575 2255 612; x_wconf 89' lang='lat' dir='ltr'>Nulla</span> <span class='ocrx_word' id='word_1_531' title='bbox 2284 576 2490 623; x_wconf 88' lang='lat' dir='ltr'>affirmatio</span> 
     </span>
     <span class='ocr_line' id='line_1_77' title="bbox 1428 628 2490 678; baseline -0.002 -12"><span class='ocrx_word' id='word_1_532' title='bbox 1428 628 1524 667; x_wconf 66' lang='lat' dir='ltr'>estssss</span> <span class='ocrx_word' id='word_1_533' title='bbox 1539 631 1575 666; x_wconf 89' lang='lat' dir='ltr'>in</span> <span class='ocrx_word' id='word_1_534' title='bbox 1597 642 1683 678; x_wconf 87' lang='lat' dir='ltr'>qua,</span> <span class='ocrx_word' id='word_1_535' title='bbox 1704 629 1841 666; x_wconf 91' lang='lat' dir='ltr'>scilicet</span> <span class='ocrx_word' id='word_1_536' title='bbox 1859 641 1962 675; x_wconf 91' lang='lat' dir='ltr'>vere,</span> <span class='ocrx_word' id='word_1_537' title='bbox 1987 629 2033 665; x_wconf 89' lang='lat' dir='ltr'>de</span> <span class='ocrx_word' id='word_1_538' title='bbox 2057 628 2261 665; x_wconf 81' lang='lat' dir='ltr'>universali</span> <span class='ocrx_word' id='word_1_539' title='bbox 2271 628 2490 676; x_wconf 88' lang='lat' dir='ltr'>praedicato</span> 
     </span>
     <span class='ocr_line' id='line_1_78' title="bbox 1429 680 2490 730; baseline -0.003 -11"><span class='ocrx_word' id='word_1_540' title='bbox 1429 682 1687 719; x_wconf 78' lang='lat' dir='ltr'>universaliter</span> <span class='ocrx_word' id='word_1_541' title='bbox 1714 682 1963 730; x_wconf 85' lang='lat' dir='ltr'>praedicetur,</span> <span class='ocrx_word' id='word_1_542' title='bbox 1993 681 2089 718; x_wconf 88' lang='lat' dir='ltr'>idest</span> <span class='ocrx_word' id='word_1_543' title='bbox 2114 681 2151 718; x_wconf 91' lang='lat' dir='ltr'>in</span> <span class='ocrx_word' id='word_1_544' title='bbox 2185 693 2260 730; x_wconf 93' lang='lat' dir='ltr'>qua</span> <span class='ocrx_word' id='word_1_545' title='bbox 2287 680 2490 717; x_wconf 91' lang='lat' dir='ltr'>universali</span> 
     </span>
     <span class='ocr_line' id='line_1_79' title="bbox 1426 733 2489 784; baseline -0.002 -12"><span class='ocrx_word' id='word_1_546' title='bbox 1426 735 1644 784; x_wconf 89' lang='lat' dir='ltr'>praedicato</span> <span class='ocrx_word' id='word_1_547' title='bbox 1663 735 1779 772; x_wconf 91' lang='lat' dir='ltr'>utitur</span> <span class='ocrx_word' id='word_1_548' title='bbox 1797 735 1846 771; x_wconf 89' lang='lat' dir='ltr'>ad</span> <span class='ocrx_word' id='word_1_549' title='bbox 1864 734 2125 771; x_wconf 91' lang='lat' dir='ltr'>universaliter</span> <span class='ocrx_word' id='word_1_550' title='bbox 2142 733 2441 783; x_wconf 90' lang='lat' dir='ltr'>praedicandum</span> <span class='ocrx_word' id='word_1_551' title='bbox 2458 735 2489 779; x_wconf 67' lang='grc' dir='ltr'>’ς</span> 
     </span>
     <span class='ocr_line' id='line_1_80' title="bbox 1428 786 2488 834; baseline -0.003 -9"><span class='ocrx_word' id='word_1_552' title='bbox 1428 796 1469 825; x_wconf 84' lang='grc'>111</span> <span class='ocrx_word' id='word_1_553' title='bbox 1501 788 1531 825; x_wconf 91' lang='lat' dir='ltr'>si</span> <span class='ocrx_word' id='word_1_554' title='bbox 1560 788 1766 834; x_wconf 91' lang='lat' dir='ltr'>diceretur,</span> <span class='ocrx_word' id='word_1_555' title='bbox 1801 788 1921 823; x_wconf 79' lang='lat' dir='ltr'>omnis</span> <span class='ocrx_word' id='word_1_556' title='bbox 1953 789 2064 824; x_wconf 87' lang='lat' dir='ltr'>homo</span> <span class='ocrx_word' id='word_1_557' title='bbox 2098 793 2151 823; x_wconf 82' lang='lat' dir='ltr'>est</span> <span class='ocrx_word' id='word_1_558' title='bbox 2189 799 2299 823; x_wconf 91' lang='lat' dir='ltr'>omne</span> <span class='ocrx_word' id='word_1_559' title='bbox 2334 786 2488 823; x_wconf 88' lang='lat' dir='ltr'>animal.</span> 
     </span>
     <span class='ocr_line' id='line_1_81' title="bbox 1429 839 2489 889; baseline -0.003 -11"><span class='ocrx_word' id='word_1_560' title='bbox 1429 841 1618 889; x_wconf 65' lang='lat' dir='ltr'>Oportet*</span> <span class='ocrx_word' id='word_1_561' title='bbox 1628 840 1741 887; x_wconf 87' lang='lat' dir='ltr'>enim,</span> <span class='ocrx_word' id='word_1_562' title='bbox 1750 840 1961 876; x_wconf 90' lang='lat' dir='ltr'>secundum</span> <span class='ocrx_word' id='word_1_563' title='bbox 1971 839 2174 888; x_wconf 90' lang='lat' dir='ltr'>praedicta,</span> <span class='ocrx_word' id='word_1_564' title='bbox 2184 839 2288 888; x_wconf 91' lang='lat' dir='ltr'>quod</span> <span class='ocrx_word' id='word_1_565' title='bbox 2298 840 2372 876; x_wconf 93' lang='grc'><strong>1100</strong></span> <span class='ocrx_word' id='word_1_566' title='bbox 2381 851 2489 888; x_wconf 90' lang='lat' dir='ltr'>prae-</span> 
     </span>
     <span class='ocr_line' id='line_1_82' title="bbox 1429 892 2488 940; baseline -0.002 -10"><span class='ocrx_word' id='word_1_567' title='bbox 1429 894 1595 930; x_wconf 89' lang='lat' dir='ltr'>dicatum</span> <span class='ocrx_word' id='word_1_568' title='bbox 1633 893 1795 938; x_wconf 84' lang='lat' dir='ltr'>animal,</span> <span class='ocrx_word' id='word_1_569' title='bbox 1830 892 2041 928; x_wconf 89' lang='lat' dir='ltr'>secundum</span> <span class='ocrx_word' id='word_1_570' title='bbox 2076 892 2220 939; x_wconf 89' lang='lat' dir='ltr'>singula</span> <span class='ocrx_word' id='word_1_571' title='bbox 2241 893 2260 913; x_wconf 81' lang='grc'><em>*</em></span> <span class='ocrx_word' id='word_1_572' title='bbox 2288 905 2385 940; x_wconf 92' lang='lat' dir='ltr'>quae</span> <span class='ocrx_word' id='word_1_573' title='bbox 2418 893 2488 929; x_wconf 92' lang='lat' dir='ltr'>sub</span> 
     </span>
     <span class='ocr_line' id='line_1_83' title="bbox 1427 944 2490 995; baseline -0.001 -13"><span class='ocrx_word' id='word_1_574' title='bbox 1427 946 1511 995; x_wconf 90' lang='lat' dir='ltr'>ipso</span> <span class='ocrx_word' id='word_1_575' title='bbox 1534 945 1782 992; x_wconf 86' lang='lat' dir='ltr'>continentur,</span> <span class='ocrx_word' id='word_1_576' title='bbox 1811 944 2092 992; x_wconf 89' lang='lat' dir='ltr'>praedicaretur</span> <span class='ocrx_word' id='word_1_577' title='bbox 2124 945 2171 981; x_wconf 90' lang='lat' dir='ltr'>de</span> <span class='ocrx_word' id='word_1_578' title='bbox 2206 945 2357 992; x_wconf 89' lang='lat' dir='ltr'>singulis</span> <span class='ocrx_word' id='word_1_579' title='bbox 2392 957 2490 993; x_wconf 89' lang='lat' dir='ltr'>quae</span> 
     </span>
     <span class='ocr_line' id='line_1_84' title="bbox 1429 997 2489 1046; baseline 0 -12"><span class='ocrx_word' id='word_1_580' title='bbox 1429 998 1667 1035; x_wconf 89' lang='lat' dir='ltr'>continentur</span> <span class='ocrx_word' id='word_1_581' title='bbox 1695 998 1765 1034; x_wconf 91' lang='lat' dir='ltr'>sub</span> <span class='ocrx_word' id='word_1_582' title='bbox 1794 997 1971 1041; x_wconf 85' lang='lat' dir='ltr'>homine;</span> <span class='ocrx_word' id='word_1_583' title='bbox 1993 1004 2029 1033; x_wconf 91' lang='lat' dir='ltr'>et</span> <span class='ocrx_word' id='word_1_584' title='bbox 2055 997 2130 1033; x_wconf 94' lang='lat' dir='ltr'>hoc</span> <span class='ocrx_word' id='word_1_585' title='bbox 2161 1010 2239 1034; x_wconf 94' lang='lat' dir='ltr'>non</span> <span class='ocrx_word' id='word_1_586' title='bbox 2262 1005 2388 1046; x_wconf 90' lang='lat' dir='ltr'>potest</span> <span class='ocrx_word' id='word_1_587' title='bbox 2406 1010 2489 1034; x_wconf 90' lang='lat' dir='ltr'>esse</span> 
     </span>
     <span class='ocr_line' id='line_1_85' title="bbox 1427 1049 2489 1099; baseline -0.002 -11"><span class='ocrx_word' id='word_1_588' title='bbox 1427 1063 1582 1097; x_wconf 88' lang='lat' dir='ltr'>verum,</span> <span class='ocrx_word' id='word_1_589' title='bbox 1612 1062 1738 1099; x_wconf 89' lang='lat' dir='ltr'>neque</span> <span class='ocrx_word' id='word_1_590' title='bbox 1771 1049 1801 1086; x_wconf 93' lang='lat' dir='ltr'>si</span> <span class='ocrx_word' id='word_1_591' title='bbox 1828 1049 2087 1097; x_wconf 88' lang='lat' dir='ltr'>praedicatum</span> <span class='ocrx_word' id='word_1_592' title='bbox 2116 1049 2161 1086; x_wconf 94' lang='lat' dir='ltr'>sit</span> <span class='ocrx_word' id='word_1_593' title='bbox 2193 1051 2230 1086; x_wconf 89' lang='lat' dir='ltr'>in</span> <span class='ocrx_word' id='word_1_594' title='bbox 2258 1050 2344 1098; x_wconf 87' lang='lat' dir='ltr'>plus</span> <span class='ocrx_word' id='word_1_595' title='bbox 2373 1062 2489 1099; x_wconf 92' lang='lat' dir='ltr'>quam</span> 
     </span>
     <span class='ocr_line' id='line_1_86' title="bbox 1428 1101 2489 1150; baseline 0 -11"><span class='ocrx_word' id='word_1_596' title='bbox 1428 1103 1658 1149; x_wconf 91' lang='lat' dir='ltr'>subiectum,</span> <span class='ocrx_word' id='word_1_597' title='bbox 1688 1114 1812 1150; x_wconf 90' lang='lat' dir='ltr'>neque</span> <span class='ocrx_word' id='word_1_598' title='bbox 1841 1101 1871 1138; x_wconf 89' lang='lat' dir='ltr'>si</span> <span class='ocrx_word' id='word_1_599' title='bbox 1893 1102 2152 1150; x_wconf 88' lang='lat' dir='ltr'>praedicatum</span> <span class='ocrx_word' id='word_1_600' title='bbox 2178 1103 2222 1139; x_wconf 91' lang='lat' dir='ltr'>sit</span> <span class='ocrx_word' id='word_1_601' title='bbox 2246 1103 2489 1139; x_wconf 90' lang='lat' dir='ltr'>convertibile</span> 
     </span>
     <span class='ocr_line' id='line_1_87' title="bbox 1429 1154 2489 1203; baseline 0 -11"><span class='ocrx_word' id='word_1_602' title='bbox 1429 1168 1517 1192; x_wconf 93' lang='lat' dir='ltr'>cum</span> <span class='ocrx_word' id='word_1_603' title='bbox 1551 1168 1596 1192; x_wconf 92' lang='lat' dir='ltr'>eo</span> <span class='ocrx_word' id='word_1_604' title='bbox 1611 1156 1642 1191; x_wconf 68' lang='lat'>³¹³.</span> <span class='ocrx_word' id='word_1_605' title='bbox 1674 1155 1878 1203; x_wconf 90' lang='lat' dir='ltr'>Oporteret</span> <span class='ocrx_word' id='word_1_606' title='bbox 1911 1154 2013 1191; x_wconf 89' lang='lat' dir='ltr'>enim</span> <span class='ocrx_word' id='word_1_607' title='bbox 2047 1155 2151 1203; x_wconf 92' lang='lat' dir='ltr'>quod</span> <span class='ocrx_word' id='word_1_608' title='bbox 2193 1155 2347 1203; x_wconf 91' lang='lat' dir='ltr'>quilibet</span> <span class='ocrx_word' id='word_1_609' title='bbox 2390 1168 2489 1192; x_wconf 90' lang='lat' dir='ltr'>unus</span> 
     </span>
     <span class='ocr_line' id='line_1_88' title="bbox 1427 1207 2488 1253; baseline 0 -9"><span class='ocrx_word' id='word_1_610' title='bbox 1427 1209 1547 1244; x_wconf 92' lang='lat' dir='ltr'>homo</span> <span class='ocrx_word' id='word_1_611' title='bbox 1577 1215 1676 1244; x_wconf 89' lang='lat' dir='ltr'>esset</span> <span class='ocrx_word' id='word_1_612' title='bbox 1703 1207 1879 1244; x_wconf 88' lang='lat' dir='ltr'>animalia</span> <span class='ocrx_word' id='word_1_613' title='bbox 1908 1207 2047 1253; x_wconf 89' lang='lat' dir='ltr'>omnia,</span> <span class='ocrx_word' id='word_1_614' title='bbox 2078 1215 2142 1244; x_wconf 90' lang='lat' dir='ltr'>aut</span> <span class='ocrx_word' id='word_1_615' title='bbox 2170 1208 2299 1244; x_wconf 90' lang='lat' dir='ltr'>omnia</span> <span class='ocrx_word' id='word_1_616' title='bbox 2319 1208 2488 1244; x_wconf 89' lang='lat' dir='ltr'>risibilia:</span> 
     </span>
     <span class='ocr_line' id='line_1_89' title="bbox 1428 1260 2491 1310; baseline 0.001 -13"><span class='ocrx_word' id='word_1_617' title='bbox 1428 1273 1526 1310; x_wconf 90' lang='lat' dir='ltr'>quae</span> <span class='ocrx_word' id='word_1_618' title='bbox 1547 1260 1786 1309; x_wconf 76' lang='lat' dir='ltr'>repugnant*</span> <span class='ocrx_word' id='word_1_619' title='bbox 1807 1260 1940 1296; x_wconf 88' lang='lat' dir='ltr'>rationi</span> <span class='ocrx_word' id='word_1_620' title='bbox 1960 1260 2165 1307; x_wconf 87' lang='lat' dir='ltr'>singularis,</span> <span class='ocrx_word' id='word_1_621' title='bbox 2188 1260 2292 1309; x_wconf 89' lang='lat' dir='ltr'>quod</span> <span class='ocrx_word' id='word_1_622' title='bbox 2312 1261 2491 1309; x_wconf 90' lang='lat' dir='ltr'>accipitur</span> 
     </span>
     <span class='ocr_line' id='line_1_90' title="bbox 1428 1313 2490 1362; baseline 0 -12"><span class='ocrx_word' id='word_1_623' title='bbox 1428 1314 1499 1350; x_wconf 93' lang='lat' dir='ltr'>sub</span> <span class='ocrx_word' id='word_1_624' title='bbox 1519 1313 1734 1350; x_wconf 91' lang='lat' dir='ltr'>universali.</span> <span class='ocrx_word' id='word_1_625' title='bbox 1750 1313 1867 1349; x_wconf 91' lang='lat' dir='ltr'>-Nec</span> <span class='ocrx_word' id='word_1_626' title='bbox 1888 1320 1943 1349; x_wconf 91' lang='lat' dir='ltr'>est</span> <span class='ocrx_word' id='word_1_627' title='bbox 1970 1313 2143 1349; x_wconf 90' lang='lat' dir='ltr'>instantia</span> <span class='ocrx_word' id='word_1_628' title='bbox 2164 1313 2193 1349; x_wconf 91' lang='lat' dir='ltr'>si</span> <span class='ocrx_word' id='word_1_629' title='bbox 2215 1313 2358 1350; x_wconf 87' lang='lat' dir='ltr'>dicatur</span> <span class='ocrx_word' id='word_1_630' title='bbox 2386 1314 2490 1362; x_wconf 91' lang='lat' dir='ltr'>quod</span> 
     </span>
     <span class='ocr_line' id='line_1_91' title="bbox 1427 1366 2491 1414; baseline 0 -11"><span class='ocrx_word' id='word_1_631' title='bbox 1427 1367 1523 1403; x_wconf 91' lang='lat' dir='ltr'>haec</span> <span class='ocrx_word' id='word_1_632' title='bbox 1552 1374 1607 1403; x_wconf 91' lang='lat' dir='ltr'>est</span> <span class='ocrx_word' id='word_1_633' title='bbox 1634 1379 1747 1413; x_wconf 91' lang='lat' dir='ltr'>vera,</span> <span class='ocrx_word' id='word_1_634' title='bbox 1778 1366 1899 1402; x_wconf 86' lang='lat' dir='ltr'>omnis</span> <span class='ocrx_word' id='word_1_635' title='bbox 1926 1367 2038 1402; x_wconf 88' lang='lat' dir='ltr'>homo</span> <span class='ocrx_word' id='word_1_636' title='bbox 2065 1371 2118 1402; x_wconf 87' lang='lat' dir='ltr'>est</span> <span class='ocrx_word' id='word_1_637' title='bbox 2135 1366 2256 1402; x_wconf 81' lang='lat' dir='ltr'>omnis</span> <span class='ocrx_word' id='word_1_638' title='bbox 2277 1366 2491 1414; x_wconf 85' lang='lat' dir='ltr'>disciplinae</span> 
     </span>
     <span class='ocr_line' id='line_1_92' title="bbox 1425 1418 2490 1468; baseline -0.001 -12"><span class='ocrx_word' id='word_1_639' title='bbox 1425 1420 1673 1468; x_wconf 72' lang='lat' dir='ltr'>susceptivus.-</span> <span class='ocrx_word' id='word_1_640' title='bbox 1709 1418 1904 1467; x_wconf 88' lang='lat' dir='ltr'>disciplina</span> <span class='ocrx_word' id='word_1_641' title='bbox 1938 1418 2039 1455; x_wconf 89' lang='lat' dir='ltr'>enim</span> <span class='ocrx_word' id='word_1_642' title='bbox 2072 1430 2150 1455; x_wconf 90' lang='lat' dir='ltr'>non</span> <span class='ocrx_word' id='word_1_643' title='bbox 2177 1418 2415 1467; x_wconf 91' lang='lat' dir='ltr'>praedicatur</span> <span class='ocrx_word' id='word_1_644' title='bbox 2443 1419 2490 1456; x_wconf 93' lang='lat' dir='ltr'>de</span> 
     </span>
     <span class='ocr_line' id='line_1_93' title="bbox 1427 1471 2492 1519; baseline -0.001 -10"><span class='ocrx_word' id='word_1_645' title='bbox 1427 1473 1600 1519; x_wconf 89' lang='lat' dir='ltr'>homine,</span> <span class='ocrx_word' id='word_1_646' title='bbox 1636 1472 1704 1509; x_wconf 93' lang='lat' dir='ltr'>sed</span> <span class='ocrx_word' id='word_1_647' title='bbox 1730 1471 1977 1519; x_wconf 77' lang='lat' dir='ltr'>susceptivum</span> <span class='ocrx_word' id='word_1_648' title='bbox 2005 1471 2239 1519; x_wconf 81' lang='lat' dir='ltr'>disciplinae;</span> <span class='ocrx_word' id='word_1_649' title='bbox 2267 1480 2492 1519; x_wconf 87' lang='lat' dir='ltr'>repugnaret</span> 
     </span>
     <span class='ocr_line' id='line_1_94' title="bbox 1427 1524 2492 1572; baseline 0 -10"><span class='ocrx_word' id='word_1_650' title='bbox 1427 1533 1556 1562; x_wconf 92' lang='lat' dir='ltr'>autem</span> <span class='ocrx_word' id='word_1_651' title='bbox 1584 1525 1731 1562; x_wconf 85' lang='lat' dir='ltr'>veritati</span> <span class='ocrx_word' id='word_1_652' title='bbox 1757 1525 1787 1561; x_wconf 92' lang='lat' dir='ltr'>si</span> <span class='ocrx_word' id='word_1_653' title='bbox 1812 1524 2015 1572; x_wconf 91' lang='lat' dir='ltr'>diceretur,</span> <span class='ocrx_word' id='word_1_654' title='bbox 2037 1525 2157 1561; x_wconf 85' lang='lat' dir='ltr'>omnis</span> <span class='ocrx_word' id='word_1_655' title='bbox 2175 1525 2288 1560; x_wconf 84' lang='lat' dir='ltr'>homo</span> <span class='ocrx_word' id='word_1_656' title='bbox 2303 1530 2356 1560; x_wconf 82' lang='lat' dir='ltr'>est</span> <span class='ocrx_word' id='word_1_657' title='bbox 2382 1537 2492 1562; x_wconf 90' lang='lat' dir='ltr'>omne</span> 
     </span>
     <span class='ocr_line' id='line_1_95' title="bbox 1425 1577 1926 1627; baseline -0.004 -12"><span class='ocrx_word' id='word_1_658' title='bbox 1425 1579 1672 1627; x_wconf 76' lang='lat' dir='ltr'>susceptivum</span> <span class='ocrx_word' id='word_1_659' title='bbox 1701 1577 1926 1625; x_wconf 85' lang='lat' dir='ltr'>disciplinae.</span> 
     </span>
    </p>

    <p class='ocr_par' dir='ltr' id='par_1_17' title="bbox 1424 1629 2492 2578">
     <span class='ocr_line' id='line_1_96' title="bbox 1482 1629 2491 1679; baseline -0.002 -11"><span class='ocrx_word' id='word_1_660' title='bbox 1482 1643 1542 1678; x_wconf 91' lang='lat'>24.</span> <span class='ocrx_word' id='word_1_661' title='bbox 1574 1631 1733 1679; x_wconf 89' lang='lat' dir='ltr'>Signum</span> <span class='ocrx_word' id='word_1_662' title='bbox 1762 1638 1890 1667; x_wconf 88' lang='lat' dir='ltr'>autem</span> <span class='ocrx_word' id='word_1_663' title='bbox 1917 1629 2132 1667; x_wconf 90' lang='lat' dir='ltr'>universale</span> <span class='ocrx_word' id='word_1_664' title='bbox 2164 1629 2395 1677; x_wconf 89' lang='lat' dir='ltr'>negativum,</span> <span class='ocrx_word' id='word_1_665' title='bbox 2430 1630 2491 1667; x_wconf 90' lang='lat' dir='ltr'>vel</span> 
     </span>
     <span class='ocr_line' id='line_1_97' title="bbox 1425 1682 2491 1733; baseline -0.004 -11"><span class='ocrx_word' id='word_1_666' title='bbox 1425 1685 1649 1733; x_wconf 86' lang='lat' dir='ltr'>particulare</span> <span class='ocrx_word' id='word_1_667' title='bbox 1678 1683 1975 1729; x_wconf 86' lang='lat' dir='ltr'>affirmativum,</span> <span class='ocrx_word' id='word_1_668' title='bbox 2012 1682 2080 1719; x_wconf 91' lang='lat' dir='ltr'>etsi</span> <span class='ocrx_word' id='word_1_669' title='bbox 2111 1682 2395 1719; x_wconf 89' lang='lat' dir='ltr'>convenientius</span> <span class='ocrx_word' id='word_1_670' title='bbox 2422 1695 2491 1731; x_wconf 92' lang='lat' dir='ltr'>po-</span> 
     </span>
     <span class='ocr_line' id='line_1_98' title="bbox 1426 1735 2492 1785; baseline -0.002 -11"><span class='ocrx_word' id='word_1_671' title='bbox 1426 1745 1563 1774; x_wconf 91' lang='lat' dir='ltr'>nantur</span> <span class='ocrx_word' id='word_1_672' title='bbox 1597 1749 1643 1773; x_wconf 88' lang='lat' dir='ltr'>ex</span> <span class='ocrx_word' id='word_1_673' title='bbox 1675 1743 1782 1785; x_wconf 89' lang='lat' dir='ltr'>parte</span> <span class='ocrx_word' id='word_1_674' title='bbox 1816 1735 1993 1783; x_wconf 90' lang='lat' dir='ltr'>subiecti,</span> <span class='ocrx_word' id='word_1_675' title='bbox 2032 1748 2110 1772; x_wconf 92' lang='lat' dir='ltr'>non</span> <span class='ocrx_word' id='word_1_676' title='bbox 2147 1742 2275 1772; x_wconf 88' lang='lat' dir='ltr'>tamen</span> <span class='ocrx_word' id='word_1_677' title='bbox 2309 1743 2492 1784; x_wconf 88' lang='lat' dir='ltr'>repugnat</span> 
     </span>
     <span class='ocr_line' id='line_1_99' title="bbox 1426 1788 2489 1837; baseline -0.003 -9"><span class='ocrx_word' id='word_1_678' title='bbox 1426 1790 1573 1827; x_wconf 90' lang='lat' dir='ltr'>veritati</span> <span class='ocrx_word' id='word_1_679' title='bbox 1611 1789 1726 1826; x_wconf 90' lang='lat' dir='ltr'>etiam</span> <span class='ocrx_word' id='word_1_680' title='bbox 1763 1788 1793 1825; x_wconf 91' lang='lat' dir='ltr'>si</span> <span class='ocrx_word' id='word_1_681' title='bbox 1829 1796 2020 1837; x_wconf 90' lang='lat' dir='ltr'>ponantur</span> <span class='ocrx_word' id='word_1_682' title='bbox 2053 1801 2099 1825; x_wconf 84' lang='lat' dir='ltr'>ex</span> <span class='ocrx_word' id='word_1_683' title='bbox 2131 1795 2237 1836; x_wconf 91' lang='lat' dir='ltr'>parte</span> <span class='ocrx_word' id='word_1_684' title='bbox 2274 1789 2489 1836; x_wconf 84' lang='lat' dir='ltr'>praedicati.</span> 
     </span>
     <span class='ocr_line' id='line_1_100' title="bbox 1428 1841 2492 1891; baseline -0.003 -11"><span class='ocrx_word' id='word_1_685' title='bbox 1428 1843 1619 1891; x_wconf 89' lang='lat' dir='ltr'>Contingit</span> <span class='ocrx_word' id='word_1_686' title='bbox 1634 1842 1736 1879; x_wconf 90' lang='lat' dir='ltr'>enim</span> <span class='ocrx_word' id='word_1_687' title='bbox 1764 1841 1984 1878; x_wconf 90' lang='lat' dir='ltr'>huiusmodi</span> <span class='ocrx_word' id='word_1_688' title='bbox 2013 1841 2294 1878; x_wconf 88' lang='lat' dir='ltr'>enunciationes</span> <span class='ocrx_word' id='word_1_689' title='bbox 2314 1841 2352 1877; x_wconf 91' lang='lat' dir='ltr'>in</span> <span class='ocrx_word' id='word_1_690' title='bbox 2367 1841 2492 1889; x_wconf 90' lang='lat' dir='ltr'>aliqua</span> 
     </span>
     <span class='ocr_line' id='line_1_101' title="bbox 1427 1894 2491 1940; baseline -0.003 -7"><span class='ocrx_word' id='word_1_691' title='bbox 1427 1896 1584 1933; x_wconf 86' lang='lat' dir='ltr'>materia</span> <span class='ocrx_word' id='word_1_692' title='bbox 1613 1908 1694 1932; x_wconf 92' lang='lat' dir='ltr'>esse</span> <span class='ocrx_word' id='word_1_693' title='bbox 1723 1907 1850 1931; x_wconf 89' lang='lat' dir='ltr'>veras:</span> <span class='ocrx_word' id='word_1_694' title='bbox 1880 1895 1975 1931; x_wconf 90' lang='lat' dir='ltr'>haec</span> <span class='ocrx_word' id='word_1_695' title='bbox 2008 1894 2109 1930; x_wconf 91' lang='lat' dir='ltr'>enim</span> <span class='ocrx_word' id='word_1_696' title='bbox 2146 1901 2200 1930; x_wconf 91' lang='lat' dir='ltr'>est</span> <span class='ocrx_word' id='word_1_697' title='bbox 2232 1906 2340 1940; x_wconf 90' lang='lat' dir='ltr'>vera,</span> <span class='ocrx_word' id='word_1_698' title='bbox 2371 1895 2491 1930; x_wconf 83' lang='lat' dir='ltr'>omnis</span> 
     </span>
     <span class='ocr_line' id='line_1_102' title="bbox 1426 1946 2489 1996; baseline -0.003 -10"><span class='ocrx_word' id='word_1_699' title='bbox 1426 1950 1538 1986; x_wconf 88' lang='lat' dir='ltr'>homo</span> <span class='ocrx_word' id='word_1_700' title='bbox 1558 1948 1681 1985; x_wconf 81' lang='lat' dir='ltr'>nullus</span> <span class='ocrx_word' id='word_1_701' title='bbox 1709 1947 1803 1996; x_wconf 83' lang='lat' dir='ltr'>lapis</span> <span class='ocrx_word' id='word_1_702' title='bbox 1830 1953 1901 1991; x_wconf 86' lang='lat' dir='ltr'>est,·</span> <span class='ocrx_word' id='word_1_703' title='bbox 1926 1954 1962 1984; x_wconf 91' lang='lat' dir='ltr'>et</span> <span class='ocrx_word' id='word_1_704' title='bbox 1990 1946 2158 1983; x_wconf 90' lang='lat' dir='ltr'>similiter</span> <span class='ocrx_word' id='word_1_705' title='bbox 2184 1947 2279 1983; x_wconf 89' lang='lat' dir='ltr'>haec</span> <span class='ocrx_word' id='word_1_706' title='bbox 2308 1954 2363 1983; x_wconf 90' lang='lat' dir='ltr'>est</span> <span class='ocrx_word' id='word_1_707' title='bbox 2385 1959 2489 1993; x_wconf 90' lang='lat' dir='ltr'>vera,</span> 
     </span>
     <span class='ocr_line' id='line_1_103' title="bbox 1426 1999 2491 2049; baseline -0.003 -10"><span class='ocrx_word' id='word_1_708' title='bbox 1426 2003 1547 2039; x_wconf 86' lang='lat' dir='ltr'>omnis</span> <span class='ocrx_word' id='word_1_709' title='bbox 1569 2003 1682 2038; x_wconf 86' lang='lat' dir='ltr'>homo</span> <span class='ocrx_word' id='word_1_710' title='bbox 1710 2000 1864 2049; x_wconf 84' lang='lat' dir='ltr'>aliquod</span> <span class='ocrx_word' id='word_1_711' title='bbox 1879 2000 2024 2037; x_wconf 89' lang='lat' dir='ltr'>animal</span> <span class='ocrx_word' id='word_1_712' title='bbox 2046 2005 2108 2036; x_wconf 85' lang='lat' dir='ltr'>est.</span> <span class='ocrx_word' id='word_1_713' title='bbox 2136 1999 2213 2036; x_wconf 89' lang='lat' dir='ltr'>Sed</span> <span class='ocrx_word' id='word_1_714' title='bbox 2231 1999 2345 2046; x_wconf 82' lang='lat' dir='ltr'>haec,</span> <span class='ocrx_word' id='word_1_715' title='bbox 2371 2000 2491 2036; x_wconf 83' lang='lat' dir='ltr'>omnis</span> 
     </span>
     <span class='ocr_line' id='line_1_104' title="bbox 1425 2052 2491 2101; baseline -0.004 -9"><span class='ocrx_word' id='word_1_716' title='bbox 1425 2057 1538 2092; x_wconf 90' lang='lat' dir='ltr'>homo</span> <span class='ocrx_word' id='word_1_717' title='bbox 1572 2067 1683 2091; x_wconf 88' lang='lat' dir='ltr'>omne</span> <span class='ocrx_word' id='word_1_718' title='bbox 1715 2053 1955 2099; x_wconf 64' lang='lat' dir='ltr'>animalem,</span> <span class='ocrx_word' id='word_1_719' title='bbox 1984 2053 2022 2090; x_wconf 90' lang='lat' dir='ltr'>in</span> <span class='ocrx_word' id='word_1_720' title='bbox 2057 2065 2299 2101; x_wconf 90' lang='lat' dir='ltr'>quacumque</span> <span class='ocrx_word' id='word_1_721' title='bbox 2334 2052 2491 2089; x_wconf 89' lang='lat' dir='ltr'>materia</span> 
     </span>
     <span class='ocr_line' id='line_1_105' title="bbox 1425 2105 2490 2157; baseline -0.004 -12"><span class='ocrx_word' id='word_1_722' title='bbox 1425 2109 1657 2157; x_wconf 87' lang='lat' dir='ltr'>proferatur,</span> <span class='ocrx_word' id='word_1_723' title='bbox 1687 2106 1779 2143; x_wconf 85' lang='lat' dir='ltr'>falsa</span> <span class='ocrx_word' id='word_1_724' title='bbox 1812 2114 1878 2143; x_wconf 91' lang='lat' dir='ltr'>est.</span> <span class='ocrx_word' id='word_1_725' title='bbox 1919 2107 2014 2143; x_wconf 89' lang='lat' dir='ltr'>Sunt</span> <span class='ocrx_word' id='word_1_726' title='bbox 2032 2113 2160 2142; x_wconf 91' lang='lat' dir='ltr'>autem</span> <span class='ocrx_word' id='word_1_727' title='bbox 2186 2105 2375 2154; x_wconf 89' lang='lat' dir='ltr'>quaedam</span> <span class='ocrx_word' id='word_1_728' title='bbox 2396 2105 2490 2141; x_wconf 90' lang='lat' dir='ltr'>aliae</span> 
     </span>
     <span class='ocr_line' id='line_1_106' title="bbox 1425 2158 2490 2207; baseline -0.004 -9"><span class='ocrx_word' id='word_1_729' title='bbox 1425 2162 1547 2198; x_wconf 78' lang='lat' dir='ltr'>tales*</span> <span class='ocrx_word' id='word_1_730' title='bbox 1562 2160 1844 2197; x_wconf 90' lang='lat' dir='ltr'>enunciationes</span> <span class='ocrx_word' id='word_1_731' title='bbox 1873 2171 2025 2207; x_wconf 90' lang='lat' dir='ltr'>semper</span> <span class='ocrx_word' id='word_1_732' title='bbox 2052 2159 2184 2204; x_wconf 90' lang='lat' dir='ltr'>falsae;</span> <span class='ocrx_word' id='word_1_733' title='bbox 2210 2159 2304 2195; x_wconf 91' lang='lat' dir='ltr'>sicut</span> <span class='ocrx_word' id='word_1_734' title='bbox 2322 2158 2402 2205; x_wconf 92' lang='lat' dir='ltr'>ista,</span> <span class='ocrx_word' id='word_1_735' title='bbox 2423 2158 2490 2194; x_wconf 84' lang='lat' dir='ltr'>ali-</span> 
     </span>
     <span class='ocr_line' id='line_1_107' title="bbox 1425 2211 2488 2263; baseline -0.004 -12"><span class='ocrx_word' id='word_1_736' title='bbox 1425 2215 1506 2263; x_wconf 83' lang='lat' dir='ltr'>quis</span> <span class='ocrx_word' id='word_1_737' title='bbox 1519 2216 1631 2251; x_wconf 89' lang='lat' dir='ltr'>homo</span> <span class='ocrx_word' id='word_1_738' title='bbox 1647 2225 1758 2250; x_wconf 89' lang='lat' dir='ltr'>omne</span> <span class='ocrx_word' id='word_1_739' title='bbox 1771 2212 1915 2249; x_wconf 89' lang='lat' dir='ltr'>animal</span> <span class='ocrx_word' id='word_1_740' title='bbox 1932 2218 1985 2248; x_wconf 86' lang='lat' dir='ltr'>est</span> <span class='ocrx_word' id='word_1_741' title='bbox 2001 2217 2031 2238; x_wconf 73' lang='lat'>⁷⁷</span> <span class='ocrx_word' id='word_1_742' title='bbox 2047 2214 2163 2260; x_wconf 90' lang='lat' dir='ltr'>(quae</span> <span class='ocrx_word' id='word_1_743' title='bbox 2178 2212 2292 2248; x_wconf 89' lang='lat' dir='ltr'>habet</span> <span class='ocrx_word' id='word_1_744' title='bbox 2311 2211 2488 2248; x_wconf 90' lang='lat' dir='ltr'>eamdem</span> 
     </span>
     <span class='ocr_line' id='line_1_108' title="bbox 1426 2264 2488 2311; baseline -0.004 -7"><span class='ocrx_word' id='word_1_745' title='bbox 1426 2280 1580 2304; x_wconf 90' lang='lat' dir='ltr'>causam</span> <span class='ocrx_word' id='word_1_746' title='bbox 1601 2266 1766 2303; x_wconf 89' lang='lat' dir='ltr'>falsitatis</span> <span class='ocrx_word' id='word_1_747' title='bbox 1786 2277 1874 2301; x_wconf 90' lang='lat' dir='ltr'>cum</span> <span class='ocrx_word' id='word_1_748' title='bbox 1894 2265 1976 2311; x_wconf 90' lang='lat' dir='ltr'>hac,</span> <span class='ocrx_word' id='word_1_749' title='bbox 1997 2265 2118 2301; x_wconf 84' lang='lat' dir='ltr'>omnis</span> <span class='ocrx_word' id='word_1_750' title='bbox 2142 2265 2254 2301; x_wconf 84' lang='lat' dir='ltr'>homo</span> <span class='ocrx_word' id='word_1_751' title='bbox 2280 2276 2391 2300; x_wconf 87' lang='lat' dir='ltr'>omne</span> <span class='ocrx_word' id='word_1_752' title='bbox 2409 2264 2488 2300; x_wconf 87' lang='lat' dir='ltr'>ani-</span> 
     </span>
     <span class='ocr_line' id='line_1_109' title="bbox 1425 2317 2490 2366; baseline -0.004 -9"><span class='ocrx_word' id='word_1_753' title='bbox 1425 2320 1504 2357; x_wconf 91' lang='lat' dir='ltr'>mal</span> <span class='ocrx_word' id='word_1_754' title='bbox 1530 2322 1620 2365; x_wconf 81' lang='lat' dir='ltr'>est);</span> <span class='ocrx_word' id='word_1_755' title='bbox 1650 2326 1685 2355; x_wconf 92' lang='lat' dir='ltr'>et</span> <span class='ocrx_word' id='word_1_756' title='bbox 1717 2318 1747 2355; x_wconf 91' lang='lat' dir='ltr'>si</span> <span class='ocrx_word' id='word_1_757' title='bbox 1775 2330 1873 2366; x_wconf 89' lang='lat' dir='ltr'>quae</span> <span class='ocrx_word' id='word_1_758' title='bbox 1901 2318 1994 2354; x_wconf 88' lang='lat' dir='ltr'>aliae</span> <span class='ocrx_word' id='word_1_759' title='bbox 2023 2317 2181 2364; x_wconf 90' lang='lat' dir='ltr'>similes,</span> <span class='ocrx_word' id='word_1_760' title='bbox 2216 2324 2302 2354; x_wconf 91' lang='lat' dir='ltr'>sunt</span> <span class='ocrx_word' id='word_1_761' title='bbox 2338 2329 2490 2365; x_wconf 91' lang='lat' dir='ltr'>semper</span> 
     </span>
     <span class='ocr_line' id='line_1_110' title="bbox 1425 2370 2487 2410; baseline -0.004 0"><span class='ocrx_word' id='word_1_762' title='bbox 1425 2374 1556 2410; x_wconf 88' lang='lat' dir='ltr'>falsae:</span> <span class='ocrx_word' id='word_1_763' title='bbox 1577 2372 1615 2409; x_wconf 93' lang='lat' dir='ltr'>in</span> <span class='ocrx_word' id='word_1_764' title='bbox 1635 2371 1814 2408; x_wconf 90' lang='lat' dir='ltr'>omnibus</span> <span class='ocrx_word' id='word_1_765' title='bbox 1835 2370 1937 2407; x_wconf 90' lang='lat' dir='ltr'>enim</span> <span class='ocrx_word' id='word_1_766' title='bbox 1950 2371 1970 2392; x_wconf 86' lang='lat'><em>*</em></span> <span class='ocrx_word' id='word_1_767' title='bbox 1986 2370 2122 2407; x_wconf 87' lang='lat' dir='ltr'>eadem</span> <span class='ocrx_word' id='word_1_768' title='bbox 2138 2370 2230 2407; x_wconf 90' lang='lat' dir='ltr'>ratio</span> <span class='ocrx_word' id='word_1_769' title='bbox 2251 2377 2316 2406; x_wconf 91' lang='lat' dir='ltr'>est.</span> <span class='ocrx_word' id='word_1_770' title='bbox 2338 2370 2388 2406; x_wconf 90' lang='lat' dir='ltr'>Et</span> <span class='ocrx_word' id='word_1_771' title='bbox 2401 2370 2487 2406; x_wconf 92' lang='lat' dir='ltr'>ideo</span> 
     </span>
     <span class='ocr_line' id='line_1_111' title="bbox 1424 2423 2490 2475; baseline -0.004 -12"><span class='ocrx_word' id='word_1_772' title='bbox 1424 2439 1493 2475; x_wconf 92' lang='lat' dir='ltr'>per</span> <span class='ocrx_word' id='word_1_773' title='bbox 1507 2426 1581 2462; x_wconf 91' lang='lat' dir='ltr'>hoc</span> <span class='ocrx_word' id='word_1_774' title='bbox 1596 2425 1701 2473; x_wconf 93' lang='lat' dir='ltr'>quod</span> <span class='ocrx_word' id='word_1_775' title='bbox 1715 2424 1970 2472; x_wconf 84' lang='lat' dir='ltr'>Philosophus</span> <span class='ocrx_word' id='word_1_776' title='bbox 1990 2423 2208 2472; x_wconf 88' lang='lat' dir='ltr'>reprobavit</span> <span class='ocrx_word' id='word_1_777' title='bbox 2227 2423 2349 2470; x_wconf 91' lang='lat' dir='ltr'>istam,</span> <span class='ocrx_word' id='word_1_778' title='bbox 2370 2423 2490 2459; x_wconf 81' lang='lat' dir='ltr'>omnis</span> 
     </span>
     <span class='ocr_line' id='line_1_112' title="bbox 1424 2473 2489 2524; baseline -0.004 -8"><span class='ocrx_word' id='word_1_779' title='bbox 1424 2481 1536 2516; x_wconf 86' lang='lat' dir='ltr'>homo</span> <span class='ocrx_word' id='word_1_780' title='bbox 1566 2490 1677 2515; x_wconf 88' lang='lat' dir='ltr'>omne</span> <span class='ocrx_word' id='word_1_781' title='bbox 1708 2477 1853 2514; x_wconf 87' lang='lat' dir='ltr'>animal</span> <span class='ocrx_word' id='word_1_782' title='bbox 1878 2482 1950 2523; x_wconf 87' lang='lat' dir='ltr'>est,</span> <span class='ocrx_word' id='word_1_783' title='bbox 1982 2473 2085 2513; x_wconf 90' lang='lat' dir='ltr'>dedit</span> <span class='ocrx_word' id='word_1_784' title='bbox 2118 2476 2321 2524; x_wconf 90' lang='lat' dir='ltr'>intelligere</span> <span class='ocrx_word' id='word_1_785' title='bbox 2354 2488 2489 2513; x_wconf 92' lang='lat' dir='ltr'>omnes</span> 
     </span>
     <span class='ocr_line' id='line_1_113' title="bbox 1427 2529 2065 2578; baseline -0.005 -9"><span class='ocrx_word' id='word_1_786' title='bbox 1427 2531 1642 2569; x_wconf 89' lang='lat' dir='ltr'>consimiles</span> <span class='ocrx_word' id='word_1_787' title='bbox 1671 2542 1754 2567; x_wconf 90' lang='lat' dir='ltr'>esse</span> <span class='ocrx_word' id='word_1_788' title='bbox 1781 2529 2065 2578; x_wconf 89' lang='lat' dir='ltr'>improbandas.</span> 
     </span>
    </p>
   </div>
   <div class='ocr_carea' id='block_1_14' title="bbox 1396 2668 2489 3335">
    <p class='ocr_par' dir='ltr' id='par_1_18' title="bbox 1396 2668 2489 2948">
     <span class='ocr_line' id='line_1_114' title="bbox 1396 2668 2488 2703; baseline -0.004 -7"><span class='ocrx_word' id='word_1_789' title='bbox 1396 2669 1400 2696; x_wconf 97' lang='grc' dir='ltr'>Ι</span> <span class='ocrx_word' id='word_1_790' title='bbox 1426 2672 1499 2696; x_wconf 86' lang='lat' dir='ltr'>niunt</span> <span class='ocrx_word' id='word_1_791' title='bbox 1517 2680 1577 2696; x_wconf 92' lang='lat' dir='ltr'>cum</span> <span class='ocrx_word' id='word_1_792' title='bbox 1596 2671 1670 2696; x_wconf 91' lang='lat' dir='ltr'>codd.</span> <span class='ocrx_word' id='word_1_793' title='bbox 1685 2670 1775 2701; x_wconf 81' lang='lat' dir='ltr'>citatis,</span> <span class='ocrx_word' id='word_1_794' title='bbox 1788 2670 1837 2695; x_wconf 90' lang='lat' dir='ltr'>nisi</span> <span class='ocrx_word' id='word_1_795' title='bbox 1856 2670 1926 2703; x_wconf 91' lang='lat' dir='ltr'>quod</span> <span class='ocrx_word' id='word_1_796' title='bbox 1940 2669 1966 2694; x_wconf 90' lang='lat' dir='ltr'>in</span> <span class='ocrx_word' id='word_1_797' title='bbox 1981 2669 2037 2694; x_wconf 86' lang='lat' dir='ltr'>cod.</span> <span class='ocrx_word' id='word_1_798' title='bbox 2050 2669 2072 2693; x_wconf 94' lang='lat' dir='ltr'>D</span> <span class='ocrx_word' id='word_1_799' title='bbox 2087 2669 2144 2693; x_wconf 88' lang='lat' dir='ltr'>loco</span> <span class='ocrx_word' id='word_1_800' title='bbox 2153 2668 2340 2701; x_wconf 78' lang='lat' dir='ltr'>praedicatum</span> <span class='ocrx_word' id='word_1_801' title='bbox 2355 2668 2488 2700; x_wconf 86' lang='lat' dir='ltr'>imperitus</span> 
     </span>
     <span class='ocr_line' id='line_1_115' title="bbox 1426 2703 2489 2739; baseline -0.004 -8"><span class='ocrx_word' id='word_1_802' title='bbox 1426 2707 1591 2732; x_wconf 81' lang='lat' dir='ltr'>amanuensis</span> <span class='ocrx_word' id='word_1_803' title='bbox 1616 2706 1688 2739; x_wconf 88' lang='lat' dir='ltr'>ponit</span> <span class='ocrx_word' id='word_1_804' title='bbox 1712 2713 1820 2730; x_wconf 84' lang='lat' dir='ltr'>erronee</span> <span class='ocrx_word' id='word_1_805' title='bbox 1843 2705 1885 2738; x_wconf 88' lang='lat' dir='ltr'>(et</span> <span class='ocrx_word' id='word_1_806' title='bbox 1908 2705 1957 2729; x_wconf 86' lang='lat' dir='ltr'>hoc</span> <span class='ocrx_word' id='word_1_807' title='bbox 1979 2705 2032 2730; x_wconf 82' lang='lat' dir='ltr'>fere</span> <span class='ocrx_word' id='word_1_808' title='bbox 2054 2703 2174 2737; x_wconf 82' lang='lat' dir='ltr'>semper)</span> <span class='ocrx_word' id='word_1_809' title='bbox 2193 2703 2440 2735; x_wconf 82' lang='lat' dir='ltr'>praedicamentum</span> <span class='ocrx_word' id='word_1_810' title='bbox 2464 2708 2489 2728; x_wconf 90' lang='lat' dir='ltr'>et</span> 
     </span>
     <span class='ocr_line' id='line_1_116' title="bbox 1420 2739 2488 2774; baseline -0.004 -7"><span class='ocrx_word' id='word_1_811' title='bbox 1420 2746 1611 2774; x_wconf 84' lang='lat' dir='ltr'>praestaretur</span> <span class='ocrx_word' id='word_1_812' title='bbox 1624 2742 1681 2766; x_wconf 91' lang='lat' dir='ltr'>loco</span> <span class='ocrx_word' id='word_1_813' title='bbox 1690 2741 1906 2773; x_wconf 77' lang='lat' dir='ltr'>praedicaretur,</span> <span class='ocrx_word' id='word_1_814' title='bbox 1922 2745 1947 2765; x_wconf 90' lang='grc'>01</span> <span class='ocrx_word' id='word_1_815' title='bbox 1959 2740 1985 2764; x_wconf 90' lang='lat' dir='ltr'>in</span> <span class='ocrx_word' id='word_1_816' title='bbox 1999 2740 2055 2764; x_wconf 89' lang='lat' dir='ltr'>cod.</span> <span class='ocrx_word' id='word_1_817' title='bbox 2070 2740 2091 2763; x_wconf 90' lang='lat' dir='ltr'>E</span> <span class='ocrx_word' id='word_1_818' title='bbox 2105 2739 2212 2764; x_wconf 84' lang='lat' dir='ltr'>habetur</span> <span class='ocrx_word' id='word_1_819' title='bbox 2225 2743 2303 2763; x_wconf 87' lang='lat' dir='ltr'>erunt</span> <span class='ocrx_word' id='word_1_820' title='bbox 2320 2739 2376 2763; x_wconf 90' lang='lat' dir='ltr'>loco</span> <span class='ocrx_word' id='word_1_821' title='bbox 2395 2742 2488 2763; x_wconf 83' lang='lat' dir='ltr'>essent.</span> 
     </span>
     <span class='ocr_line' id='line_1_117' title="bbox 1423 2774 2487 2810; baseline -0.006 -7"><span class='ocrx_word' id='word_1_822' title='bbox 1423 2778 1491 2802; x_wconf 81' lang='lat' dir='ltr'>—Ex</span> <span class='ocrx_word' id='word_1_823' title='bbox 1509 2777 1629 2810; x_wconf 88' lang='lat' dir='ltr'>praefatis</span> <span class='ocrx_word' id='word_1_824' title='bbox 1648 2782 1734 2802; x_wconf 85' lang='lat' dir='ltr'>autem</span> <span class='ocrx_word' id='word_1_825' title='bbox 1753 2776 1883 2800; x_wconf 84' lang='lat' dir='ltr'>codicibus</span> <span class='ocrx_word' id='word_1_826' title='bbox 1902 2775 2041 2800; x_wconf 83' lang='lat' dir='ltr'>adiecimus</span> <span class='ocrx_word' id='word_1_827' title='bbox 2060 2775 2085 2799; x_wconf 91' lang='lat' dir='ltr'>in</span> <span class='ocrx_word' id='word_1_828' title='bbox 2104 2774 2229 2806; x_wconf 80' lang='lat' dir='ltr'>principio</span> <span class='ocrx_word' id='word_1_829' title='bbox 2254 2774 2370 2798; x_wconf 86' lang='lat' dir='ltr'>eiusdem</span> <span class='ocrx_word' id='word_1_830' title='bbox 2388 2774 2487 2806; x_wconf 84' lang='lat' dir='ltr'>periodi</span> 
     </span>
     <span class='ocr_line' id='line_1_118' title="bbox 1426 2809 2487 2845; baseline -0.006 -7"><span class='ocrx_word' id='word_1_831' title='bbox 1426 2813 1497 2838; x_wconf 85' lang='lat' dir='ltr'>ratio</span> <span class='ocrx_word' id='word_1_832' title='bbox 1502 2820 1512 2842; x_wconf 89' lang='lat'>‚·</span> <span class='ocrx_word' id='word_1_833' title='bbox 1531 2813 1601 2845; x_wconf 90' lang='lat' dir='ltr'>quod</span> <span class='ocrx_word' id='word_1_834' title='bbox 1619 2812 1774 2836; x_wconf 86' lang='lat' dir='ltr'>vocabulum</span> <span class='ocrx_word' id='word_1_835' title='bbox 1793 2811 1819 2836; x_wconf 90' lang='lat' dir='ltr'>in</span> <span class='ocrx_word' id='word_1_836' title='bbox 1838 2811 1879 2836; x_wconf 91' lang='lat' dir='ltr'>ed.</span> <span class='ocrx_word' id='word_1_837' title='bbox 1895 2811 1972 2835; x_wconf 80' lang='lat' dir='ltr'>Plana</span> <span class='ocrx_word' id='word_1_838' title='bbox 1991 2810 2226 2842; x_wconf 87' lang='lat' dir='ltr'>deest.—Denique</span> <span class='ocrx_word' id='word_1_839' title='bbox 2245 2814 2364 2833; x_wconf 89' lang='lat' dir='ltr'>notamus</span> <span class='ocrx_word' id='word_1_840' title='bbox 2378 2809 2447 2841; x_wconf 90' lang='lat' dir='ltr'>quod</span> <span class='ocrx_word' id='word_1_841' title='bbox 2462 2809 2487 2833; x_wconf 91' lang='lat' dir='ltr'>in</span> 
     </span>
     <span class='ocr_line' id='line_1_119' title="bbox 1425 2844 2488 2880; baseline -0.005 -7"><span class='ocrx_word' id='word_1_842' title='bbox 1425 2849 1499 2873; x_wconf 85' lang='lat' dir='ltr'>codd.</span> <span class='ocrx_word' id='word_1_843' title='bbox 1518 2848 1607 2873; x_wconf 84' lang='lat' dir='ltr'>ABCE</span> <span class='ocrx_word' id='word_1_844' title='bbox 1626 2847 1719 2880; x_wconf 85' lang='lat' dir='ltr'>legitur</span> <span class='ocrx_word' id='word_1_845' title='bbox 1735 2855 1799 2877; x_wconf 83' lang='lat' dir='ltr'>non,</span> <span class='ocrx_word' id='word_1_846' title='bbox 1823 2854 1890 2879; x_wconf 88' lang='lat' dir='ltr'>quae</span> <span class='ocrx_word' id='word_1_847' title='bbox 1908 2846 1979 2871; x_wconf 83' lang='lat' dir='ltr'>ratio</span> <span class='ocrx_word' id='word_1_848' title='bbox 1996 2845 2158 2877; x_wconf 85' lang='lat' dir='ltr'>specialiter,</span> <span class='ocrx_word' id='word_1_849' title='bbox 2181 2849 2211 2868; x_wconf 91' lang='lat' dir='ltr'>ut</span> <span class='ocrx_word' id='word_1_850' title='bbox 2227 2844 2253 2868; x_wconf 86' lang='lat' dir='ltr'>in</span> <span class='ocrx_word' id='word_1_851' title='bbox 2273 2845 2314 2874; x_wconf 67' lang='lat' dir='ltr'>P„</span> <span class='ocrx_word' id='word_1_852' title='bbox 2327 2844 2373 2868; x_wconf 90' lang='lat' dir='ltr'>sed</span> <span class='ocrx_word' id='word_1_853' title='bbox 2391 2847 2418 2868; x_wconf 91' lang='lat' dir='ltr'>et</span> <span class='ocrx_word' id='word_1_854' title='bbox 2436 2844 2488 2869; x_wconf 82' lang='lat' dir='ltr'>ista</span> 
     </span>
     <span class='ocr_line' id='line_1_120' title="bbox 1425 2879 2487 2916; baseline -0.006 -7"><span class='ocrx_word' id='word_1_855' title='bbox 1425 2883 1575 2916; x_wconf 80' lang='lat' dir='ltr'>specialiter</span> <span class='ocrx_word' id='word_1_856' title='bbox 1596 2888 1643 2908; x_wconf 85' lang='lat' dir='ltr'>etc.</span> <span class='ocrx_word' id='word_1_857' title='bbox 1662 2882 1776 2916; x_wconf 83' lang='lat' dir='ltr'>Lectioni</span> <span class='ocrx_word' id='word_1_858' title='bbox 1790 2882 1883 2906; x_wconf 85' lang='lat' dir='ltr'>Pianae</span> <span class='ocrx_word' id='word_1_859' title='bbox 1903 2881 2049 2906; x_wconf 85' lang='lat' dir='ltr'>suffecimus</span> <span class='ocrx_word' id='word_1_860' title='bbox 2068 2883 2094 2905; x_wconf 87' lang='lat' dir='ltr'>et</span> <span class='ocrx_word' id='word_1_861' title='bbox 2112 2880 2163 2904; x_wconf 86' lang='lat' dir='ltr'>ista</span> <span class='ocrx_word' id='word_1_862' title='bbox 2176 2880 2242 2904; x_wconf 84' lang='lat' dir='ltr'>iuxta</span> <span class='ocrx_word' id='word_1_863' title='bbox 2257 2879 2393 2904; x_wconf 87' lang='lat' dir='ltr'>meliorum</span> <span class='ocrx_word' id='word_1_864' title='bbox 2413 2879 2487 2903; x_wconf 87' lang='lat' dir='ltr'>codd.</span> 
     </span>
     <span class='ocr_line' id='line_1_121' title="bbox 1426 2914 2403 2948; baseline -0.005 -5"><span class='ocrx_word' id='word_1_865' title='bbox 1426 2926 1590 2944; x_wconf 87' lang='lat' dir='ltr'>consensum.</span> <span class='ocrx_word' id='word_1_866' title='bbox 1609 2918 1692 2943; x_wconf 88' lang='lat' dir='ltr'>Debet</span> <span class='ocrx_word' id='word_1_867' title='bbox 1709 2923 1795 2942; x_wconf 79' lang='lat' dir='ltr'>tamen</span> <span class='ocrx_word' id='word_1_868' title='bbox 1809 2916 1964 2948; x_wconf 87' lang='lat' dir='ltr'>subintelligi</span> <span class='ocrx_word' id='word_1_869' title='bbox 1982 2916 2065 2944; x_wconf 82' lang='lat' dir='ltr'>ratio,</span> <span class='ocrx_word' id='word_1_870' title='bbox 2086 2922 2191 2948; x_wconf 88' lang='lat' dir='ltr'>nempe,</span> <span class='ocrx_word' id='word_1_871' title='bbox 2211 2917 2237 2939; x_wconf 82' lang='lat' dir='ltr'>et</span> <span class='ocrx_word' id='word_1_872' title='bbox 2255 2914 2306 2939; x_wconf 82' lang='lat' dir='ltr'>ista</span> <span class='ocrx_word' id='word_1_873' title='bbox 2324 2914 2403 2938; x_wconf 91' lang='lat' dir='ltr'>ratio.</span> 
     </span>
    </p>

    <p class='ocr_par' dir='ltr' id='par_1_19' title="bbox 1417 2949 2487 3224">
     <span class='ocr_line' id='line_1_122' title="bbox 1479 2949 2487 2988; baseline -0.007 -9"><span class='ocrx_word' id='word_1_874' title='bbox 1479 2952 1520 2988; x_wconf 86' lang='grc' dir='ltr'>ββ)</span> <span class='ocrx_word' id='word_1_875' title='bbox 1537 2953 1681 2986; x_wconf 84' lang='lat' dir='ltr'>Subiungit</span> <span class='ocrx_word' id='word_1_876' title='bbox 1693 2952 1771 2985; x_wconf 88' lang='lat' dir='ltr'>quod,</span> <span class='ocrx_word' id='word_1_877' title='bbox 1786 2953 1858 2977; x_wconf 84' lang='lat' dir='ltr'>nulla</span> <span class='ocrx_word' id='word_1_878' title='bbox 1875 2951 2021 2985; x_wconf 77' lang='lat' dir='ltr'>affirmatio</span> <span class='ocrx_word' id='word_1_879' title='bbox 2033 2954 2073 2975; x_wconf 91' lang='lat' dir='ltr'>est</span> <span class='ocrx_word' id='word_1_880' title='bbox 2087 2955 2133 2975; x_wconf 89' lang='lat' dir='ltr'>etc.</span> <span class='ocrx_word' id='word_1_881' title='bbox 2142 2963 2161 2968; x_wconf 82' lang='lat'>-</span> <span class='ocrx_word' id='word_1_882' title='bbox 2171 2950 2259 2974; x_wconf 88' lang='lat' dir='ltr'>Lectio</span> <span class='ocrx_word' id='word_1_883' title='bbox 2273 2949 2321 2973; x_wconf 82' lang='lat' dir='ltr'>ista</span> <span class='ocrx_word' id='word_1_884' title='bbox 2335 2949 2413 2973; x_wconf 74' lang='lat' dir='ltr'>Pinna</span> <span class='ocrx_word' id='word_1_885' title='bbox 2426 2956 2487 2973; x_wconf 85' lang='lat' dir='ltr'>con-</span> 
     </span>
     <span class='ocr_line' id='line_1_123' title="bbox 1425 2984 2485 3019; baseline -0.006 -5"><span class='ocrx_word' id='word_1_886' title='bbox 1425 2990 1514 3014; x_wconf 90' lang='lat' dir='ltr'>cordat</span> <span class='ocrx_word' id='word_1_887' title='bbox 1531 2997 1591 3013; x_wconf 88' lang='lat' dir='ltr'>curn</span> <span class='ocrx_word' id='word_1_888' title='bbox 1609 2988 1718 3013; x_wconf 86' lang='lat' dir='ltr'>lectione</span> <span class='ocrx_word' id='word_1_889' title='bbox 1737 2988 1794 3012; x_wconf 91' lang='lat' dir='ltr'>cod.</span> <span class='ocrx_word' id='word_1_890' title='bbox 1808 2988 1843 3011; x_wconf 84' lang='lat' dir='ltr'>A:</span> <span class='ocrx_word' id='word_1_891' title='bbox 1862 2986 1997 3019; x_wconf 79' lang='lat' dir='ltr'>subiungit</span> <span class='ocrx_word' id='word_1_892' title='bbox 2014 2985 2098 3018; x_wconf 90' lang='lat' dir='ltr'>quod,</span> <span class='ocrx_word' id='word_1_893' title='bbox 2119 2986 2191 3009; x_wconf 88' lang='lat' dir='ltr'>nulla</span> <span class='ocrx_word' id='word_1_894' title='bbox 2210 2984 2356 3018; x_wconf 79' lang='lat' dir='ltr'>affirmatio</span> <span class='ocrx_word' id='word_1_895' title='bbox 2374 2984 2439 3013; x_wconf 87' lang='lat' dir='ltr'>erit,</span> <span class='ocrx_word' id='word_1_896' title='bbox 2459 2984 2485 3008; x_wconf 85' lang='lat' dir='ltr'>in</span> 
     </span>
     <span class='ocr_line' id='line_1_124' title="bbox 1424 3019 2486 3056; baseline -0.006 -7"><span class='ocrx_word' id='word_1_897' title='bbox 1424 3031 1478 3056; x_wconf 88' lang='lat' dir='ltr'>qua</span> <span class='ocrx_word' id='word_1_898' title='bbox 1495 3024 1594 3049; x_wconf 86' lang='lat' dir='ltr'>seilicet</span> <span class='ocrx_word' id='word_1_899' title='bbox 1616 3031 1677 3048; x_wconf 82' lang='lat' dir='ltr'>vere</span> <span class='ocrx_word' id='word_1_900' title='bbox 1694 3023 1872 3055; x_wconf 82' lang='lat' dir='ltr'>praedicatur</span> <span class='ocrx_word' id='word_1_901' title='bbox 1891 3021 2075 3046; x_wconf 78' lang='lat' dir='ltr'>universaliter</span> <span class='ocrx_word' id='word_1_902' title='bbox 2097 3020 2130 3045; x_wconf 93' lang='lat' dir='ltr'>de</span> <span class='ocrx_word' id='word_1_903' title='bbox 2152 3019 2296 3044; x_wconf 82' lang='lat' dir='ltr'>universali</span> <span class='ocrx_word' id='word_1_904' title='bbox 2313 3019 2486 3051; x_wconf 87' lang='lat' dir='ltr'>praedicato,</span> 
     </span>
     <span class='ocr_line' id='line_1_125' title="bbox 1424 3054 2486 3090; baseline -0.006 -6"><span class='ocrx_word' id='word_1_905' title='bbox 1424 3059 1493 3084; x_wconf 87' lang='lat' dir='ltr'>idest</span> <span class='ocrx_word' id='word_1_906' title='bbox 1511 3064 1567 3090; x_wconf 86' lang='lat' dir='ltr'>etc.;</span> <span class='ocrx_word' id='word_1_907' title='bbox 1582 3064 1607 3084; x_wconf 87' lang='lat' dir='ltr'>et</span> <span class='ocrx_word' id='word_1_908' title='bbox 1621 3063 1661 3083; x_wconf 89' lang='lat' dir='ltr'>est</span> <span class='ocrx_word' id='word_1_909' title='bbox 1679 3059 1755 3083; x_wconf 84' lang='lat' dir='ltr'>etiam</span> <span class='ocrx_word' id='word_1_910' title='bbox 1774 3057 1848 3082; x_wconf 89' lang='lat' dir='ltr'>lectio</span> <span class='ocrx_word' id='word_1_911' title='bbox 1860 3057 1968 3082; x_wconf 87' lang='lat' dir='ltr'>indicata</span> <span class='ocrx_word' id='word_1_912' title='bbox 1986 3064 2000 3080; x_wconf 87' lang='lat' dir='ltr'>a</span> <span class='ocrx_word' id='word_1_913' title='bbox 2018 3057 2053 3080; x_wconf 83' lang='lat' dir='ltr'>B:</span> <span class='ocrx_word' id='word_1_914' title='bbox 2067 3055 2202 3088; x_wconf 82' lang='lat' dir='ltr'>subiungit</span> <span class='ocrx_word' id='word_1_915' title='bbox 2220 3055 2292 3087; x_wconf 89' lang='lat' dir='ltr'>quod</span> <span class='ocrx_word' id='word_1_916' title='bbox 2309 3054 2382 3079; x_wconf 88' lang='lat' dir='ltr'>nulla</span> <span class='ocrx_word' id='word_1_917' title='bbox 2395 3058 2434 3079; x_wconf 87' lang='lat' dir='ltr'>est</span> <span class='ocrx_word' id='word_1_918' title='bbox 2445 3054 2486 3087; x_wconf 83' lang='lat' dir='ltr'>as-</span> 
     </span>
     <span class='ocr_line' id='line_1_126' title="bbox 1417 3088 2486 3127; baseline -0.006 -8"><span class='ocrx_word' id='word_1_919' title='bbox 1417 3094 1541 3127; x_wconf 83' lang='lat' dir='ltr'>firmatio</span> <span class='ocrx_word' id='word_1_920' title='bbox 1561 3094 1587 3118; x_wconf 86' lang='lat' dir='ltr'>in</span> <span class='ocrx_word' id='word_1_921' title='bbox 1607 3101 1659 3126; x_wconf 92' lang='lat' dir='ltr'>qua</span> <span class='ocrx_word' id='word_1_922' title='bbox 1683 3093 1830 3118; x_wconf 77' lang='lat' dir='ltr'>universale</span> <span class='ocrx_word' id='word_1_923' title='bbox 1850 3090 1915 3127; x_wconf 88' lang='lat' dir='ltr'>(sic)</span> <span class='ocrx_word' id='word_1_924' title='bbox 1936 3095 1992 3120; x_wconf 89' lang='lat' dir='ltr'>etc.,</span> <span class='ocrx_word' id='word_1_925' title='bbox 2012 3091 2080 3115; x_wconf 85' lang='lat' dir='ltr'>idest</span> <span class='ocrx_word' id='word_1_926' title='bbox 2098 3091 2124 3115; x_wconf 89' lang='lat' dir='ltr'>in</span> <span class='ocrx_word' id='word_1_927' title='bbox 2143 3097 2196 3123; x_wconf 81' lang='lat' dir='ltr'>qua</span> <span class='ocrx_word' id='word_1_928' title='bbox 2215 3090 2358 3114; x_wconf 81' lang='lat' dir='ltr'>universali</span> <span class='ocrx_word' id='word_1_929' title='bbox 2375 3088 2486 3121; x_wconf 85' lang='lat' dir='ltr'>praedi-</span> 
     </span>
     <span class='ocr_line' id='line_1_127' title="bbox 1423 3124 2486 3160; baseline -0.006 -6"><span class='ocrx_word' id='word_1_930' title='bbox 1423 3133 1484 3154; x_wconf 89' lang='lat' dir='ltr'>cato</span> <span class='ocrx_word' id='word_1_931' title='bbox 1503 3129 1590 3154; x_wconf 81' lang='lat' dir='ltr'>utitur</span> <span class='ocrx_word' id='word_1_932' title='bbox 1608 3129 1753 3154; x_wconf 85' lang='lat' dir='ltr'>etc.-Cod.</span> <span class='ocrx_word' id='word_1_933' title='bbox 1769 3128 1801 3152; x_wconf 88' lang='lat' dir='ltr'>C:</span> <span class='ocrx_word' id='word_1_934' title='bbox 1821 3127 1891 3160; x_wconf 92' lang='lat' dir='ltr'>quod</span> <span class='ocrx_word' id='word_1_935' title='bbox 1905 3127 1977 3152; x_wconf 89' lang='lat' dir='ltr'>nulla</span> <span class='ocrx_word' id='word_1_936' title='bbox 1996 3125 2142 3160; x_wconf 81' lang='lat' dir='ltr'>affirmatio</span> <span class='ocrx_word' id='word_1_937' title='bbox 2160 3125 2211 3150; x_wconf 86' lang='lat' dir='ltr'>erit</span> <span class='ocrx_word' id='word_1_938' title='bbox 2225 3125 2374 3158; x_wconf 84' lang='lat' dir='ltr'>manifesta,</span> <span class='ocrx_word' id='word_1_939' title='bbox 2389 3124 2486 3149; x_wconf 80' lang='lat' dir='ltr'>scilicet</span> 
     </span>
     <span class='ocr_line' id='line_1_128' title="bbox 1424 3160 2486 3196; baseline -0.005 -7"><span class='ocrx_word' id='word_1_940' title='bbox 1424 3171 1487 3189; x_wconf 85' lang='lat' dir='ltr'>vera</span> <span class='ocrx_word' id='word_1_941' title='bbox 1500 3164 1675 3196; x_wconf 86' lang='lat' dir='ltr'>praedicetur</span> <span class='ocrx_word' id='word_1_942' title='bbox 1694 3163 1878 3188; x_wconf 79' lang='lat' dir='ltr'>universaliter</span> <span class='ocrx_word' id='word_1_943' title='bbox 1893 3162 1925 3187; x_wconf 88' lang='lat' dir='ltr'>de</span> <span class='ocrx_word' id='word_1_944' title='bbox 1943 3161 2086 3186; x_wconf 85' lang='lat' dir='ltr'>universali</span> <span class='ocrx_word' id='word_1_945' title='bbox 2105 3161 2276 3193; x_wconf 83' lang='lat' dir='ltr'>praedicato,</span> <span class='ocrx_word' id='word_1_946' title='bbox 2296 3160 2364 3185; x_wconf 80' lang='lat' dir='ltr'>idest</span> <span class='ocrx_word' id='word_1_947' title='bbox 2375 3165 2422 3184; x_wconf 91' lang='grc'><strong>010.</strong></span> <span class='ocrx_word' id='word_1_948' title='bbox 2437 3160 2486 3184; x_wconf 87' lang='lat' dir='ltr'>Le-</span> 
     </span>
     <span class='ocr_line' id='line_1_129' title="bbox 1424 3199 1615 3224; baseline 0 -1"><span class='ocrx_word' id='word_1_949' title='bbox 1424 3199 1473 3224; x_wconf 86' lang='lat' dir='ltr'>ctio</span> <span class='ocrx_word' id='word_1_950' title='bbox 1492 3199 1615 3224; x_wconf 82' lang='lat' dir='ltr'>intricata.</span> 
     </span>
    </p>

    <p class='ocr_par' dir='ltr' id='par_1_20' title="bbox 1425 3229 2487 3335">
     <span class='ocr_line' id='line_1_130' title="bbox 1477 3229 2485 3268; baseline -0.006 -9"><span class='ocrx_word' id='word_1_951' title='bbox 1477 3233 1521 3268; x_wconf 86' lang='grc' dir='ltr'>γγ)</span> <span class='ocrx_word' id='word_1_952' title='bbox 1535 3234 1639 3266; x_wconf 83' lang='lat' dir='ltr'>Aliquis</span> <span class='ocrx_word' id='word_1_953' title='bbox 1651 3233 1729 3258; x_wconf 87' lang='lat' dir='ltr'>homo</span> <span class='ocrx_word' id='word_1_954' title='bbox 1743 3240 1819 3258; x_wconf 87' lang='lat' dir='ltr'>omne</span> <span class='ocrx_word' id='word_1_955' title='bbox 1832 3233 1934 3258; x_wconf 87' lang='lat' dir='ltr'>animal</span> <span class='ocrx_word' id='word_1_956' title='bbox 1945 3235 1985 3257; x_wconf 81' lang='lat' dir='ltr'>est</span> <span class='ocrx_word' id='word_1_957' title='bbox 1998 3236 2045 3256; x_wconf 88' lang='lat' dir='ltr'>etc.</span> <span class='ocrx_word' id='word_1_958' title='bbox 2060 3232 2108 3256; x_wconf 89' lang='lat' dir='ltr'>Est</span> <span class='ocrx_word' id='word_1_959' title='bbox 2120 3236 2266 3256; x_wconf 84' lang='lat' dir='ltr'>nostrorum</span> <span class='ocrx_word' id='word_1_960' title='bbox 2281 3230 2397 3254; x_wconf 87' lang='lat' dir='ltr'>omnium</span> <span class='ocrx_word' id='word_1_961' title='bbox 2412 3229 2485 3253; x_wconf 89' lang='lat' dir='ltr'>codd.</span> 
     </span>
     <span class='ocr_line' id='line_1_131' title="bbox 1425 3264 2487 3301; baseline -0.005 -8"><span class='ocrx_word' id='word_1_962' title='bbox 1425 3269 1509 3299; x_wconf 84' lang='lat' dir='ltr'>lectio,</span> <span class='ocrx_word' id='word_1_963' title='bbox 1523 3276 1601 3301; x_wconf 80' lang='lat' dir='ltr'>quam</span> <span class='ocrx_word' id='word_1_964' title='bbox 1620 3269 1712 3293; x_wconf 71' lang='lat' dir='ltr'>Pinnae</span> <span class='ocrx_word' id='word_1_965' title='bbox 1731 3273 1757 3293; x_wconf 87' lang='lat' dir='ltr'>et</span> <span class='ocrx_word' id='word_1_966' title='bbox 1775 3269 1832 3293; x_wconf 91' lang='lat' dir='ltr'>edd.</span> <span class='ocrx_word' id='word_1_967' title='bbox 1845 3268 1910 3292; x_wconf 89' lang='lat' dir='ltr'>Ven.</span> <span class='ocrx_word' id='word_1_968' title='bbox 1925 3266 2081 3292; x_wconf 88' lang='lat' dir='ltr'>sufficimus:</span> <span class='ocrx_word' id='word_1_969' title='bbox 2095 3267 2189 3300; x_wconf 83' lang='lat' dir='ltr'>aliquis</span> <span class='ocrx_word' id='word_1_970' title='bbox 2203 3266 2281 3291; x_wconf 87' lang='lat' dir='ltr'>homo</span> <span class='ocrx_word' id='word_1_971' title='bbox 2297 3272 2372 3290; x_wconf 89' lang='lat' dir='ltr'>omne</span> <span class='ocrx_word' id='word_1_972' title='bbox 2385 3264 2487 3289; x_wconf 87' lang='lat' dir='ltr'>animal</span> 
     </span>
     <span class='ocr_line' id='line_1_132' title="bbox 1426 3302 2087 3335; baseline -0.003 -7"><span class='ocrx_word' id='word_1_973' title='bbox 1426 3307 1472 3333; x_wconf 83' lang='lat' dir='ltr'>est,</span> <span class='ocrx_word' id='word_1_974' title='bbox 1492 3307 1519 3328; x_wconf 87' lang='lat' dir='ltr'>et</span> <span class='ocrx_word' id='word_1_975' title='bbox 1536 3304 1605 3328; x_wconf 88' lang='lat' dir='ltr'>aliae</span> <span class='ocrx_word' id='word_1_976' title='bbox 1623 3303 1721 3328; x_wconf 84' lang='lat' dir='ltr'>similes</span> <span class='ocrx_word' id='word_1_977' title='bbox 1739 3307 1801 3328; x_wconf 84' lang='lat' dir='ltr'>sunt</span> <span class='ocrx_word' id='word_1_978' title='bbox 1818 3310 1921 3335; x_wconf 84' lang='lat' dir='ltr'>semper</span> <span class='ocrx_word' id='word_1_979' title='bbox 1931 3302 2022 3335; x_wconf 85' lang='lat' dir='ltr'>salsae</span> <span class='ocrx_word' id='word_1_980' title='bbox 2040 3306 2087 3327; x_wconf 81' lang='grc'><strong>010.</strong></span> 
     </span>
    </p>
   </div>
   <div class='ocr_carea' id='block_1_15' title="bbox 1052 3436 1744 3495">
    <p class='ocr_par' dir='ltr' id='par_1_21' title="bbox 1052 3436 1744 3495">
     <span class='ocr_line' id='line_1_133' title="bbox 1052 3436 1744 3495; baseline -0.001 -42"><span class='ocrx_word' id='word_1_981' title='bbox 1052 3436 1744 3495; x_wconf 31' lang='grc' dir='ltr'>-ἣχῷᾆ-ῗ*</span> 
     </span>
    </p>
   </div>
   <div class='ocr_carea' id='block_1_16' title="bbox 2607 474 2642 490">
    <p class='ocr_par' dir='ltr' id='par_1_22' title="bbox 2607 474 2642 490">
     <span class='ocr_line' id='line_1_134' title="bbox 2607 474 2642 490; baseline 0 0"><span class='ocrx_word' id='word_1_982' title='bbox 2607 474 2642 490; x_wconf 59' lang='grc' dir='ltr'>αα</span> 
     </span>
    </p>
   </div>
   <div class='ocr_carea' id='block_1_17' title="bbox 2607 626 2638 659">
    <p class='ocr_par' dir='ltr' id='par_1_23' title="bbox 2607 626 2638 659">
     <span class='ocr_line' id='line_1_135' title="bbox 2607 626 2638 659; baseline 0 0"><span class='ocrx_word' id='word_1_983' title='bbox 2607 626 2638 659; x_wconf 76' lang='grc' dir='ltr'>ββ</span> 
     </span>
    </p>
   </div>
   <div class='ocr_carea' id='block_1_18' title="bbox 2514 734 2729 788">
    <p class='ocr_par' dir='ltr' id='par_1_24' title="bbox 2514 734 2729 788">
     <span class='ocr_line' id='line_1_136' title="bbox 2517 734 2729 756; baseline 0 -1"><span class='ocrx_word' id='word_1_984' title='bbox 2517 735 2528 745; x_wconf 67' lang='lat'><em>⁴</em></span> <span class='ocrx_word' id='word_1_985' title='bbox 2545 741 2570 755; x_wconf 75' lang='lat' dir='ltr'>A:</span> <span class='ocrx_word' id='word_1_986' title='bbox 2597 734 2630 755; x_wconf 82' lang='lat' dir='ltr'>ad</span> <span class='ocrx_word' id='word_1_987' title='bbox 2650 741 2729 756; x_wconf 82' lang='lat' dir='ltr'>verum</span> 
     </span>
     <span class='ocr_line' id='line_1_137' title="bbox 2514 760 2714 788; baseline 0.005 -7"><span class='ocrx_word' id='word_1_988' title='bbox 2514 760 2714 788; x_wconf 81' lang='lat' dir='ltr'>praedicandum.</span> 
     </span>
    </p>
   </div>
   <div class='ocr_carea' id='block_1_19' title="bbox 2518 842 2730 943">
    <p class='ocr_par' dir='ltr' id='par_1_25' title="bbox 2518 842 2729 890">
     <span class='ocr_line' id='line_1_138' title="bbox 2519 842 2729 870; baseline 0 -6"><span class='ocrx_word' id='word_1_989' title='bbox 2519 844 2527 851; x_wconf 89' lang='grc'><em>·</em></span> <span class='ocrx_word' id='word_1_990' title='bbox 2537 842 2596 864; x_wconf 85' lang='lat' dir='ltr'>Edd.</span> <span class='ocrx_word' id='word_1_991' title='bbox 2606 843 2649 864; x_wconf 84' lang='lat' dir='ltr'>ab:</span> <span class='ocrx_word' id='word_1_992' title='bbox 2659 849 2729 870; x_wconf 89' lang='lat' dir='ltr'>opor-</span> 
     </span>
     <span class='ocr_line' id='line_1_139' title="bbox 2518 871 2585 890; baseline 0 0"><span class='ocrx_word' id='word_1_993' title='bbox 2518 871 2585 890; x_wconf 83' lang='lat' dir='ltr'>teret.</span> 
     </span>
    </p>

    <p class='ocr_par' dir='ltr' id='par_1_26' title="bbox 2518 895 2730 943">
     <span class='ocr_line' id='line_1_140' title="bbox 2518 895 2730 927; baseline 0.005 -11"><span class='ocrx_word' id='word_1_994' title='bbox 2518 897 2553 927; x_wconf 59' lang='lat'>¹13:</span> <span class='ocrx_word' id='word_1_995' title='bbox 2565 901 2608 917; x_wconf 71' lang='lat' dir='ltr'>sua</span> <span class='ocrx_word' id='word_1_996' title='bbox 2620 895 2730 923; x_wconf 80' lang='lat' dir='ltr'>singula-</span> 
     </span>
     <span class='ocr_line' id='line_1_141' title="bbox 2518 928 2564 943; baseline 0 0"><span class='ocrx_word' id='word_1_997' title='bbox 2518 928 2564 943; x_wconf 76' lang='lat' dir='ltr'>ria.</span> 
     </span>
    </p>
   </div>
   <div class='ocr_carea' id='block_1_20' title="bbox 2515 1162 2731 1426">
    <p class='ocr_par' dir='ltr' id='par_1_27' title="bbox 2515 1162 2731 1400">
     <span class='ocr_line' id='line_1_142' title="bbox 2517 1162 2730 1189; baseline 0 -6"><span class='ocrx_word' id='word_1_998' title='bbox 2517 1164 2525 1172; x_wconf 76' lang='lat'><em>⁶</em></span> <span class='ocrx_word' id='word_1_999' title='bbox 2538 1162 2627 1189; x_wconf 88' lang='lat' dir='ltr'>Nempe</span> <span class='ocrx_word' id='word_1_1000' title='bbox 2669 1162 2730 1184; x_wconf 90' lang='lat' dir='ltr'>eius—</span> 
     </span>
     <span class='ocr_line' id='line_1_143' title="bbox 2517 1189 2730 1219; baseline 0 -9"><span class='ocrx_word' id='word_1_1001' title='bbox 2517 1189 2568 1210; x_wconf 89' lang='lat' dir='ltr'>dem</span> <span class='ocrx_word' id='word_1_1002' title='bbox 2598 1189 2730 1219; x_wconf 80' lang='lat' dir='ltr'>quantitatis</span> 
     </span>
     <span class='ocr_line' id='line_1_144' title="bbox 2517 1215 2729 1236; baseline 0 0"><span class='ocrx_word' id='word_1_1003' title='bbox 2517 1222 2557 1236; x_wconf 84' lang='lat' dir='ltr'>seu</span> <span class='ocrx_word' id='word_1_1004' title='bbox 2572 1215 2729 1236; x_wconf 78' lang='lat' dir='ltr'>umversalita-</span> 
     </span>
     <span class='ocr_line' id='line_1_145' title="bbox 2517 1241 2731 1263; baseline 0 -1"><span class='ocrx_word' id='word_1_1005' title='bbox 2517 1241 2546 1262; x_wconf 83' lang='lat' dir='ltr'>tis</span> <span class='ocrx_word' id='word_1_1006' title='bbox 2570 1247 2623 1262; x_wconf 88' lang='lat' dir='ltr'>cum</span> <span class='ocrx_word' id='word_1_1007' title='bbox 2651 1242 2731 1263; x_wconf 86' lang='lat' dir='ltr'>subie—</span> 
     </span>
     <span class='ocr_line' id='line_1_146' title="bbox 2518 1268 2728 1295; baseline 0 -7"><span class='ocrx_word' id='word_1_1008' title='bbox 2518 1271 2562 1289; x_wconf 83' lang='lat' dir='ltr'>cto.</span> <span class='ocrx_word' id='word_1_1009' title='bbox 2572 1279 2581 1283; x_wconf 95' lang='lat'>-</span> <span class='ocrx_word' id='word_1_1010' title='bbox 2592 1268 2666 1295; x_wconf 85' lang='lat' dir='ltr'>Quam</span> <span class='ocrx_word' id='word_1_1011' title='bbox 2676 1268 2728 1289; x_wconf 80' lang='lat' dir='ltr'>sub-</span> 
     </span>
     <span class='ocr_line' id='line_1_147' title="bbox 2517 1294 2729 1319; baseline 0 -4"><span class='ocrx_word' id='word_1_1012' title='bbox 2517 1294 2606 1319; x_wconf 82' lang='lat' dir='ltr'>iectum,</span> <span class='ocrx_word' id='word_1_1013' title='bbox 2615 1298 2636 1315; x_wconf 89' lang='lat' dir='ltr'>et</span> <span class='ocrx_word' id='word_1_1014' title='bbox 2644 1300 2693 1315; x_wconf 87' lang='lat' dir='ltr'>cum</span> <span class='ocrx_word' id='word_1_1015' title='bbox 2702 1300 2729 1315; x_wconf 89' lang='lat' dir='ltr'>eo</span> 
     </span>
     <span class='ocr_line' id='line_1_148' title="bbox 2517 1320 2731 1347; baseline 0 -6"><span class='ocrx_word' id='word_1_1016' title='bbox 2517 1327 2544 1341; x_wconf 84' lang='lat' dir='ltr'>ex</span> <span class='ocrx_word' id='word_1_1017' title='bbox 2551 1321 2602 1341; x_wconf 85' lang='lat' dir='ltr'>cod.</span> <span class='ocrx_word' id='word_1_1018' title='bbox 2610 1320 2673 1347; x_wconf 65' lang='lat' dir='ltr'>Azqui</span> <span class='ocrx_word' id='word_1_1019' title='bbox 2680 1326 2731 1346; x_wconf 83' lang='lat' dir='ltr'>pro-</span> 
     </span>
     <span class='ocr_line' id='line_1_149' title="bbox 2518 1347 2730 1374; baseline 0 -7"><span class='ocrx_word' id='word_1_1020' title='bbox 2518 1347 2626 1374; x_wconf 86' lang='lat' dir='ltr'>sequitur:</span> <span class='ocrx_word' id='word_1_1021' title='bbox 2638 1347 2693 1374; x_wconf 83' lang='lat' dir='ltr'>quia</span> <span class='ocrx_word' id='word_1_1022' title='bbox 2703 1353 2730 1368; x_wconf 87' lang='lat' dir='ltr'>o-</span> 
     </span>
     <span class='ocr_line' id='line_1_150' title="bbox 2515 1373 2704 1400; baseline 0 -6"><span class='ocrx_word' id='word_1_1023' title='bbox 2515 1375 2622 1399; x_wconf 83' lang='lat' dir='ltr'>porteret</span> <span class='ocrx_word' id='word_1_1024' title='bbox 2634 1373 2704 1400; x_wconf 83' lang='lat' dir='ltr'>quod.</span> 
     </span>
    </p>

    <p class='ocr_par' dir='ltr' id='par_1_28' title="bbox 2518 1399 2729 1426">
     <span class='ocr_line' id='line_1_151' title="bbox 2518 1399 2729 1426; baseline 0 -6"><span class='ocrx_word' id='word_1_1025' title='bbox 2518 1400 2528 1410; x_wconf 78' lang='lat'>⁸</span> <span class='ocrx_word' id='word_1_1026' title='bbox 2538 1405 2591 1420; x_wconf 73' lang='lat' dir='ltr'>nce:</span> <span class='ocrx_word' id='word_1_1027' title='bbox 2607 1399 2669 1426; x_wconf 89' lang='lat' dir='ltr'>quod</span> <span class='ocrx_word' id='word_1_1028' title='bbox 2690 1405 2729 1420; x_wconf 88' lang='lat' dir='ltr'>re-</span> 
     </span>
    </p>
   </div>
   <div class='ocr_carea' id='block_1_21' title="bbox 2514 1427 2616 1453">
    <p class='ocr_par' dir='ltr' id='par_1_29' title="bbox 2514 1427 2616 1453">
     <span class='ocr_line' id='line_1_152' title="bbox 2514 1427 2616 1453; baseline 0 -7"><span class='ocrx_word' id='word_1_1029' title='bbox 2514 1427 2616 1453; x_wconf 78' lang='lat' dir='ltr'>pugnat.</span> 
     </span>
    </p>
   </div>
   <div class='ocr_carea' id='block_1_22' title="bbox 2517 2168 2729 2215">
    <p class='ocr_par' dir='ltr' id='par_1_30' title="bbox 2517 2168 2729 2215">
     <span class='ocr_line' id='line_1_153' title="bbox 2517 2168 2729 2195; baseline 0.005 -7"><span class='ocrx_word' id='word_1_1030' title='bbox 2517 2168 2526 2176; x_wconf 88' lang='lat'>&#39;&#39;</span> <span class='ocrx_word' id='word_1_1031' title='bbox 2539 2174 2566 2188; x_wconf 76' lang='lat' dir='ltr'>A:</span> <span class='ocrx_word' id='word_1_1032' title='bbox 2584 2169 2638 2188; x_wconf 82' lang='lat' dir='ltr'>sunl</span> <span class='ocrx_word' id='word_1_1033' title='bbox 2656 2173 2729 2195; x_wconf 82' lang='lat' dir='ltr'>quae-</span> 
     </span>
     <span class='ocr_line' id='line_1_154' title="bbox 2517 2193 2653 2215; baseline 0.007 -1"><span class='ocrx_word' id='word_1_1034' title='bbox 2517 2193 2570 2214; x_wconf 88' lang='lat' dir='ltr'>dam</span> <span class='ocrx_word' id='word_1_1035' title='bbox 2585 2194 2653 2215; x_wconf 75' lang='lat' dir='ltr'>tales.</span> 
     </span>
    </p>
   </div>
   <div class='ocr_carea' id='block_1_23' title="bbox 2603 2230 2636 2255">
    <p class='ocr_par' dir='ltr' id='par_1_31' title="bbox 2603 2230 2636 2255">
     <span class='ocr_line' id='line_1_155' title="bbox 2603 2230 2636 2255; baseline 0 0"><span class='ocrx_word' id='word_1_1036' title='bbox 2603 2230 2636 2255; x_wconf 78' lang='grc' dir='ltr'>ΎΥ</span> 
     </span>
    </p>
   </div>
   <div class='ocr_carea' id='block_1_24' title="bbox 2515 2382 2727 2429">
    <p class='ocr_par' dir='ltr' id='par_1_32' title="bbox 2515 2382 2727 2429">
     <span class='ocr_line' id='line_1_156' title="bbox 2516 2382 2727 2413; baseline 0 -10"><span class='ocrx_word' id='word_1_1037' title='bbox 2516 2383 2524 2391; x_wconf 92' lang='grc'>·</span> <span class='ocrx_word' id='word_1_1038' title='bbox 2535 2387 2562 2413; x_wconf 67' lang='lat' dir='ltr'>iic</span> <span class='ocrx_word' id='word_1_1039' title='bbox 2579 2382 2688 2403; x_wconf 85' lang='lat' dir='ltr'>omittunt</span> <span class='ocrx_word' id='word_1_1040' title='bbox 2702 2388 2727 2403; x_wconf 82' lang='lat' dir='ltr'>e-</span> 
     </span>
     <span class='ocr_line' id='line_1_157' title="bbox 2515 2414 2569 2429; baseline 0 0"><span class='ocrx_word' id='word_1_1041' title='bbox 2515 2414 2569 2429; x_wconf 84' lang='lat' dir='ltr'>mm.</span> 
     </span>
    </p>
   </div>
  </div>
 </body>
</html>
