<?xml version="1.0" encoding="UTF-8"?>
<!DOCTYPE html PUBLIC "-//W3C//DTD XHTML 1.0 Transitional//EN"
    "http://www.w3.org/TR/xhtml1/DTD/xhtml1-transitional.dtd">
<html xmlns="http://www.w3.org/1999/xhtml" xml:lang="en" lang="en">
 <head>
  <title>
</title>
<meta http-equiv="Content-Type" content="text/html;charset=utf-8" />
  <meta name='ocr-system' content='tesseract 3.04.00' />
  <meta name='ocr-capabilities' content='ocr_page ocr_carea ocr_par ocr_line ocrx_word'/>
</head>
<body>
  <div class='ocr_page' id='page_1' title='image "./operaomniaiussui01thom/operaomniaiussui01thom_0115.png"; bbox 0 0 2548 4192; ppageno 0'>
   <div class='ocr_carea' id='block_1_1' title="bbox 516 271 1668 333">
    <p class='ocr_par' dir='ltr' id='par_1_1' title="bbox 516 271 1668 333">
     <span class='ocr_line' id='line_1_1' title="bbox 516 271 1668 333; baseline 0.013 -22"><span class='ocrx_word' id='word_1_1' title='bbox 516 271 548 311; x_wconf 77' lang='lat'>⁴.</span> <span class='ocrx_word' id='word_1_2' title='bbox 924 282 980 318; x_wconf 94' lang='lat' dir='ltr'>IN</span> <span class='ocrx_word' id='word_1_3' title='bbox 1010 283 1048 319; x_wconf 90' lang='lat' dir='ltr'>S.</span> <span class='ocrx_word' id='word_1_4' title='bbox 1073 284 1315 322; x_wconf 90' lang='lat' dir='ltr'>THOMAM</span> <span class='ocrx_word' id='word_1_5' title='bbox 1342 286 1668 333; x_wconf 90' lang='lat' dir='ltr'>AQUINATEM</span> 
     </span>
    </p>
   </div>
   <div class='ocr_carea' id='block_1_2' title="bbox 182 358 1265 449">
    <p class='ocr_par' dir='ltr' id='par_1_2' title="bbox 182 358 1265 449">
     <span class='ocr_line' id='line_1_2' title="bbox 188 358 1265 401; baseline 0.004 -10"><span class='ocrx_word' id='word_1_6' title='bbox 188 361 290 391; x_wconf 75' lang='lat' dir='ltr'>theta:</span> <span class='ocrx_word' id='word_1_7' title='bbox 305 358 412 400; x_wconf 90' lang='lat' dir='ltr'>Super</span> <span class='ocrx_word' id='word_1_8' title='bbox 429 359 612 397; x_wconf 89' lang='lat' dir='ltr'>Ieremiam,</span> <span class='ocrx_word' id='word_1_9' title='bbox 632 369 731 400; x_wconf 88' lang='lat' dir='ltr'>super</span> <span class='ocrx_word' id='word_1_10' title='bbox 754 360 906 392; x_wconf 87' lang='lat' dir='ltr'>Threnos.</span> <span class='ocrx_word' id='word_1_11' title='bbox 929 362 1092 401; x_wconf 89' lang='lat' dir='ltr'>Trivetus;</span> <span class='ocrx_word' id='word_1_12' title='bbox 1111 362 1192 394; x_wconf 85' lang='lat' dir='ltr'><em>Item</em></span> <span class='ocrx_word' id='word_1_13' title='bbox 1212 374 1265 395; x_wconf 89' lang='lat' dir='ltr'>su-</span> 
     </span>
     <span class='ocr_line' id='line_1_3' title="bbox 182 403 1262 449; baseline 0.003 -13"><span class='ocrx_word' id='word_1_14' title='bbox 182 416 246 447; x_wconf 87' lang='lat' dir='ltr'>per</span> <span class='ocrx_word' id='word_1_15' title='bbox 273 405 394 435; x_wconf 86' lang='lat' dir='ltr'>Isaiam</span> <span class='ocrx_word' id='word_1_16' title='bbox 405 426 416 442; x_wconf 89' lang='lat'>,</span> <span class='ocrx_word' id='word_1_17' title='bbox 448 403 620 434; x_wconf 86' lang='lat' dir='ltr'>Ieremiam</span> <span class='ocrx_word' id='word_1_18' title='bbox 650 409 681 435; x_wconf 87' lang='lat' dir='ltr'>et</span> <span class='ocrx_word' id='word_1_19' title='bbox 713 404 857 435; x_wconf 71' lang='lat' dir='ltr'>Threnos</span> <span class='ocrx_word' id='word_1_20' title='bbox 886 406 1037 437; x_wconf 86' lang='lat' dir='ltr'>Postillas</span> <span class='ocrx_word' id='word_1_21' title='bbox 1065 410 1262 449; x_wconf 87' lang='lat' dir='ltr'>conscripsit.</span> 
     </span>
    </p>
   </div>
   <div class='ocr_carea' id='block_1_3' title="bbox 185 448 1265 492">
    <p class='ocr_par' dir='ltr' id='par_1_3' title="bbox 185 448 1265 492">
     <span class='ocr_line' id='line_1_4' title="bbox 185 448 1265 492; baseline 0.002 -10"><span class='ocrx_word' id='word_1_22' title='bbox 185 450 364 482; x_wconf 89' lang='lat' dir='ltr'>Bernardus</span> <span class='ocrx_word' id='word_1_23' title='bbox 401 448 576 480; x_wconf 82' lang='lat' dir='ltr'>Gnidonis:</span> <span class='ocrx_word' id='word_1_24' title='bbox 605 448 740 489; x_wconf 81' lang='lat' dir='ltr'><em>Scripsit</em></span> <span class='ocrx_word' id='word_1_25' title='bbox 772 450 867 480; x_wconf 87' lang='lat' dir='ltr'>etiam</span> <span class='ocrx_word' id='word_1_26' title='bbox 900 461 999 492; x_wconf 88' lang='lat' dir='ltr'>super</span> <span class='ocrx_word' id='word_1_27' title='bbox 1027 451 1200 483; x_wconf 87' lang='lat' dir='ltr'>Ieremiam</span> <span class='ocrx_word' id='word_1_28' title='bbox 1234 459 1265 484; x_wconf 90' lang='lat' dir='ltr'>et</span> 
     </span>
    </p>
   </div>
   <div class='ocr_carea' id='block_1_4' title="bbox 150 492 1264 3699">
    <p class='ocr_par' dir='ltr' id='par_1_4' title="bbox 179 492 1264 983">
     <span class='ocr_line' id='line_1_5' title="bbox 184 492 1264 537; baseline 0.001 -10"><span class='ocrx_word' id='word_1_29' title='bbox 184 506 284 537; x_wconf 87' lang='lat' dir='ltr'>super</span> <span class='ocrx_word' id='word_1_30' title='bbox 311 496 464 526; x_wconf 68' lang='lat' dir='ltr'>Threnos.</span> <span class='ocrx_word' id='word_1_31' title='bbox 485 492 620 524; x_wconf 86' lang='lat' dir='ltr'>Ioannes</span> <span class='ocrx_word' id='word_1_32' title='bbox 649 493 688 524; x_wconf 89' lang='lat' dir='ltr'>de</span> <span class='ocrx_word' id='word_1_33' title='bbox 712 493 890 525; x_wconf 82' lang='lat' dir='ltr'>Columna:</span> <span class='ocrx_word' id='word_1_34' title='bbox 915 495 1052 536; x_wconf 83' lang='lat' dir='ltr'><em>Scripsit</em></span> <span class='ocrx_word' id='word_1_35' title='bbox 1081 503 1188 527; x_wconf 85' lang='lat' dir='ltr'>autem</span> <span class='ocrx_word' id='word_1_36' title='bbox 1212 498 1264 529; x_wconf 83' lang='lat' dir='ltr'>hic</span> 
     </span>
     <span class='ocr_line' id='line_1_6' title="bbox 186 538 1263 581; baseline 0.001 -9"><span class='ocrx_word' id='word_1_37' title='bbox 186 540 448 581; x_wconf 85' lang='lat' dir='ltr'>incomparabilis</span> <span class='ocrx_word' id='word_1_38' title='bbox 465 540 589 571; x_wconf 86' lang='lat' dir='ltr'>Doctor</span> <span class='ocrx_word' id='word_1_39' title='bbox 609 547 710 579; x_wconf 87' lang='lat' dir='ltr'>super</span> <span class='ocrx_word' id='word_1_40' title='bbox 732 538 866 578; x_wconf 91' lang='lat' dir='ltr'>Isaiam,</span> <span class='ocrx_word' id='word_1_41' title='bbox 885 549 985 580; x_wconf 86' lang='lat' dir='ltr'>super</span> <span class='ocrx_word' id='word_1_42' title='bbox 1005 540 1189 580; x_wconf 89' lang='lat' dir='ltr'>Ieremiam‚</span> <span class='ocrx_word' id='word_1_43' title='bbox 1209 552 1263 573; x_wconf 86' lang='lat' dir='ltr'>su-</span> 
     </span>
     <span class='ocr_line' id='line_1_7' title="bbox 179 582 1262 627; baseline 0.002 -11"><span class='ocrx_word' id='word_1_44' title='bbox 179 595 245 627; x_wconf 88' lang='lat' dir='ltr'>per</span> <span class='ocrx_word' id='word_1_45' title='bbox 271 586 424 616; x_wconf 69' lang='lat' dir='ltr'>Uireno‘s.</span> <span class='ocrx_word' id='word_1_46' title='bbox 444 583 601 625; x_wconf 85' lang='lat' dir='ltr'>Rogerius</span> <span class='ocrx_word' id='word_1_47' title='bbox 625 592 681 613; x_wconf 88' lang='lat' dir='ltr'>seu</span> <span class='ocrx_word' id='word_1_48' title='bbox 706 582 856 614; x_wconf 85' lang='lat' dir='ltr'><strong>Clemens</strong></span> <span class='ocrx_word' id='word_1_49' title='bbox 876 585 935 616; x_wconf 90' lang='lat' dir='ltr'>vl:</span> <span class='ocrx_word' id='word_1_50' title='bbox 955 585 1037 616; x_wconf 87' lang='lat' dir='ltr'>Item</span> <span class='ocrx_word' id='word_1_51' title='bbox 1058 595 1157 626; x_wconf 90' lang='lat' dir='ltr'>super</span> <span class='ocrx_word' id='word_1_52' title='bbox 1174 587 1262 618; x_wconf 86' lang='lat' dir='ltr'>Iere-</span> 
     </span>
     <span class='ocr_line' id='line_1_8' title="bbox 185 628 1261 671; baseline 0.002 -11"><span class='ocrx_word' id='word_1_53' title='bbox 185 631 295 668; x_wconf 88' lang='lat' dir='ltr'>miam,</span> <span class='ocrx_word' id='word_1_54' title='bbox 312 630 385 659; x_wconf 90' lang='lat' dir='ltr'>item</span> <span class='ocrx_word' id='word_1_55' title='bbox 405 638 504 670; x_wconf 86' lang='lat' dir='ltr'>super</span> <span class='ocrx_word' id='word_1_56' title='bbox 521 629 675 659; x_wconf 66' lang='lat' dir='ltr'>strenas.</span> <span class='ocrx_word' id='word_1_57' title='bbox 697 628 757 658; x_wconf 83' lang='lat' dir='ltr'>Par</span> <span class='ocrx_word' id='word_1_58' title='bbox 780 634 827 658; x_wconf 90' lang='lat' dir='ltr'>est</span> <span class='ocrx_word' id='word_1_59' title='bbox 845 629 1055 660; x_wconf 87' lang='lat' dir='ltr'>Valleoletani</span> <span class='ocrx_word' id='word_1_60' title='bbox 1074 637 1105 661; x_wconf 88' lang='lat' dir='ltr'>et</span> <span class='ocrx_word' id='word_1_61' title='bbox 1125 631 1261 671; x_wconf 88' lang='lat' dir='ltr'>Pignoni</span> 
     </span>
     <span class='ocr_line' id='line_1_9' title="bbox 185 672 1261 717; baseline 0.001 -11"><span class='ocrx_word' id='word_1_62' title='bbox 185 674 416 706; x_wconf 87' lang='lat' dir='ltr'>testimonium.</span> <span class='ocrx_word' id='word_1_63' title='bbox 436 673 583 715; x_wconf 89' lang='lat' dir='ltr'>Denique</span> <span class='ocrx_word' id='word_1_64' title='bbox 607 682 631 703; x_wconf 91' lang='lat' dir='ltr'>s.</span> <span class='ocrx_word' id='word_1_65' title='bbox 652 672 852 704; x_wconf 86' lang='lat' dir='ltr'>Antoninus:</span> <span class='ocrx_word' id='word_1_66' title='bbox 879 674 1015 715; x_wconf 80' lang='lat' dir='ltr'><em>Scripsit</em></span> <span class='ocrx_word' id='word_1_67' title='bbox 1043 677 1139 706; x_wconf 89' lang='lat' dir='ltr'>etiam</span> <span class='ocrx_word' id='word_1_68' title='bbox 1162 686 1261 717; x_wconf 87' lang='lat' dir='ltr'>super</span> 
     </span>
     <span class='ocr_line' id='line_1_10' title="bbox 184 718 1260 762; baseline 0.001 -12"><span class='ocrx_word' id='word_1_69' title='bbox 184 719 357 750; x_wconf 85' lang='lat' dir='ltr'>Ieremiam</span> <span class='ocrx_word' id='word_1_70' title='bbox 386 724 418 749; x_wconf 88' lang='lat' dir='ltr'>et</span> <span class='ocrx_word' id='word_1_71' title='bbox 444 728 544 759; x_wconf 78' lang='lat' dir='ltr'>super</span> <span class='ocrx_word' id='word_1_72' title='bbox 575 718 728 748; x_wconf 80' lang='lat' dir='ltr'>Thr-enos.</span> <span class='ocrx_word' id='word_1_73' title='bbox 759 718 852 749; x_wconf 86' lang='lat' dir='ltr'>Hanc</span> <span class='ocrx_word' id='word_1_74' title='bbox 878 729 954 749; x_wconf 90' lang='lat' dir='ltr'>vero</span> <span class='ocrx_word' id='word_1_75' title='bbox 983 719 1148 750; x_wconf 79' lang='lat' dir='ltr'>postillam</span> <span class='ocrx_word' id='word_1_76' title='bbox 1176 721 1260 762; x_wconf 91' lang='lat' dir='ltr'>typis</span> 
     </span>
     <span class='ocr_line' id='line_1_11' title="bbox 183 761 1258 803; baseline 0.001 -8"><span class='ocrx_word' id='word_1_77' title='bbox 183 764 312 796; x_wconf 82' lang='lat' dir='ltr'>Venetis</span> <span class='ocrx_word' id='word_1_78' title='bbox 336 763 422 803; x_wconf 89' lang='lat' dir='ltr'>apud</span> <span class='ocrx_word' id='word_1_79' title='bbox 444 763 586 794; x_wconf 83' lang='lat' dir='ltr'>Heredes</span> <span class='ocrx_word' id='word_1_80' title='bbox 607 761 774 793; x_wconf 82' lang='lat' dir='ltr'>Octaviani</span> <span class='ocrx_word' id='word_1_81' title='bbox 793 762 879 794; x_wconf 90' lang='lat' dir='ltr'>Scoti</span> <span class='ocrx_word' id='word_1_82' title='bbox 891 786 899 802; x_wconf 91' lang='lat'><strong>‚</strong></span> <span class='ocrx_word' id='word_1_83' title='bbox 920 771 1048 795; x_wconf 86' lang='lat' dir='ltr'>curante</span> <span class='ocrx_word' id='word_1_84' title='bbox 1072 765 1258 796; x_wconf 85' lang='lat' dir='ltr'>doctissimo</span> 
     </span>
     <span class='ocr_line' id='line_1_12' title="bbox 182 806 1258 852; baseline 0.001 -13"><span class='ocrx_word' id='word_1_85' title='bbox 182 808 430 839; x_wconf 87' lang='lat' dir='ltr'>Bartholomaeo</span> <span class='ocrx_word' id='word_1_86' title='bbox 445 809 484 838; x_wconf 89' lang='lat' dir='ltr'>de</span> <span class='ocrx_word' id='word_1_87' title='bbox 495 807 592 848; x_wconf 89' lang='lat' dir='ltr'>Spina</span> <span class='ocrx_word' id='word_1_88' title='bbox 602 807 729 845; x_wconf 82' lang='lat' dir='ltr'>Pisano,</span> <span class='ocrx_word' id='word_1_89' title='bbox 740 806 843 846; x_wconf 89' lang='lat' dir='ltr'>prima</span> <span class='ocrx_word' id='word_1_90' title='bbox 857 808 924 839; x_wconf 88' lang='lat' dir='ltr'>vice</span> <span class='ocrx_word' id='word_1_91' title='bbox 945 808 1062 840; x_wconf 88' lang='lat' dir='ltr'>editam</span> <span class='ocrx_word' id='word_1_92' title='bbox 1076 819 1162 840; x_wconf 87' lang='lat' dir='ltr'>anno</span> <span class='ocrx_word' id='word_1_93' title='bbox 1175 821 1186 840; x_wconf 89' lang='lat'>1</span> <span class='ocrx_word' id='word_1_94' title='bbox 1195 812 1258 852; x_wconf 84' lang='lat'>527</span> 
     </span>
     <span class='ocr_line' id='line_1_13' title="bbox 181 851 1257 894; baseline 0.002 -10"><span class='ocrx_word' id='word_1_95' title='bbox 181 852 406 884; x_wconf 87' lang='lat' dir='ltr'>adnotavimus</span> <span class='ocrx_word' id='word_1_96' title='bbox 429 853 530 893; x_wconf 88' lang='lat' dir='ltr'>capite</span> <span class='ocrx_word' id='word_1_97' title='bbox 553 863 582 890; x_wconf 89' lang='lat'>1,</span> <span class='ocrx_word' id='word_1_98' title='bbox 607 862 697 882; x_wconf 91' lang='lat' dir='ltr'>num.</span> <span class='ocrx_word' id='word_1_99' title='bbox 730 862 763 890; x_wconf 89' lang='lat'>1,</span> <span class='ocrx_word' id='word_1_100' title='bbox 782 851 955 894; x_wconf 89' lang='lat' dir='ltr'>ipsumque</span> <span class='ocrx_word' id='word_1_101' title='bbox 978 863 1062 893; x_wconf 92' lang='lat' dir='ltr'>opus</span> <span class='ocrx_word' id='word_1_102' title='bbox 1085 854 1257 886; x_wconf 91' lang='lat' dir='ltr'>Dominico</span> 
     </span>
     <span class='ocr_line' id='line_1_14' title="bbox 182 895 1258 940; baseline 0.003 -12"><span class='ocrx_word' id='word_1_103' title='bbox 182 897 336 929; x_wconf 85' lang='lat' dir='ltr'>Grimano</span> <span class='ocrx_word' id='word_1_104' title='bbox 361 896 392 927; x_wconf 91' lang='lat' dir='ltr'>S.</span> <span class='ocrx_word' id='word_1_105' title='bbox 414 898 452 928; x_wconf 90' lang='lat' dir='ltr'>R.</span> <span class='ocrx_word' id='word_1_106' title='bbox 473 898 510 928; x_wconf 92' lang='lat' dir='ltr'>E.</span> <span class='ocrx_word' id='word_1_107' title='bbox 531 896 691 928; x_wconf 89' lang='lat' dir='ltr'>Cardinali</span> <span class='ocrx_word' id='word_1_108' title='bbox 715 895 930 936; x_wconf 87' lang='lat' dir='ltr'>amplissimo,</span> <span class='ocrx_word' id='word_1_109' title='bbox 954 905 1025 928; x_wconf 88' lang='lat' dir='ltr'>turn</span> <span class='ocrx_word' id='word_1_110' title='bbox 1051 898 1118 929; x_wconf 90' lang='lat' dir='ltr'>eius</span> <span class='ocrx_word' id='word_1_111' title='bbox 1147 900 1258 940; x_wconf 88' lang='lat' dir='ltr'>nepoti</span> 
     </span>
     <span class='ocr_line' id='line_1_15' title="bbox 179 941 1000 983; baseline -0.001 -10"><span class='ocrx_word' id='word_1_112' title='bbox 179 942 305 973; x_wconf 90' lang='lat' dir='ltr'>Marino</span> <span class='ocrx_word' id='word_1_113' title='bbox 329 942 526 983; x_wconf 87' lang='lat' dir='ltr'>Aquileiensi</span> <span class='ocrx_word' id='word_1_114' title='bbox 549 941 744 972; x_wconf 89' lang='lat' dir='ltr'>Patriarchae</span> <span class='ocrx_word' id='word_1_115' title='bbox 768 949 1000 982; x_wconf 88' lang='lat' dir='ltr'>nuncupatum.</span> 
     </span>
    </p>

    <p class='ocr_par' dir='ltr' id='par_1_5' title="bbox 170 985 1258 1741">
     <span class='ocr_line' id='line_1_16' title="bbox 248 985 1256 1027; baseline 0 -9"><span class='ocrx_word' id='word_1_116' title='bbox 248 987 374 1018; x_wconf 93' lang='lat' dir='ltr'>Dubius</span> <span class='ocrx_word' id='word_1_117' title='bbox 388 987 495 1017; x_wconf 88' lang='lat' dir='ltr'>haeret</span> <span class='ocrx_word' id='word_1_118' title='bbox 509 986 614 1017; x_wconf 85' lang='lat' dir='ltr'>Sixtus</span> <span class='ocrx_word' id='word_1_119' title='bbox 629 985 786 1017; x_wconf 83' lang='lat' dir='ltr'>Senensis:</span> <span class='ocrx_word' id='word_1_120' title='bbox 806 987 919 1024; x_wconf 82' lang='lat' dir='ltr'><em>Extat,</em></span> <span class='ocrx_word' id='word_1_121' title='bbox 936 987 1094 1027; x_wconf 88' lang='lat' dir='ltr'>inquiens,</span> <span class='ocrx_word' id='word_1_122' title='bbox 1111 994 1141 1018; x_wconf 86' lang='lat' dir='ltr'>et</span> <span class='ocrx_word' id='word_1_123' title='bbox 1158 989 1189 1018; x_wconf 87' lang='lat' dir='ltr'>in</span> <span class='ocrx_word' id='word_1_124' title='bbox 1205 988 1256 1018; x_wconf 87' lang='lat' dir='ltr'>Ie-</span> 
     </span>
     <span class='ocr_line' id='line_1_17' title="bbox 181 1031 1258 1070; baseline 0.001 -8"><span class='ocrx_word' id='word_1_125' title='bbox 181 1033 315 1062; x_wconf 89' lang='lat' dir='ltr'>remiam</span> <span class='ocrx_word' id='word_1_126' title='bbox 346 1037 376 1062; x_wconf 90' lang='lat' dir='ltr'>et</span> <span class='ocrx_word' id='word_1_127' title='bbox 405 1033 437 1061; x_wconf 92' lang='lat' dir='ltr'>in</span> <span class='ocrx_word' id='word_1_128' title='bbox 473 1032 616 1062; x_wconf 88' lang='lat' dir='ltr'>Threnos</span> <span class='ocrx_word' id='word_1_129' title='bbox 643 1031 794 1070; x_wconf 81' lang='lat' dir='ltr'>Postilla,</span> <span class='ocrx_word' id='word_1_130' title='bbox 826 1032 919 1061; x_wconf 85' lang='lat' dir='ltr'>cuius</span> <span class='ocrx_word' id='word_1_131' title='bbox 949 1032 1093 1062; x_wconf 87' lang='lat' dir='ltr'>initium:</span> <span class='ocrx_word' id='word_1_132' title='bbox 1115 1032 1183 1063; x_wconf 90' lang='lat' dir='ltr'>Hic</span> <span class='ocrx_word' id='word_1_133' title='bbox 1211 1038 1258 1063; x_wconf 87' lang='lat' dir='ltr'>est</span> 
     </span>
     <span class='ocr_line' id='line_1_18' title="bbox 170 1075 1254 1117; baseline -0.001 -10"><span class='ocrx_word' id='word_1_134' title='bbox 170 1075 323 1117; x_wconf 89' lang='lat' dir='ltr'>fratrum</span> <span class='ocrx_word' id='word_1_135' title='bbox 348 1081 477 1106; x_wconf 87' lang='lat' dir='ltr'>amator</span> <span class='ocrx_word' id='word_1_136' title='bbox 499 1081 530 1106; x_wconf 89' lang='lat' dir='ltr'>et</span> <span class='ocrx_word' id='word_1_137' title='bbox 538 1075 653 1116; x_wconf 87' lang='lat' dir='ltr'>populi</span> <span class='ocrx_word' id='word_1_138' title='bbox 659 1083 672 1112; x_wconf 89' lang='lat'><em>;</em></span> <span class='ocrx_word' id='word_1_139' title='bbox 694 1085 778 1115; x_wconf 87' lang='lat' dir='ltr'>quae</span> <span class='ocrx_word' id='word_1_140' title='bbox 795 1081 932 1116; x_wconf 87' lang='lat' dir='ltr'>propter</span> <span class='ocrx_word' id='word_1_141' title='bbox 954 1075 1122 1106; x_wconf 88' lang='lat' dir='ltr'>doctrinae</span> <span class='ocrx_word' id='word_1_142' title='bbox 1135 1078 1254 1107; x_wconf 85' lang='lat' dir='ltr'>sterili-</span> 
     </span>
     <span class='ocr_line' id='line_1_19' title="bbox 179 1119 1255 1162; baseline 0 -11"><span class='ocrx_word' id='word_1_143' title='bbox 179 1125 276 1151; x_wconf 83' lang='lat' dir='ltr'>tatem</span> <span class='ocrx_word' id='word_1_144' title='bbox 297 1122 366 1151; x_wconf 89' lang='lat' dir='ltr'>eius</span> <span class='ocrx_word' id='word_1_145' title='bbox 384 1129 453 1150; x_wconf 90' lang='lat' dir='ltr'>esse</span> <span class='ocrx_word' id='word_1_146' title='bbox 472 1130 534 1150; x_wconf 88' lang='lat' dir='ltr'>non</span> <span class='ocrx_word' id='word_1_147' title='bbox 555 1120 708 1150; x_wconf 86' lang='lat' dir='ltr'>creditur.</span> <span class='ocrx_word' id='word_1_148' title='bbox 729 1119 830 1150; x_wconf 88' lang='lat' dir='ltr'>Simili</span> <span class='ocrx_word' id='word_1_149' title='bbox 850 1119 1033 1157; x_wconf 89' lang='lat' dir='ltr'>obiectioni,</span> <span class='ocrx_word' id='word_1_150' title='bbox 1052 1130 1150 1162; x_wconf 90' lang='lat' dir='ltr'>quarn</span> <span class='ocrx_word' id='word_1_151' title='bbox 1169 1121 1255 1151; x_wconf 91' lang='lat' dir='ltr'>idern</span> 
     </span>
     <span class='ocr_line' id='line_1_20' title="bbox 178 1163 1254 1205; baseline 0 -10"><span class='ocrx_word' id='word_1_152' title='bbox 178 1165 283 1195; x_wconf 87' lang='lat' dir='ltr'>Sixt&#39;us</span> <span class='ocrx_word' id='word_1_153' title='bbox 298 1171 408 1194; x_wconf 90' lang='lat' dir='ltr'>contra</span> <span class='ocrx_word' id='word_1_154' title='bbox 417 1164 582 1194; x_wconf 87' lang='lat' dir='ltr'>Postillam</span> <span class='ocrx_word' id='word_1_155' title='bbox 595 1163 628 1203; x_wconf 82' lang='lat' dir='ltr'>in</span> <span class='ocrx_word' id='word_1_156' title='bbox 640 1163 752 1194; x_wconf 88' lang='lat' dir='ltr'>Isaiam</span> <span class='ocrx_word' id='word_1_157' title='bbox 767 1170 988 1205; x_wconf 84' lang='lat' dir='ltr'>proposuerat,</span> <span class='ocrx_word' id='word_1_158' title='bbox 1003 1166 1114 1196; x_wconf 88' lang='lat' dir='ltr'>eadem</span> <span class='ocrx_word' id='word_1_159' title='bbox 1130 1172 1254 1205; x_wconf 89' lang='lat' dir='ltr'>praesto</span> 
     </span>
     <span class='ocr_line' id='line_1_21' title="bbox 177 1208 1254 1250; baseline -0.001 -10"><span class='ocrx_word' id='word_1_160' title='bbox 177 1219 214 1240; x_wconf 83' lang='lat' dir='ltr'>ac</span> <span class='ocrx_word' id='word_1_161' title='bbox 232 1209 306 1240; x_wconf 85' lang='lat' dir='ltr'>satis</span> <span class='ocrx_word' id='word_1_162' title='bbox 326 1215 372 1239; x_wconf 90' lang='lat' dir='ltr'>est</span> <span class='ocrx_word' id='word_1_163' title='bbox 390 1208 556 1248; x_wconf 89' lang='lat' dir='ltr'>responsio</span> <span class='ocrx_word' id='word_1_164' title='bbox 579 1218 678 1248; x_wconf 91' lang='lat' dir='ltr'>quam</span> <span class='ocrx_word' id='word_1_165' title='bbox 697 1209 825 1239; x_wconf 82' lang='lat' dir='ltr'>adhibet</span> <span class='ocrx_word' id='word_1_166' title='bbox 839 1208 1013 1245; x_wconf 84' lang='lat' dir='ltr'>Echardus,</span> <span class='ocrx_word' id='word_1_167' title='bbox 1029 1210 1127 1240; x_wconf 91' lang='lat' dir='ltr'>dubio</span> <span class='ocrx_word' id='word_1_168' title='bbox 1143 1209 1254 1250; x_wconf 92' lang='lat' dir='ltr'>procul</span> 
     </span>
     <span class='ocr_line' id='line_1_22' title="bbox 176 1251 1254 1294; baseline 0 -10"><span class='ocrx_word' id='word_1_169' title='bbox 176 1253 268 1284; x_wconf 86' lang='lat' dir='ltr'>omni</span> <span class='ocrx_word' id='word_1_170' title='bbox 291 1253 431 1294; x_wconf 89' lang='lat' dir='ltr'>prudens</span> <span class='ocrx_word' id='word_1_171' title='bbox 455 1259 486 1283; x_wconf 93' lang='lat' dir='ltr'>et</span> <span class='ocrx_word' id='word_1_172' title='bbox 508 1259 597 1293; x_wconf 86' lang='lat' dir='ltr'>apta:</span> <span class='ocrx_word' id='word_1_173' title='bbox 627 1252 703 1283; x_wconf 87' lang='lat' dir='ltr'>haec</span> <span class='ocrx_word' id='word_1_174' title='bbox 727 1253 879 1284; x_wconf 87' lang='lat' dir='ltr'>nimirum</span> <span class='ocrx_word' id='word_1_175' title='bbox 904 1251 967 1282; x_wconf 91' lang='lat' dir='ltr'>divi</span> <span class='ocrx_word' id='word_1_176' title='bbox 987 1252 1135 1285; x_wconf 87' lang='lat' dir='ltr'>Thomae</span> <span class='ocrx_word' id='word_1_177' title='bbox 1155 1264 1254 1284; x_wconf 90' lang='lat' dir='ltr'>anno-</span> 
     </span>
     <span class='ocr_line' id='line_1_23' title="bbox 175 1295 1253 1340; baseline -0.002 -11"><span class='ocrx_word' id='word_1_178' title='bbox 175 1304 240 1329; x_wconf 79' lang='lat' dir='ltr'>tata</span> <span class='ocrx_word' id='word_1_179' title='bbox 263 1304 389 1329; x_wconf 88' lang='lat' dir='ltr'>tantum</span> <span class='ocrx_word' id='word_1_180' title='bbox 413 1307 480 1334; x_wconf 82' lang='lat' dir='ltr'>esse</span> <span class='ocrx_word' id='word_1_181' title='bbox 508 1297 589 1328; x_wconf 85' lang='lat' dir='ltr'>eirca</span> <span class='ocrx_word' id='word_1_182' title='bbox 618 1307 748 1328; x_wconf 90' lang='lat' dir='ltr'>sensum</span> <span class='ocrx_word' id='word_1_183' title='bbox 776 1297 958 1335; x_wconf 85' lang='lat' dir='ltr'>litteralem,</span> <span class='ocrx_word' id='word_1_184' title='bbox 983 1295 1015 1326; x_wconf 90' lang='lat' dir='ltr'>in</span> <span class='ocrx_word' id='word_1_185' title='bbox 1046 1299 1162 1340; x_wconf 89' lang='lat' dir='ltr'>quibus</span> <span class='ocrx_word' id='word_1_186' title='bbox 1187 1309 1253 1332; x_wconf 82' lang='lat' dir='ltr'>non</span> 
     </span>
     <span class='ocr_line' id='line_1_24' title="bbox 175 1341 1252 1385; baseline 0.002 -11"><span class='ocrx_word' id='word_1_187' title='bbox 175 1341 480 1382; x_wconf 66' lang='lat' dir='ltr'>emdxtienss&#39;c‘opia,</span> <span class='ocrx_word' id='word_1_188' title='bbox 492 1342 547 1372; x_wconf 92' lang='lat' dir='ltr'>sed</span> <span class='ocrx_word' id='word_1_189' title='bbox 563 1341 697 1373; x_wconf 90' lang='lat' dir='ltr'>eruditio</span> <span class='ocrx_word' id='word_1_190' title='bbox 713 1352 788 1373; x_wconf 90' lang='lat' dir='ltr'>cum</span> <span class='ocrx_word' id='word_1_191' title='bbox 802 1341 952 1372; x_wconf 88' lang='lat' dir='ltr'>brevitate</span> <span class='ocrx_word' id='word_1_192' title='bbox 969 1343 1138 1375; x_wconf 91' lang='lat' dir='ltr'>coniuncta</span> <span class='ocrx_word' id='word_1_193' title='bbox 1157 1353 1252 1385; x_wconf 90' lang='lat' dir='ltr'>quae-</span> 
     </span>
     <span class='ocr_line' id='line_1_25' title="bbox 174 1386 1252 1427; baseline -0.006 -8"><span class='ocrx_word' id='word_1_194' title='bbox 174 1387 264 1419; x_wconf 87' lang='lat' dir='ltr'>ritur.</span> <span class='ocrx_word' id='word_1_195' title='bbox 291 1387 470 1419; x_wconf 88' lang='lat' dir='ltr'>Censuram</span> <span class='ocrx_word' id='word_1_196' title='bbox 497 1386 591 1427; x_wconf 73' lang='lat' dir='ltr'>refert</span> <span class='ocrx_word' id='word_1_197' title='bbox 614 1386 764 1418; x_wconf 91' lang='lat' dir='ltr'>Oudinus</span> <span class='ocrx_word' id='word_1_198' title='bbox 794 1386 895 1427; x_wconf 90' lang='lat' dir='ltr'>capite</span> <span class='ocrx_word' id='word_1_199' title='bbox 923 1397 964 1418; x_wconf 88' lang='lat' dir='ltr'>xv</span> <span class='ocrx_word' id='word_1_200' title='bbox 998 1398 1016 1419; x_wconf 88' lang='lat' dir='ltr'>a</span> <span class='ocrx_word' id='word_1_201' title='bbox 1049 1388 1153 1421; x_wconf 89' lang='lat' dir='ltr'>Natali</span> <span class='ocrx_word' id='word_1_202' title='bbox 1179 1389 1252 1421; x_wconf 86' lang='lat' dir='ltr'>Ale-</span> 
     </span>
     <span class='ocr_line' id='line_1_26' title="bbox 172 1431 1251 1473; baseline 0.002 -10"><span class='ocrx_word' id='word_1_203' title='bbox 172 1432 295 1463; x_wconf 83' lang='lat' dir='ltr'>xandro</span> <span class='ocrx_word' id='word_1_204' title='bbox 324 1431 423 1462; x_wconf 86' lang='lat' dir='ltr'>latam</span> <span class='ocrx_word' id='word_1_205' title='bbox 446 1431 481 1462; x_wconf 90' lang='lat' dir='ltr'>in</span> <span class='ocrx_word' id='word_1_206' title='bbox 504 1431 633 1463; x_wconf 90' lang='lat' dir='ltr'>Selectis</span> <span class='ocrx_word' id='word_1_207' title='bbox 656 1431 817 1463; x_wconf 80' lang='lat' dir='ltr'>Historiae</span> <span class='ocrx_word' id='word_1_208' title='bbox 842 1431 1067 1466; x_wconf 80' lang='lat' dir='ltr'>ecclesiasticae</span> <span class='ocrx_word' id='word_1_209' title='bbox 1096 1433 1251 1473; x_wconf 86' lang='lat' dir='ltr'>capitibus</span> 
     </span>
     <span class='ocr_line' id='line_1_27' title="bbox 173 1474 1250 1519; baseline 0.002 -11"><span class='ocrx_word' id='word_1_210' title='bbox 173 1482 266 1508; x_wconf 88' lang='lat' dir='ltr'>tomo</span> <span class='ocrx_word' id='word_1_211' title='bbox 281 1477 366 1514; x_wconf 89' lang='lat' dir='ltr'>XXI,</span> <span class='ocrx_word' id='word_1_212' title='bbox 382 1476 502 1507; x_wconf 88' lang='lat' dir='ltr'>dissert.</span> <span class='ocrx_word' id='word_1_213' title='bbox 518 1486 567 1515; x_wconf 81' lang='grc' dir='ltr'>νῐ,</span> <span class='ocrx_word' id='word_1_214' title='bbox 583 1483 639 1507; x_wconf 85' lang='lat' dir='ltr'>art.</span> <span class='ocrx_word' id='word_1_215' title='bbox 662 1487 688 1515; x_wconf 87' lang='lat'>1,</span> <span class='ocrx_word' id='word_1_216' title='bbox 704 1476 760 1507; x_wconf 90' lang='lat' dir='ltr'>fol.</span> <span class='ocrx_word' id='word_1_217' title='bbox 770 1477 834 1519; x_wconf 93' lang='lat'>787</span> <span class='ocrx_word' id='word_1_218' title='bbox 857 1474 974 1518; x_wconf 85' lang='lat' dir='ltr'>(prima</span> <span class='ocrx_word' id='word_1_219' title='bbox 992 1480 1069 1511; x_wconf 87' lang='lat' dir='ltr'>haec</span> <span class='ocrx_word' id='word_1_220' title='bbox 1089 1486 1135 1509; x_wconf 91' lang='lat' dir='ltr'>est</span> <span class='ocrx_word' id='word_1_221' title='bbox 1154 1479 1250 1510; x_wconf 90' lang='lat' dir='ltr'>editio</span> 
     </span>
     <span class='ocr_line' id='line_1_28' title="bbox 173 1518 1251 1564; baseline 0.001 -12"><span class='ocrx_word' id='word_1_222' title='bbox 173 1518 375 1564; x_wconf 72' lang='lat' dir='ltr'>parisiensis)</span> <span class='ocrx_word' id='word_1_223' title='bbox 394 1521 428 1551; x_wconf 88' lang='lat' dir='ltr'>in</span> <span class='ocrx_word' id='word_1_224' title='bbox 451 1521 528 1552; x_wconf 86' lang='lat' dir='ltr'>haec</span> <span class='ocrx_word' id='word_1_225' title='bbox 542 1522 654 1552; x_wconf 89' lang='lat' dir='ltr'>verba:</span> <span class='ocrx_word' id='word_1_226' title='bbox 683 1521 836 1552; x_wconf 89' lang='lat' dir='ltr'>Postillae</span> <span class='ocrx_word' id='word_1_227' title='bbox 851 1520 946 1553; x_wconf 87' lang='lat' dir='ltr'>etiam</span> <span class='ocrx_word' id='word_1_228' title='bbox 971 1526 1004 1555; x_wconf 85' lang='lat' dir='ltr'>in</span> <span class='ocrx_word' id='word_1_229' title='bbox 1028 1523 1200 1554; x_wconf 87' lang='lat' dir='ltr'>Ieremiam</span> <span class='ocrx_word' id='word_1_230' title='bbox 1221 1530 1251 1555; x_wconf 85' lang='lat' dir='ltr'>et</span> 
     </span>
     <span class='ocr_line' id='line_1_29' title="bbox 178 1565 1248 1608; baseline 0.003 -11"><span class='ocrx_word' id='word_1_231' title='bbox 178 1565 322 1597; x_wconf 72' lang='lat' dir='ltr'>thenos</span> <span class='ocrx_word' id='word_1_232' title='bbox 340 1571 371 1597; x_wconf 91' lang='lat' dir='ltr'>et</span> <span class='ocrx_word' id='word_1_233' title='bbox 388 1566 607 1607; x_wconf 63' lang='lat' dir='ltr'>Apocalypsin</span> <span class='ocrx_word' id='word_1_234' title='bbox 628 1566 784 1607; x_wconf 83' lang='lat' dir='ltr'>indignae</span> <span class='ocrx_word' id='word_1_235' title='bbox 806 1571 883 1598; x_wconf 86' lang='lat' dir='ltr'>sunt</span> <span class='ocrx_word' id='word_1_236' title='bbox 901 1578 927 1599; x_wconf 92' lang='lat' dir='ltr'>s.</span> <span class='ocrx_word' id='word_1_237' title='bbox 943 1570 1082 1600; x_wconf 74' lang='lat' dir='ltr'>Yhomae</span> <span class='ocrx_word' id='word_1_238' title='bbox 1105 1570 1248 1608; x_wconf 83' lang='lat' dir='ltr'>ingenio,</span> 
     </span>
     <span class='ocr_line' id='line_1_30' title="bbox 173 1610 1249 1652; baseline 0.002 -10"><span class='ocrx_word' id='word_1_239' title='bbox 173 1620 234 1642; x_wconf 80' lang='lat' dir='ltr'>nec</span> <span class='ocrx_word' id='word_1_240' title='bbox 247 1612 333 1643; x_wconf 89' lang='lat' dir='ltr'>inter</span> <span class='ocrx_word' id='word_1_241' title='bbox 351 1612 421 1642; x_wconf 85' lang='lat' dir='ltr'>eius</span> <span class='ocrx_word' id='word_1_242' title='bbox 438 1610 546 1651; x_wconf 82' lang='lat' dir='ltr'>Opera</span> <span class='ocrx_word' id='word_1_243' title='bbox 565 1611 606 1641; x_wconf 87' lang='lat' dir='ltr'>ab</span> <span class='ocrx_word' id='word_1_244' title='bbox 624 1612 859 1652; x_wconf 87' lang='lat' dir='ltr'>antiquioribus</span> <span class='ocrx_word' id='word_1_245' title='bbox 878 1619 1097 1645; x_wconf 84' lang='lat' dir='ltr'>recensentur.</span> <span class='ocrx_word' id='word_1_246' title='bbox 1117 1613 1209 1650; x_wconf 91' lang='lat' dir='ltr'>Quae</span> <span class='ocrx_word' id='word_1_247' title='bbox 1223 1614 1249 1644; x_wconf 89' lang='lat' dir='ltr'>si</span> 
     </span>
     <span class='ocr_line' id='line_1_31' title="bbox 171 1655 1248 1699; baseline 0.004 -14"><span class='ocrx_word' id='word_1_248' title='bbox 171 1655 268 1687; x_wconf 80' lang='lat' dir='ltr'>verba</span> <span class='ocrx_word' id='word_1_249' title='bbox 291 1655 476 1687; x_wconf 87' lang='lat' dir='ltr'>doctissimo</span> <span class='ocrx_word' id='word_1_250' title='bbox 494 1655 564 1686; x_wconf 91' lang='lat' dir='ltr'>viro</span> <span class='ocrx_word' id='word_1_251' title='bbox 589 1655 775 1693; x_wconf 84' lang='lat' dir='ltr'>exciderint,</span> <span class='ocrx_word' id='word_1_252' title='bbox 799 1667 832 1687; x_wconf 90' lang='lat' dir='ltr'>re</span> <span class='ocrx_word' id='word_1_253' title='bbox 853 1658 968 1689; x_wconf 90' lang='lat' dir='ltr'>melius</span> <span class='ocrx_word' id='word_1_254' title='bbox 992 1658 1153 1696; x_wconf 85' lang='lat' dir='ltr'>consulta,</span> <span class='ocrx_word' id='word_1_255' title='bbox 1173 1669 1248 1699; x_wconf 91' lang='lat' dir='ltr'>sup-</span> 
     </span>
     <span class='ocr_line' id='line_1_32' title="bbox 170 1700 1248 1741; baseline 0.002 -10"><span class='ocrx_word' id='word_1_256' title='bbox 170 1709 279 1741; x_wconf 77' lang='lat' dir='ltr'>pressa</span> <span class='ocrx_word' id='word_1_257' title='bbox 302 1706 334 1731; x_wconf 91' lang='lat' dir='ltr'>et</span> <span class='ocrx_word' id='word_1_258' title='bbox 356 1700 518 1731; x_wconf 89' lang='lat' dir='ltr'>eliminata</span> <span class='ocrx_word' id='word_1_259' title='bbox 545 1700 657 1731; x_wconf 90' lang='lat' dir='ltr'>eadem</span> <span class='ocrx_word' id='word_1_260' title='bbox 684 1700 787 1731; x_wconf 92' lang='lat' dir='ltr'>voluit</span> <span class='ocrx_word' id='word_1_261' title='bbox 815 1701 848 1732; x_wconf 91' lang='lat' dir='ltr'>in</span> <span class='ocrx_word' id='word_1_262' title='bbox 871 1702 1036 1734; x_wconf 89' lang='lat' dir='ltr'>Parisiensi</span> <span class='ocrx_word' id='word_1_263' title='bbox 1066 1702 1161 1733; x_wconf 86' lang='lat' dir='ltr'>altera</span> <span class='ocrx_word' id='word_1_264' title='bbox 1185 1703 1248 1733; x_wconf 90' lang='lat' dir='ltr'>edi-</span> 
     </span>
    </p>

    <p class='ocr_par' dir='ltr' id='par_1_6' title="bbox 150 1743 1248 2321">
     <span class='ocr_line' id='line_1_33' title="bbox 150 1743 1247 1787; baseline 0.003 -12"><span class='ocrx_word' id='word_1_265' title='bbox 150 1757 152 1759; x_wconf 50' lang='lat'>&gt;</span> <span class='ocrx_word' id='word_1_266' title='bbox 171 1743 260 1776; x_wconf 89' lang='lat' dir='ltr'>tione</span> <span class='ocrx_word' id='word_1_267' title='bbox 278 1745 352 1775; x_wconf 88' lang='lat' dir='ltr'>anni</span> <span class='ocrx_word' id='word_1_268' title='bbox 377 1745 460 1786; x_wconf 87' lang='lat'>1699</span> <span class='ocrx_word' id='word_1_269' title='bbox 480 1744 536 1775; x_wconf 85' lang='lat' dir='ltr'>fol.</span> <span class='ocrx_word' id='word_1_270' title='bbox 556 1744 726 1782; x_wconf 86' lang='lat' dir='ltr'>torn.V11,</span> <span class='ocrx_word' id='word_1_271' title='bbox 746 1745 779 1775; x_wconf 91' lang='lat' dir='ltr'>in</span> <span class='ocrx_word' id='word_1_272' title='bbox 799 1756 863 1787; x_wconf 88' lang='lat' dir='ltr'>qua</span> <span class='ocrx_word' id='word_1_273' title='bbox 876 1747 950 1778; x_wconf 91' lang='lat' dir='ltr'>loco</span> <span class='ocrx_word' id='word_1_274' title='bbox 970 1747 1064 1778; x_wconf 87' lang='lat' dir='ltr'>citato</span> <span class='ocrx_word' id='word_1_275' title='bbox 1084 1747 1161 1778; x_wconf 83' lang='lat' dir='ltr'>haec</span> <span class='ocrx_word' id='word_1_276' title='bbox 1180 1754 1247 1778; x_wconf 89' lang='lat' dir='ltr'>tan-</span> 
     </span>
     <span class='ocr_line' id='line_1_34' title="bbox 170 1789 1248 1833; baseline 0.003 -13"><span class='ocrx_word' id='word_1_277' title='bbox 170 1795 243 1821; x_wconf 89' lang='lat' dir='ltr'>tum</span> <span class='ocrx_word' id='word_1_278' title='bbox 265 1789 376 1821; x_wconf 88' lang='lat' dir='ltr'>habet:</span> <span class='ocrx_word' id='word_1_279' title='bbox 399 1789 553 1820; x_wconf 85' lang='lat' dir='ltr'>Postillae</span> <span class='ocrx_word' id='word_1_280' title='bbox 576 1789 672 1820; x_wconf 85' lang='lat' dir='ltr'>etiam</span> <span class='ocrx_word' id='word_1_281' title='bbox 697 1790 729 1819; x_wconf 88' lang='lat' dir='ltr'>in</span> <span class='ocrx_word' id='word_1_282' title='bbox 744 1790 963 1832; x_wconf 65' lang='lat' dir='ltr'>Apocalypsin</span> <span class='ocrx_word' id='word_1_283' title='bbox 989 1792 1145 1833; x_wconf 85' lang='lat' dir='ltr'>indignae</span> <span class='ocrx_word' id='word_1_284' title='bbox 1171 1798 1248 1823; x_wconf 90' lang='lat' dir='ltr'>sunt</span> 
     </span>
     <span class='ocr_line' id='line_1_35' title="bbox 168 1833 1247 1877; baseline 0.002 -12"><span class='ocrx_word' id='word_1_285' title='bbox 168 1843 196 1866; x_wconf 79' lang='lat' dir='ltr'>s.</span> <span class='ocrx_word' id='word_1_286' title='bbox 216 1833 356 1865; x_wconf 62' lang='lat' dir='ltr'>Thomae</span> <span class='ocrx_word' id='word_1_287' title='bbox 375 1834 524 1875; x_wconf 81' lang='lat' dir='ltr'>ingenio,</span> <span class='ocrx_word' id='word_1_288' title='bbox 550 1843 609 1864; x_wconf 90' lang='lat' dir='ltr'>nec</span> <span class='ocrx_word' id='word_1_289' title='bbox 632 1834 718 1864; x_wconf 85' lang='lat' dir='ltr'>inter</span> <span class='ocrx_word' id='word_1_290' title='bbox 733 1834 802 1865; x_wconf 90' lang='lat' dir='ltr'>eius</span> <span class='ocrx_word' id='word_1_291' title='bbox 821 1835 930 1876; x_wconf 84' lang='lat' dir='ltr'>Opera</span> <span class='ocrx_word' id='word_1_292' title='bbox 952 1837 992 1867; x_wconf 88' lang='lat' dir='ltr'>ab</span> <span class='ocrx_word' id='word_1_293' title='bbox 1009 1836 1247 1877; x_wconf 85' lang='lat' dir='ltr'>antiquioribus</span> 
     </span>
     <span class='ocr_line' id='line_1_36' title="bbox 167 1877 1245 1921; baseline 0.002 -11"><span class='ocrx_word' id='word_1_294' title='bbox 167 1883 388 1910; x_wconf 74' lang='lat' dir='ltr'>recensentur.</span> <span class='ocrx_word' id='word_1_295' title='bbox 403 1878 517 1919; x_wconf 86' lang='lat' dir='ltr'>Neque</span> <span class='ocrx_word' id='word_1_296' title='bbox 540 1887 669 1908; x_wconf 90' lang='lat' dir='ltr'>rursum</span> <span class='ocrx_word' id='word_1_297' title='bbox 687 1877 809 1918; x_wconf 86' lang='lat' dir='ltr'>priores</span> <span class='ocrx_word' id='word_1_298' title='bbox 834 1880 1048 1921; x_wconf 86' lang='lat' dir='ltr'>expositiones</span> <span class='ocrx_word' id='word_1_299' title='bbox 1066 1881 1141 1911; x_wconf 90' lang='lat' dir='ltr'>divo</span> <span class='ocrx_word' id='word_1_300' title='bbox 1157 1880 1245 1913; x_wconf 88' lang='lat' dir='ltr'>Tho-</span> 
     </span>
     <span class='ocr_line' id='line_1_37' title="bbox 167 1922 1245 1966; baseline 0.002 -11"><span class='ocrx_word' id='word_1_301' title='bbox 167 1932 223 1955; x_wconf 71' lang='lat' dir='ltr'>ma</span> <span class='ocrx_word' id='word_1_302' title='bbox 243 1922 389 1963; x_wconf 86' lang='lat' dir='ltr'>indignas</span> <span class='ocrx_word' id='word_1_303' title='bbox 413 1929 444 1954; x_wconf 93' lang='lat' dir='ltr'>et</span> <span class='ocrx_word' id='word_1_304' title='bbox 466 1922 535 1963; x_wconf 89' lang='lat' dir='ltr'>ipse</span> <span class='ocrx_word' id='word_1_305' title='bbox 557 1922 677 1954; x_wconf 84' lang='lat' dir='ltr'>iudicat</span> <span class='ocrx_word' id='word_1_306' title='bbox 700 1922 861 1962; x_wconf 91' lang='lat' dir='ltr'>Oudinus‚</span> <span class='ocrx_word' id='word_1_307' title='bbox 885 1926 1032 1966; x_wconf 79' lang='lat' dir='ltr'>quamvis</span> <span class='ocrx_word' id='word_1_308' title='bbox 1051 1926 1168 1966; x_wconf 90' lang='lat' dir='ltr'>paullo</span> <span class='ocrx_word' id='word_1_309' title='bbox 1191 1927 1245 1957; x_wconf 89' lang='lat' dir='ltr'>de-</span> 
     </span>
     <span class='ocr_line' id='line_1_38' title="bbox 166 1967 1245 2008; baseline 0.002 -9"><span class='ocrx_word' id='word_1_310' title='bbox 166 1967 327 2000; x_wconf 70' lang='lat' dir='ltr'>missioris</span> <span class='ocrx_word' id='word_1_311' title='bbox 349 1968 452 1998; x_wconf 87' lang='lat' dir='ltr'>animi</span> <span class='ocrx_word' id='word_1_312' title='bbox 473 1968 539 1998; x_wconf 90' lang='lat' dir='ltr'>sint</span> <span class='ocrx_word' id='word_1_313' title='bbox 561 1977 601 1999; x_wconf 85' lang='lat' dir='ltr'>ac</span> <span class='ocrx_word' id='word_1_314' title='bbox 623 1967 714 2008; x_wconf 67' lang='lat' dir='ltr'>styli,</span> <span class='ocrx_word' id='word_1_315' title='bbox 730 1977 827 2008; x_wconf 82' lang='lat' dir='ltr'>quam</span> <span class='ocrx_word' id='word_1_316' title='bbox 851 1970 948 2001; x_wconf 87' lang='lat' dir='ltr'>aliae.</span> <span class='ocrx_word' id='word_1_317' title='bbox 969 1970 1138 2001; x_wconf 86' lang='lat' dir='ltr'>Castillum</span> <span class='ocrx_word' id='word_1_318' title='bbox 1157 1971 1245 2002; x_wconf 86' lang='lat' dir='ltr'>deni-</span> 
     </span>
     <span class='ocr_line' id='line_1_39' title="bbox 167 2011 1245 2054; baseline 0.002 -10"><span class='ocrx_word' id='word_1_319' title='bbox 167 2021 232 2054; x_wconf 85' lang='lat' dir='ltr'>que</span> <span class='ocrx_word' id='word_1_320' title='bbox 259 2018 355 2054; x_wconf 88' lang='lat' dir='ltr'>atque</span> <span class='ocrx_word' id='word_1_321' title='bbox 373 2012 469 2044; x_wconf 87' lang='lat' dir='ltr'>Pium</span> <span class='ocrx_word' id='word_1_322' title='bbox 488 2011 553 2043; x_wconf 90' lang='lat' dir='ltr'>sive</span> <span class='ocrx_word' id='word_1_323' title='bbox 567 2012 719 2043; x_wconf 89' lang='lat' dir='ltr'>Plodium</span> <span class='ocrx_word' id='word_1_324' title='bbox 737 2012 816 2044; x_wconf 93' lang='lat' dir='ltr'>locis</span> <span class='ocrx_word' id='word_1_325' title='bbox 836 2014 935 2045; x_wconf 91' lang='lat' dir='ltr'>citatis</span> <span class='ocrx_word' id='word_1_326' title='bbox 951 2021 1060 2046; x_wconf 88' lang='lat' dir='ltr'>contra</span> <span class='ocrx_word' id='word_1_327' title='bbox 1076 2015 1245 2047; x_wconf 89' lang='lat' dir='ltr'>sentientes</span> 
     </span>
     <span class='ocr_line' id='line_1_40' title="bbox 165 2054 1244 2100; baseline 0.004 -13"><span class='ocrx_word' id='word_1_328' title='bbox 165 2054 346 2098; x_wconf 77' lang='lat' dir='ltr'>insequitur</span> <span class='ocrx_word' id='word_1_329' title='bbox 367 2056 521 2088; x_wconf 89' lang='lat' dir='ltr'>Nazarius</span> <span class='ocrx_word' id='word_1_330' title='bbox 540 2056 573 2087; x_wconf 91' lang='lat' dir='ltr'>in</span> <span class='ocrx_word' id='word_1_331' title='bbox 597 2056 766 2097; x_wconf 90' lang='lat' dir='ltr'>Opusculo</span> <span class='ocrx_word' id='word_1_332' title='bbox 791 2058 830 2088; x_wconf 91' lang='lat' dir='ltr'>de</span> <span class='ocrx_word' id='word_1_333' title='bbox 854 2059 976 2100; x_wconf 87' lang='lat' dir='ltr'>scriptis</span> <span class='ocrx_word' id='word_1_334' title='bbox 996 2059 1060 2090; x_wconf 88' lang='lat' dir='ltr'>divi</span> <span class='ocrx_word' id='word_1_335' title='bbox 1079 2059 1244 2092; x_wconf 88' lang='lat' dir='ltr'>Thomae:</span> 
     </span>
     <span class='ocr_line' id='line_1_41' title="bbox 165 2101 1242 2143; baseline 0.004 -10"><span class='ocrx_word' id='word_1_336' title='bbox 165 2101 374 2143; x_wconf 75' lang='lat' dir='ltr'>eosdemque,</span> <span class='ocrx_word' id='word_1_337' title='bbox 390 2108 420 2133; x_wconf 88' lang='lat' dir='ltr'>et</span> <span class='ocrx_word' id='word_1_338' title='bbox 429 2101 618 2132; x_wconf 88' lang='lat' dir='ltr'>Michaelem</span> <span class='ocrx_word' id='word_1_339' title='bbox 637 2101 832 2133; x_wconf 88' lang='lat' dir='ltr'>Ghislerium</span> <span class='ocrx_word' id='word_1_340' title='bbox 846 2103 1043 2135; x_wconf 86' lang='lat' dir='ltr'>Praefatione</span> <span class='ocrx_word' id='word_1_341' title='bbox 1058 2103 1242 2137; x_wconf 77' lang='lat' dir='ltr'>Commeat.</span> 
     </span>
     <span class='ocr_line' id='line_1_42' title="bbox 165 2145 1243 2191; baseline 0.006 -15"><span class='ocrx_word' id='word_1_342' title='bbox 165 2145 200 2177; x_wconf 87' lang='lat' dir='ltr'>in</span> <span class='ocrx_word' id='word_1_343' title='bbox 218 2145 385 2177; x_wconf 89' lang='lat' dir='ltr'>Ieremiam</span> <span class='ocrx_word' id='word_1_344' title='bbox 404 2146 491 2186; x_wconf 90' lang='lat' dir='ltr'>apud</span> <span class='ocrx_word' id='word_1_345' title='bbox 509 2146 671 2177; x_wconf 90' lang='lat' dir='ltr'>Placcium</span> <span class='ocrx_word' id='word_1_346' title='bbox 690 2146 729 2177; x_wconf 92' lang='lat' dir='ltr'>de</span> <span class='ocrx_word' id='word_1_347' title='bbox 748 2147 1000 2190; x_wconf 86' lang='lat' dir='ltr'>Pseudonymis,</span> <span class='ocrx_word' id='word_1_348' title='bbox 1021 2149 1072 2180; x_wconf 87' lang='lat' dir='ltr'>aio</span> <span class='ocrx_word' id='word_1_349' title='bbox 1092 2159 1164 2190; x_wconf 83' lang='lat' dir='ltr'>ego,</span> <span class='ocrx_word' id='word_1_350' title='bbox 1183 2160 1243 2191; x_wconf 89' lang='lat' dir='ltr'>pro</span> 
     </span>
     <span class='ocr_line' id='line_1_43' title="bbox 165 2189 1243 2235; baseline 0.004 -13"><span class='ocrx_word' id='word_1_351' title='bbox 165 2189 266 2222; x_wconf 82' lang='lat' dir='ltr'>nimia</span> <span class='ocrx_word' id='word_1_352' title='bbox 287 2190 406 2231; x_wconf 86' lang='lat' dir='ltr'>ingenii</span> <span class='ocrx_word' id='word_1_353' title='bbox 434 2190 576 2229; x_wconf 87' lang='lat' dir='ltr'>licentia,</span> <span class='ocrx_word' id='word_1_354' title='bbox 600 2197 678 2222; x_wconf 89' lang='lat' dir='ltr'>teste</span> <span class='ocrx_word' id='word_1_355' title='bbox 702 2191 810 2231; x_wconf 89' lang='lat' dir='ltr'>nullo,</span> <span class='ocrx_word' id='word_1_356' title='bbox 836 2192 899 2224; x_wconf 88' lang='lat' dir='ltr'>fide</span> <span class='ocrx_word' id='word_1_357' title='bbox 922 2193 1027 2231; x_wconf 87' lang='lat' dir='ltr'>nulla,</span> <span class='ocrx_word' id='word_1_358' title='bbox 1051 2194 1243 2235; x_wconf 78' lang='lat' dir='ltr'>praedictam</span> 
     </span>
     <span class='ocr_line' id='line_1_44' title="bbox 163 2234 1242 2279; baseline 0.006 -14"><span class='ocrx_word' id='word_1_359' title='bbox 163 2234 302 2266; x_wconf 82' lang='lat' dir='ltr'>tribuere</span> <span class='ocrx_word' id='word_1_360' title='bbox 321 2235 469 2266; x_wconf 89' lang='lat' dir='ltr'>Thomae</span> <span class='ocrx_word' id='word_1_361' title='bbox 483 2235 619 2276; x_wconf 81' lang='lat' dir='ltr'>Anglico</span> <span class='ocrx_word' id='word_1_362' title='bbox 636 2235 802 2267; x_wconf 84' lang='lat' dir='ltr'>Posu&#39;llam</span> <span class='ocrx_word' id='word_1_363' title='bbox 825 2236 858 2268; x_wconf 90' lang='lat' dir='ltr'>in</span> <span class='ocrx_word' id='word_1_364' title='bbox 872 2238 1075 2279; x_wconf 86' lang='lat' dir='ltr'>prophetiam</span> <span class='ocrx_word' id='word_1_365' title='bbox 1094 2238 1242 2271; x_wconf 87' lang='lat' dir='ltr'>Ieremiae</span> 
     </span>
     <span class='ocr_line' id='line_1_45' title="bbox 166 2278 483 2321; baseline -0.003 -10"><span class='ocrx_word' id='word_1_366' title='bbox 166 2278 301 2321; x_wconf 82' lang='lat' dir='ltr'>eiusque</span> <span class='ocrx_word' id='word_1_367' title='bbox 324 2279 483 2311; x_wconf 90' lang='lat' dir='ltr'>Threnos.</span> 
     </span>
    </p>

    <p class='ocr_par' dir='ltr' id='par_1_7' title="bbox 159 2324 1243 3210">
     <span class='ocr_line' id='line_1_46' title="bbox 233 2324 1243 2368; baseline 0.004 -12"><span class='ocrx_word' id='word_1_368' title='bbox 233 2324 270 2356; x_wconf 88' lang='lat'>11.</span> <span class='ocrx_word' id='word_1_369' title='bbox 291 2324 391 2356; x_wconf 86' lang='lat' dir='ltr'>Reiici</span> <span class='ocrx_word' id='word_1_370' title='bbox 405 2325 531 2363; x_wconf 86' lang='lat' dir='ltr'>debent,</span> <span class='ocrx_word' id='word_1_371' title='bbox 545 2334 628 2365; x_wconf 88' lang='lat' dir='ltr'>quae</span> <span class='ocrx_word' id='word_1_372' title='bbox 643 2324 907 2358; x_wconf 86' lang='lat' dir='ltr'>circumferuntur</span> <span class='ocrx_word' id='word_1_373' title='bbox 935 2337 970 2358; x_wconf 90' lang='lat' dir='ltr'>ac</span> <span class='ocrx_word' id='word_1_374' title='bbox 985 2327 1084 2358; x_wconf 87' lang='lat' dir='ltr'>editae</span> <span class='ocrx_word' id='word_1_375' title='bbox 1099 2335 1243 2368; x_wconf 86' lang='lat' dir='ltr'>prostant</span> 
     </span>
     <span class='ocr_line' id='line_1_47' title="bbox 164 2366 1241 2414; baseline 0.005 -15"><span class='ocrx_word' id='word_1_376' title='bbox 164 2366 224 2400; x_wconf 69' lang='lat' dir='ltr'>sub</span> <span class='ocrx_word' id='word_1_377' title='bbox 243 2369 376 2400; x_wconf 88' lang='lat' dir='ltr'>nomine</span> <span class='ocrx_word' id='word_1_378' title='bbox 400 2379 424 2400; x_wconf 91' lang='lat' dir='ltr'>s.</span> <span class='ocrx_word' id='word_1_379' title='bbox 445 2369 605 2406; x_wconf 90' lang='lat' dir='ltr'>Doctoris,</span> <span class='ocrx_word' id='word_1_380' title='bbox 623 2370 836 2410; x_wconf 87' lang='lat' dir='ltr'>expositiones</span> <span class='ocrx_word' id='word_1_381' title='bbox 858 2373 890 2402; x_wconf 90' lang='lat' dir='ltr'>in</span> <span class='ocrx_word' id='word_1_382' title='bbox 912 2372 1082 2402; x_wconf 87' lang='lat' dir='ltr'>Danielem</span> <span class='ocrx_word' id='word_1_383' title='bbox 1101 2373 1241 2414; x_wconf 87' lang='lat' dir='ltr'>Prophe-</span> 
     </span>
     <span class='ocr_line' id='line_1_48' title="bbox 163 2413 1240 2456; baseline 0.005 -12"><span class='ocrx_word' id='word_1_384' title='bbox 163 2418 231 2444; x_wconf 81' lang='lat' dir='ltr'>tam</span> <span class='ocrx_word' id='word_1_385' title='bbox 251 2418 282 2445; x_wconf 85' lang='lat' dir='ltr'>et</span> <span class='ocrx_word' id='word_1_386' title='bbox 305 2415 337 2444; x_wconf 91' lang='lat' dir='ltr'>in</span> <span class='ocrx_word' id='word_1_387' title='bbox 361 2413 443 2445; x_wconf 86' lang='lat' dir='ltr'>duos</span> <span class='ocrx_word' id='word_1_388' title='bbox 461 2414 560 2445; x_wconf 83' lang='lat' dir='ltr'>libros</span> <span class='ocrx_word' id='word_1_389' title='bbox 573 2414 858 2446; x_wconf 83' lang='lat' dir='ltr'>Machabaeorum.</span> <span class='ocrx_word' id='word_1_390' title='bbox 879 2416 969 2446; x_wconf 88' lang='lat' dir='ltr'>Prior</span> <span class='ocrx_word' id='word_1_391' title='bbox 991 2416 1120 2456; x_wconf 88' lang='lat' dir='ltr'>incipit;</span> <span class='ocrx_word' id='word_1_392' title='bbox 1140 2418 1240 2449; x_wconf 91' lang='lat' dir='ltr'>Intel-</span> 
     </span>
     <span class='ocr_line' id='line_1_49' title="bbox 164 2457 1239 2502; baseline 0.005 -14"><span class='ocrx_word' id='word_1_393' title='bbox 164 2457 302 2499; x_wconf 77' lang='lat' dir='ltr'>ligentia</span> <span class='ocrx_word' id='word_1_394' title='bbox 320 2468 401 2498; x_wconf 87' lang='lat' dir='ltr'>opus</span> <span class='ocrx_word' id='word_1_395' title='bbox 414 2463 462 2489; x_wconf 89' lang='lat' dir='ltr'>est</span> <span class='ocrx_word' id='word_1_396' title='bbox 480 2459 513 2488; x_wconf 89' lang='lat' dir='ltr'>in</span> <span class='ocrx_word' id='word_1_397' title='bbox 534 2459 664 2491; x_wconf 80' lang='lat' dir='ltr'>visione·</span> <span class='ocrx_word' id='word_1_398' title='bbox 684 2460 776 2490; x_wconf 87' lang='lat' dir='ltr'>Hanc</span> <span class='ocrx_word' id='word_1_399' title='bbox 798 2460 881 2500; x_wconf 90' lang='lat' dir='ltr'>typis</span> <span class='ocrx_word' id='word_1_400' title='bbox 905 2460 1098 2500; x_wconf 84' lang='lat' dir='ltr'>vulgandam</span> <span class='ocrx_word' id='word_1_401' title='bbox 1118 2462 1239 2502; x_wconf 89' lang='lat' dir='ltr'>primus</span> 
     </span>
     <span class='ocr_line' id='line_1_50' title="bbox 164 2502 1239 2545; baseline 0.006 -13"><span class='ocrx_word' id='word_1_402' title='bbox 164 2502 286 2533; x_wconf 89' lang='lat' dir='ltr'>curavit</span> <span class='ocrx_word' id='word_1_403' title='bbox 305 2502 441 2533; x_wconf 90' lang='lat' dir='ltr'>Cosmas</span> <span class='ocrx_word' id='word_1_404' title='bbox 460 2502 718 2536; x_wconf 70' lang='lat' dir='ltr'>Moreues.t01no</span> <span class='ocrx_word' id='word_1_405' title='bbox 732 2504 834 2535; x_wconf 85' lang='lat' dir='ltr'>XVIII</span> <span class='ocrx_word' id='word_1_406' title='bbox 850 2505 1085 2545; x_wconf 87' lang='lat' dir='ltr'>Antuerpianae</span> <span class='ocrx_word' id='word_1_407' title='bbox 1102 2516 1158 2536; x_wconf 90' lang='lat' dir='ltr'>seu</span> <span class='ocrx_word' id='word_1_408' title='bbox 1173 2506 1239 2538; x_wconf 93' lang='lat' dir='ltr'>Co-</span> 
     </span>
     <span class='ocr_line' id='line_1_51' title="bbox 162 2545 1238 2587; baseline 0.004 -9"><span class='ocrx_word' id='word_1_409' title='bbox 162 2545 316 2578; x_wconf 87' lang='lat' dir='ltr'>loniensis</span> <span class='ocrx_word' id='word_1_410' title='bbox 331 2546 477 2587; x_wconf 90' lang='lat' dir='ltr'>Operum</span> <span class='ocrx_word' id='word_1_411' title='bbox 492 2546 640 2580; x_wconf 89' lang='lat' dir='ltr'>Thomae</span> <span class='ocrx_word' id='word_1_412' title='bbox 659 2548 806 2580; x_wconf 84' lang='lat' dir='ltr'>editionis</span> <span class='ocrx_word' id='word_1_413' title='bbox 825 2559 911 2579; x_wconf 92' lang='lat' dir='ltr'>anno</span> <span class='ocrx_word' id='word_1_414' title='bbox 931 2550 1025 2587; x_wconf 86' lang='lat'>1612,</span> <span class='ocrx_word' id='word_1_415' title='bbox 1041 2549 1096 2580; x_wconf 89' lang='lat' dir='ltr'>fol.</span> <span class='ocrx_word' id='word_1_416' title='bbox 1113 2551 1238 2582; x_wconf 88' lang='lat' dir='ltr'>eadem-</span> 
     </span>
     <span class='ocr_line' id='line_1_52' title="bbox 164 2591 1236 2632; baseline 0.005 -10"><span class='ocrx_word' id='word_1_417' title='bbox 164 2600 237 2632; x_wconf 38' lang='lat' dir='ltr'>que.</span> <span class='ocrx_word' id='word_1_418' title='bbox 261 2591 378 2622; x_wconf 91' lang='lat' dir='ltr'>iterum</span> <span class='ocrx_word' id='word_1_419' title='bbox 406 2592 512 2622; x_wconf 90' lang='lat' dir='ltr'>lucem</span> <span class='ocrx_word' id='word_1_420' title='bbox 544 2593 622 2624; x_wconf 90' lang='lat' dir='ltr'>vidit</span> <span class='ocrx_word' id='word_1_421' title='bbox 654 2600 745 2624; x_wconf 90' lang='lat' dir='ltr'>tomo</span> <span class='ocrx_word' id='word_1_422' title='bbox 771 2594 846 2624; x_wconf 85' lang='lat' dir='ltr'>XIX</span> <span class='ocrx_word' id='word_1_423' title='bbox 869 2593 1016 2624; x_wconf 89' lang='lat' dir='ltr'>editionis</span> <span class='ocrx_word' id='word_1_424' title='bbox 1045 2594 1236 2627; x_wconf 89' lang='lat' dir='ltr'>Parisiensis.</span> 
     </span>
     <span class='ocr_line' id='line_1_53' title="bbox 163 2634 1237 2681; baseline 0.005 -15"><span class='ocrx_word' id='word_1_425' title='bbox 163 2634 305 2667; x_wconf 87' lang='lat' dir='ltr'>Cosmae</span> <span class='ocrx_word' id='word_1_426' title='bbox 327 2637 423 2667; x_wconf 90' lang='lat' dir='ltr'>verba</span> <span class='ocrx_word' id='word_1_427' title='bbox 445 2644 534 2668; x_wconf 88' lang='lat' dir='ltr'>sunt:</span> <span class='ocrx_word' id='word_1_428' title='bbox 554 2638 663 2669; x_wconf 87' lang='lat' dir='ltr'>Erant</span> <span class='ocrx_word' id='word_1_429' title='bbox 674 2648 779 2679; x_wconf 86' lang='lat' dir='ltr'>porro</span> <span class='ocrx_word' id='word_1_430' title='bbox 803 2639 836 2668; x_wconf 89' lang='lat' dir='ltr'>in</span> <span class='ocrx_word' id='word_1_431' title='bbox 857 2643 941 2669; x_wconf 90' lang='lat' dir='ltr'>tomo</span> <span class='ocrx_word' id='word_1_432' title='bbox 960 2638 1069 2670; x_wconf 89' lang='lat' dir='ltr'>eodem</span> <span class='ocrx_word' id='word_1_433' title='bbox 1089 2637 1167 2681; x_wconf 90' lang='lat' dir='ltr'>(ms.</span> <span class='ocrx_word' id='word_1_434' title='bbox 1191 2641 1237 2671; x_wconf 91' lang='lat' dir='ltr'>bi-</span> 
     </span>
     <span class='ocr_line' id='line_1_54' title="bbox 162 2679 1236 2725; baseline 0.005 -14"><span class='ocrx_word' id='word_1_435' title='bbox 162 2679 340 2714; x_wconf 83' lang='lat' dir='ltr'>bliothecae</span> <span class='ocrx_word' id='word_1_436' title='bbox 354 2681 488 2712; x_wconf 86' lang='lat' dir='ltr'>fratrum</span> <span class='ocrx_word' id='word_1_437' title='bbox 507 2681 584 2713; x_wconf 90' lang='lat' dir='ltr'>Ord.</span> <span class='ocrx_word' id='word_1_438' title='bbox 596 2682 735 2713; x_wconf 91' lang='lat' dir='ltr'>Praedic.</span> <span class='ocrx_word' id='word_1_439' title='bbox 756 2681 977 2725; x_wconf 88' lang='lat' dir='ltr'>Lovaniensis)</span> <span class='ocrx_word' id='word_1_440' title='bbox 995 2683 1236 2716; x_wconf 78' lang='lat' dir='ltr'>commentaria</span> 
     </span>
     <span class='ocr_line' id='line_1_55' title="bbox 161 2725 1235 2768; baseline 0.005 -13"><span class='ocrx_word' id='word_1_441' title='bbox 161 2734 190 2756; x_wconf 86' lang='lat' dir='ltr'>s.</span> <span class='ocrx_word' id='word_1_442' title='bbox 209 2725 349 2756; x_wconf 65' lang='lat' dir='ltr'>Romae</span> <span class='ocrx_word' id='word_1_443' title='bbox 363 2727 396 2757; x_wconf 92' lang='lat' dir='ltr'>in</span> <span class='ocrx_word' id='word_1_444' title='bbox 420 2725 495 2764; x_wconf 89' lang='lat' dir='ltr'>Iob,</span> <span class='ocrx_word' id='word_1_445' title='bbox 516 2727 626 2758; x_wconf 87' lang='lat' dir='ltr'>eadem</span> <span class='ocrx_word' id='word_1_446' title='bbox 641 2737 782 2768; x_wconf 89' lang='lat' dir='ltr'>prorsus</span> <span class='ocrx_word' id='word_1_447' title='bbox 795 2738 878 2768; x_wconf 87' lang='lat' dir='ltr'>quae</span> <span class='ocrx_word' id='word_1_448' title='bbox 896 2728 981 2758; x_wconf 87' lang='lat' dir='ltr'>alias</span> <span class='ocrx_word' id='word_1_449' title='bbox 1000 2728 1155 2768; x_wconf 90' lang='lat' dir='ltr'>impressa</span> <span class='ocrx_word' id='word_1_450' title='bbox 1179 2740 1235 2760; x_wconf 86' lang='lat' dir='ltr'>ex-</span> 
     </span>
     <span class='ocr_line' id='line_1_56' title="bbox 162 2770 1236 2810; baseline 0.006 -10"><span class='ocrx_word' id='word_1_451' title='bbox 162 2774 251 2801; x_wconf 84' lang='lat' dir='ltr'>tant:</span> <span class='ocrx_word' id='word_1_452' title='bbox 273 2775 340 2801; x_wconf 88' lang='lat' dir='ltr'>tum</span> <span class='ocrx_word' id='word_1_453' title='bbox 374 2770 614 2802; x_wconf 87' lang='lat' dir='ltr'>Commentaria</span> <span class='ocrx_word' id='word_1_454' title='bbox 642 2774 675 2802; x_wconf 92' lang='lat' dir='ltr'>in</span> <span class='ocrx_word' id='word_1_455' title='bbox 703 2773 891 2810; x_wconf 87' lang='lat' dir='ltr'>Danielem,</span> <span class='ocrx_word' id='word_1_456' title='bbox 917 2782 1039 2805; x_wconf 84' lang='lat' dir='ltr'>necnon</span> <span class='ocrx_word' id='word_1_457' title='bbox 1069 2774 1102 2804; x_wconf 90' lang='lat' dir='ltr'>in</span> <span class='ocrx_word' id='word_1_458' title='bbox 1126 2784 1236 2806; x_wconf 89' lang='lat' dir='ltr'>omnes</span> 
     </span>
     <span class='ocr_line' id='line_1_57' title="bbox 162 2814 1237 2859; baseline 0.005 -14"><span class='ocrx_word' id='word_1_459' title='bbox 162 2814 327 2855; x_wconf 80' lang='lat' dir='ltr'>Epistulas</span> <span class='ocrx_word' id='word_1_460' title='bbox 343 2815 558 2847; x_wconf 88' lang='lat' dir='ltr'>Canonicas...</span> <span class='ocrx_word' id='word_1_461' title='bbox 587 2817 695 2848; x_wconf 89' lang='lat' dir='ltr'>omnia</span> <span class='ocrx_word' id='word_1_462' title='bbox 713 2817 794 2848; x_wconf 87' lang='lat' dir='ltr'>haec</span> <span class='ocrx_word' id='word_1_463' title='bbox 812 2827 878 2848; x_wconf 90' lang='lat' dir='ltr'>una</span> <span class='ocrx_word' id='word_1_464' title='bbox 898 2827 1008 2854; x_wconf 89' lang='lat' dir='ltr'>manu,</span> <span class='ocrx_word' id='word_1_465' title='bbox 1025 2822 1055 2847; x_wconf 86' lang='lat' dir='ltr'>et</span> <span class='ocrx_word' id='word_1_466' title='bbox 1074 2818 1106 2848; x_wconf 92' lang='lat' dir='ltr'>in</span> <span class='ocrx_word' id='word_1_467' title='bbox 1118 2818 1237 2859; x_wconf 79' lang='lat' dir='ltr'>fronte</span> 
     </span>
     <span class='ocr_line' id='line_1_58' title="bbox 162 2858 1236 2902; baseline 0.004 -12"><span class='ocrx_word' id='word_1_468' title='bbox 162 2858 239 2890; x_wconf 87' lang='lat' dir='ltr'>libri</span> <span class='ocrx_word' id='word_1_469' title='bbox 253 2860 408 2902; x_wconf 84' lang='lat' dir='ltr'>praefixa</span> <span class='ocrx_word' id='word_1_470' title='bbox 432 2861 598 2902; x_wconf 87' lang='lat' dir='ltr'>inscriptio</span> <span class='ocrx_word' id='word_1_471' title='bbox 622 2871 685 2892; x_wconf 89' lang='lat' dir='ltr'>non</span> <span class='ocrx_word' id='word_1_472' title='bbox 709 2861 878 2902; x_wconf 87' lang='lat' dir='ltr'>inferioris</span> <span class='ocrx_word' id='word_1_473' title='bbox 904 2863 1029 2894; x_wconf 84' lang='lat' dir='ltr'>aetatis.</span> <span class='ocrx_word' id='word_1_474' title='bbox 1051 2862 1104 2892; x_wconf 88' lang='lat' dir='ltr'>Ad</span> <span class='ocrx_word' id='word_1_475' title='bbox 1118 2863 1236 2894; x_wconf 88' lang='lat' dir='ltr'>codicis</span> 
     </span>
     <span class='ocr_line' id='line_1_59' title="bbox 163 2903 1235 2946; baseline 0.005 -12"><span class='ocrx_word' id='word_1_476' title='bbox 163 2903 351 2944; x_wconf 83' lang='lat' dir='ltr'>scripturam</span> <span class='ocrx_word' id='word_1_477' title='bbox 374 2906 464 2946; x_wconf 90' lang='lat' dir='ltr'>quod</span> <span class='ocrx_word' id='word_1_478' title='bbox 487 2905 611 2944; x_wconf 85' lang='lat' dir='ltr'>attinet,</span> <span class='ocrx_word' id='word_1_479' title='bbox 631 2905 675 2937; x_wconf 89' lang='lat' dir='ltr'>ait</span> <span class='ocrx_word' id='word_1_480' title='bbox 696 2905 764 2937; x_wconf 88' lang='lat' dir='ltr'>ille:</span> <span class='ocrx_word' id='word_1_481' title='bbox 793 2905 1064 2938; x_wconf 87' lang='lat' dir='ltr'>Obsoletissimam</span> <span class='ocrx_word' id='word_1_482' title='bbox 1093 2917 1162 2938; x_wconf 92' lang='lat' dir='ltr'>esse</span> <span class='ocrx_word' id='word_1_483' title='bbox 1185 2909 1235 2939; x_wconf 92' lang='lat' dir='ltr'>lit-</span> 
     </span>
     <span class='ocr_line' id='line_1_60' title="bbox 160 2949 1237 2992; baseline 0.006 -14"><span class='ocrx_word' id='word_1_484' title='bbox 160 2952 252 2978; x_wconf 86' lang='lat' dir='ltr'>terae</span> <span class='ocrx_word' id='word_1_485' title='bbox 274 2949 513 2990; x_wconf 86' lang='lat' dir='ltr'>antiquitatem,</span> <span class='ocrx_word' id='word_1_486' title='bbox 539 2951 769 2982; x_wconf 83' lang='lat' dir='ltr'>vetustissimas</span> <span class='ocrx_word' id='word_1_487' title='bbox 791 2951 1060 2989; x_wconf 80' lang='lat' dir='ltr'>abbreviationes,</span> <span class='ocrx_word' id='word_1_488' title='bbox 1081 2952 1237 2992; x_wconf 87' lang='lat' dir='ltr'>plurimis</span> 
     </span>
     <span class='ocr_line' id='line_1_61' title="bbox 164 2994 1236 3036; baseline 0.006 -14"><span class='ocrx_word' id='word_1_489' title='bbox 164 3001 224 3022; x_wconf 87' lang='lat' dir='ltr'>nec</span> <span class='ocrx_word' id='word_1_490' title='bbox 245 2997 351 3024; x_wconf 89' lang='lat' dir='ltr'>tamen</span> <span class='ocrx_word' id='word_1_491' title='bbox 376 2994 511 3025; x_wconf 86' lang='lat' dir='ltr'>indoctis</span> <span class='ocrx_word' id='word_1_492' title='bbox 527 3005 668 3035; x_wconf 91' lang='lat' dir='ltr'>prorsus</span> <span class='ocrx_word' id='word_1_493' title='bbox 696 2996 894 3036; x_wconf 84' lang='lat' dir='ltr'>incognitas,</span> <span class='ocrx_word' id='word_1_494' title='bbox 920 3002 957 3027; x_wconf 84' lang='lat' dir='ltr'>ut</span> <span class='ocrx_word' id='word_1_495' title='bbox 978 2997 1125 3036; x_wconf 87' lang='lat' dir='ltr'>Scriptor</span> <span class='ocrx_word' id='word_1_496' title='bbox 1150 3003 1236 3028; x_wconf 88' lang='lat' dir='ltr'>certe</span> 
     </span>
     <span class='ocr_line' id='line_1_62' title="bbox 161 3035 1235 3082; baseline 0.006 -16"><span class='ocrx_word' id='word_1_497' title='bbox 161 3035 302 3066; x_wconf 88' lang='lat' dir='ltr'>duorum</span> <span class='ocrx_word' id='word_1_498' title='bbox 325 3037 440 3069; x_wconf 84' lang='lat' dir='ltr'>abhinc</span> <span class='ocrx_word' id='word_1_499' title='bbox 461 3039 666 3070; x_wconf 88' lang='lat' dir='ltr'>saeculorum</span> <span class='ocrx_word' id='word_1_500' title='bbox 682 3039 784 3070; x_wconf 89' lang='lat' dir='ltr'>videri</span> <span class='ocrx_word' id='word_1_501' title='bbox 800 3041 914 3081; x_wconf 89' lang='lat' dir='ltr'>possit.</span> <span class='ocrx_word' id='word_1_502' title='bbox 934 3041 982 3071; x_wconf 91' lang='lat' dir='ltr'>De</span> <span class='ocrx_word' id='word_1_503' title='bbox 1005 3041 1076 3082; x_wconf 92' lang='lat' dir='ltr'>ipso</span> <span class='ocrx_word' id='word_1_504' title='bbox 1095 3043 1235 3073; x_wconf 88' lang='lat' dir='ltr'>Auctore</span> 
     </span>
     <span class='ocr_line' id='line_1_63' title="bbox 163 3079 1236 3127; baseline 0.007 -18"><span class='ocrx_word' id='word_1_505' title='bbox 163 3079 261 3110; x_wconf 89' lang='lat' dir='ltr'>dubia</span> <span class='ocrx_word' id='word_1_506' title='bbox 278 3080 404 3112; x_wconf 86' lang='lat' dir='ltr'>miscet:</span> <span class='ocrx_word' id='word_1_507' title='bbox 424 3092 460 3113; x_wconf 89' lang='lat' dir='ltr'>ac</span> <span class='ocrx_word' id='word_1_508' title='bbox 479 3082 612 3114; x_wconf 92' lang='lat' dir='ltr'>demum</span> <span class='ocrx_word' id='word_1_509' title='bbox 631 3089 802 3125; x_wconf 86' lang='lat' dir='ltr'>utcumque</span> <span class='ocrx_word' id='word_1_510' title='bbox 819 3085 861 3115; x_wconf 90' lang='lat' dir='ltr'>sit</span> <span class='ocrx_word' id='word_1_511' title='bbox 881 3082 1095 3127; x_wconf 90' lang='lat' dir='ltr'>(concludit),</span> <span class='ocrx_word' id='word_1_512' title='bbox 1121 3092 1236 3118; x_wconf 91' lang='lat' dir='ltr'>auctor</span> 
     </span>
     <span class='ocr_line' id='line_1_64' title="bbox 160 3124 1236 3168; baseline 0.007 -13"><span class='ocrx_word' id='word_1_513' title='bbox 160 3125 192 3156; x_wconf 88' lang='lat' dir='ltr'>si</span> <span class='ocrx_word' id='word_1_514' title='bbox 214 3124 330 3155; x_wconf 85' lang='lat' dir='ltr'>dubius</span> <span class='ocrx_word' id='word_1_515' title='bbox 353 3131 410 3163; x_wconf 89' lang='lat' dir='ltr'>est,</span> <span class='ocrx_word' id='word_1_516' title='bbox 426 3132 520 3157; x_wconf 80' lang='lat' dir='ltr'>extra</span> <span class='ocrx_word' id='word_1_517' title='bbox 543 3127 674 3158; x_wconf 84' lang='lat' dir='ltr'>dubium</span> <span class='ocrx_word' id='word_1_518' title='bbox 693 3128 894 3160; x_wconf 85' lang='lat' dir='ltr'>doctissimus</span> <span class='ocrx_word' id='word_1_519' title='bbox 913 3134 970 3168; x_wconf 88' lang='lat' dir='ltr'>est,</span> <span class='ocrx_word' id='word_1_520' title='bbox 991 3131 1023 3160; x_wconf 89' lang='lat' dir='ltr'>in</span> <span class='ocrx_word' id='word_1_521' title='bbox 1050 3139 1076 3161; x_wconf 89' lang='lat' dir='ltr'>s.</span> <span class='ocrx_word' id='word_1_522' title='bbox 1097 3130 1236 3162; x_wconf 70' lang='lat' dir='ltr'>Thomae</span> 
     </span>
     <span class='ocr_line' id='line_1_65' title="bbox 159 3169 657 3210; baseline 0.004 -10"><span class='ocrx_word' id='word_1_523' title='bbox 159 3169 309 3200; x_wconf 83' lang='lat' dir='ltr'>doctrina</span> <span class='ocrx_word' id='word_1_524' title='bbox 332 3171 478 3210; x_wconf 87' lang='lat' dir='ltr'>apprime</span> <span class='ocrx_word' id='word_1_525' title='bbox 501 3176 657 3202; x_wconf 81' lang='lat' dir='ltr'>versatus.</span> 
     </span>
    </p>

    <p class='ocr_par' dir='ltr' id='par_1_8' title="bbox 159 3213 1236 3608">
     <span class='ocr_line' id='line_1_66' title="bbox 230 3213 1234 3260; baseline 0.007 -17"><span class='ocrx_word' id='word_1_526' title='bbox 230 3213 399 3244; x_wconf 91' lang='lat' dir='ltr'>Silentium</span> <span class='ocrx_word' id='word_1_527' title='bbox 417 3215 532 3254; x_wconf 86' lang='lat' dir='ltr'>obstat,</span> <span class='ocrx_word' id='word_1_528' title='bbox 551 3216 640 3256; x_wconf 94' lang='lat' dir='ltr'>quod</span> <span class='ocrx_word' id='word_1_529' title='bbox 659 3224 846 3257; x_wconf 86' lang='lat' dir='ltr'>argumento</span> <span class='ocrx_word' id='word_1_530' title='bbox 867 3228 954 3249; x_wconf 90' lang='lat' dir='ltr'>mere</span> <span class='ocrx_word' id='word_1_531' title='bbox 973 3219 1120 3259; x_wconf 86' lang='lat' dir='ltr'>negativo</span> <span class='ocrx_word' id='word_1_532' title='bbox 1139 3219 1234 3260; x_wconf 90' lang='lat' dir='ltr'>longe</span> 
     </span>
     <span class='ocr_line' id='line_1_67' title="bbox 162 3257 1232 3304; baseline 0.007 -17"><span class='ocrx_word' id='word_1_533' title='bbox 162 3257 299 3289; x_wconf 87' lang='lat' dir='ltr'>maiores</span> <span class='ocrx_word' id='word_1_534' title='bbox 314 3258 394 3288; x_wconf 84' lang='lat' dir='ltr'>vires</span> <span class='ocrx_word' id='word_1_535' title='bbox 409 3258 673 3297; x_wconf 74' lang='lat' dir='ltr'>exerit‚‘veterum</span> <span class='ocrx_word' id='word_1_536' title='bbox 687 3262 846 3299; x_wconf 90' lang='lat' dir='ltr'>omnium,</span> <span class='ocrx_word' id='word_1_537' title='bbox 858 3262 914 3303; x_wconf 92' lang='lat' dir='ltr'>qui</span> <span class='ocrx_word' id='word_1_538' title='bbox 928 3263 1076 3293; x_wconf 87' lang='lat' dir='ltr'>Thomae</span> <span class='ocrx_word' id='word_1_539' title='bbox 1086 3263 1232 3304; x_wconf 91' lang='lat' dir='ltr'>Operum</span> 
     </span>
     <span class='ocr_line' id='line_1_68' title="bbox 160 3302 1234 3346; baseline 0.006 -14"><span class='ocrx_word' id='word_1_540' title='bbox 160 3302 300 3333; x_wconf 89' lang='lat' dir='ltr'>indicem</span> <span class='ocrx_word' id='word_1_541' title='bbox 314 3309 491 3344; x_wconf 83' lang='lat' dir='ltr'>texuerunt,</span> <span class='ocrx_word' id='word_1_542' title='bbox 503 3313 606 3344; x_wconf 92' lang='lat' dir='ltr'>eoque</span> <span class='ocrx_word' id='word_1_543' title='bbox 620 3304 654 3334; x_wconf 94' lang='lat' dir='ltr'>in</span> <span class='ocrx_word' id='word_1_544' title='bbox 668 3306 802 3336; x_wconf 86' lang='lat' dir='ltr'>texendo</span> <span class='ocrx_word' id='word_1_545' title='bbox 813 3306 1008 3346; x_wconf 90' lang='lat' dir='ltr'>diligentiam</span> <span class='ocrx_word' id='word_1_546' title='bbox 1022 3307 1234 3339; x_wconf 89' lang='lat' dir='ltr'>adhibuerunt</span> 
     </span>
     <span class='ocr_line' id='line_1_69' title="bbox 161 3348 1231 3389; baseline 0.005 -12"><span class='ocrx_word' id='word_1_547' title='bbox 161 3352 304 3378; x_wconf 88' lang='lat' dir='ltr'>omnem.</span> <span class='ocrx_word' id='word_1_548' title='bbox 325 3348 434 3378; x_wconf 88' lang='lat' dir='ltr'>Hocce</span> <span class='ocrx_word' id='word_1_549' title='bbox 454 3354 641 3387; x_wconf 89' lang='lat' dir='ltr'>argumento</span> <span class='ocrx_word' id='word_1_550' title='bbox 660 3359 737 3379; x_wconf 90' lang='lat' dir='ltr'>usus</span> <span class='ocrx_word' id='word_1_551' title='bbox 756 3356 803 3380; x_wconf 89' lang='lat' dir='ltr'>est</span> <span class='ocrx_word' id='word_1_552' title='bbox 820 3350 1015 3389; x_wconf 86' lang='lat' dir='ltr'>Antoninus,</span> <span class='ocrx_word' id='word_1_553' title='bbox 1035 3358 1071 3382; x_wconf 91' lang='lat' dir='ltr'>ut</span> <span class='ocrx_word' id='word_1_554' title='bbox 1090 3362 1108 3381; x_wconf 89' lang='lat' dir='ltr'>a</span> <span class='ocrx_word' id='word_1_555' title='bbox 1122 3359 1231 3382; x_wconf 89' lang='lat' dir='ltr'>sancto</span> 
     </span>
     <span class='ocr_line' id='line_1_70' title="bbox 160 3391 1232 3434; baseline 0.004 -12"><span class='ocrx_word' id='word_1_556' title='bbox 160 3391 293 3422; x_wconf 85' lang='lat' dir='ltr'>Thoma</span> <span class='ocrx_word' id='word_1_557' title='bbox 309 3392 460 3422; x_wconf 89' lang='lat' dir='ltr'>Postillas</span> <span class='ocrx_word' id='word_1_558' title='bbox 473 3402 572 3432; x_wconf 87' lang='lat' dir='ltr'>super</span> <span class='ocrx_word' id='word_1_559' title='bbox 588 3392 735 3423; x_wconf 88' lang='lat' dir='ltr'>Genesim</span> <span class='ocrx_word' id='word_1_560' title='bbox 751 3399 782 3424; x_wconf 84' lang='lat' dir='ltr'>et</span> <span class='ocrx_word' id='word_1_561' title='bbox 794 3404 893 3434; x_wconf 87' lang='lat' dir='ltr'>super</span> <span class='ocrx_word' id='word_1_562' title='bbox 906 3395 1122 3425; x_wconf 88' lang='lat' dir='ltr'>Ecclesiasten</span> <span class='ocrx_word' id='word_1_563' title='bbox 1143 3396 1232 3426; x_wconf 91' lang='lat' dir='ltr'>abiu-</span> 
     </span>
     <span class='ocr_line' id='line_1_71' title="bbox 159 3435 1231 3478; baseline 0.004 -12"><span class='ocrx_word' id='word_1_564' title='bbox 159 3435 288 3467; x_wconf 85' lang='lat' dir='ltr'>dicaret.</span> <span class='ocrx_word' id='word_1_565' title='bbox 316 3436 401 3467; x_wconf 92' lang='lat' dir='ltr'>Hinc</span> <span class='ocrx_word' id='word_1_566' title='bbox 424 3436 559 3467; x_wconf 90' lang='lat' dir='ltr'>Echardi</span> <span class='ocrx_word' id='word_1_567' title='bbox 582 3437 676 3467; x_wconf 90' lang='lat' dir='ltr'>verba</span> <span class='ocrx_word' id='word_1_568' title='bbox 699 3444 788 3468; x_wconf 86' lang='lat' dir='ltr'>sunt:</span> <span class='ocrx_word' id='word_1_569' title='bbox 811 3451 826 3465; x_wconf 64' lang='lat' dir='ltr'>a&lt;</span> <span class='ocrx_word' id='word_1_570' title='bbox 846 3438 915 3468; x_wconf 92' lang='lat' dir='ltr'>Nos</span> <span class='ocrx_word' id='word_1_571' title='bbox 938 3448 1013 3468; x_wconf 90' lang='lat' dir='ltr'>vero</span> <span class='ocrx_word' id='word_1_572' title='bbox 1042 3447 1231 3478; x_wconf 88' lang='lat' dir='ltr'>argumento</span> 
     </span>
     <span class='ocr_line' id='line_1_72' title="bbox 164 3481 1236 3522; baseline 0.003 -12"><span class='ocrx_word' id='word_1_573' title='bbox 164 3492 180 3508; x_wconf 81' lang='lat'><strong>»</strong></span> <span class='ocrx_word' id='word_1_574' title='bbox 202 3490 227 3511; x_wconf 90' lang='lat' dir='ltr'>s.</span> <span class='ocrx_word' id='word_1_575' title='bbox 247 3481 403 3512; x_wconf 89' lang='lat' dir='ltr'>Antonini</span> <span class='ocrx_word' id='word_1_576' title='bbox 428 3481 612 3519; x_wconf 87' lang='lat' dir='ltr'>innitentes,</span> <span class='ocrx_word' id='word_1_577' title='bbox 638 3491 712 3511; x_wconf 93' lang='lat' dir='ltr'>cum</span> <span class='ocrx_word' id='word_1_578' title='bbox 741 3481 848 3512; x_wconf 91' lang='lat' dir='ltr'>nullus</span> <span class='ocrx_word' id='word_1_579' title='bbox 873 3489 1018 3512; x_wconf 89' lang='lat' dir='ltr'>veterum</span> <span class='ocrx_word' id='word_1_580' title='bbox 1040 3483 1236 3522; x_wconf 83' lang='lat' dir='ltr'>praedictam</span> 
     </span>
     <span class='ocr_line' id='line_1_73' title="bbox 165 3525 1231 3566; baseline 0.002 -11"><span class='ocrx_word' id='word_1_581' title='bbox 165 3537 180 3552; x_wconf 76' lang='lat'><strong>›</strong></span> <span class='ocrx_word' id='word_1_582' title='bbox 203 3525 435 3565; x_wconf 89' lang='lat' dir='ltr'>expositionem</span> <span class='ocrx_word' id='word_1_583' title='bbox 449 3525 482 3556; x_wconf 92' lang='lat' dir='ltr'>in</span> <span class='ocrx_word' id='word_1_584' title='bbox 497 3525 663 3556; x_wconf 89' lang='lat' dir='ltr'>Danielem</span> <span class='ocrx_word' id='word_1_585' title='bbox 675 3525 869 3566; x_wconf 86' lang='lat' dir='ltr'>Prophetam</span> <span class='ocrx_word' id='word_1_586' title='bbox 883 3525 963 3556; x_wconf 92' lang='lat' dir='ltr'>inter</span> <span class='ocrx_word' id='word_1_587' title='bbox 977 3526 1084 3566; x_wconf 91' lang='lat' dir='ltr'>Opera</span> <span class='ocrx_word' id='word_1_588' title='bbox 1102 3537 1127 3557; x_wconf 90' lang='lat' dir='ltr'>s.</span> <span class='ocrx_word' id='word_1_589' title='bbox 1143 3527 1231 3558; x_wconf 91' lang='lat' dir='ltr'>Tho-</span> 
     </span>
     <span class='ocr_line' id='line_1_74' title="bbox 165 3569 1227 3608; baseline 0.002 -9"><span class='ocrx_word' id='word_1_590' title='bbox 165 3581 180 3596; x_wconf 79' lang='lat'><strong>»</strong></span> <span class='ocrx_word' id='word_1_591' title='bbox 202 3579 274 3599; x_wconf 86' lang='lat' dir='ltr'>mae</span> <span class='ocrx_word' id='word_1_592' title='bbox 300 3570 510 3608; x_wconf 85' lang='lat' dir='ltr'>recensuerit,</span> <span class='ocrx_word' id='word_1_593' title='bbox 539 3570 566 3600; x_wconf 93' lang='lat' dir='ltr'>ei</span> <span class='ocrx_word' id='word_1_594' title='bbox 591 3569 724 3600; x_wconf 91' lang='lat' dir='ltr'>omnino</span> <span class='ocrx_word' id='word_1_595' title='bbox 753 3569 995 3600; x_wconf 89' lang='lat' dir='ltr'>abiudicandam</span> <span class='ocrx_word' id='word_1_596' title='bbox 1019 3580 1193 3601; x_wconf 89' lang='lat' dir='ltr'>censemus.</span> <span class='ocrx_word' id='word_1_597' title='bbox 1213 3584 1227 3597; x_wconf 80' lang='grc'>»</span> 
     </span>
    </p>

    <p class='ocr_par' dir='ltr' id='par_1_9' title="bbox 160 3614 1231 3699">
     <span class='ocr_line' id='line_1_75' title="bbox 229 3614 1231 3646; baseline 0.001 -1"><span class='ocrx_word' id='word_1_598' title='bbox 229 3614 412 3645; x_wconf 86' lang='lat' dir='ltr'>Morellium</span> <span class='ocrx_word' id='word_1_599' title='bbox 443 3614 576 3645; x_wconf 87' lang='lat' dir='ltr'>dicteriis</span> <span class='ocrx_word' id='word_1_600' title='bbox 606 3614 729 3645; x_wconf 85' lang='lat' dir='ltr'>vellicat</span> <span class='ocrx_word' id='word_1_601' title='bbox 752 3614 901 3645; x_wconf 92' lang='lat' dir='ltr'>Oudinus</span> <span class='ocrx_word' id='word_1_602' title='bbox 929 3625 965 3645; x_wconf 89' lang='lat' dir='ltr'>ac</span> <span class='ocrx_word' id='word_1_603' title='bbox 992 3614 1090 3645; x_wconf 91' lang='lat' dir='ltr'>veluti</span> <span class='ocrx_word' id='word_1_604' title='bbox 1118 3625 1154 3645; x_wconf 84' lang='lat' dir='ltr'>ex</span> <span class='ocrx_word' id='word_1_605' title='bbox 1178 3615 1231 3646; x_wconf 87' lang='lat' dir='ltr'>tri-</span> 
     </span>
     <span class='ocr_line' id='line_1_76' title="bbox 160 3657 1230 3699; baseline 0.003 -12"><span class='ocrx_word' id='word_1_606' title='bbox 160 3657 247 3698; x_wconf 86' lang='lat' dir='ltr'>pode</span> <span class='ocrx_word' id='word_1_607' title='bbox 267 3658 310 3689; x_wconf 90' lang='lat' dir='ltr'>sic</span> <span class='ocrx_word' id='word_1_608' title='bbox 328 3659 528 3699; x_wconf 89' lang='lat' dir='ltr'>pronuntiat:</span> <span class='ocrx_word' id='word_1_609' title='bbox 560 3672 575 3687; x_wconf 70' lang='grc' dir='ltr'>α</span> <span class='ocrx_word' id='word_1_610' title='bbox 588 3659 658 3699; x_wconf 90' lang='lat' dir='ltr'>Ego</span> <span class='ocrx_word' id='word_1_611' title='bbox 678 3665 787 3689; x_wconf 89' lang='lat' dir='ltr'>contra</span> <span class='ocrx_word' id='word_1_612' title='bbox 805 3669 880 3690; x_wconf 88' lang='lat' dir='ltr'>cum</span> <span class='ocrx_word' id='word_1_613' title='bbox 899 3658 999 3690; x_wconf 87' lang='lat' dir='ltr'>doctis</span> <span class='ocrx_word' id='word_1_614' title='bbox 1017 3658 1139 3690; x_wconf 84' lang='lat' dir='ltr'>Cn&#39;ticis</span> <span class='ocrx_word' id='word_1_615' title='bbox 1159 3659 1230 3690; x_wconf 93' lang='lat' dir='ltr'>dico</span> 
     </span>
    </p>
   </div>
   <div class='ocr_carea' id='block_1_5' title="bbox 1255 1183 1289 1494">
    <p class='ocr_par' dir='ltr' id='par_1_10' title="bbox 1255 1183 1289 1494">
     <span class='ocr_line' id='line_1_77' title="bbox 1255 1183 1289 1362; baseline 0 -47"><span class='ocrx_word' id='word_1_616' title='bbox 1255 1183 1289 1362; x_wconf 95' lang='lat' dir='ltr'>    </span> 
     </span>
     <span class='ocr_line' id='line_1_78' title="bbox 1255 1362 1284 1494; baseline 0 -86"><span class='ocrx_word' id='word_1_617' title='bbox 1255 1362 1284 1494; x_wconf 95' lang='lat' dir='ltr'>   </span> 
     </span>
    </p>
   </div>
   <div class='ocr_carea' id='block_1_6' title="bbox 2308 309 2394 335">
    <p class='ocr_par' dir='ltr' id='par_1_11' title="bbox 2308 309 2394 335">
     <span class='ocr_line' id='line_1_79' title="bbox 2308 309 2394 335; baseline 0.012 -2"><span class='ocrx_word' id='word_1_618' title='bbox 2308 309 2394 335; x_wconf 88' lang='lat' dir='ltr'>XCIII</span> 
     </span>
    </p>
   </div>
   <div class='ocr_carea' id='block_1_7' title="bbox 1284 364 2396 3697">
    <p class='ocr_par' dir='ltr' id='par_1_12' title="bbox 1296 364 2396 2501">
     <span class='ocr_line' id='line_1_80' title="bbox 1324 364 2394 415; baseline 0.01 -20"><span class='ocrx_word' id='word_1_619' title='bbox 1324 375 1339 391; x_wconf 75' lang='lat'><strong>»</strong></span> <span class='ocrx_word' id='word_1_620' title='bbox 1362 364 1447 396; x_wconf 83' lang='lat' dir='ltr'>hunc</span> <span class='ocrx_word' id='word_1_621' title='bbox 1470 373 1638 399; x_wconf 84' lang='lat' dir='ltr'>tractatum</span> <span class='ocrx_word' id='word_1_622' title='bbox 1660 369 1759 400; x_wconf 87' lang='lat' dir='ltr'>videri</span> <span class='ocrx_word' id='word_1_623' title='bbox 1783 377 1922 410; x_wconf 87' lang='lat' dir='ltr'>spectare</span> <span class='ocrx_word' id='word_1_624' title='bbox 1952 372 1992 402; x_wconf 89' lang='lat' dir='ltr'>ad</span> <span class='ocrx_word' id='word_1_625' title='bbox 2018 372 2182 403; x_wconf 90' lang='lat' dir='ltr'>Thomam</span> <span class='ocrx_word' id='word_1_626' title='bbox 2205 375 2394 415; x_wconf 81' lang='lat' dir='ltr'>Angficum,</span> 
     </span>
     <span class='ocr_line' id='line_1_81' title="bbox 1323 413 2395 460; baseline 0.01 -20"><span class='ocrx_word' id='word_1_627' title='bbox 1323 420 1338 435; x_wconf 61' lang='grc' dir='ltr'>ι»</span> <span class='ocrx_word' id='word_1_628' title='bbox 1362 419 1577 450; x_wconf 87' lang='lat' dir='ltr'>cognomento</span> <span class='ocrx_word' id='word_1_629' title='bbox 1602 413 1754 454; x_wconf 89' lang='lat' dir='ltr'>Iorgium,</span> <span class='ocrx_word' id='word_1_630' title='bbox 1775 415 1865 445; x_wconf 91' lang='lat' dir='ltr'>cuius</span> <span class='ocrx_word' id='word_1_631' title='bbox 1884 415 2039 455; x_wconf 88' lang='lat' dir='ltr'>plurimae</span> <span class='ocrx_word' id='word_1_632' title='bbox 2058 424 2132 448; x_wconf 89' lang='lat' dir='ltr'>sunt</span> <span class='ocrx_word' id='word_1_633' title='bbox 2157 417 2191 448; x_wconf 91' lang='lat' dir='ltr'>in</span> <span class='ocrx_word' id='word_1_634' title='bbox 2214 429 2239 449; x_wconf 74' lang='lat' dir='ltr'>s·</span> <span class='ocrx_word' id='word_1_635' title='bbox 2255 419 2395 460; x_wconf 76' lang='lat' dir='ltr'>Scriptu-</span> 
     </span>
     <span class='ocr_line' id='line_1_82' title="bbox 1323 458 2394 502; baseline 0.009 -18"><span class='ocrx_word' id='word_1_636' title='bbox 1323 464 1338 479; x_wconf 81' lang='grc'>»</span> <span class='ocrx_word' id='word_1_637' title='bbox 1360 464 1429 484; x_wconf 90' lang='lat' dir='ltr'>ram</span> <span class='ocrx_word' id='word_1_638' title='bbox 1443 458 1738 489; x_wconf 87' lang='lat' dir='ltr'>commentationes.</span> <span class='ocrx_word' id='word_1_639' title='bbox 1762 459 1858 490; x_wconf 88' lang='lat' dir='ltr'>Favet</span> <span class='ocrx_word' id='word_1_640' title='bbox 1877 470 1937 490; x_wconf 90' lang='lat' dir='ltr'>ms.</span> <span class='ocrx_word' id='word_1_641' title='bbox 1949 461 2060 499; x_wconf 80' lang='lat' dir='ltr'>codex,</span> <span class='ocrx_word' id='word_1_642' title='bbox 2079 471 2178 502; x_wconf 90' lang='lat' dir='ltr'>quem</span> <span class='ocrx_word' id='word_1_643' title='bbox 2199 473 2284 493; x_wconf 88' lang='lat' dir='ltr'>anno</span> <span class='ocrx_word' id='word_1_644' title='bbox 2313 465 2394 495; x_wconf 83' lang='lat'>1612</span> 
     </span>
     <span class='ocr_line' id='line_1_83' title="bbox 1323 498 2394 540; baseline 0.01 -12"><span class='ocrx_word' id='word_1_645' title='bbox 1323 509 1336 523; x_wconf 87' lang='grc'>»</span> <span class='ocrx_word' id='word_1_646' title='bbox 1359 498 1569 532; x_wconf 84' lang='lat' dir='ltr'>ducentorum</span> <span class='ocrx_word' id='word_1_647' title='bbox 1599 504 1728 534; x_wconf 88' lang='lat' dir='ltr'>circiter</span> <span class='ocrx_word' id='word_1_648' title='bbox 1756 514 1917 535; x_wconf 90' lang='lat' dir='ltr'>annorum</span> <span class='ocrx_word' id='word_1_649' title='bbox 1947 504 2020 536; x_wconf 89' lang='lat' dir='ltr'>facit</span> <span class='ocrx_word' id='word_1_650' title='bbox 2047 505 2184 537; x_wconf 88' lang='lat' dir='ltr'>Cosmas</span> <span class='ocrx_word' id='word_1_651' title='bbox 2211 508 2394 540; x_wconf 78' lang='lat' dir='ltr'>Mox-euius:</span> 
     </span>
     <span class='ocr_line' id='line_1_84' title="bbox 1321 545 2396 593; baseline 0.01 -21"><span class='ocrx_word' id='word_1_652' title='bbox 1321 553 1336 568; x_wconf 89' lang='lat'>&gt;›</span> <span class='ocrx_word' id='word_1_653' title='bbox 1359 552 1423 583; x_wconf 88' lang='lat' dir='ltr'>qua</span> <span class='ocrx_word' id='word_1_654' title='bbox 1446 545 1567 576; x_wconf 89' lang='lat' dir='ltr'>ratione</span> <span class='ocrx_word' id='word_1_655' title='bbox 1589 547 1699 578; x_wconf 89' lang='lat' dir='ltr'>incidit</span> <span class='ocrx_word' id='word_1_656' title='bbox 1721 548 1755 578; x_wconf 91' lang='lat' dir='ltr'>in</span> <span class='ocrx_word' id='word_1_657' title='bbox 1777 555 1923 589; x_wconf 89' lang='lat' dir='ltr'>tempora</span> <span class='ocrx_word' id='word_1_658' title='bbox 1947 550 2094 581; x_wconf 88' lang='lat' dir='ltr'>Thomae</span> <span class='ocrx_word' id='word_1_659' title='bbox 2116 551 2254 592; x_wconf 90' lang='lat' dir='ltr'>Anglici,</span> <span class='ocrx_word' id='word_1_660' title='bbox 2274 552 2330 593; x_wconf 92' lang='lat' dir='ltr'>qui</span> <span class='ocrx_word' id='word_1_661' title='bbox 2355 553 2396 583; x_wconf 87' lang='lat' dir='ltr'>ad</span> 
     </span>
     <span class='ocr_line' id='line_1_85' title="bbox 1320 591 2394 636; baseline 0.009 -18"><span class='ocrx_word' id='word_1_662' title='bbox 1320 598 1336 614; x_wconf 68' lang='lat'>²</span> <span class='ocrx_word' id='word_1_663' title='bbox 1358 597 1480 619; x_wconf 85' lang='lat' dir='ltr'>annum</span> <span class='ocrx_word' id='word_1_664' title='bbox 1504 591 1580 621; x_wconf 86' lang='lat'>1381</span> <span class='ocrx_word' id='word_1_665' title='bbox 1613 592 1663 622; x_wconf 88' lang='lat' dir='ltr'>vel</span> <span class='ocrx_word' id='word_1_666' title='bbox 1682 592 1803 623; x_wconf 89' lang='lat' dir='ltr'>circiter</span> <span class='ocrx_word' id='word_1_667' title='bbox 1830 593 2000 633; x_wconf 83' lang='lat' dir='ltr'>scribebat,</span> <span class='ocrx_word' id='word_1_668' title='bbox 2019 595 2059 625; x_wconf 86' lang='lat' dir='ltr'>ad</span> <span class='ocrx_word' id='word_1_669' title='bbox 2079 605 2202 626; x_wconf 89' lang='lat' dir='ltr'>annum</span> <span class='ocrx_word' id='word_1_670' title='bbox 2226 606 2308 636; x_wconf 88' lang='lat'><em>1400</em></span> <span class='ocrx_word' id='word_1_671' title='bbox 2330 597 2394 628; x_wconf 89' lang='lat' dir='ltr'>vita</span> 
     </span>
     <span class='ocr_line' id='line_1_86' title="bbox 1320 635 2392 681; baseline 0.009 -19"><span class='ocrx_word' id='word_1_672' title='bbox 1320 642 1335 657; x_wconf 74' lang='lat'>2&gt;</span> <span class='ocrx_word' id='word_1_673' title='bbox 1357 639 1523 672; x_wconf 79' lang='lat' dir='ltr'>protracta.</span> <span class='ocrx_word' id='word_1_674' title='bbox 1545 635 1569 665; x_wconf 87' lang='lat' dir='ltr'>F</span> <span class='ocrx_word' id='word_1_675' title='bbox 1572 643 1665 667; x_wconf 86' lang='lat' dir='ltr'>avent</span> <span class='ocrx_word' id='word_1_676' title='bbox 1687 637 1916 669; x_wconf 72' lang='lat' dir='ltr'>obsoletissima</span> <span class='ocrx_word' id='word_1_677' title='bbox 1940 639 2068 670; x_wconf 86' lang='lat' dir='ltr'>litterae</span> <span class='ocrx_word' id='word_1_678' title='bbox 2087 641 2266 681; x_wconf 86' lang='lat' dir='ltr'>antiquitas</span> <span class='ocrx_word' id='word_1_679' title='bbox 2284 646 2315 672; x_wconf 87' lang='lat' dir='ltr'>et</span> <span class='ocrx_word' id='word_1_680' title='bbox 2339 651 2392 672; x_wconf 77' lang='lat' dir='ltr'>ve-</span> 
     </span>
     <span class='ocr_line' id='line_1_87' title="bbox 1319 678 2392 723; baseline 0.01 -17"><span class='ocrx_word' id='word_1_681' title='bbox 1319 687 1334 702; x_wconf 72' lang='grc'>»</span> <span class='ocrx_word' id='word_1_682' title='bbox 1357 678 1551 710; x_wconf 88' lang='lat' dir='ltr'>tustissimae</span> <span class='ocrx_word' id='word_1_683' title='bbox 1577 681 1848 713; x_wconf 84' lang='lat' dir='ltr'>abbreviationes:</span> <span class='ocrx_word' id='word_1_684' title='bbox 1867 693 1948 723; x_wconf 88' lang='lat' dir='ltr'>quae</span> <span class='ocrx_word' id='word_1_685' title='bbox 1963 694 2031 714; x_wconf 90' lang='lat' dir='ltr'>non</span> <span class='ocrx_word' id='word_1_686' title='bbox 2059 691 2147 715; x_wconf 89' lang='lat' dir='ltr'>erant</span> <span class='ocrx_word' id='word_1_687' title='bbox 2169 685 2203 715; x_wconf 89' lang='lat' dir='ltr'>in</span> <span class='ocrx_word' id='word_1_688' title='bbox 2227 695 2288 716; x_wconf 87' lang='lat' dir='ltr'>usu</span> <span class='ocrx_word' id='word_1_689' title='bbox 2313 692 2392 716; x_wconf 89' lang='lat' dir='ltr'>tem-</span> 
     </span>
     <span class='ocr_line' id='line_1_88' title="bbox 1318 724 2391 768; baseline 0.01 -17"><span class='ocrx_word' id='word_1_690' title='bbox 1318 732 1333 747; x_wconf 81' lang='lat'><strong>»</strong></span> <span class='ocrx_word' id='word_1_691' title='bbox 1356 731 1433 762; x_wconf 90' lang='lat' dir='ltr'>pore</span> <span class='ocrx_word' id='word_1_692' title='bbox 1457 724 1555 754; x_wconf 88' lang='lat' dir='ltr'>sancti</span> <span class='ocrx_word' id='word_1_693' title='bbox 1574 725 1721 756; x_wconf 87' lang='lat' dir='ltr'>Thomae</span> <span class='ocrx_word' id='word_1_694' title='bbox 1735 727 1915 768; x_wconf 86' lang='lat' dir='ltr'>Aquinatis,</span> <span class='ocrx_word' id='word_1_695' title='bbox 1935 729 1990 758; x_wconf 91' lang='lat' dir='ltr'>sed</span> <span class='ocrx_word' id='word_1_696' title='bbox 2013 736 2183 760; x_wconf 88' lang='lat' dir='ltr'>consuetae</span> <span class='ocrx_word' id='word_1_697' title='bbox 2202 730 2282 760; x_wconf 88' lang='lat' dir='ltr'>dum</span> <span class='ocrx_word' id='word_1_698' title='bbox 2300 730 2391 762; x_wconf 90' lang='lat' dir='ltr'>Tho-</span> 
     </span>
     <span class='ocr_line' id='line_1_89' title="bbox 1317 768 2391 813; baseline 0.01 -18"><span class='ocrx_word' id='word_1_699' title='bbox 1317 778 1332 792; x_wconf 79' lang='lat'>»</span> <span class='ocrx_word' id='word_1_700' title='bbox 1355 776 1423 797; x_wconf 85' lang='lat' dir='ltr'>mas</span> <span class='ocrx_word' id='word_1_701' title='bbox 1437 768 1591 808; x_wconf 85' lang='lat' dir='ltr'>Anglicus</span> <span class='ocrx_word' id='word_1_702' title='bbox 1609 769 1751 801; x_wconf 86' lang='lat' dir='ltr'>florebat.</span> <span class='ocrx_word' id='word_1_703' title='bbox 1769 784 1784 799; x_wconf 76' lang='lat'>2·</span> <span class='ocrx_word' id='word_1_704' title='bbox 1813 772 1922 802; x_wconf 87' lang='lat' dir='ltr'>Plures</span> <span class='ocrx_word' id='word_1_705' title='bbox 1941 782 2058 813; x_wconf 90' lang='lat' dir='ltr'>nempe</span> <span class='ocrx_word' id='word_1_706' title='bbox 2082 773 2117 804; x_wconf 87' lang='lat' dir='ltr'>in</span> <span class='ocrx_word' id='word_1_707' title='bbox 2140 784 2259 805; x_wconf 88' lang='lat' dir='ltr'>errores</span> <span class='ocrx_word' id='word_1_708' title='bbox 2281 774 2391 806; x_wconf 86' lang='lat' dir='ltr'>incidit</span> 
     </span>
     <span class='ocr_line' id='line_1_90' title="bbox 1314 809 2388 859; baseline 0.009 -19"><span class='ocrx_word' id='word_1_709' title='bbox 1314 809 1451 841; x_wconf 83' lang='lat' dir='ltr'>nimium</span> <span class='ocrx_word' id='word_1_710' title='bbox 1466 812 1505 843; x_wconf 94' lang='lat' dir='ltr'>de</span> <span class='ocrx_word' id='word_1_711' title='bbox 1520 823 1553 843; x_wconf 91' lang='lat' dir='ltr'>se</span> <span class='ocrx_word' id='word_1_712' title='bbox 1567 813 1638 854; x_wconf 90' lang='lat' dir='ltr'>ipso</span> <span class='ocrx_word' id='word_1_713' title='bbox 1653 814 1816 846; x_wconf 87' lang='lat' dir='ltr'>confidens</span> <span class='ocrx_word' id='word_1_714' title='bbox 1827 816 1986 848; x_wconf 91' lang='lat' dir='ltr'>Oudinus.</span> <span class='ocrx_word' id='word_1_715' title='bbox 2011 818 2103 849; x_wconf 91' lang='lat' dir='ltr'>Errat</span> <span class='ocrx_word' id='word_1_716' title='bbox 2121 819 2226 859; x_wconf 89' lang='lat' dir='ltr'>primo</span> <span class='ocrx_word' id='word_1_717' title='bbox 2249 819 2329 850; x_wconf 91' lang='lat' dir='ltr'>dum</span> <span class='ocrx_word' id='word_1_718' title='bbox 2342 819 2388 850; x_wconf 91' lang='lat' dir='ltr'>vi-</span> 
     </span>
     <span class='ocr_line' id='line_1_91' title="bbox 1313 856 2389 903; baseline 0.009 -19"><span class='ocrx_word' id='word_1_719' title='bbox 1313 860 1380 884; x_wconf 89' lang='lat' dir='ltr'>tam</span> <span class='ocrx_word' id='word_1_720' title='bbox 1394 856 1541 887; x_wconf 91' lang='lat' dir='ltr'>Thomae</span> <span class='ocrx_word' id='word_1_721' title='bbox 1555 858 1651 898; x_wconf 86' lang='lat' dir='ltr'>Angli</span> <span class='ocrx_word' id='word_1_722' title='bbox 1671 859 1770 890; x_wconf 88' lang='lat' dir='ltr'>Iorsii</span> <span class='ocrx_word' id='word_1_723' title='bbox 1788 861 1827 890; x_wconf 86' lang='lat' dir='ltr'>ad</span> <span class='ocrx_word' id='word_1_724' title='bbox 1847 870 1968 891; x_wconf 88' lang='lat' dir='ltr'>annum</span> <span class='ocrx_word' id='word_1_725' title='bbox 1993 872 2074 901; x_wconf 90' lang='lat'>1400</span> <span class='ocrx_word' id='word_1_726' title='bbox 2094 870 2261 903; x_wconf 89' lang='lat' dir='ltr'>prorogat:</span> <span class='ocrx_word' id='word_1_727' title='bbox 2289 874 2306 894; x_wconf 91' lang='lat' dir='ltr'>e</span> <span class='ocrx_word' id='word_1_728' title='bbox 2325 863 2389 894; x_wconf 80' lang='lat' dir='ltr'>vita</span> 
     </span>
     <span class='ocr_line' id='line_1_92' title="bbox 1314 902 2389 944; baseline 0.009 -15"><span class='ocrx_word' id='word_1_729' title='bbox 1314 909 1453 940; x_wconf 88' lang='lat' dir='ltr'>namque</span> <span class='ocrx_word' id='word_1_730' title='bbox 1477 902 1603 932; x_wconf 89' lang='lat' dir='ltr'>mortali</span> <span class='ocrx_word' id='word_1_731' title='bbox 1626 903 1775 943; x_wconf 89' lang='lat' dir='ltr'>migrasse</span> <span class='ocrx_word' id='word_1_732' title='bbox 1799 904 1906 944; x_wconf 90' lang='lat' dir='ltr'>ipsum</span> <span class='ocrx_word' id='word_1_733' title='bbox 1930 916 2014 936; x_wconf 86' lang='lat' dir='ltr'>anno</span> <span class='ocrx_word' id='word_1_734' title='bbox 2042 908 2124 937; x_wconf 85' lang='lat'>1310</span> <span class='ocrx_word' id='word_1_735' title='bbox 2148 907 2260 938; x_wconf 91' lang='lat' dir='ltr'>diserte</span> <span class='ocrx_word' id='word_1_736' title='bbox 2285 915 2389 939; x_wconf 85' lang='lat' dir='ltr'>narrat</span> 
     </span>
     <span class='ocr_line' id='line_1_93' title="bbox 1312 943 2387 990; baseline 0.009 -17"><span class='ocrx_word' id='word_1_737' title='bbox 1312 943 1490 975; x_wconf 89' lang='lat' dir='ltr'>Bernardus</span> <span class='ocrx_word' id='word_1_738' title='bbox 1505 945 1674 985; x_wconf 87' lang='lat' dir='ltr'>Guidonis,</span> <span class='ocrx_word' id='word_1_739' title='bbox 1690 948 1823 988; x_wconf 89' lang='lat' dir='ltr'>scriptor</span> <span class='ocrx_word' id='word_1_740' title='bbox 1846 950 1995 989; x_wconf 89' lang='lat' dir='ltr'>aequalis,</span> <span class='ocrx_word' id='word_1_741' title='bbox 2011 951 2097 990; x_wconf 86' lang='lat' dir='ltr'>apud</span> <span class='ocrx_word' id='word_1_742' title='bbox 2116 951 2307 982; x_wconf 89' lang='lat' dir='ltr'>Echardurn.</span> <span class='ocrx_word' id='word_1_743' title='bbox 2325 953 2387 983; x_wconf 90' lang='lat' dir='ltr'>Ve-</span> 
     </span>
     <span class='ocr_line' id='line_1_94' title="bbox 1313 989 2386 1036; baseline 0.009 -19"><span class='ocrx_word' id='word_1_744' title='bbox 1313 997 1385 1017; x_wconf 90' lang='lat' dir='ltr'>rum</span> <span class='ocrx_word' id='word_1_745' title='bbox 1405 989 1500 1019; x_wconf 89' lang='lat' dir='ltr'>etiam</span> <span class='ocrx_word' id='word_1_746' title='bbox 1519 990 1663 1021; x_wconf 89' lang='lat' dir='ltr'>Thomas</span> <span class='ocrx_word' id='word_1_747' title='bbox 1683 992 1817 1032; x_wconf 91' lang='lat' dir='ltr'>Anglus,</span> <span class='ocrx_word' id='word_1_748' title='bbox 1834 994 2078 1032; x_wconf 89' lang='lat' dir='ltr'>cognominatus</span> <span class='ocrx_word' id='word_1_749' title='bbox 2104 995 2269 1034; x_wconf 88' lang='lat' dir='ltr'>Vallensis,</span> <span class='ocrx_word' id='word_1_750' title='bbox 2291 997 2386 1036; x_wconf 89' lang='lat' dir='ltr'>longe</span> 
     </span>
     <span class='ocr_line' id='line_1_95' title="bbox 1312 1037 2384 1079; baseline 0.009 -18"><span class='ocrx_word' id='word_1_751' title='bbox 1312 1039 1384 1062; x_wconf 87' lang='lat' dir='ltr'>ante</span> <span class='ocrx_word' id='word_1_752' title='bbox 1404 1043 1525 1063; x_wconf 88' lang='lat' dir='ltr'>annum</span> <span class='ocrx_word' id='word_1_753' title='bbox 1551 1044 1632 1074; x_wconf 90' lang='lat'>1400</span> <span class='ocrx_word' id='word_1_754' title='bbox 1657 1043 1794 1067; x_wconf 90' lang='lat' dir='ltr'>mortem</span> <span class='ocrx_word' id='word_1_755' title='bbox 1809 1037 1898 1075; x_wconf 88' lang='lat' dir='ltr'>obiit,</span> <span class='ocrx_word' id='word_1_756' title='bbox 1914 1037 2084 1079; x_wconf 87' lang='lat' dir='ltr'>floruitque</span> <span class='ocrx_word' id='word_1_757' title='bbox 2100 1040 2305 1079; x_wconf 89' lang='lat' dir='ltr'>potissimum</span> <span class='ocrx_word' id='word_1_758' title='bbox 2325 1041 2384 1071; x_wconf 94' lang='lat' dir='ltr'>sub</span> 
     </span>
     <span class='ocr_line' id='line_1_96' title="bbox 1311 1075 2384 1125; baseline 0.009 -20"><span class='ocrx_word' id='word_1_759' title='bbox 1311 1075 1502 1108; x_wconf 91' lang='lat' dir='ltr'>Pontificatu</span> <span class='ocrx_word' id='word_1_760' title='bbox 1518 1079 1645 1109; x_wconf 86' lang='lat' dir='ltr'>Ioannis</span> <span class='ocrx_word' id='word_1_761' title='bbox 1665 1081 1762 1111; x_wconf 87' lang='lat' dir='ltr'>XXII.</span> <span class='ocrx_word' id='word_1_762' title='bbox 1779 1081 1918 1119; x_wconf 90' lang='lat' dir='ltr'>Accedit,</span> <span class='ocrx_word' id='word_1_763' title='bbox 1935 1082 1967 1112; x_wconf 89' lang='lat' dir='ltr'>in</span> <span class='ocrx_word' id='word_1_764' title='bbox 1983 1083 2112 1114; x_wconf 89' lang='lat' dir='ltr'>vetustis</span> <span class='ocrx_word' id='word_1_765' title='bbox 2130 1084 2286 1115; x_wconf 91' lang='lat' dir='ltr'>indicibus</span> <span class='ocrx_word' id='word_1_766' title='bbox 2307 1095 2384 1125; x_wconf 91' lang='lat' dir='ltr'>ope-</span> 
     </span>
     <span class='ocr_line' id='line_1_97' title="bbox 1311 1121 2384 1166; baseline 0.01 -17"><span class='ocrx_word' id='word_1_767' title='bbox 1311 1129 1384 1150; x_wconf 89' lang='lat' dir='ltr'>rum</span> <span class='ocrx_word' id='word_1_768' title='bbox 1408 1121 1573 1163; x_wconf 90' lang='lat' dir='ltr'>utriusque</span> <span class='ocrx_word' id='word_1_769' title='bbox 1588 1124 1734 1154; x_wconf 85' lang='lat' dir='ltr'>Thomae</span> <span class='ocrx_word' id='word_1_770' title='bbox 1749 1125 1855 1165; x_wconf 82' lang='lat' dir='ltr'>Angli,</span> <span class='ocrx_word' id='word_1_771' title='bbox 1871 1136 1953 1166; x_wconf 92' lang='lat' dir='ltr'>quos</span> <span class='ocrx_word' id='word_1_772' title='bbox 1968 1127 2046 1157; x_wconf 90' lang='lat' dir='ltr'>vidit</span> <span class='ocrx_word' id='word_1_773' title='bbox 2060 1138 2094 1157; x_wconf 89' lang='lat' dir='ltr'>ac</span> <span class='ocrx_word' id='word_1_774' title='bbox 2114 1136 2253 1159; x_wconf 89' lang='lat' dir='ltr'>recenset</span> <span class='ocrx_word' id='word_1_775' title='bbox 2267 1130 2384 1160; x_wconf 90' lang='lat' dir='ltr'>Echar-</span> 
     </span>
     <span class='ocr_line' id='line_1_98' title="bbox 1311 1164 2383 1207; baseline 0.01 -14"><span class='ocrx_word' id='word_1_776' title='bbox 1311 1164 1382 1202; x_wconf 78' lang='lat' dir='ltr'>dUS,</span> <span class='ocrx_word' id='word_1_777' title='bbox 1402 1166 1525 1196; x_wconf 86' lang='lat' dir='ltr'>nullam</span> <span class='ocrx_word' id='word_1_778' title='bbox 1544 1167 1643 1207; x_wconf 89' lang='lat' dir='ltr'>ingeri</span> <span class='ocrx_word' id='word_1_779' title='bbox 1662 1168 1794 1199; x_wconf 91' lang='lat' dir='ltr'>huiusce</span> <span class='ocrx_word' id='word_1_780' title='bbox 1814 1169 2044 1201; x_wconf 89' lang='lat' dir='ltr'>Commentarii</span> <span class='ocrx_word' id='word_1_781' title='bbox 2065 1173 2096 1202; x_wconf 92' lang='lat' dir='ltr'>in</span> <span class='ocrx_word' id='word_1_782' title='bbox 2116 1173 2284 1203; x_wconf 87' lang='lat' dir='ltr'>Danielem</span> <span class='ocrx_word' id='word_1_783' title='bbox 2304 1175 2383 1204; x_wconf 92' lang='lat' dir='ltr'>Pro—</span> 
     </span>
     <span class='ocr_line' id='line_1_99' title="bbox 1304 1209 2383 1257; baseline 0.009 -19"><span class='ocrx_word' id='word_1_784' title='bbox 1304 1209 1436 1247; x_wconf 83' lang='lat' dir='ltr'>phetam</span> <span class='ocrx_word' id='word_1_785' title='bbox 1461 1211 1674 1243; x_wconf 89' lang='lat' dir='ltr'>mentionem:</span> <span class='ocrx_word' id='word_1_786' title='bbox 1696 1213 1840 1254; x_wconf 89' lang='lat' dir='ltr'>adeoque</span> <span class='ocrx_word' id='word_1_787' title='bbox 1863 1214 1940 1245; x_wconf 87' lang='lat' dir='ltr'>levis</span> <span class='ocrx_word' id='word_1_788' title='bbox 1965 1215 2057 1246; x_wconf 85' lang='lat' dir='ltr'>fuerit</span> <span class='ocrx_word' id='word_1_789' title='bbox 2080 1216 2197 1255; x_wconf 91' lang='lat' dir='ltr'>ingenii</span> <span class='ocrx_word' id='word_1_790' title='bbox 2223 1217 2255 1247; x_wconf 91' lang='lat' dir='ltr'>id</span> <span class='ocrx_word' id='word_1_791' title='bbox 2283 1228 2383 1257; x_wconf 89' lang='lat' dir='ltr'>genus</span> 
     </span>
     <span class='ocr_line' id='line_1_100' title="bbox 1309 1256 2382 1300; baseline 0.008 -17"><span class='ocrx_word' id='word_1_792' title='bbox 1309 1262 1418 1292; x_wconf 90' lang='lat' dir='ltr'>opera,</span> <span class='ocrx_word' id='word_1_793' title='bbox 1440 1261 1518 1286; x_wconf 88' lang='lat' dir='ltr'>teste</span> <span class='ocrx_word' id='word_1_794' title='bbox 1538 1256 1639 1294; x_wconf 88' lang='lat' dir='ltr'>nullo,</span> <span class='ocrx_word' id='word_1_795' title='bbox 1660 1256 1721 1288; x_wconf 90' lang='lat' dir='ltr'>fide</span> <span class='ocrx_word' id='word_1_796' title='bbox 1746 1258 1843 1296; x_wconf 87' lang='lat' dir='ltr'>nulla,</span> <span class='ocrx_word' id='word_1_797' title='bbox 1864 1266 1918 1289; x_wconf 89' lang='lat' dir='ltr'>aut</span> <span class='ocrx_word' id='word_1_798' title='bbox 1942 1259 2089 1290; x_wconf 87' lang='lat' dir='ltr'>Thomae</span> <span class='ocrx_word' id='word_1_799' title='bbox 2111 1261 2210 1291; x_wconf 91' lang='lat' dir='ltr'>Iorsio</span> <span class='ocrx_word' id='word_1_800' title='bbox 2235 1262 2382 1300; x_wconf 87' lang='lat' dir='ltr'>tribuere,</span> 
     </span>
     <span class='ocr_line' id='line_1_101' title="bbox 1309 1299 2383 1337; baseline 0.009 -10"><span class='ocrx_word' id='word_1_801' title='bbox 1309 1304 1364 1327; x_wconf 90' lang='lat' dir='ltr'>aut</span> <span class='ocrx_word' id='word_1_802' title='bbox 1374 1299 1522 1330; x_wconf 90' lang='lat' dir='ltr'>Vallensi.</span> <span class='ocrx_word' id='word_1_803' title='bbox 1540 1300 1710 1332; x_wconf 85' lang='lat' dir='ltr'>Caeterum</span> <span class='ocrx_word' id='word_1_804' title='bbox 1725 1302 1830 1333; x_wconf 89' lang='lat' dir='ltr'>critica</span> <span class='ocrx_word' id='word_1_805' title='bbox 1845 1303 1976 1334; x_wconf 89' lang='lat' dir='ltr'>demum</span> <span class='ocrx_word' id='word_1_806' title='bbox 1990 1304 2043 1334; x_wconf 89' lang='lat' dir='ltr'>illa</span> <span class='ocrx_word' id='word_1_807' title='bbox 2058 1304 2287 1336; x_wconf 89' lang='lat' dir='ltr'>animadversio</span> <span class='ocrx_word' id='word_1_808' title='bbox 2303 1306 2383 1337; x_wconf 90' lang='lat' dir='ltr'>circa</span> 
     </span>
     <span class='ocr_line' id='line_1_102' title="bbox 1307 1341 2383 1389; baseline 0.008 -17"><span class='ocrx_word' id='word_1_809' title='bbox 1307 1341 1572 1383; x_wconf 84' lang='lat' dir='ltr'>abbreviationes,</span> <span class='ocrx_word' id='word_1_810' title='bbox 1594 1353 1737 1386; x_wconf 89' lang='lat' dir='ltr'>tempore</span> <span class='ocrx_word' id='word_1_811' title='bbox 1761 1357 1785 1377; x_wconf 92' lang='lat' dir='ltr'>s.</span> <span class='ocrx_word' id='word_1_812' title='bbox 1798 1347 1955 1387; x_wconf 89' lang='lat' dir='ltr'>Thomae,</span> <span class='ocrx_word' id='word_1_813' title='bbox 1976 1348 2092 1379; x_wconf 89' lang='lat' dir='ltr'>scilicet</span> <span class='ocrx_word' id='word_1_814' title='bbox 2115 1350 2240 1380; x_wconf 89' lang='lat' dir='ltr'>saeculo</span> <span class='ocrx_word' id='word_1_815' title='bbox 2255 1361 2326 1389; x_wconf 87' lang='lat' dir='ltr'>xm,</span> <span class='ocrx_word' id='word_1_816' title='bbox 2347 1357 2383 1381; x_wconf 92' lang='lat' dir='ltr'>ut</span> 
     </span>
     <span class='ocr_line' id='line_1_103' title="bbox 1307 1385 2380 1435; baseline 0.007 -17"><span class='ocrx_word' id='word_1_817' title='bbox 1307 1385 1360 1425; x_wconf 81' lang='lat' dir='ltr'>ait,</span> <span class='ocrx_word' id='word_1_818' title='bbox 1377 1398 1440 1419; x_wconf 91' lang='lat' dir='ltr'>non</span> <span class='ocrx_word' id='word_1_819' title='bbox 1456 1395 1636 1428; x_wconf 86' lang='lat' dir='ltr'>consuetas,</span> <span class='ocrx_word' id='word_1_820' title='bbox 1652 1401 1725 1421; x_wconf 89' lang='lat' dir='ltr'>vera</span> <span class='ocrx_word' id='word_1_821' title='bbox 1742 1402 1808 1422; x_wconf 91' lang='lat' dir='ltr'>non</span> <span class='ocrx_word' id='word_1_822' title='bbox 1829 1398 1884 1422; x_wconf 91' lang='lat' dir='ltr'>est.</span> <span class='ocrx_word' id='word_1_823' title='bbox 1902 1392 2062 1423; x_wconf 91' lang='lat' dir='ltr'>Codicum</span> <span class='ocrx_word' id='word_1_824' title='bbox 2077 1393 2273 1435; x_wconf 87' lang='lat' dir='ltr'>aliarumque</span> <span class='ocrx_word' id='word_1_825' title='bbox 2293 1395 2380 1425; x_wconf 90' lang='lat' dir='ltr'>char-</span> 
     </span>
     <span class='ocr_line' id='line_1_104' title="bbox 1307 1433 2381 1480; baseline 0.008 -19"><span class='ocrx_word' id='word_1_826' title='bbox 1307 1436 1411 1463; x_wconf 90' lang='lat' dir='ltr'>tarum</span> <span class='ocrx_word' id='word_1_827' title='bbox 1440 1433 1507 1464; x_wconf 90' lang='lat' dir='ltr'>eius</span> <span class='ocrx_word' id='word_1_828' title='bbox 1532 1434 1599 1465; x_wconf 86' lang='lat' dir='ltr'>aevi</span> <span class='ocrx_word' id='word_1_829' title='bbox 1628 1443 1782 1476; x_wconf 88' lang='lat' dir='ltr'>repugnat</span> <span class='ocrx_word' id='word_1_830' title='bbox 1807 1436 1940 1476; x_wconf 90' lang='lat' dir='ltr'>diligens</span> <span class='ocrx_word' id='word_1_831' title='bbox 1969 1437 2137 1478; x_wconf 89' lang='lat' dir='ltr'>inspectio:</span> <span class='ocrx_word' id='word_1_832' title='bbox 2163 1446 2381 1480; x_wconf 86' lang='lat' dir='ltr'>repugnatque</span> 
     </span>
     <span class='ocr_line' id='line_1_105' title="bbox 1306 1478 2380 1523; baseline 0.007 -17"><span class='ocrx_word' id='word_1_833' title='bbox 1306 1485 1381 1508; x_wconf 88' lang='lat' dir='ltr'>sane</span> <span class='ocrx_word' id='word_1_834' title='bbox 1412 1478 1614 1509; x_wconf 88' lang='lat' dir='ltr'>doctissimus</span> <span class='ocrx_word' id='word_1_835' title='bbox 1644 1481 1751 1511; x_wconf 88' lang='lat' dir='ltr'>Abbas</span> <span class='ocrx_word' id='word_1_836' title='bbox 1775 1480 1998 1512; x_wconf 85' lang='lat' dir='ltr'>Gottwicensis</span> <span class='ocrx_word' id='word_1_837' title='bbox 2027 1489 2117 1512; x_wconf 90' lang='lat' dir='ltr'>tomo</span> <span class='ocrx_word' id='word_1_838' title='bbox 2149 1483 2323 1523; x_wconf 88' lang='lat' dir='ltr'>prodromo</span> <span class='ocrx_word' id='word_1_839' title='bbox 2348 1483 2380 1513; x_wconf 90' lang='lat' dir='ltr'>in</span> 
     </span>
     <span class='ocr_line' id='line_1_106' title="bbox 1306 1518 2380 1566; baseline 0.007 -15"><span class='ocrx_word' id='word_1_840' title='bbox 1306 1518 1491 1553; x_wconf 91' lang='lat' dir='ltr'>Chronicon</span> <span class='ocrx_word' id='word_1_841' title='bbox 1512 1523 1726 1555; x_wconf 90' lang='lat' dir='ltr'>Gottwicense</span> <span class='ocrx_word' id='word_1_842' title='bbox 1745 1525 1826 1556; x_wconf 90' lang='lat' dir='ltr'>libro</span> <span class='ocrx_word' id='word_1_843' title='bbox 1842 1526 1869 1563; x_wconf 92' lang='lat'>1,</span> <span class='ocrx_word' id='word_1_844' title='bbox 1892 1526 1992 1566; x_wconf 90' lang='lat' dir='ltr'>capite</span> <span class='ocrx_word' id='word_1_845' title='bbox 2006 1537 2054 1565; x_wconf 83' lang='lat' dir='ltr'>vr,</span> <span class='ocrx_word' id='word_1_846' title='bbox 2075 1537 2164 1557; x_wconf 90' lang='lat' dir='ltr'>num.</span> <span class='ocrx_word' id='word_1_847' title='bbox 2182 1538 2219 1566; x_wconf 87' lang='lat'>11,</span> <span class='ocrx_word' id='word_1_848' title='bbox 2235 1527 2289 1558; x_wconf 91' lang='lat' dir='ltr'>ubi</span> <span class='ocrx_word' id='word_1_849' title='bbox 2304 1528 2380 1558; x_wconf 91' lang='lat' dir='ltr'>haec</span> 
     </span>
     <span class='ocr_line' id='line_1_107' title="bbox 1305 1563 2379 1614; baseline 0.005 -17"><span class='ocrx_word' id='word_1_850' title='bbox 1305 1563 1413 1597; x_wconf 85' lang='lat' dir='ltr'>habet:</span> <span class='ocrx_word' id='word_1_851' title='bbox 1437 1581 1451 1595; x_wconf 70' lang='grc' dir='ltr'><em>α</em></span> <span class='ocrx_word' id='word_1_852' title='bbox 1464 1567 1556 1599; x_wconf 91' lang='lat' dir='ltr'>Circa</span> <span class='ocrx_word' id='word_1_853' title='bbox 1575 1569 1795 1610; x_wconf 89' lang='lat' dir='ltr'>subsequentis</span> <span class='ocrx_word' id='word_1_854' title='bbox 1811 1570 1927 1601; x_wconf 87' lang='lat' dir='ltr'>saeculi</span> <span class='ocrx_word' id='word_1_855' title='bbox 1947 1570 2056 1612; x_wconf 85' lang='lat' dir='ltr'>(tertii</span> <span class='ocrx_word' id='word_1_856' title='bbox 2073 1571 2207 1614; x_wconf 89' lang='lat' dir='ltr'>decimi)</span> <span class='ocrx_word' id='word_1_857' title='bbox 2224 1572 2379 1602; x_wconf 88' lang='lat' dir='ltr'>characte-</span> 
     </span>
     <span class='ocr_line' id='line_1_108' title="bbox 1307 1611 2379 1654; baseline 0.005 -13"><span class='ocrx_word' id='word_1_858' title='bbox 1307 1621 1321 1635; x_wconf 78' lang='grc'>&gt;&gt;</span> <span class='ocrx_word' id='word_1_859' title='bbox 1345 1611 1459 1642; x_wconf 88' lang='lat' dir='ltr'>rismos</span> <span class='ocrx_word' id='word_1_860' title='bbox 1490 1623 1605 1653; x_wconf 88' lang='lat' dir='ltr'>magna</span> <span class='ocrx_word' id='word_1_861' title='bbox 1629 1614 1743 1654; x_wconf 89' lang='lat' dir='ltr'>pariter</span> <span class='ocrx_word' id='word_1_862' title='bbox 1766 1614 1914 1645; x_wconf 88' lang='lat' dir='ltr'>codicum</span> <span class='ocrx_word' id='word_1_863' title='bbox 1939 1622 1985 1646; x_wconf 91' lang='lat' dir='ltr'>est</span> <span class='ocrx_word' id='word_1_864' title='bbox 2004 1615 2183 1646; x_wconf 80' lang='lat' dir='ltr'>diversitas:</span> <span class='ocrx_word' id='word_1_865' title='bbox 2218 1616 2269 1646; x_wconf 90' lang='lat' dir='ltr'>alii</span> <span class='ocrx_word' id='word_1_866' title='bbox 2293 1616 2379 1646; x_wconf 92' lang='lat' dir='ltr'>enim</span> 
     </span>
     <span class='ocr_line' id='line_1_109' title="bbox 1307 1657 2379 1699; baseline 0.005 -13"><span class='ocrx_word' id='word_1_867' title='bbox 1307 1665 1321 1680; x_wconf 84' lang='lat'>»</span> <span class='ocrx_word' id='word_1_868' title='bbox 1344 1666 1362 1686; x_wconf 86' lang='lat' dir='ltr'>a</span> <span class='ocrx_word' id='word_1_869' title='bbox 1385 1657 1542 1698; x_wconf 89' lang='lat' dir='ltr'>principio</span> <span class='ocrx_word' id='word_1_870' title='bbox 1566 1657 1640 1688; x_wconf 91' lang='lat' dir='ltr'>dicti</span> <span class='ocrx_word' id='word_1_871' title='bbox 1664 1659 1795 1697; x_wconf 85' lang='lat' dir='ltr'>saeculi,</span> <span class='ocrx_word' id='word_1_872' title='bbox 1820 1659 1871 1689; x_wconf 90' lang='lat' dir='ltr'>alii</span> <span class='ocrx_word' id='word_1_873' title='bbox 1896 1659 1976 1690; x_wconf 88' lang='lat' dir='ltr'>circa</span> <span class='ocrx_word' id='word_1_874' title='bbox 2004 1660 2164 1699; x_wconf 91' lang='lat' dir='ltr'>medium,</span> <span class='ocrx_word' id='word_1_875' title='bbox 2189 1661 2240 1691; x_wconf 87' lang='lat' dir='ltr'>alii</span> <span class='ocrx_word' id='word_1_876' title='bbox 2269 1660 2302 1691; x_wconf 90' lang='lat' dir='ltr'>in</span> <span class='ocrx_word' id='word_1_877' title='bbox 2316 1660 2379 1691; x_wconf 89' lang='lat' dir='ltr'>fine</span> 
     </span>
     <span class='ocr_line' id='line_1_110' title="bbox 1307 1701 2378 1745; baseline 0.005 -14"><span class='ocrx_word' id='word_1_878' title='bbox 1307 1710 1321 1724; x_wconf 63' lang='lat'>&gt;⁹</span> <span class='ocrx_word' id='word_1_879' title='bbox 1345 1701 1513 1742; x_wconf 88' lang='lat' dir='ltr'>conscripti</span> <span class='ocrx_word' id='word_1_880' title='bbox 1528 1702 1607 1732; x_wconf 87' lang='lat' dir='ltr'>alios</span> <span class='ocrx_word' id='word_1_881' title='bbox 1623 1702 1717 1733; x_wconf 86' lang='lat' dir='ltr'>etiam</span> <span class='ocrx_word' id='word_1_882' title='bbox 1733 1710 1763 1734; x_wconf 91' lang='lat' dir='ltr'>et</span> <span class='ocrx_word' id='word_1_883' title='bbox 1782 1703 1922 1734; x_wconf 84' lang='lat' dir='ltr'>diversos</span> <span class='ocrx_word' id='word_1_884' title='bbox 1944 1704 2135 1735; x_wconf 85' lang='lat' dir='ltr'>characteres</span> <span class='ocrx_word' id='word_1_885' title='bbox 2154 1705 2378 1745; x_wconf 84' lang='lat' dir='ltr'>praeseferunt.</span> 
     </span>
     <span class='ocr_line' id='line_1_111' title="bbox 1306 1745 2379 1790; baseline 0.005 -15"><span class='ocrx_word' id='word_1_886' title='bbox 1306 1754 1320 1769; x_wconf 83' lang='lat'>»</span> <span class='ocrx_word' id='word_1_887' title='bbox 1343 1745 1466 1777; x_wconf 89' lang='lat' dir='ltr'>Priores</span> <span class='ocrx_word' id='word_1_888' title='bbox 1490 1746 1608 1777; x_wconf 89' lang='lat' dir='ltr'>similes</span> <span class='ocrx_word' id='word_1_889' title='bbox 1632 1754 1706 1778; x_wconf 92' lang='lat' dir='ltr'>sunt</span> <span class='ocrx_word' id='word_1_890' title='bbox 1721 1748 1837 1778; x_wconf 83' lang='lat' dir='ltr'>litteris</span> <span class='ocrx_word' id='word_1_891' title='bbox 1862 1749 1978 1779; x_wconf 88' lang='lat' dir='ltr'>saeculi</span> <span class='ocrx_word' id='word_1_892' title='bbox 1998 1759 2057 1787; x_wconf 87' lang='lat' dir='ltr'>xn,</span> <span class='ocrx_word' id='word_1_893' title='bbox 2077 1749 2136 1779; x_wconf 91' lang='lat' dir='ltr'>nisi</span> <span class='ocrx_word' id='word_1_894' title='bbox 2151 1750 2240 1790; x_wconf 92' lang='lat' dir='ltr'>quod</span> <span class='ocrx_word' id='word_1_895' title='bbox 2259 1750 2379 1781; x_wconf 89' lang='lat' dir='ltr'>litterae</span> 
     </span>
     <span class='ocr_line' id='line_1_112' title="bbox 1305 1791 2378 1832; baseline 0.005 -12"><span class='ocrx_word' id='word_1_896' title='bbox 1305 1799 1320 1814; x_wconf 81' lang='grc'><strong>»</strong></span> <span class='ocrx_word' id='word_1_897' title='bbox 1344 1800 1410 1820; x_wconf 92' lang='lat' dir='ltr'>non</span> <span class='ocrx_word' id='word_1_898' title='bbox 1434 1791 1476 1822; x_wconf 89' lang='lat' dir='ltr'>ita</span> <span class='ocrx_word' id='word_1_899' title='bbox 1501 1791 1645 1829; x_wconf 87' lang='lat' dir='ltr'>directae,</span> <span class='ocrx_word' id='word_1_900' title='bbox 1665 1792 1720 1822; x_wconf 90' lang='lat' dir='ltr'>sed</span> <span class='ocrx_word' id='word_1_901' title='bbox 1735 1793 1835 1832; x_wconf 90' lang='lat' dir='ltr'>magis</span> <span class='ocrx_word' id='word_1_902' title='bbox 1858 1793 2011 1824; x_wconf 90' lang='lat' dir='ltr'>tremulae</span> <span class='ocrx_word' id='word_1_903' title='bbox 2026 1794 2102 1824; x_wconf 90' lang='lat' dir='ltr'>sint:</span> <span class='ocrx_word' id='word_1_904' title='bbox 2123 1795 2253 1825; x_wconf 89' lang='lat' dir='ltr'>secundi</span> <span class='ocrx_word' id='word_1_905' title='bbox 2276 1801 2378 1825; x_wconf 93' lang='lat' dir='ltr'>tener-</span> 
     </span>
     <span class='ocr_line' id='line_1_113' title="bbox 1305 1834 2378 1880; baseline 0.005 -15"><span class='ocrx_word' id='word_1_906' title='bbox 1305 1844 1320 1858; x_wconf 74' lang='lat'>»</span> <span class='ocrx_word' id='word_1_907' title='bbox 1343 1834 1414 1865; x_wconf 92' lang='lat' dir='ltr'>rimi</span> <span class='ocrx_word' id='word_1_908' title='bbox 1439 1835 1611 1878; x_wconf 85' lang='lat' dir='ltr'>aliquando</span> <span class='ocrx_word' id='word_1_909' title='bbox 1641 1843 1731 1875; x_wconf 90' lang='lat' dir='ltr'>sunt,</span> <span class='ocrx_word' id='word_1_910' title='bbox 1756 1837 1928 1878; x_wconf 84' lang='lat' dir='ltr'>aliquando</span> <span class='ocrx_word' id='word_1_911' title='bbox 1958 1838 2142 1869; x_wconf 83' lang='lat' dir='ltr'>maiusculi:</span> <span class='ocrx_word' id='word_1_912' title='bbox 2167 1839 2256 1880; x_wconf 90' lang='lat' dir='ltr'>quod</span> <span class='ocrx_word' id='word_1_913' title='bbox 2286 1846 2316 1870; x_wconf 90' lang='lat' dir='ltr'>et</span> <span class='ocrx_word' id='word_1_914' title='bbox 2344 1839 2378 1870; x_wconf 90' lang='lat' dir='ltr'>in</span> 
     </span>
     <span class='ocr_line' id='line_1_114' title="bbox 1305 1879 2378 1924; baseline 0.004 -14"><span class='ocrx_word' id='word_1_915' title='bbox 1305 1888 1320 1903; x_wconf 72' lang='lat'>¹⁹</span> <span class='ocrx_word' id='word_1_916' title='bbox 1343 1879 1506 1911; x_wconf 89' lang='lat' dir='ltr'>codicibus</span> <span class='ocrx_word' id='word_1_917' title='bbox 1528 1881 1567 1911; x_wconf 91' lang='lat' dir='ltr'>ad</span> <span class='ocrx_word' id='word_1_918' title='bbox 1586 1879 1684 1911; x_wconf 88' lang='lat' dir='ltr'>finem</span> <span class='ocrx_word' id='word_1_919' title='bbox 1703 1882 1818 1912; x_wconf 87' lang='lat' dir='ltr'>saeculi</span> <span class='ocrx_word' id='word_1_920' title='bbox 1840 1892 1893 1912; x_wconf 84' lang='lat' dir='ltr'>xm</span> <span class='ocrx_word' id='word_1_921' title='bbox 1915 1883 2093 1923; x_wconf 90' lang='lat' dir='ltr'>perscriptis</span> <span class='ocrx_word' id='word_1_922' title='bbox 2116 1883 2310 1924; x_wconf 91' lang='lat' dir='ltr'>frequentius</span> <span class='ocrx_word' id='word_1_923' title='bbox 2330 1894 2378 1914; x_wconf 88' lang='lat' dir='ltr'>re-</span> 
     </span>
     <span class='ocr_line' id='line_1_115' title="bbox 1305 1924 2378 1967; baseline 0.004 -13"><span class='ocrx_word' id='word_1_924' title='bbox 1305 1934 1319 1948; x_wconf 81' lang='lat'>»</span> <span class='ocrx_word' id='word_1_925' title='bbox 1343 1924 1478 1964; x_wconf 87' lang='lat' dir='ltr'>peritur;</span> <span class='ocrx_word' id='word_1_926' title='bbox 1506 1925 1549 1955; x_wconf 92' lang='lat' dir='ltr'>ibi</span> <span class='ocrx_word' id='word_1_927' title='bbox 1579 1924 1665 1955; x_wconf 87' lang='lat' dir='ltr'>enirn</span> <span class='ocrx_word' id='word_1_928' title='bbox 1694 1925 1865 1967; x_wconf 85' lang='lat' dir='ltr'>aliquando</span> <span class='ocrx_word' id='word_1_929' title='bbox 1893 1927 2012 1957; x_wconf 90' lang='lat' dir='ltr'>litterae</span> <span class='ocrx_word' id='word_1_930' title='bbox 2037 1927 2190 1965; x_wconf 89' lang='lat' dir='ltr'>maiores,</span> <span class='ocrx_word' id='word_1_931' title='bbox 2215 1938 2378 1958; x_wconf 90' lang='lat' dir='ltr'>nonnum-</span> 
     </span>
     <span class='ocr_line' id='line_1_116' title="bbox 1304 1970 2378 2010; baseline 0.004 -11"><span class='ocrx_word' id='word_1_932' title='bbox 1304 1978 1319 1993; x_wconf 74' lang='lat'>»</span> <span class='ocrx_word' id='word_1_933' title='bbox 1342 1979 1440 2009; x_wconf 88' lang='lat' dir='ltr'>quam</span> <span class='ocrx_word' id='word_1_934' title='bbox 1469 1970 1692 2010; x_wconf 88' lang='lat' dir='ltr'>conglobatae,</span> <span class='ocrx_word' id='word_1_935' title='bbox 1721 1970 1868 2009; x_wconf 87' lang='lat' dir='ltr'>innexae,</span> <span class='ocrx_word' id='word_1_936' title='bbox 1897 1971 2052 2002; x_wconf 87' lang='lat' dir='ltr'>rotundae</span> <span class='ocrx_word' id='word_1_937' title='bbox 2077 1978 2107 2002; x_wconf 92' lang='lat' dir='ltr'>et</span> <span class='ocrx_word' id='word_1_938' title='bbox 2134 1972 2224 2003; x_wconf 82' lang='lat' dir='ltr'>valde</span> <span class='ocrx_word' id='word_1_939' title='bbox 2254 1979 2378 2003; x_wconf 87' lang='lat' dir='ltr'>tenerae</span> 
     </span>
     <span class='ocr_line' id='line_1_117' title="bbox 1303 2012 2378 2054; baseline 0.005 -11"><span class='ocrx_word' id='word_1_940' title='bbox 1303 2012 1318 2038; x_wconf 66' lang='grc' dir='ltr'>ἑ·</span> <span class='ocrx_word' id='word_1_941' title='bbox 1342 2021 1521 2046; x_wconf 88' lang='lat' dir='ltr'>occurrunt.</span> <span class='ocrx_word' id='word_1_942' title='bbox 1542 2014 1715 2054; x_wconf 85' lang='lat' dir='ltr'>Singularis</span> <span class='ocrx_word' id='word_1_943' title='bbox 1740 2014 1835 2046; x_wconf 91' lang='lat' dir='ltr'>huius</span> <span class='ocrx_word' id='word_1_944' title='bbox 1850 2015 1965 2046; x_wconf 89' lang='lat' dir='ltr'>saeculi</span> <span class='ocrx_word' id='word_1_945' title='bbox 1981 2022 2057 2046; x_wconf 89' lang='lat' dir='ltr'>nota</span> <span class='ocrx_word' id='word_1_946' title='bbox 2072 2016 2316 2048; x_wconf 87' lang='lat' dir='ltr'>characteristica</span> <span class='ocrx_word' id='word_1_947' title='bbox 2331 2024 2378 2048; x_wconf 90' lang='lat' dir='ltr'>est</span> 
     </span>
     <span class='ocr_line' id='line_1_118' title="bbox 1303 2057 2375 2101; baseline 0.004 -13"><span class='ocrx_word' id='word_1_948' title='bbox 1303 2067 1318 2083; x_wconf 79' lang='lat'><strong>»</strong></span> <span class='ocrx_word' id='word_1_949' title='bbox 1339 2057 1475 2089; x_wconf 87' lang='lat' dir='ltr'>litteram</span> <span class='ocrx_word' id='word_1_950' title='bbox 1499 2059 1511 2090; x_wconf 88' lang='lat'>1</span> <span class='ocrx_word' id='word_1_951' title='bbox 1542 2065 1673 2091; x_wconf 86' lang='lat' dir='ltr'>accentu</span> <span class='ocrx_word' id='word_1_952' title='bbox 1697 2059 1840 2100; x_wconf 90' lang='lat' dir='ltr'>quodam</span> <span class='ocrx_word' id='word_1_953' title='bbox 1869 2067 1963 2091; x_wconf 91' lang='lat' dir='ltr'>acuto</span> <span class='ocrx_word' id='word_1_954' title='bbox 1998 2061 2142 2101; x_wconf 86' lang='lat' dir='ltr'>superius</span> <span class='ocrx_word' id='word_1_955' title='bbox 2172 2061 2275 2092; x_wconf 90' lang='lat' dir='ltr'>notari</span> <span class='ocrx_word' id='word_1_956' title='bbox 2303 2072 2375 2092; x_wconf 91' lang='lat' dir='ltr'>coe-</span> 
     </span>
     <span class='ocr_line' id='line_1_119' title="bbox 1302 2102 2373 2146; baseline 0.003 -13"><span class='ocrx_word' id='word_1_957' title='bbox 1302 2112 1317 2127; x_wconf 80' lang='lat'><strong>»</strong></span> <span class='ocrx_word' id='word_1_958' title='bbox 1340 2102 1434 2143; x_wconf 91' lang='lat' dir='ltr'>pisse,</span> <span class='ocrx_word' id='word_1_959' title='bbox 1458 2103 1530 2135; x_wconf 90' lang='lat' dir='ltr'>licet</span> <span class='ocrx_word' id='word_1_960' title='bbox 1553 2104 1676 2146; x_wconf 83' lang='lat' dir='ltr'>aliquot</span> <span class='ocrx_word' id='word_1_961' title='bbox 1698 2103 1887 2135; x_wconf 89' lang='lat' dir='ltr'>iamdudum</span> <span class='ocrx_word' id='word_1_962' title='bbox 1903 2105 2046 2145; x_wconf 88' lang='lat' dir='ltr'>exempla</span> <span class='ocrx_word' id='word_1_963' title='bbox 2069 2105 2101 2135; x_wconf 91' lang='lat' dir='ltr'>in</span> <span class='ocrx_word' id='word_1_964' title='bbox 2126 2106 2251 2136; x_wconf 89' lang='lat' dir='ltr'>saeculo</span> <span class='ocrx_word' id='word_1_965' title='bbox 2274 2107 2373 2136; x_wconf 88' lang='lat' dir='ltr'>unde-</span> 
     </span>
     <span class='ocr_line' id='line_1_120' title="bbox 1301 2147 2374 2191; baseline 0.003 -13"><span class='ocrx_word' id='word_1_966' title='bbox 1301 2158 1316 2174; x_wconf 59' lang='lat'>*</span> <span class='ocrx_word' id='word_1_967' title='bbox 1340 2147 1425 2178; x_wconf 89' lang='lat' dir='ltr'>cimo</span> <span class='ocrx_word' id='word_1_968' title='bbox 1449 2158 1544 2189; x_wconf 89' lang='lat' dir='ltr'>supra</span> <span class='ocrx_word' id='word_1_969' title='bbox 1572 2148 1780 2180; x_wconf 87' lang='lat' dir='ltr'>attulerimus.</span> <span class='ocrx_word' id='word_1_970' title='bbox 1800 2149 2054 2180; x_wconf 84' lang='lat' dir='ltr'>Abbreviaturae</span> <span class='ocrx_word' id='word_1_971' title='bbox 2075 2150 2230 2190; x_wconf 88' lang='lat' dir='ltr'>plurimae</span> <span class='ocrx_word' id='word_1_972' title='bbox 2245 2161 2374 2191; x_wconf 89' lang='lat' dir='ltr'>compa-</span> 
     </span>
     <span class='ocr_line' id='line_1_121' title="bbox 1301 2193 2371 2234; baseline 0.002 -11"><span class='ocrx_word' id='word_1_973' title='bbox 1301 2203 1316 2219; x_wconf 77' lang='lat'><strong>»</strong></span> <span class='ocrx_word' id='word_1_974' title='bbox 1339 2198 1417 2223; x_wconf 88' lang='lat' dir='ltr'>rent.</span> <span class='ocrx_word' id='word_1_975' title='bbox 1437 2205 1452 2220; x_wconf 78' lang='lat'><strong>&gt;</strong></span> <span class='ocrx_word' id='word_1_976' title='bbox 1481 2193 1573 2230; x_wconf 92' lang='lat' dir='ltr'>Quae</span> <span class='ocrx_word' id='word_1_977' title='bbox 1597 2201 1702 2224; x_wconf 90' lang='lat' dir='ltr'>tamen</span> <span class='ocrx_word' id='word_1_978' title='bbox 1731 2193 1910 2234; x_wconf 90' lang='lat' dir='ltr'>peritissimi</span> <span class='ocrx_word' id='word_1_979' title='bbox 1934 2193 1991 2224; x_wconf 90' lang='lat' dir='ltr'>viri</span> <span class='ocrx_word' id='word_1_980' title='bbox 2020 2194 2196 2225; x_wconf 89' lang='lat' dir='ltr'>admonitio</span> <span class='ocrx_word' id='word_1_981' title='bbox 2225 2194 2257 2224; x_wconf 94' lang='lat' dir='ltr'>in</span> <span class='ocrx_word' id='word_1_982' title='bbox 2286 2195 2371 2225; x_wconf 89' lang='lat' dir='ltr'>hunc</span> 
     </span>
     <span class='ocr_line' id='line_1_122' title="bbox 1297 2235 2371 2276; baseline 0.004 -10"><span class='ocrx_word' id='word_1_983' title='bbox 1297 2235 1408 2267; x_wconf 89' lang='lat' dir='ltr'>locum</span> <span class='ocrx_word' id='word_1_984' title='bbox 1431 2237 1523 2268; x_wconf 88' lang='lat' dir='ltr'>allata</span> <span class='ocrx_word' id='word_1_985' title='bbox 1548 2248 1613 2268; x_wconf 89' lang='lat' dir='ltr'>non</span> <span class='ocrx_word' id='word_1_986' title='bbox 1635 2245 1697 2276; x_wconf 91' lang='lat' dir='ltr'>est,</span> <span class='ocrx_word' id='word_1_987' title='bbox 1718 2244 1754 2268; x_wconf 90' lang='lat' dir='ltr'>ut</span> <span class='ocrx_word' id='word_1_988' title='bbox 1775 2238 1874 2268; x_wconf 89' lang='lat' dir='ltr'>codex</span> <span class='ocrx_word' id='word_1_989' title='bbox 1893 2248 1911 2268; x_wconf 89' lang='lat' dir='ltr'>a</span> <span class='ocrx_word' id='word_1_990' title='bbox 1930 2238 2076 2268; x_wconf 86' lang='lat' dir='ltr'>Morellio</span> <span class='ocrx_word' id='word_1_991' title='bbox 2096 2238 2182 2269; x_wconf 90' lang='lat' dir='ltr'>visus</span> <span class='ocrx_word' id='word_1_992' title='bbox 2206 2239 2245 2268; x_wconf 92' lang='lat' dir='ltr'>ad</span> <span class='ocrx_word' id='word_1_993' title='bbox 2274 2239 2371 2270; x_wconf 89' lang='lat' dir='ltr'>sancti</span> 
     </span>
     <span class='ocr_line' id='line_1_123' title="bbox 1298 2280 2371 2323; baseline 0.003 -12"><span class='ocrx_word' id='word_1_994' title='bbox 1298 2280 1446 2312; x_wconf 86' lang='lat' dir='ltr'>Thomae</span> <span class='ocrx_word' id='word_1_995' title='bbox 1465 2289 1599 2313; x_wconf 84' lang='lat' dir='ltr'>aetatem</span> <span class='ocrx_word' id='word_1_996' title='bbox 1619 2282 1723 2313; x_wconf 89' lang='lat' dir='ltr'>referri</span> <span class='ocrx_word' id='word_1_997' title='bbox 1739 2282 1865 2320; x_wconf 88' lang='lat' dir='ltr'>debeat;</span> <span class='ocrx_word' id='word_1_998' title='bbox 1888 2292 1963 2312; x_wconf 88' lang='lat' dir='ltr'>curn</span> <span class='ocrx_word' id='word_1_999' title='bbox 1977 2282 2051 2313; x_wconf 89' lang='lat' dir='ltr'>satis</span> <span class='ocrx_word' id='word_1_1000' title='bbox 2070 2282 2137 2323; x_wconf 90' lang='lat' dir='ltr'>ipse</span> <span class='ocrx_word' id='word_1_1001' title='bbox 2153 2283 2296 2322; x_wconf 90' lang='lat' dir='ltr'>declaret,</span> <span class='ocrx_word' id='word_1_1002' title='bbox 2318 2294 2371 2314; x_wconf 90' lang='lat' dir='ltr'>co-</span> 
     </span>
     <span class='ocr_line' id='line_1_124' title="bbox 1298 2324 2370 2370; baseline 0.003 -15"><span class='ocrx_word' id='word_1_1003' title='bbox 1298 2325 1401 2356; x_wconf 89' lang='lat' dir='ltr'>dicem</span> <span class='ocrx_word' id='word_1_1004' title='bbox 1425 2326 1522 2356; x_wconf 88' lang='lat' dir='ltr'>videri</span> <span class='ocrx_word' id='word_1_1005' title='bbox 1546 2327 1684 2358; x_wconf 89' lang='lat' dir='ltr'>duorum</span> <span class='ocrx_word' id='word_1_1006' title='bbox 1708 2327 1824 2357; x_wconf 87' lang='lat' dir='ltr'>abhinc</span> <span class='ocrx_word' id='word_1_1007' title='bbox 1847 2324 1899 2368; x_wconf 89' lang='lat' dir='ltr'>(ab</span> <span class='ocrx_word' id='word_1_1008' title='bbox 1920 2337 2004 2357; x_wconf 92' lang='lat' dir='ltr'>anno</span> <span class='ocrx_word' id='word_1_1009' title='bbox 2032 2325 2128 2370; x_wconf 86' lang='lat'>1612)</span> <span class='ocrx_word' id='word_1_1010' title='bbox 2147 2328 2370 2366; x_wconf 85' lang='lat' dir='ltr'>saeculorum,</span> 
     </span>
     <span class='ocr_line' id='line_1_125' title="bbox 1297 2370 2371 2412; baseline 0.002 -12"><span class='ocrx_word' id='word_1_1011' title='bbox 1297 2370 1424 2401; x_wconf 88' lang='lat' dir='ltr'>saeculo</span> <span class='ocrx_word' id='word_1_1012' title='bbox 1453 2381 1569 2411; x_wconf 89' lang='lat' dir='ltr'>nempe</span> <span class='ocrx_word' id='word_1_1013' title='bbox 1587 2382 1639 2401; x_wconf 79' lang='lat' dir='ltr'>xw</span> <span class='ocrx_word' id='word_1_1014' title='bbox 1658 2372 1787 2401; x_wconf 86' lang='lat' dir='ltr'>cadente</span> <span class='ocrx_word' id='word_1_1015' title='bbox 1818 2377 1873 2401; x_wconf 88' lang='lat' dir='ltr'>aut</span> <span class='ocrx_word' id='word_1_1016' title='bbox 1891 2370 2020 2402; x_wconf 85' lang='lat' dir='ltr'>ineunte</span> <span class='ocrx_word' id='word_1_1017' title='bbox 2041 2371 2280 2412; x_wconf 89' lang='lat' dir='ltr'>quintodecimo</span> <span class='ocrx_word' id='word_1_1018' title='bbox 2301 2382 2371 2402; x_wconf 87' lang='lat' dir='ltr'>exa-</span> 
     </span>
     <span class='ocr_line' id='line_1_126' title="bbox 1296 2415 2370 2458; baseline 0.003 -14"><span class='ocrx_word' id='word_1_1019' title='bbox 1296 2415 1411 2445; x_wconf 78' lang='lat' dir='ltr'>ratum.</span> <span class='ocrx_word' id='word_1_1020' title='bbox 1432 2415 1457 2445; x_wconf 93' lang='lat' dir='ltr'>F</span> <span class='ocrx_word' id='word_1_1021' title='bbox 1459 2422 1625 2456; x_wconf 90' lang='lat' dir='ltr'>requentes</span> <span class='ocrx_word' id='word_1_1022' title='bbox 1641 2415 1761 2447; x_wconf 90' lang='lat' dir='ltr'>Oudini</span> <span class='ocrx_word' id='word_1_1023' title='bbox 1780 2415 1888 2455; x_wconf 89' lang='lat' dir='ltr'>lapsus</span> <span class='ocrx_word' id='word_1_1024' title='bbox 1907 2415 2095 2454; x_wconf 86' lang='lat' dir='ltr'>indicantur,</span> <span class='ocrx_word' id='word_1_1025' title='bbox 2113 2416 2169 2457; x_wconf 92' lang='lat' dir='ltr'>qui</span> <span class='ocrx_word' id='word_1_1026' title='bbox 2187 2427 2219 2447; x_wconf 89' lang='lat' dir='ltr'>se</span> <span class='ocrx_word' id='word_1_1027' title='bbox 2238 2427 2370 2458; x_wconf 87' lang='lat' dir='ltr'>suaque,</span> 
     </span>
     <span class='ocr_line' id='line_1_127' title="bbox 1296 2459 2368 2501; baseline 0.001 -11"><span class='ocrx_word' id='word_1_1028' title='bbox 1296 2460 1523 2500; x_wconf 86' lang='lat' dir='ltr'>comptemptis</span> <span class='ocrx_word' id='word_1_1029' title='bbox 1547 2460 1615 2490; x_wconf 89' lang='lat' dir='ltr'>aliis</span> <span class='ocrx_word' id='word_1_1030' title='bbox 1639 2459 1868 2501; x_wconf 88' lang='lat' dir='ltr'>despectisque,</span> <span class='ocrx_word' id='word_1_1031' title='bbox 1893 2460 1991 2490; x_wconf 91' lang='lat' dir='ltr'>nimia</span> <span class='ocrx_word' id='word_1_1032' title='bbox 2010 2460 2144 2500; x_wconf 77' lang='lat' dir='ltr'>praefert</span> <span class='ocrx_word' id='word_1_1033' title='bbox 2167 2460 2368 2492; x_wconf 88' lang='lat' dir='ltr'>confidentia.</span> 
     </span>
    </p>

    <p class='ocr_par' dir='ltr' id='par_1_13' title="bbox 1289 2504 2373 3211">
     <span class='ocr_line' id='line_1_128' title="bbox 1362 2504 2373 2546; baseline 0.002 -12"><span class='ocrx_word' id='word_1_1034' title='bbox 1362 2504 1502 2534; x_wconf 90' lang='lat' dir='ltr'>Melioris</span> <span class='ocrx_word' id='word_1_1035' title='bbox 1518 2511 1624 2543; x_wconf 86' lang='lat' dir='ltr'>notae,</span> <span class='ocrx_word' id='word_1_1036' title='bbox 1639 2512 1733 2546; x_wconf 92' lang='lat' dir='ltr'>atque</span> <span class='ocrx_word' id='word_1_1037' title='bbox 1753 2504 1953 2545; x_wconf 79' lang='lat' dir='ltr'>praecedenS,</span> <span class='ocrx_word' id='word_1_1038' title='bbox 1969 2515 2035 2535; x_wconf 92' lang='lat' dir='ltr'>non</span> <span class='ocrx_word' id='word_1_1039' title='bbox 2055 2511 2102 2536; x_wconf 90' lang='lat' dir='ltr'>est</span> <span class='ocrx_word' id='word_1_1040' title='bbox 2119 2505 2287 2546; x_wconf 90' lang='lat' dir='ltr'>Expositio</span> <span class='ocrx_word' id='word_1_1041' title='bbox 2302 2507 2335 2536; x_wconf 90' lang='lat' dir='ltr'>in</span> <span class='ocrx_word' id='word_1_1042' title='bbox 2351 2506 2373 2535; x_wconf 94' lang='lat' dir='ltr'><em>I</em></span> 
     </span>
     <span class='ocr_line' id='line_1_129' title="bbox 1295 2548 2368 2590; baseline 0.001 -12"><span class='ocrx_word' id='word_1_1043' title='bbox 1295 2548 1411 2579; x_wconf 88' lang='lat' dir='ltr'>librum</span> <span class='ocrx_word' id='word_1_1044' title='bbox 1433 2554 1463 2580; x_wconf 89' lang='lat' dir='ltr'>et</span> <span class='ocrx_word' id='word_1_1045' title='bbox 1482 2549 1523 2579; x_wconf 90' lang='lat' dir='ltr'>II</span> <span class='ocrx_word' id='word_1_1046' title='bbox 1533 2550 1818 2580; x_wconf 86' lang='lat' dir='ltr'>Machabaeorum.</span> <span class='ocrx_word' id='word_1_1047' title='bbox 1843 2549 1945 2590; x_wconf 90' lang='lat' dir='ltr'>Typis</span> <span class='ocrx_word' id='word_1_1048' title='bbox 1963 2549 2111 2579; x_wconf 90' lang='lat' dir='ltr'>Parisinis</span> <span class='ocrx_word' id='word_1_1049' title='bbox 2131 2550 2272 2590; x_wconf 89' lang='lat' dir='ltr'>primum</span> <span class='ocrx_word' id='word_1_1050' title='bbox 2294 2560 2368 2590; x_wconf 87' lang='lat' dir='ltr'>pro-</span> 
     </span>
     <span class='ocr_line' id='line_1_130' title="bbox 1294 2592 2367 2634; baseline 0.001 -11"><span class='ocrx_word' id='word_1_1051' title='bbox 1294 2592 1351 2623; x_wconf 91' lang='lat' dir='ltr'>diit</span> <span class='ocrx_word' id='word_1_1052' title='bbox 1374 2603 1459 2624; x_wconf 90' lang='lat' dir='ltr'>anno</span> <span class='ocrx_word' id='word_1_1053' title='bbox 1488 2594 1582 2634; x_wconf 84' lang='lat'>1596,</span> <span class='ocrx_word' id='word_1_1054' title='bbox 1603 2593 1634 2632; x_wconf 88' lang='lat'>8,</span> <span class='ocrx_word' id='word_1_1055' title='bbox 1655 2594 1736 2624; x_wconf 92' lang='lat' dir='ltr'>curis</span> <span class='ocrx_word' id='word_1_1056' title='bbox 1756 2593 1906 2633; x_wconf 87' lang='lat' dir='ltr'>Stephani</span> <span class='ocrx_word' id='word_1_1057' title='bbox 1926 2593 2076 2634; x_wconf 89' lang='lat' dir='ltr'>Sampaio</span> <span class='ocrx_word' id='word_1_1058' title='bbox 2099 2594 2253 2627; x_wconf 89' lang='lat' dir='ltr'>Lusitani:</span> <span class='ocrx_word' id='word_1_1059' title='bbox 2276 2595 2367 2625; x_wconf 89' lang='lat' dir='ltr'>item-</span> 
     </span>
     <span class='ocr_line' id='line_1_131' title="bbox 1293 2638 2366 2679; baseline 0.001 -11"><span class='ocrx_word' id='word_1_1060' title='bbox 1293 2647 1356 2677; x_wconf 90' lang='lat' dir='ltr'>que</span> <span class='ocrx_word' id='word_1_1061' title='bbox 1380 2645 1501 2678; x_wconf 88' lang='lat' dir='ltr'>prostat</span> <span class='ocrx_word' id='word_1_1062' title='bbox 1519 2638 1551 2668; x_wconf 92' lang='lat' dir='ltr'>in</span> <span class='ocrx_word' id='word_1_1063' title='bbox 1571 2645 1705 2679; x_wconf 89' lang='lat' dir='ltr'>utraque</span> <span class='ocrx_word' id='word_1_1064' title='bbox 1731 2638 1869 2669; x_wconf 88' lang='lat' dir='ltr'>editione</span> <span class='ocrx_word' id='word_1_1065' title='bbox 1895 2638 1927 2668; x_wconf 93' lang='lat' dir='ltr'>in</span> <span class='ocrx_word' id='word_1_1066' title='bbox 1948 2638 2003 2669; x_wconf 90' lang='lat' dir='ltr'>fol.</span> <span class='ocrx_word' id='word_1_1067' title='bbox 2024 2639 2241 2679; x_wconf 89' lang='lat' dir='ltr'>Antuerpiana</span> <span class='ocrx_word' id='word_1_1068' title='bbox 2260 2646 2290 2669; x_wconf 93' lang='lat' dir='ltr'>et</span> <span class='ocrx_word' id='word_1_1069' title='bbox 2308 2639 2366 2669; x_wconf 89' lang='lat' dir='ltr'>Pa-</span> 
     </span>
     <span class='ocr_line' id='line_1_132' title="bbox 1292 2681 2363 2714; baseline 0.002 -3"><span class='ocrx_word' id='word_1_1070' title='bbox 1292 2681 1387 2712; x_wconf 84' lang='lat' dir='ltr'>risina</span> <span class='ocrx_word' id='word_1_1071' title='bbox 1405 2682 1470 2713; x_wconf 91' lang='lat' dir='ltr'>iam</span> <span class='ocrx_word' id='word_1_1072' title='bbox 1489 2683 1682 2714; x_wconf 89' lang='lat' dir='ltr'>memoratis.</span> <span class='ocrx_word' id='word_1_1073' title='bbox 1708 2683 1755 2713; x_wconf 86' lang='lat' dir='ltr'>Ex</span> <span class='ocrx_word' id='word_1_1074' title='bbox 1775 2683 1889 2713; x_wconf 89' lang='lat' dir='ltr'>eodem</span> <span class='ocrx_word' id='word_1_1075' title='bbox 1913 2682 2025 2713; x_wconf 91' lang='lat' dir='ltr'>educta</span> <span class='ocrx_word' id='word_1_1076' title='bbox 2044 2683 2158 2713; x_wconf 91' lang='lat' dir='ltr'>dicitur</span> <span class='ocrx_word' id='word_1_1077' title='bbox 2177 2683 2285 2714; x_wconf 91' lang='lat' dir='ltr'>codice</span> <span class='ocrx_word' id='word_1_1078' title='bbox 2305 2694 2363 2714; x_wconf 90' lang='lat' dir='ltr'>ms.</span> 
     </span>
     <span class='ocr_line' id='line_1_133' title="bbox 1292 2725 2364 2768; baseline 0.002 -12"><span class='ocrx_word' id='word_1_1079' title='bbox 1292 2725 1425 2757; x_wconf 86' lang='lat' dir='ltr'>fratrum</span> <span class='ocrx_word' id='word_1_1080' title='bbox 1457 2727 1621 2758; x_wconf 90' lang='lat' dir='ltr'>Minorum</span> <span class='ocrx_word' id='word_1_1081' title='bbox 1654 2727 1981 2768; x_wconf 89' lang='lat' dir='ltr'>Middelburgensium</span> <span class='ocrx_word' id='word_1_1082' title='bbox 1995 2750 2003 2766; x_wconf 91' lang='lat'><strong><em>‚</em></strong></span> <span class='ocrx_word' id='word_1_1083' title='bbox 2040 2737 2076 2758; x_wconf 88' lang='lat' dir='ltr'>ex</span> <span class='ocrx_word' id='word_1_1084' title='bbox 2108 2738 2174 2768; x_wconf 92' lang='lat' dir='ltr'>quo</span> <span class='ocrx_word' id='word_1_1085' title='bbox 2204 2728 2364 2758; x_wconf 91' lang='lat' dir='ltr'>Antonius</span> 
     </span>
     <span class='ocr_line' id='line_1_134' title="bbox 1291 2770 2364 2812; baseline 0.001 -11"><span class='ocrx_word' id='word_1_1086' title='bbox 1291 2770 1438 2802; x_wconf 88' lang='lat' dir='ltr'>Senensis</span> <span class='ocrx_word' id='word_1_1087' title='bbox 1458 2772 1590 2812; x_wconf 89' lang='lat' dir='ltr'>protulit</span> <span class='ocrx_word' id='word_1_1088' title='bbox 1609 2771 1886 2803; x_wconf 89' lang='lat' dir='ltr'>Commentarium</span> <span class='ocrx_word' id='word_1_1089' title='bbox 1906 2773 1938 2802; x_wconf 90' lang='lat' dir='ltr'>in</span> <span class='ocrx_word' id='word_1_1090' title='bbox 1957 2771 2114 2802; x_wconf 86' lang='lat' dir='ltr'>Genesim.</span> <span class='ocrx_word' id='word_1_1091' title='bbox 2130 2772 2281 2812; x_wconf 90' lang='lat' dir='ltr'>Aegidius</span> <span class='ocrx_word' id='word_1_1092' title='bbox 2301 2773 2364 2802; x_wconf 88' lang='lat' dir='ltr'>Ro-</span> 
     </span>
     <span class='ocr_line' id='line_1_135' title="bbox 1291 2816 2364 2856; baseline 0.001 -11"><span class='ocrx_word' id='word_1_1093' title='bbox 1291 2825 1417 2855; x_wconf 89' lang='lat' dir='ltr'>manus,</span> <span class='ocrx_word' id='word_1_1094' title='bbox 1439 2816 1725 2856; x_wconf 89' lang='lat' dir='ltr'>Augustinensium</span> <span class='ocrx_word' id='word_1_1095' title='bbox 1749 2817 1869 2855; x_wconf 87' lang='lat' dir='ltr'>lumen,</span> <span class='ocrx_word' id='word_1_1096' title='bbox 1894 2816 1992 2847; x_wconf 90' lang='lat' dir='ltr'>fertur</span> <span class='ocrx_word' id='word_1_1097' title='bbox 2014 2816 2145 2846; x_wconf 89' lang='lat' dir='ltr'>huiusce</span> <span class='ocrx_word' id='word_1_1098' title='bbox 2170 2816 2273 2856; x_wconf 91' lang='lat' dir='ltr'>operis</span> <span class='ocrx_word' id='word_1_1099' title='bbox 2297 2826 2364 2847; x_wconf 92' lang='lat' dir='ltr'>me-</span> 
     </span>
     <span class='ocr_line' id='line_1_136' title="bbox 1291 2860 2363 2901; baseline 0 -10"><span class='ocrx_word' id='word_1_1100' title='bbox 1291 2860 1421 2891; x_wconf 90' lang='lat' dir='ltr'>minisse</span> <span class='ocrx_word' id='word_1_1101' title='bbox 1439 2861 1492 2891; x_wconf 92' lang='lat' dir='ltr'>lib.</span> <span class='ocrx_word' id='word_1_1102' title='bbox 1514 2861 1568 2899; x_wconf 89' lang='lat' dir='ltr'>IV,</span> <span class='ocrx_word' id='word_1_1103' title='bbox 1589 2861 1659 2892; x_wconf 88' lang='lat' dir='ltr'>dist.</span> <span class='ocrx_word' id='word_1_1104' title='bbox 1675 2872 1746 2900; x_wconf 82' lang='lat' dir='ltr'>va,</span> <span class='ocrx_word' id='word_1_1105' title='bbox 1765 2861 1819 2891; x_wconf 91' lang='lat' dir='ltr'>ubi</span> <span class='ocrx_word' id='word_1_1106' title='bbox 1839 2861 1902 2901; x_wconf 90' lang='lat' dir='ltr'>agit</span> <span class='ocrx_word' id='word_1_1107' title='bbox 1920 2861 1959 2891; x_wconf 93' lang='lat' dir='ltr'>de</span> <span class='ocrx_word' id='word_1_1108' title='bbox 1978 2860 2120 2891; x_wconf 88' lang='lat' dir='ltr'>oratione</span> <span class='ocrx_word' id='word_1_1109' title='bbox 2140 2871 2198 2901; x_wconf 91' lang='lat' dir='ltr'>pro</span> <span class='ocrx_word' id='word_1_1110' title='bbox 2218 2861 2363 2899; x_wconf 89' lang='lat' dir='ltr'>mortuis,</span> 
     </span>
     <span class='ocr_line' id='line_1_137' title="bbox 1291 2904 2364 2946; baseline 0.001 -11"><span class='ocrx_word' id='word_1_1111' title='bbox 1291 2904 1340 2935; x_wconf 89' lang='lat' dir='ltr'>his</span> <span class='ocrx_word' id='word_1_1112' title='bbox 1363 2905 1479 2936; x_wconf 87' lang='lat' dir='ltr'>verbis:</span> <span class='ocrx_word' id='word_1_1113' title='bbox 1500 2906 1591 2936; x_wconf 89' lang='lat' dir='ltr'>Sicut</span> <span class='ocrx_word' id='word_1_1114' title='bbox 1606 2907 1638 2936; x_wconf 92' lang='lat' dir='ltr'>in</span> <span class='ocrx_word' id='word_1_1115' title='bbox 1656 2907 1852 2946; x_wconf 85' lang='lat' dir='ltr'>expositione</span> <span class='ocrx_word' id='word_1_1116' title='bbox 1869 2905 2141 2936; x_wconf 79' lang='lat' dir='ltr'>Machabaeorum</span> <span class='ocrx_word' id='word_1_1117' title='bbox 2156 2905 2364 2936; x_wconf 81' lang='lat' dir='ltr'>Reverendus</span> 
     </span>
     <span class='ocr_line' id='line_1_138' title="bbox 1290 2949 2364 2990; baseline 0 -10"><span class='ocrx_word' id='word_1_1118' title='bbox 1290 2950 1485 2990; x_wconf 86' lang='lat' dir='ltr'>Praeceptor</span> <span class='ocrx_word' id='word_1_1119' title='bbox 1501 2960 1590 2980; x_wconf 90' lang='lat' dir='ltr'>meus</span> <span class='ocrx_word' id='word_1_1120' title='bbox 1618 2950 1755 2981; x_wconf 87' lang='lat' dir='ltr'>Thomas</span> <span class='ocrx_word' id='word_1_1121' title='bbox 1778 2950 1920 2980; x_wconf 84' lang='lat' dir='ltr'>tradidit.</span> <span class='ocrx_word' id='word_1_1122' title='bbox 1942 2949 2155 2987; x_wconf 89' lang='lat' dir='ltr'>Quantumvis</span> <span class='ocrx_word' id='word_1_1123' title='bbox 2178 2949 2306 2980; x_wconf 89' lang='lat' dir='ltr'>illustris</span> <span class='ocrx_word' id='word_1_1124' title='bbox 2333 2956 2364 2980; x_wconf 89' lang='lat' dir='ltr'>et</span> 
     </span>
     <span class='ocr_line' id='line_1_139' title="bbox 1291 2993 2360 3025; baseline 0 -1"><span class='ocrx_word' id='word_1_1125' title='bbox 1291 2994 1397 3024; x_wconf 79' lang='lat' dir='ltr'>eximii</span> <span class='ocrx_word' id='word_1_1126' title='bbox 1421 2994 1506 3025; x_wconf 89' lang='lat' dir='ltr'>testis</span> <span class='ocrx_word' id='word_1_1127' title='bbox 1526 2994 1731 3025; x_wconf 88' lang='lat' dir='ltr'>deserendam</span> <span class='ocrx_word' id='word_1_1128' title='bbox 1754 2994 1872 3025; x_wconf 90' lang='lat' dir='ltr'>iudicat</span> <span class='ocrx_word' id='word_1_1129' title='bbox 1890 2993 1986 3024; x_wconf 88' lang='lat' dir='ltr'>fidem</span> <span class='ocrx_word' id='word_1_1130' title='bbox 2006 2993 2171 3024; x_wconf 87' lang='lat' dir='ltr'>Oudinus:</span> <span class='ocrx_word' id='word_1_1131' title='bbox 2197 3000 2228 3024; x_wconf 92' lang='lat' dir='ltr'>at</span> <span class='ocrx_word' id='word_1_1132' title='bbox 2243 2994 2360 3024; x_wconf 87' lang='lat' dir='ltr'>Echar-</span> 
     </span>
     <span class='ocr_line' id='line_1_140' title="bbox 1291 3038 2362 3078; baseline -0.002 -9"><span class='ocrx_word' id='word_1_1133' title='bbox 1291 3039 1350 3069; x_wconf 90' lang='lat' dir='ltr'>dus</span> <span class='ocrx_word' id='word_1_1134' title='bbox 1373 3045 1504 3069; x_wconf 88' lang='lat' dir='ltr'>testatur</span> <span class='ocrx_word' id='word_1_1135' title='bbox 1532 3049 1564 3069; x_wconf 91' lang='lat' dir='ltr'>se</span> <span class='ocrx_word' id='word_1_1136' title='bbox 1587 3045 1689 3069; x_wconf 90' lang='lat' dir='ltr'>totam</span> <span class='ocrx_word' id='word_1_1137' title='bbox 1712 3039 1799 3069; x_wconf 92' lang='lat' dir='ltr'>illam</span> <span class='ocrx_word' id='word_1_1138' title='bbox 1830 3038 2065 3069; x_wconf 91' lang='lat' dir='ltr'>distinctionem</span> <span class='ocrx_word' id='word_1_1139' title='bbox 2089 3038 2362 3078; x_wconf 88' lang='lat' dir='ltr'>quadragesimam</span> 
     </span>
     <span class='ocr_line' id='line_1_141' title="bbox 1289 3082 2360 3124; baseline -0.001 -11"><span class='ocrx_word' id='word_1_1140' title='bbox 1289 3083 1435 3124; x_wconf 89' lang='lat' dir='ltr'>quintam</span> <span class='ocrx_word' id='word_1_1141' title='bbox 1449 3083 1648 3123; x_wconf 90' lang='lat' dir='ltr'>percurrisse,</span> <span class='ocrx_word' id='word_1_1142' title='bbox 1659 3083 1736 3124; x_wconf 90' lang='lat' dir='ltr'>quin</span> <span class='ocrx_word' id='word_1_1143' title='bbox 1751 3083 1783 3113; x_wconf 92' lang='lat' dir='ltr'>id</span> <span class='ocrx_word' id='word_1_1144' title='bbox 1794 3082 1907 3113; x_wconf 90' lang='lat' dir='ltr'>alicubi</span> <span class='ocrx_word' id='word_1_1145' title='bbox 1922 3082 2061 3112; x_wconf 88' lang='lat' dir='ltr'>invenire</span> <span class='ocrx_word' id='word_1_1146' title='bbox 2076 3082 2223 3122; x_wconf 91' lang='lat' dir='ltr'>potuerit.</span> <span class='ocrx_word' id='word_1_1147' title='bbox 2241 3082 2360 3123; x_wconf 90' lang='lat' dir='ltr'>Itaque,</span> 
     </span>
     <span class='ocr_line' id='line_1_142' title="bbox 1289 3127 2359 3167; baseline 0.001 -10"><span class='ocrx_word' id='word_1_1148' title='bbox 1289 3134 1477 3167; x_wconf 89' lang='lat' dir='ltr'>argumento</span> <span class='ocrx_word' id='word_1_1149' title='bbox 1509 3138 1532 3158; x_wconf 93' lang='lat' dir='ltr'>s.</span> <span class='ocrx_word' id='word_1_1150' title='bbox 1553 3127 1729 3166; x_wconf 82' lang='lat' dir='ltr'>Antonini,</span> <span class='ocrx_word' id='word_1_1151' title='bbox 1754 3137 1828 3157; x_wconf 89' lang='lat' dir='ltr'>curn</span> <span class='ocrx_word' id='word_1_1152' title='bbox 1856 3127 1963 3157; x_wconf 90' lang='lat' dir='ltr'>nullus</span> <span class='ocrx_word' id='word_1_1153' title='bbox 1990 3133 2133 3157; x_wconf 88' lang='lat' dir='ltr'>veterum</span> <span class='ocrx_word' id='word_1_1154' title='bbox 2161 3127 2359 3166; x_wconf 89' lang='lat' dir='ltr'>meminerit,</span> 
     </span>
     <span class='ocr_line' id='line_1_143' title="bbox 1289 3171 2169 3211; baseline -0.002 -9"><span class='ocrx_word' id='word_1_1155' title='bbox 1289 3179 1319 3202; x_wconf 91' lang='lat' dir='ltr'>et</span> <span class='ocrx_word' id='word_1_1156' title='bbox 1342 3172 1419 3202; x_wconf 88' lang='lat' dir='ltr'>haec</span> <span class='ocrx_word' id='word_1_1157' title='bbox 1442 3183 1466 3202; x_wconf 93' lang='lat' dir='ltr'>s.</span> <span class='ocrx_word' id='word_1_1158' title='bbox 1487 3172 1619 3202; x_wconf 90' lang='lat' dir='ltr'>Doctori</span> <span class='ocrx_word' id='word_1_1159' title='bbox 1642 3171 1849 3202; x_wconf 89' lang='lat' dir='ltr'>abiudicanda</span> <span class='ocrx_word' id='word_1_1160' title='bbox 1873 3171 2028 3211; x_wconf 91' lang='lat' dir='ltr'>expositio</span> <span class='ocrx_word' id='word_1_1161' title='bbox 2053 3177 2169 3201; x_wconf 88' lang='lat' dir='ltr'>manet.</span> 
     </span>
    </p>

    <p class='ocr_par' dir='ltr' id='par_1_14' title="bbox 1284 3215 2359 3697">
     <span class='ocr_line' id='line_1_144' title="bbox 1356 3215 2359 3256; baseline -0.001 -10"><span class='ocrx_word' id='word_1_1162' title='bbox 1356 3217 1407 3246; x_wconf 92' lang='lat' dir='ltr'>III.</span> <span class='ocrx_word' id='word_1_1163' title='bbox 1429 3215 1538 3256; x_wconf 91' lang='lat' dir='ltr'>Carpit</span> <span class='ocrx_word' id='word_1_1164' title='bbox 1561 3226 1636 3246; x_wconf 92' lang='lat' dir='ltr'>vero</span> <span class='ocrx_word' id='word_1_1165' title='bbox 1655 3226 1714 3256; x_wconf 94' lang='lat' dir='ltr'>pro</span> <span class='ocrx_word' id='word_1_1166' title='bbox 1734 3226 1823 3246; x_wconf 92' lang='lat' dir='ltr'>more</span> <span class='ocrx_word' id='word_1_1167' title='bbox 1842 3215 2035 3254; x_wconf 91' lang='lat' dir='ltr'>Morellium,</span> <span class='ocrx_word' id='word_1_1168' title='bbox 2056 3215 2155 3255; x_wconf 84' lang='lat' dir='ltr'>carpit</span> <span class='ocrx_word' id='word_1_1169' title='bbox 2173 3215 2359 3255; x_wconf 89' lang='lat' dir='ltr'>Sampaium</span> 
     </span>
     <span class='ocr_line' id='line_1_145' title="bbox 1288 3259 2357 3300; baseline -0.001 -10"><span class='ocrx_word' id='word_1_1170' title='bbox 1288 3260 1449 3298; x_wconf 91' lang='lat' dir='ltr'>Oudinus,</span> <span class='ocrx_word' id='word_1_1171' title='bbox 1470 3260 1568 3300; x_wconf 88' lang='lat' dir='ltr'>carpit</span> <span class='ocrx_word' id='word_1_1172' title='bbox 1591 3260 1669 3290; x_wconf 88' lang='lat' dir='ltr'>alios</span> <span class='ocrx_word' id='word_1_1173' title='bbox 1693 3260 1858 3300; x_wconf 87' lang='lat' dir='ltr'>utriusque</span> <span class='ocrx_word' id='word_1_1174' title='bbox 1872 3259 2047 3300; x_wconf 88' lang='lat' dir='ltr'>praedictae</span> <span class='ocrx_word' id='word_1_1175' title='bbox 2061 3259 2276 3299; x_wconf 87' lang='lat' dir='ltr'>Expositionis</span> <span class='ocrx_word' id='word_1_1176' title='bbox 2292 3259 2357 3289; x_wconf 90' lang='lat' dir='ltr'>edi-</span> 
     </span>
     <span class='ocr_line' id='line_1_146' title="bbox 1287 3303 2357 3344; baseline -0.001 -10"><span class='ocrx_word' id='word_1_1177' title='bbox 1287 3312 1382 3342; x_wconf 90' lang='lat' dir='ltr'>tores,</span> <span class='ocrx_word' id='word_1_1178' title='bbox 1401 3304 1499 3335; x_wconf 89' lang='lat' dir='ltr'>veluti</span> <span class='ocrx_word' id='word_1_1179' title='bbox 1523 3304 1660 3334; x_wconf 91' lang='lat' dir='ltr'>nimium</span> <span class='ocrx_word' id='word_1_1180' title='bbox 1684 3304 1789 3334; x_wconf 91' lang='lat' dir='ltr'>faciles</span> <span class='ocrx_word' id='word_1_1181' title='bbox 1812 3314 1848 3334; x_wconf 91' lang='lat' dir='ltr'>ac</span> <span class='ocrx_word' id='word_1_1182' title='bbox 1871 3314 1991 3344; x_wconf 93' lang='lat' dir='ltr'>pronos</span> <span class='ocrx_word' id='word_1_1183' title='bbox 2015 3304 2055 3334; x_wconf 91' lang='lat' dir='ltr'>ad</span> <span class='ocrx_word' id='word_1_1184' title='bbox 2079 3303 2279 3343; x_wconf 88' lang='lat' dir='ltr'>supposititia</span> <span class='ocrx_word' id='word_1_1185' title='bbox 2298 3304 2357 3333; x_wconf 92' lang='lat' dir='ltr'>sub</span> 
     </span>
     <span class='ocr_line' id='line_1_147' title="bbox 1287 3347 2357 3388; baseline -0.002 -9"><span class='ocrx_word' id='word_1_1186' title='bbox 1287 3349 1418 3379; x_wconf 91' lang='lat' dir='ltr'>nomine</span> <span class='ocrx_word' id='word_1_1187' title='bbox 1454 3359 1477 3379; x_wconf 92' lang='lat' dir='ltr'>s.</span> <span class='ocrx_word' id='word_1_1188' title='bbox 1494 3348 1641 3379; x_wconf 89' lang='lat' dir='ltr'>Thomae</span> <span class='ocrx_word' id='word_1_1189' title='bbox 1665 3349 1808 3379; x_wconf 90' lang='lat' dir='ltr'>cudenda</span> <span class='ocrx_word' id='word_1_1190' title='bbox 1840 3358 1946 3388; x_wconf 88' lang='lat' dir='ltr'>opera.</span> <span class='ocrx_word' id='word_1_1191' title='bbox 1976 3347 2229 3388; x_wconf 86' lang='lat' dir='ltr'>Argumentandi</span> <span class='ocrx_word' id='word_1_1192' title='bbox 2256 3357 2357 3386; x_wconf 90' lang='lat' dir='ltr'>genus</span> 
     </span>
     <span class='ocr_line' id='line_1_148' title="bbox 1286 3391 2356 3433; baseline 0 -11"><span class='ocrx_word' id='word_1_1193' title='bbox 1286 3393 1403 3431; x_wconf 91' lang='lat' dir='ltr'>irridet,</span> <span class='ocrx_word' id='word_1_1194' title='bbox 1423 3402 1489 3433; x_wconf 95' lang='lat' dir='ltr'>quo</span> <span class='ocrx_word' id='word_1_1195' title='bbox 1509 3393 1569 3432; x_wconf 90' lang='lat' dir='ltr'>ipsi</span> <span class='ocrx_word' id='word_1_1196' title='bbox 1593 3399 1740 3423; x_wconf 92' lang='lat' dir='ltr'>utuntur:</span> <span class='ocrx_word' id='word_1_1197' title='bbox 1760 3398 1853 3422; x_wconf 91' lang='lat' dir='ltr'>vocat</span> <span class='ocrx_word' id='word_1_1198' title='bbox 1872 3402 1926 3422; x_wconf 92' lang='lat' dir='ltr'>eos</span> <span class='ocrx_word' id='word_1_1199' title='bbox 1945 3392 2018 3432; x_wconf 92' lang='lat' dir='ltr'>plus</span> <span class='ocrx_word' id='word_1_1200' title='bbox 2038 3402 2135 3432; x_wconf 90' lang='lat' dir='ltr'>quam</span> <span class='ocrx_word' id='word_1_1201' title='bbox 2158 3401 2215 3431; x_wconf 91' lang='lat' dir='ltr'>par</span> <span class='ocrx_word' id='word_1_1202' title='bbox 2239 3398 2285 3421; x_wconf 92' lang='lat' dir='ltr'>est</span> <span class='ocrx_word' id='word_1_1203' title='bbox 2302 3391 2356 3422; x_wconf 88' lang='lat' dir='ltr'>de-</span> 
     </span>
     <span class='ocr_line' id='line_1_149' title="bbox 1287 3435 2359 3476; baseline -0.001 -9"><span class='ocrx_word' id='word_1_1204' title='bbox 1287 3442 1386 3474; x_wconf 84' lang='lat' dir='ltr'>votos,</span> <span class='ocrx_word' id='word_1_1205' title='bbox 1402 3446 1438 3466; x_wconf 90' lang='lat' dir='ltr'>ac</span> <span class='ocrx_word' id='word_1_1206' title='bbox 1452 3437 1571 3476; x_wconf 91' lang='lat' dir='ltr'>passim</span> <span class='ocrx_word' id='word_1_1207' title='bbox 1584 3436 1761 3467; x_wconf 88' lang='lat' dir='ltr'>laborantes</span> <span class='ocrx_word' id='word_1_1208' title='bbox 1776 3436 2036 3476; x_wconf 81' lang='lat' dir='ltr'>aequivocatione</span> <span class='ocrx_word' id='word_1_1209' title='bbox 2051 3435 2197 3465; x_wconf 89' lang='lat' dir='ltr'>Thomae</span> <span class='ocrx_word' id='word_1_1210' title='bbox 2206 3435 2359 3476; x_wconf 82' lang='lat' dir='ltr'>Angelici</span> 
     </span>
     <span class='ocr_line' id='line_1_150' title="bbox 1286 3479 2356 3521; baseline 0 -11"><span class='ocrx_word' id='word_1_1211' title='bbox 1286 3491 1345 3521; x_wconf 92' lang='lat' dir='ltr'>pro</span> <span class='ocrx_word' id='word_1_1212' title='bbox 1365 3480 1494 3510; x_wconf 89' lang='lat' dir='ltr'>Thoma</span> <span class='ocrx_word' id='word_1_1213' title='bbox 1511 3481 1660 3520; x_wconf 84' lang='lat' dir='ltr'>Anglico.</span> <span class='ocrx_word' id='word_1_1214' title='bbox 1680 3480 1840 3510; x_wconf 90' lang='lat' dir='ltr'>Nimirum</span> <span class='ocrx_word' id='word_1_1215' title='bbox 1860 3480 1966 3517; x_wconf 91' lang='lat' dir='ltr'>bilem,</span> <span class='ocrx_word' id='word_1_1216' title='bbox 1986 3490 2050 3520; x_wconf 90' lang='lat' dir='ltr'>qua</span> <span class='ocrx_word' id='word_1_1217' title='bbox 2068 3479 2204 3519; x_wconf 91' lang='lat' dir='ltr'>percitus</span> <span class='ocrx_word' id='word_1_1218' title='bbox 2228 3486 2303 3518; x_wconf 91' lang='lat' dir='ltr'>erat,</span> <span class='ocrx_word' id='word_1_1219' title='bbox 2323 3479 2356 3510; x_wconf 93' lang='lat' dir='ltr'>in</span> 
     </span>
     <span class='ocr_line' id='line_1_151' title="bbox 1286 3524 2356 3564; baseline -0.001 -10"><span class='ocrx_word' id='word_1_1220' title='bbox 1286 3524 1450 3564; x_wconf 89' lang='lat' dir='ltr'>religiosos</span> <span class='ocrx_word' id='word_1_1221' title='bbox 1469 3524 1571 3562; x_wconf 91' lang='lat' dir='ltr'>viros,</span> <span class='ocrx_word' id='word_1_1222' title='bbox 1591 3534 1732 3564; x_wconf 92' lang='lat' dir='ltr'>quorum</span> <span class='ocrx_word' id='word_1_1223' title='bbox 1751 3530 1849 3554; x_wconf 89' lang='lat' dir='ltr'>castra</span> <span class='ocrx_word' id='word_1_1224' title='bbox 1868 3524 2061 3562; x_wconf 89' lang='lat' dir='ltr'>deseruerat,</span> <span class='ocrx_word' id='word_1_1225' title='bbox 2085 3533 2288 3564; x_wconf 90' lang='lat' dir='ltr'>quacumque</span> <span class='ocrx_word' id='word_1_1226' title='bbox 2308 3534 2356 3554; x_wconf 84' lang='lat' dir='ltr'>ar-</span> 
     </span>
     <span class='ocr_line' id='line_1_152' title="bbox 1285 3567 2357 3608; baseline 0 -10"><span class='ocrx_word' id='word_1_1227' title='bbox 1285 3575 1373 3608; x_wconf 87' lang='lat' dir='ltr'>repta</span> <span class='ocrx_word' id='word_1_1228' title='bbox 1394 3568 1513 3598; x_wconf 90' lang='lat' dir='ltr'>evomit</span> <span class='ocrx_word' id='word_1_1229' title='bbox 1531 3568 1712 3598; x_wconf 88' lang='lat' dir='ltr'>occasione:</span> <span class='ocrx_word' id='word_1_1230' title='bbox 1732 3567 1765 3597; x_wconf 93' lang='lat' dir='ltr'>in</span> <span class='ocrx_word' id='word_1_1231' title='bbox 1784 3567 1955 3608; x_wconf 89' lang='lat' dir='ltr'>ipsumque</span> <span class='ocrx_word' id='word_1_1232' title='bbox 1974 3567 2088 3598; x_wconf 91' lang='lat' dir='ltr'>vitium</span> <span class='ocrx_word' id='word_1_1233' title='bbox 2106 3567 2216 3598; x_wconf 84' lang='lat' dir='ltr'>incidit</span> <span class='ocrx_word' id='word_1_1234' title='bbox 2233 3568 2357 3608; x_wconf 90' lang='lat' dir='ltr'>impru-</span> 
     </span>
     <span class='ocr_line' id='line_1_153' title="bbox 1286 3611 2356 3653; baseline 0 -11"><span class='ocrx_word' id='word_1_1235' title='bbox 1286 3613 1378 3650; x_wconf 92' lang='lat' dir='ltr'>dens,</span> <span class='ocrx_word' id='word_1_1236' title='bbox 1402 3612 1491 3653; x_wconf 92' lang='lat' dir='ltr'>quod</span> <span class='ocrx_word' id='word_1_1237' title='bbox 1515 3611 1636 3652; x_wconf 87' lang='lat' dir='ltr'>affingit</span> <span class='ocrx_word' id='word_1_1238' title='bbox 1659 3612 1735 3643; x_wconf 90' lang='lat' dir='ltr'>aliis.</span> <span class='ocrx_word' id='word_1_1239' title='bbox 1756 3611 1789 3643; x_wconf 89' lang='lat' dir='ltr'>Si</span> <span class='ocrx_word' id='word_1_1240' title='bbox 1812 3622 1951 3653; x_wconf 89' lang='lat' dir='ltr'>namque</span> <span class='ocrx_word' id='word_1_1241' title='bbox 1975 3612 2007 3641; x_wconf 94' lang='lat' dir='ltr'>id</span> <span class='ocrx_word' id='word_1_1242' title='bbox 2027 3622 2127 3651; x_wconf 90' lang='lat' dir='ltr'>genus</span> <span class='ocrx_word' id='word_1_1243' title='bbox 2147 3622 2254 3652; x_wconf 90' lang='lat' dir='ltr'>opera,</span> <span class='ocrx_word' id='word_1_1244' title='bbox 2274 3622 2356 3653; x_wconf 91' lang='lat' dir='ltr'>quae</span> 
     </span>
     <span class='ocr_line' id='line_1_154' title="bbox 1284 3656 2356 3697; baseline 0 -10"><span class='ocrx_word' id='word_1_1245' title='bbox 1284 3657 1432 3687; x_wconf 88' lang='lat' dir='ltr'>Thomae</span> <span class='ocrx_word' id='word_1_1246' title='bbox 1453 3656 1606 3697; x_wconf 87' lang='lat' dir='ltr'>Aquinati</span> <span class='ocrx_word' id='word_1_1247' title='bbox 1637 3656 1715 3687; x_wconf 87' lang='lat' dir='ltr'>falso</span> <span class='ocrx_word' id='word_1_1248' title='bbox 1744 3656 1893 3697; x_wconf 86' lang='lat' dir='ltr'>inscripta</span> <span class='ocrx_word' id='word_1_1249' title='bbox 1916 3656 1999 3687; x_wconf 90' lang='lat' dir='ltr'>ultro</span> <span class='ocrx_word' id='word_1_1250' title='bbox 2031 3656 2183 3695; x_wconf 87' lang='lat' dir='ltr'>fatemur,</span> <span class='ocrx_word' id='word_1_1251' title='bbox 2208 3657 2356 3687; x_wconf 89' lang='lat' dir='ltr'>Thomae</span> 
     </span>
    </p>
   </div>
  </div>
 </body>
</html>
