2788 4204
65 428 74 438 ·
86 426 162 449 Codd.
177 437 188 442 -
205 432 232 447 r:
252 431 282 447 ex

63 459 118 476 uno.

65 533 74 542 ·
93 531 170 555 Codd.
184 542 194 548 ·
208 537 234 553 r:
249 530 282 552 ad

63 558 168 586 aliquid.
265 583 270 588 .

66 587 74 595 ’
84 590 215 606 antoninos:
229 589 280 605 arn-

65 611 208 633 tkmetu'calia
220 618 228 634 .·
249 616 281 635 qa

64 644 94 660 r:
109 637 267 659 arithmetica.

65 740 74 749 ·
84 743 204 763 araneos:
217 738 280 758 sunt.

65 796 74 804 ·
89 794 165 817 Codd.
180 791 228 815 -tn
244 793 280 815 di-

65 822 99 843 cit
115 821 211 852 enimn..
227 821 282 841 sunt

65 853 212 869 necessaria.

65 1007 75 1016 ·
91 1015 94 1018 ’
180 1011 196 1026 a
218 1011 266 1026 om.

65 1032 137 1054 codd.
155 1043 165 1048 -
186 1031 222 1054 Cf.
242 1032 280 1053 tin.

64 1065 131 1081 num.

163 1103 178 1138 β

68 1166 115 1186 ἰιι
134 1166 159 1186 et
176 1164 279 1192 propria

64 1190 143 1214 occid.

1148 277 1259 313 CAP.
1288 277 1376 324 VII,
1406 277 1557 314 LECT.
1588 277 1659 314 XV

309 369 388 394 non
408 356 588 404 contingit
607 355 869 393 demonstrare
890 354 1186 391 descendentem
1205 356 1267 391 vel
1287 367 1374 403 pro-

311 410 509 446 cedentem
540 421 584 446 ex
613 408 685 445 alio
708 408 728 430 *
754 420 894 455 genere
918 407 957 444 in
985 407 1086 444 aliud
1115 419 1251 455 genus,
1282 408 1376 444 sicut

310 475 389 499 non
418 462 597 510 contingit
625 461 729 509 quod
758 460 965 508 geometria
986 458 1036 496 ex*
1049 460 1211 509 propriis
1239 461 1374 509 princi-

307 515 378 564 piis
406 515 642 552 demonstret
675 513 1098 562 aliquid*descendens
1131 513 1170 550 in
1198 514 1374 550 arithme-

310 568 424 605 ticam
445 569 477 605 *ἢ

366 622 400 658 3.
431 620 579 658 Deinde
609 632 698 656 cum
727 619 830 657 dicit:
865 620 954 656 Tria
974 620 1073 656 enim
1100 626 1181 666 etc.,
1202 619 1374 668 proposi-

309 681 392 711 tum
419 674 567 722 probat.
598 674 647 709 Et
671 673 769 710 circa
796 674 871 710 hoc
893 672 962 709 tria
982 673 1077 709 facit.
1104 672 1245 718 Primo,
1266 684 1374 720 prae-

309 726 420 763 mittit
438 738 537 774 quae
558 726 630 762 sint
643 726 663 747 '¹‘
691 726 903 763 necessaria
923 725 970 762 ad
995 725 1372 772 demonstrationem,

309 779 438 816 dicens
454 779 558 827 quod
574 779 610 816 in
627 779 1001 816 demonstrationibus
1015 779 1087 815 tria
1101 783 1196 815 sunt.
1209 779 1229 799 ³²
1249 779 1374 815 Unum

310 839 375 878 est,
406 832 507 881 quod
531 833 827 879 demonstratur,
867 831 1004 869 scilicet
1032 831 1245 878 conclusio,
1275 843 1373 879 quae

307 885 466 933 quidem
496 885 662 922 continet
689 886 727 922 in
747 898 787 922 se
807 886 856 933 id,
878 885 982 934 quod
1001 896 1071 933 per
1090 896 1130 921 se
1150 883 1246 921 inest
1265 884 1375 920 alicui

308 938 457 986 generi:
491 951 560 987 per
597 939 961 976 demonstrationem
1001 937 1102 974 enim
1141 937 1376 974 concluditur

307 991 462 1040 propria
478 992 637 1040 *passio
665 992 713 1029 de
731 992 886 1041 proprio
907 990 1088 1028 subiecto.
1109 990 1225 1026 Aliud
1246 997 1374 1026 autem

309 1052 395 1081 sunt
414 1045 622 1092 dignitates,
644 1057 689 1081 ex
708 1045 846 1093 quibus
865 1043 1137 1081 demonstratio
1156 1042 1337 1091 procedit.
1349 1063 1373 1070 -

313 1098 478 1134 Tertium
508 1105 636 1134 autem
657 1105 711 1134 est
730 1110 848 1145 genus
868 1096 1080 1133 subiectum
1099 1094 1128 1142 fi,
1159 1095 1264 1131 cuius
1284 1107 1373 1143 pro-

307 1150 407 1199 prias
426 1151 622 1199 passiones
642 1157 678 1186 et
699 1162 768 1199 per
787 1163 826 1187 se
841 1151 861 1171 *
876 1148 1082 1186 accidentia
1101 1147 1373 1185 demonstratio

308 1203 480 1240 ostendit.

359 1267 397 1302 4.
429 1255 624 1301 Secundo3
645 1255 711 1293 ibi:
740 1257 805 1293 Ex
823 1256 955 1304 quibus
974 1254 1091 1303 igitur
1110 1260 1191 1299 etc.,
1214 1252 1376 1289 ostendit

307 1308 398 1357 quid
430 1309 713 1357 praedictorum
745 1309 859 1346 trium
891 1307 1010 1356 possit
1047 1318 1128 1342 esse
1167 1317 1374 1342 commune

308 1361 468 1402 diversis
477 1361 647 1398 scientiis
672 1370 709 1398 et
728 1361 820 1410 quid
840 1373 935 1407 non,
961 1359 1090 1397 dicens
1110 1359 1214 1407 quod
1234 1359 1374 1395 horum

250 1415 260 1417 ⁴
306 1414 421 1451 trium
441 1427 574 1460 unum,
596 1414 734 1451 scilicet
757 1414 970 1464 dignitates,
992 1425 1038 1449 ex
1057 1412 1194 1461 quibus
1216 1411 1375 1448 demon-

307 1467 435 1505 stratio
462 1467 651 1516 procedit,
682 1466 860 1515 contingit
889 1479 971 1503 esse
999 1466 1131 1503 idem⁷
1150 1465 1187 1501 in
1216 1464 1373 1502 diversis

308 1520 695 1558 demonstrationibus
730 1528 765 1557 et
793 1519 907 1556 etiam
935 1519 973 1556 in
1001 1518 1159 1556 diversis
1192 1517 1373 1554 scientiis:

308 1573 376 1611 sed
403 1573 442 1610 in
470 1573 540 1610 illis
560 1573 733 1621 scientiis,
765 1585 928 1622 quarum
958 1579 1013 1608 est
1041 1572 1235 1609 diversum
1256 1583 1374 1619 genus

309 1626 538 1681 subiectum,
560 1627 655 1663 sicut
682 1626 720 1663 in
748 1625 996 1671 arithmetica,
1027 1637 1124 1673 quae
1154 1631 1209 1661 est
1237 1624 1284 1661 de
1309 1636 1376 1660 nu—

309 1679 436 1726 meris,
467 1687 504 1716 et
531 1679 754 1727 geometria,
781 1691 879 1727 quae
901 1685 955 1715 est
974 1678 1021 1715 de
1041 1676 1374 1725 magnitudinibus,

309 1743 388 1770 non
417 1733 596 1780 contingit
623 1733 728 1781 quod
757 1731 1050 1777 demonstratio,
1080 1743 1179 1779 quae
1207 1729 1378 1779 procedit

311 1797 356 1822 ex
384 1785 575 1835 principiis
592 1787 612 1807 ⁸
638 1786 750 1822 unius
771 1785 958 1831 scientiae,
988 1791 1080 1832 puta
1108 1782 1375 1828 arithmeticae,

311 1839 516 1876 descendat
543 1839 591 1876 ad
611 1839 779 1876 subiecta
798 1838 948 1875 alterius
968 1836 1145 1873 scientiae
1165 1833 1190 1883 ὃ,
1216 1835 1310 1872 sicut
1329 1835 1377 1872 ad

310 1891 609 1939 magnitudines,
640 1904 739 1940 quae
768 1899 854 1928 sunt
891 1890 1060 1927 subiecta
1077 1890 1097 1911 *
1125 1888 1377 1937 geometriae3

311 1944 382 1991 nisi
410 1945 505 1981 forte
534 1944 747 1981 subiectum
788 1944 901 1981 unius
935 1942 1111 1980 scientiae
1145 1941 1379 1978 contineatur

366 2134 391 2170 β)
409 2135 458 2160 Est
476 2141 560 2167 genus
578 2134 730 2158 subiectum.
740 2146 759 2152 ·-·
771 2134 861 2158 Genus
875 2141 890 2157 a
904 2132 1068 2157 Scholasticis
1083 2140 1134 2156 non
1149 2139 1253 2164 semper
1266 2139 1319 2156 uno
1334 2139 1377 2156 eo-

312 2171 426 2203 demque
445 2178 525 2195 sensu
543 2170 672 2201 accipitur.
691 2169 719 2193 In
739 2173 902 2195 antecessum
919 2168 1108 2200 distinguebant
1126 2175 1208 2200 genus
1227 2168 1252 2191 in
1267 2167 1378 2199 praedi-

312 2206 459 2232 camentale
477 2213 525 2229 seu
544 2205 668 2229 naturale
683 2209 709 2228 et
723 2204 748 2228 in
763 2211 845 2236 genus
863 2204 987 2236 logicum.
1006 2204 1108 2228 Genera
1123 2203 1246 2227 naturalia
1260 2207 1320 2226 sunt
1334 2210 1379 2226 na-

311 2247 386 2267 turae
398 2241 557 2266 universales
568 2240 648 2272 (quae
660 2240 737 2264 etiarn
752 2239 943 2271 metaphysicae
957 2239 1085 2270 dicuntur)
1096 2239 1179 2271 prouti
1196 2237 1378 2262 abstrahuntur

313 2285 328 2302 a
346 2276 475 2310 principiis
494 2275 718 2304 individuantibus,
734 2280 759 2299 et
778 2275 864 2299 dicunt
878 2275 1004 2299 essentias
1018 2281 1106 2298 rerum
1119 2274 1159 2298 vel
1175 2274 1296 2306 principia
1311 2280 1378 2305 quae

313 2320 403 2338 earum
422 2311 596 2336 definitionem
619 2310 807 2343 ingrediuntur:
831 2309 882 2334 hoc
900 2317 980 2334 sensu
999 2309 1135 2333 dividimus
1154 2316 1200 2333 ens
1220 2309 1244 2333 in
1264 2309 1315 2332 duo
1334 2316 1378 2332 su-

313 2355 403 2381 prema
422 2354 517 2380 genera
531 2353 599 2378 quae
613 2346 834 2378 praedicamenta
854 2346 978 2374 dicuntur,
994 2349 1019 2368 et
1034 2349 1094 2369 sunt
1108 2344 1258 2369 substantia
1272 2348 1297 2368 et
1310 2344 1378 2368 acci-

313 2383 387 2413 dens,
402 2390 469 2415 quae
487 2381 686 2414 subdividuntur
703 2381 728 2405 in
742 2381 790 2405 alia
804 2388 898 2413 genera
912 2380 1039 2410 inferiora,
1054 2385 1079 2404 et
1093 2380 1214 2411 deinceps
1229 2379 1254 2403 in
1270 2380 1378 2411 specieS.

315 2419 385 2444 Sicut
398 2418 569 2442 substantiam
580 2415 717 2440 dividimus
727 2423 774 2448 per
787 2423 937 2447 corpoream
951 2420 976 2439 et
990 2416 1175 2447 incorpoream,
1187 2419 1212 2439 et
1226 2421 1378 2446 corpoream

314 2461 362 2486 per
375 2454 513 2478 animatam
528 2457 553 2477 et
565 2452 738 2482 inanimatam,
749 2456 775 2475 et
789 2451 926 2475 animatam
940 2458 986 2482 per
998 2450 1176 2482 vegetativam,
1191 2450 1339 2474 sensitivam
1354 2454 1380 2473 et

314 2489 466 2514 rationalem
485 2493 561 2512 etc.-·
575 2487 677 2511 Genera
695 2487 777 2518 logica
796 2490 856 2510 sunt
879 2486 947 2510 entia
965 2485 1084 2515 rationis,
1103 2485 1153 2509 hoc
1172 2489 1224 2516 est,
1244 2489 1305 2509 sunt
1323 2484 1379 2516 ipsa

313 2529 410 2557 genera
427 2523 552 2548 naturalia
577 2527 653 2555 prout
676 2522 810 2546 involvunt
833 2525 979 2554 respectum
1003 2521 1142 2553 quemdam
1162 2527 1209 2544 seu
1228 2520 1377 2544 relationem

315 2559 395 2592 (quae
409 2564 450 2584 est
467 2566 513 2583 ens
532 2557 651 2587 rationis,
670 2557 720 2582 hoc
739 2562 780 2581 est
793 2564 809 2589 a
821 2557 919 2581 ratione
938 2556 1052 2580 additum
1067 2555 1153 2588 generi
1167 2555 1285 2587 naturali)
1301 2563 1378 2587 supe-

313 2594 434 2620 rioritatis
454 2594 486 2618 ad
504 2601 599 2626 genera
616 2592 748 2622 inferiora,
767 2592 809 2616 vel
829 2592 860 2616 ad
885 2592 984 2624 species
1002 2591 1044 2615 vel
1064 2591 1096 2615 ad
1114 2591 1256 2620 individua,
1277 2595 1303 2615 et
1320 2598 1378 2622 par-

312 2629 493 2662 ticipabilitatis
512 2629 543 2653 ab
562 2628 634 2661 ipsis.
651 2640 670 2647 —-
688 2628 778 2653 Genus
797 2628 902 2659 insuper
926 2627 1017 2651 dicitur
1034 2627 1076 2651 vel
1095 2634 1176 2659 genus
1197 2626 1380 2657 praedicabile

312 2665 356 2690 vel
374 2673 457 2698 genus
476 2664 572 2689 scibile.
591 2663 690 2688 Dicitur
708 2662 892 2695 praedicabile,
911 2662 972 2694 quia
990 2667 1078 2694 aptum
1097 2666 1137 2686 est
1155 2661 1314 2693 praedicari
1332 2668 1378 2685 seu

314 2699 435 2726 affirmari
448 2700 480 2724 de
493 2699 596 2727 multis:
610 2699 677 2723 sicut
688 2698 797 2727 animal,
811 2703 840 2722 ut
853 2702 893 2722 est
906 2705 998 2729 genus,
1013 2697 1172 2729 praedicatur
1186 2697 1218 2721 de
1230 2695 1378 2722 hominibus

313 2741 341 2761 et
353 2736 444 2765 brutis,
459 2743 519 2760 cum
534 2734 655 2759 dicimus:
671 2734 748 2758 homo
762 2736 802 2758 est
813 2733 916 2757 animal
921 2739 929 2761 ;
943 2733 1049 2757 brutum
1064 2735 1104 2757 est
1117 2732 1226 2756 animal.
1241 2731 1378 2756 Universa-

314 2771 348 2796 lia
367 2775 494 2804 quatenus
518 2769 690 2794 diversimode
713 2774 824 2801 possunt
847 2768 986 2800 praedicari
1006 2768 1038 2792 de
1061 2768 1162 2797 multis,
1181 2775 1196 2792 a
1214 2766 1378 2791 Scholasticis

315 2806 464 2831 dicebantur
473 2805 682 2838 praedicabilia.-
696 2812 763 2837 quae
778 2809 839 2828 sunt
851 2803 974 2836 quinque,
988 2810 1079 2836 genus,
1094 2803 1200 2834 species,
1216 2802 1378 2836 differentia,

309 2841 454 2874 proprium
473 2844 499 2866 et
516 2839 775 2865 accidens-Genus
799 2843 885 2863 autem
903 2839 993 2863 scibile
1011 2843 1051 2862 est
1069 2839 1133 2862 ratio
1152 2838 1267 2862 formalis
1287 2845 1378 2861 secun-

313 2876 378 2901 dum
396 2884 476 2909 quam
499 2876 630 2900 obiectum
654 2875 757 2908 aliquod
777 2875 843 2899 cadit
861 2874 910 2898 sub
930 2874 1133 2898 consideratione
1153 2873 1287 2903 scientiae,
1313 2873 1379 2897 sicut

313 2916 371 2936 esse
388 2911 504 2936 lucidum
521 2911 564 2935 vel
583 2911 729 2935 coloratum
755 2914 794 2934 est
812 2917 894 2942 genus
913 2909 1027 2939 visibile,
1046 2908 1095 2933 hoc
1119 2914 1158 2933 est
1180 2909 1245 2932 ratio
1264 2908 1379 2932 formalis

315 2946 460 2971 secundum
483 2953 562 2978 quarn
585 2946 715 2970 obiectum
733 2945 833 2969 visibile
857 2945 923 2969 cadit
946 2944 995 2969 sub
1018 2945 1123 2979 actione⁸
1140 2944 1264 2968 facultatis
1283 2943 1379 2967 visivae

314 2981 625 3006 sensibilis.-Caietanus
645 2980 693 3004 inI
713 2981 822 3010 Foster„
843 2988 897 3012 cap.
909 2987 961 3009 vm,
977 2979 1000 3011 §-
1014 2979 1151 3009 Quomodo
1170 2986 1279 3011 genus...
1302 2979 1379 3003 Circa

311 3016 431 3048 primam
450 3016 640 3041 conclusionem
660 3015 798 3040 dubitatur
817 3020 864 3039 etc.
881 3014 939 3046 (fol.
956 3014 989 3038 50
1007 3022 1094 3044 verso,
1113 3015 1161 3038 col.
1181 3015 1213 3046 1),
1233 3013 1342 3038 affirmat
1355 3018 1381 3038 et

315 3051 408 3084 probat
423 3052 494 3083 quod
513 3058 679 3083 quocumque
698 3051 777 3074 modo
797 3055 914 3074 sumatur
932 3057 1022 3082 genus,
1033 3057 1137 3081 semper
1150 3049 1294 3073 verificatur
1309 3049 1379 3081 quod

316 3087 342 3111 in
361 3086 409 3111 hac
427 3086 537 3111 lectione
556 3086 693 3118 suscipitur
711 3083 890 3118 probandum‚'
901 3092 995 3117 nempe
1008 3092 1060 3108 non
1079 3085 1155 3108 licere
1174 3085 1199 3108 in
1219 3085 1379 3109 demonstra-

316 3122 430 3146 tionibus
448 3121 556 3146 transire
576 3121 608 3145 de
626 3128 678 3145 uno
697 3127 791 3153 genere
810 3121 841 3145 ad
860 3120 929 3144 aliud
947 3127 1067 3152 genusn-
1083 3121 1172 3144 Genus
1191 3124 1277 3144 autem
1295 3119 1380 3144 subie-

314 3160 396 3186 ctum,
411 3157 444 3181 de
458 3164 511 3188 quo
525 3157 550 3180 in
564 3155 692 3188 praesenti
706 3156 796 3188 agitur,
816 3160 856 3180 est
870 3162 953 3188 genus
967 3155 1055 3179 scibile
1070 3154 1119 3187 (Cf.
1134 3155 1260 3179 Dominic.
1275 3162 1290 3178 a
1305 3154 1380 3178 Flan-

316 3192 379 3222 dria,
398 3192 424 3216 in
445 3192 455 3215 Ι
470 3191 580 3220 Poster„
596 3198 639 3223 qu.
653 3198 692 3221 xx,
712 3190 781 3215 artic.
793 3198 803 3215 1
822 3195 847 3214 et
865 3190 908 3222 ιι).

371 3227 466 3257 Quaeri
491 3227 568 3250 etiam
589 3230 676 3258 potest
701 3233 746 3250 cur
764 3223 929 3255 Aristoteles,
954 3223 1033 3257 quim
1051 3224 1092 3252 hic
1110 3225 1199 3249 recitat
1217 3233 1238 3249 s.
1249 3224 1379 3253 Thomas,

317 3269 472 3287 enumerans
488 3269 518 3286 ea
532 3268 599 3293 quae
618 3266 678 3285 sunt
691 3261 837 3285 necessaria
851 3260 883 3284 ad
897 3261 1144 3285 demonstrationem
1165 3267 1217 3284 non
1236 3259 1381 3283 meminerit

316 3297 405 3322 medii.
414 3310 433 3316 ·-
442 3297 482 3323 Ad
500 3296 558 3327 hoc,
571 3296 654 3328 inquit
671 3295 720 3320 loc.
734 3296 775 3320 cit.
790 3296 935 3326 Caietanus,
949 3295 1022 3320 facile
1036 3295 1126 3320 dicitur
1140 3295 1210 3327 quod
1225 3296 1381 3318 enumerans

317 3337 438 3362 extrema,
458 3331 603 3356 subiectum
621 3331 718 3355 scilicet
731 3336 757 3355 et
770 3331 914 3363 passiones,
934 3329 1089 3355 sufficienter
1106 3337 1153 3362 per
1171 3337 1200 3354 ea
1214 3329 1327 3353 medium
1342 3329 1380 3353 in-

317 3369 434 3393 sinuavit.

369 3403 396 3437 γ)
419 3401 557 3435 Contingit
574 3408 630 3426 esse
648 3401 718 3426 idem
737 3400 887 3425 etc.-Cod.
900 3400 938 3424 H:
957 3399 1089 3433 contingit
1107 3406 1161 3424 esse
1180 3399 1249 3423 idem
1269 3398 1380 3423 diversis

314 3438 432 3464 scientiis
456 3441 483 3463 et
507 3437 618 3462 diversis
637 3435 905 3462 demonstrationibus
910 3442 920 3464 ;
942 3435 989 3460 sed
1007 3435 1033 3459 in
1057 3435 1109 3459 illis
1133 3433 1248 3459 scientiis
1267 3441 1379 3465 quarum

316 3477 357 3499 est
370 3480 454 3506 genus
467 3472 610 3498 subiectum
627 3471 759 3496 diversum
774 3470 843 3496 sicut
855 3470 1017 3503 geometriae
1029 3468 1199 3504 (geometriae
1213 3469 1289 3493 etiam
1305 3469 1382 3493 codd.

317 3507 631 3540 AchKLMOQRST),
639 3514 706 3540 quae
716 3510 755 3531 est
765 3506 797 3531 de
807 3505 1042 3538 magnitudinibus,
1053 3508 1079 3529 et
1090 3504 1274 3535 arithmeticae
1285 3502 1381 3537 (arith-

317 3544 428 3569 meticae
442 3544 520 3568 etiam
534 3543 608 3567 codd.
618 3538 924 3574 ABCDGIKMOQRST)
935 3547 1002 3573 quae
1016 3543 1056 3565 est
1070 3539 1102 3564 de
1116 3539 1240 3568 numeris,
1251 3546 1302 3564 non
1317 3546 1379 3563 con-

316 3579 400 3612 tingit
418 3584 465 3603 etc.
478 3592 497 3598 »-
511 3578 591 3602 Paulo
610 3585 688 3610 supra
707 3577 781 3602 codd.
795 3576 1024 3610 ABCELNQRST
1042 3576 1144 3608 legunt:
1165 3574 1266 3603 dicens,
1286 3574 1379 3599 horum

315 3617 406 3639 autem
427 3615 508 3639 trium
528 3621 607 3638 unum
628 3618 676 3638 etc.
1132 3610 1135 3611 ⁷
1313 3610 1315 3613 ’
1363 3607 1364 3610 ’

2422 289 2488 325 ¹97

1430 356 1500 392 sub
1522 356 1692 392 subiecto
1722 355 1886 401 alterius,
1917 355 2012 392 sicut
2040 354 2070 391 si
2098 355 2375 404 magnitudines
2404 368 2494 392 con-

1430 408 1616 445 tineantur
1644 409 1714 445 sub
1730 409 1898 445 numeris
1915 408 2038 456 (quod
2058 407 2214 456 quidem
2234 408 2392 456 qualiter
2406 420 2492 445 con-

1430 462 1560 511 tingat,
1577 461 1715 498 scilicet
1733 461 1947 498 subiectum
1975 461 2086 497 unius
2115 461 2291 497 scientiae
2312 461 2493 498 contineri

1430 515 1500 550 sub
1529 515 1698 551 subiecto
1719 514 1879 561 alterius,
1902 514 2089 562 posterius
2108 513 2250 550 dicetur
2266 514 2320 560 ²¹³).
2347 514 2493 561 Magni-

1429 567 1578 604 tudines
1598 567 1700 604 enim
1715 567 1735 588 ’¹‘
1763 568 1843 604 sub'
1862 567 2031 604 numeris
2055 579 2133 603 non
2153 566 2402 614 continentur,
2423 567 2493 603 nisi

1430 620 1524 656 forte
1566 620 1776 657 secundum
1814 620 1919 668 quod
1956 619 2234 667 magnitudines
2271 627 2492 656 numeratae

1430 680 1527 709 sunt.
1543 693 1567 700 -
1585 673 1762 709 Subiecta
1791 673 1904 709 etiam
1933 673 2169 709 diversarum
2204 672 2492 709 demonstratio-

1430 738 1524 762 num
1553 725 1632 762 sive
1657 725 1896 762 scientiarum
1917 726 2067 762 diversa
2086 733 2172 762 sunt
2195 731 2217 762 ¹.
2248 725 2493 762 Arithmetica

1431 778 1532 815 enim
1553 778 1823 815 demonstratio
1853 791 2006 826 semper
2024 779 2138 814 habet
2157 790 2275 825 genus
2293 778 2492 827 proprium

1432 831 1528 867 circa
1548 831 1653 878 quod
1674 831 1918 868 demonstrat.
1941 832 1989 867 Et
2008 831 2100 867 aliae
2121 831 2296 867 scientiae
2312 831 2490 868 similiter.

1488 885 1520 920 5.
1551 883 1699 928 Tertio;
1728 883 1795 920 ibi:
1829 884 1956 924 Quare
1979 889 2046 919 aut
2061 883 2275 932 simpliciter
2303 892 2385 930 etc.,
2406 896 2493 932 pro-

1430 936 1494 972 bat
1520 936 1770 985 propositum.
1805 937 1855 972 Et
1882 936 1979 972 circa
2011 937 2085 972 hoc
2113 937 2190 973 duo
2223 937 2318 973 facit.
2349 937 2492 984 Primo,

1430 988 1572 1025 inducit
1590 989 1794 1037 principale
1813 988 2051 1036 propositum
2075 1001 2143 1037 per
2161 990 2322 1026 modum
2344 990 2494 1026 conclu-

1431 1041 1545 1077 sionis
1561 1041 1589 1086 ς,
1620 1054 1666 1078 eo
1687 1041 1791 1089 quod
1816 1053 1861 1077 ex
1879 1041 2095 1089 praemissis
2124 1042 2254 1078 haberi
2282 1050 2416 1090 potest,
2439 1042 2493 1079 di-

1432 1106 1535 1130 cens:
1561 1094 1687 1135 Quare
1706 1093 1947 1130 manifestum
1973 1101 2027 1130 est
2046 1095 2150 1141 quod
2170 1107 2323 1131 necesse
2344 1104 2408 1142 est,
2430 1103 2495 1131 aut

1432 1158 1512 1182 esse
1541 1145 1791 1194 simpliciter*
1806 1146 1908 1183 idem
1929 1158 2058 1193 genus,
2080 1147 2177 1183 circa
2204 1148 2310 1195 quod
2338 1160 2493 1184 sumun—

1430 1200 1519 1235 tur*
1527 1198 1710 1247 principia
1726 1206 1761 1235 et
1776 1199 2049 1245 conclusiones,
2063 1206 2099 1235 et
2114 1199 2166 1235 sic
2180 1212 2258 1236 non
2270 1208 2324 1236 est
2338 1201 2492 1237 descen-

1430 1264 1505 1298 sus,
1522 1259 1647 1299 neque
1666 1252 1840 1288 transitus
1860 1252 1907 1288 de
1920 1253 2085 1299 *genere
2104 1252 2142 1288 in
2157 1265 2286 1300 genus:
2303 1261 2366 1289 aut
2381 1253 2411 1290 si
2430 1254 2493 1290 de-

1430 1305 1493 1341 bet
1520 1305 1792 1342 demonstratio
1821 1305 2050 1342 descendere
2079 1305 2126 1341 ab
2144 1306 2255 1341 *uno
2288 1318 2424 1353 genere
2457 1306 2494 1343 in

1426 1357 1532 1394 aliud
1545 1358 1574 1404 *,
1592 1365 1741 1406 oportet
1752 1370 1833 1394 esse
1847 1370 1968 1394 unum
1984 1370 2102 1405 genus
2116 1358 2181 1403 sic,
2193 1358 2287 1395 idest
2306 1359 2492 1406 quodam-

1430 1411 1560 1448 modo.
1590 1411 1707 1447 Aliter
1736 1411 1836 1447 enim
1871 1410 2101 1459 impossibile
2131 1418 2186 1447 est
2213 1412 2317 1459 quod
2337 1412 2495 1449 demon-

1430 1471 1565 1500 stretur
1593 1464 1718 1512 aliqua
1751 1464 1943 1500 conclusio
1982 1476 2027 1500 ex
2065 1464 2251 1512 aliquibus
2284 1464 2493 1513 principiis,

1431 1529 1518 1553 cum
1548 1529 1626 1553 non
1655 1517 1733 1553 sit*
1760 1516 1862 1554 idem
1890 1529 2009 1564 genus
2036 1519 2098 1554 vel
2126 1517 2341 1566 simpliciter
2358 1519 2420 1554 vel
2438 1530 2494 1554 se-

1431 1570 1593 1606 cundum
1623 1570 1721 1617 quid.

1486 1623 1692 1660 Sciendum
1727 1630 1781 1659 est
1821 1616 1949 1659 autem
1991 1623 2095 1671 quod
2135 1623 2350 1671 simpliciter
2390 1623 2492 1660 idem

1431 1688 1550 1723 genus
1588 1675 1790 1724 accipitur,
1830 1676 1984 1723 quando
2013 1687 2058 1712 ex
2086 1684 2190 1724 parte
2227 1676 2383 1712 subiecti
2415 1688 2494 1712 non

1432 1728 1593 1765 sumitur
1617 1729 1741 1776 aliqua
1774 1728 1984 1766 differentia
2017 1729 2291 1774 determinans,
2322 1741 2419 1777 quae
2449 1729 2494 1765 sit

1433 1789 1608 1818 extranea
1637 1794 1659 1817 a
1686 1789 1819 1818 natura
1833 1782 1928 1818 illius
1948 1782 2114 1829 generis;
2145 1782 2239 1818 sieut
2266 1782 2295 1818 si
2325 1782 2408 1830 quis
2426 1794 2495 1830 per

1432 1834 1613 1883 principia
1632 1834 1826 1872 verificata
1855 1835 1901 1871 de
1929 1835 2113 1882 triangulo
2142 1835 2324 1883 procedat
2352 1835 2399 1871 ad
2429 1834 2492 1871 de-

1433 1888 1724 1924 monstrandum
1745 1888 1884 1935 aliquid
1915 1887 2011 1924 circa
2031 1888 2228 1924 isoscelem
2247 1889 2309 1924 vel
2329 1888 2493 1936 aliquam

1433 1940 1546 1977 aliam
1562 1941 1727 1989 speciem
1743 1941 1947 1989 trianguli⁷¹.
1965 1942 2175 1978 Secundum
2192 1941 2281 1989 quid
2294 1948 2422 1977 autem
2439 1948 2493 1977 est

1484 2130 1508 2163 ὃ)
1529 2131 1589 2156 Non
1608 2130 1741 2164 contingit
1759 2131 1830 2162 quod
1855 2129 2086 2155 demonstratio...
2106 2129 2248 2154 descendat
2265 2130 2302 2154 ad
2321 2130 2436 2155 subiecta
2455 2131 2494 2154 al-

1432 2166 1514 2191 terius
1531 2166 1729 2197 scientiae.,Est
1749 2166 1822 2190 lectio
1842 2166 1927 2190 Piana.
1940 2180 1961 2184 —
1975 2165 2056 2189 Codd.
2076 2165 2139 2196 (exc.
2154 2165 2187 2197 R)
2208 2171 2232 2189 et
2251 2166 2292 2190 ed.
2306 2172 2339 2189 a:
2363 2173 2413 2190 non
2432 2172 2493 2190 con-

1431 2201 1513 2234 tingit
1531 2202 1601 2234 quod
1621 2201 1811 2226 demonstratio
1830 2201 1882 2233 (B,
1902 2208 1953 2224 non
1973 2200 2104 2233 contingit
2129 2200 2408 2232 demonstrationem),
2428 2207 2495 2232 quae

1427 2237 1552 2269 procedit
1570 2237 1602 2261 de
1617 2237 1758 2268 principiis
1778 2237 1842 2268 (NS,
1861 2244 1898 2260 ex
1913 2236 2053 2267 principiis
2060 2242 2068 2263 ,¹
2088 2236 2126 2265 H,
2145 2243 2182 2260 ex
2196 2236 2337 2267 principiis
2356 2235 2493 2268 propriis)

1432 2272 1510 2296 unius
1527 2272 1660 2301 scientiae,
1677 2275 1746 2303 puta
1764 2272 1960 2300 arithmeticae,
1986 2270 2125 2295 convenire
2144 2271 2219 2301 (GM,
2234 2271 2321 2302 possit
2339 2270 2495 2299 convenire‚·

1431 2308 1541 2337 AKNO,
1566 2307 1721 2339 conveniat)
1746 2310 1873 2339 quantum
1896 2306 1934 2331 ad
1957 2306 2105 2331 accidentia
2129 2306 2250 2330 subiectis
2269 2306 2336 2337 (ΜΟ
2356 2311 2382 2330 et
2400 2306 2421 2330 N
2442 2313 2494 2330 sec.

1431 2350 1508 2372 man„
1522 2342 1631 2367 subiecti
1635 2349 1644 2370 ;
1662 2342 1683 2366 N
1698 2350 1735 2374 pr.
1751 2350 1819 2366 man.
1834 2350 1886 2366 om.
1900 2341 2022 2366 subiectis
2037 2346 2062 2365 et
2075 2341 2197 2373 subiecti)
2212 2341 2323 2365 alterius
2334 2341 2495 2365 scientiae.—

1432 2378 1495 2402 Cod.
1510 2378 1547 2402 R:
1567 2385 1618 2402 non
1633 2377 1788 2410 contingit...
1805 2377 1837 2401 de
1845 2377 2012 2409 principiis...
2032 2376 2174 2401 descendat
2189 2376 2214 2400 in
2227 2376 2370 2400 subiectum
2384 2376 2494 2400 alterius

1430 2413 1648 2438 scientiae.—Ed.
1658 2413 1756 2437 Veneta
1780 2411 1845 2445 1496
1865 2413 1925 2444 legit
1939 2419 1999 2436 cum
2014 2411 2128 2435 Piana.-
2138 2410 2207 2441 Quid
2220 2411 2312 2436 habeat
2329 2411 2427 2435 Veneta
2442 2411 2495 2435 edi-

1431 2448 1466 2472 tio
1489 2447 1552 2481 1495
1570 2448 1675 2480 ignoro:
1695 2448 1826 2480 exemplar
1844 2448 1922 2478 enim,
1935 2447 2006 2479 quod
2025 2454 2105 2478 penes
2125 2454 2167 2471 me
2185 2447 2276 2476 habeo,
2296 2452 2364 2470 caret
2377 2446 2443 2470 foliis
2461 2446 2489 2470 31

1431 2488 1456 2508 et
1472 2483 1512 2514 32,
1528 2483 1553 2507 in
1568 2483 1662 2516 quibus
1681 2483 1744 2508 haec
1763 2484 1906 2507 continetur
1925 2482 2006 2506 lectio.
2028 2482 2073 2506 Vix
2088 2487 2174 2506 autem
2189 2489 2255 2514 opus
2275 2487 2314 2506 est
2332 2482 2425 2506 addere
2439 2481 2495 2506 Pia-

1432 2526 1491 2543 nam
1506 2524 1574 2543 stare
1588 2526 1647 2543 cum
1662 2518 1720 2543 edit.
1736 2518 1801 2543 Ven.
1817 2517 1895 2542 1526:
1915 2517 2010 2543 etenim
2030 2517 2061 2542 ad
2081 2517 2163 2550 ipsam
2183 2522 2227 2541 aut
2244 2517 2350 2541 omnino
2365 2522 2408 2541 aut
2421 2525 2495 2549 prae-

1432 2554 1506 2586 cipue
1525 2559 1612 2578 exacta
1631 2559 1678 2578 est.

1484 2589 1506 2621 ε)
1527 2589 1651 2614 Subiecta
1669 2589 1749 2613 etiam
1769 2589 1935 2613 diversarum
1955 2587 2125 2612 eta-Codex
2144 2587 2168 2612 O
2187 2592 2266 2611 totam
2283 2587 2347 2612 hanc
2360 2587 2495 2620 periodum

1431 2624 1536 2653 omittit3
1556 2625 1592 2648 R:
1615 2624 1731 2649 subiecta
1749 2627 1837 2648 autem
1859 2624 2025 2648 diversarum
2049 2622 2220 2647 scientiarum
2243 2626 2306 2647 sunt
2323 2629 2447 2647 numerus
2470 2625 2496 2647 et

1432 2660 1597 2692 magnitudo.
1611 2659 1786 2684 Arithmetica
1801 2665 1848 2683 etc.
1862 2659 1912 2682 Alii
1927 2666 1990 2682 vero
2005 2659 2104 2689 legunt:
2119 2658 2235 2682 subiecta
2250 2658 2330 2682 etiam
2342 2658 2384 2689 (G,
2395 2658 2494 2689 autem)

1433 2695 1598 2720 diversarum
1612 2695 1783 2720 scientiarum
1799 2695 1832 2726 (1,
1845 2694 2000 2726 specierum)
2016 2693 2120 2718 diversa
2133 2696 2203 2717 sunt.
2212 2706 2230 2712 —-
2240 2693 2305 2717 Infra
2320 2694 2394 2717 codd.
2409 2693 2494 2717 GHL:

1431 2737 1534 2762 semper
1552 2730 1630 2755 habet
1649 2730 1792 2762 proprium
1811 2730 1954 2755 subiectum
1964 2735 1974 2757 ,¹
1991 2729 2055 2753 MT:
2074 2728 2146 2753 circa
2170 2729 2242 2760 quod
2259 2732 2298 2753 est
2317 2729 2351 2760 (T
2369 2736 2421 2752 om.
2441 2728 2494 2760 est)

1411 2764 1413 2766 ’
1433 2766 1639 2794 demonstratio;
1658 2766 1696 2790 H:
1715 2765 1788 2790 circa
1806 2765 1877 2797 quod
1896 2765 2062 2789 demonstrat
2081 2764 2219 2795 passiones
2226 2771 2234 2791 ;
2253 2763 2418 2793 ELMOQST
2441 2771 2494 2787 om.

1431 2801 1561 2826 similiter.

1485 2836 1510 2868 ζ)
1530 2836 1622 2861 Primo
1641 2836 1743 2861 inducit
1757 2836 1906 2868 principale
1916 2834 2082 2866 propositum
2092 2841 2144 2866 per
2162 2834 2268 2858 modum
2283 2833 2464 2858 conclusionis.
2477 2846 2496 2852 -

1433 2872 1523 2902 Codd.,
1538 2879 1591 2896 exc,
1607 2872 1639 2902 H,
1659 2871 1754 2896 habent
1768 2879 1819 2895 non
1838 2870 2014 2903 propositum,
2034 2869 2080 2894 sed
2096 2870 2240 2897 intentum;
2254 2869 2292 2892 M:
2306 2875 2359 2900 per
2377 2869 2493 2893 medium

1432 2907 1614 2936 conclusionis,
1634 2907 1680 2931 sed
1695 2906 1757 2931 haec
1772 2907 1829 2931 cod.
1844 2907 1869 2930 M
1888 2906 1962 2930 lectio
1981 2913 2032 2928 non
2052 2909 2092 2929 est
2106 2904 2271 2936 acceptanda3
2291 2904 2337 2927 sed
2351 2911 2436 2935 neque
2455 2903 2494 2927 in-

1433 2945 1533 2966 tentum
1548 2950 1595 2974 pro
1610 2944 1646 2976 τῷ
1656 2942 1823 2974 propositum
1838 2942 2003 2973 adoptamus:
2019 2948 2077 2964 nam
2093 2947 2178 2971 supra,
2190 2948 2215 2963 n.
2230 2947 2250 2968 ῐ,
2266 2947 2288 2963 S.
2298 2938 2414 2963 Thomas
2429 2938 2494 2962 hanc

1432 2982 1532 3009 partem
1547 2978 1571 3001 in
1586 2978 1710 3001 divisione
1723 2982 1806 3001 textus
1821 2976 1965 3000 Aristotelis
1980 2983 2086 3007 ponens,
2102 2975 2172 2998 dicit:
2188 2974 2309 2998 Secundo
2319 2974 2419 3005 probat
2428 2980 2501 3005 pro--

1428 3013 1657 3044 positum.-Cod.
1674 3012 1707 3036 N:
1723 3013 1813 3044 primo
1830 3011 1958 3043 proponit
1973 3011 2100 3035 intentum
2107 3018 2115 3039 ;
2134 3010 2248 3034 secundo
2262 3009 2376 3040 probat;
2394 3009 2442 3033 ibi:
2457 3015 2495 3032 ex

1433 3048 1523 3072 eodem
1543 3048 1579 3079 (n.
1593 3048 1668 3080 seq.).
1691 3047 1830 3072 Concludit
1848 3054 1913 3079 ergo
1926 3046 2076 3079 principale
2095 3045 2222 3069 intentum
2238 3051 2289 3076 per
2307 3044 2413 3068 modum
2432 3051 2494 3068 con-

1432 3083 1572 3111 clusionis;
1590 3090 1620 3108 eo
1639 3083 1711 3115 quod
1729 3087 1776 3107 etc.
1792 3083 1861 3106 Haec
1880 3082 1954 3106 lectio
1967 3081 2096 3105 nonnullis
2116 3080 2252 3104 lectoribus
2271 3079 2370 3111 planior
2388 3083 2414 3103 et
2428 3079 2494 3103 forte

1419 3148 1423 3151 η
1433 3126 1493 3142 vera
1505 3118 1644 3142 videbitur:
1660 3125 1718 3142 nam
1729 3123 1768 3142 est
1778 3118 1919 3142 secundum
1933 3116 2083 3140 methodum
2097 3123 2146 3147 qua
2161 3122 2238 3146 saepe
2247 3115 2326 3138 utitur
2338 3122 2359 3138 s.
2367 3114 2493 3144 Thomas,

1433 3153 1534 3185 quoties
1550 3153 1637 3177 dividit
1651 3157 1694 3177 aut
1712 3153 1851 3176 subdividit
1869 3156 2056 3183 argumentum,
2077 3151 2147 3182 quod
2166 3158 2195 3174 ex
2211 3149 2347 3174 Aristotele
2366 3156 2495 3181 exponen-

1434 3189 1495 3212 dum
1509 3189 1630 3218 assumit;
1646 3188 1745 3220 partitio
1758 3188 1826 3211 enim
1841 3187 1968 3218 assignata
1982 3195 1996 3210 a
2011 3186 2066 3210 cod.
2082 3186 2102 3210 N
2119 3193 2176 3210 cum
2192 3185 2285 3214 verbis,
2299 3192 2366 3216 quae
2380 3184 2495 3208 secundo

1434 3224 1491 3247 loco
1516 3223 1666 3255 exponenda
1684 3228 1757 3252 sunt,
1777 3222 1884 3246 indicata
1903 3222 2003 3246 videtur
2021 3229 2050 3246 ex
2070 3226 2191 3245 consueta
2209 3220 2318 3244 formula
2337 3219 2492 3251 praemissa:

1435 3259 1470 3282 Et
1488 3258 1559 3282 circa
1578 3258 1626 3282 hoc
1645 3258 1698 3282 duo
1715 3258 1793 3291 facit.
1805 3271 1824 3276 ·-
1840 3257 1906 3286 Quia
1924 3262 2011 3281 tamen
2030 3256 2070 3280 alii
2089 3255 2168 3280 nostri
2194 3256 2339 3279 codices‘et
2357 3254 2414 3278 edd.
2429 3254 2494 3278 Ven.

1433 3292 1608 3317 contradicunt
1626 3298 1651 3317 et
1670 3297 1737 3316 stant
1755 3300 1802 3324 pro
1822 3293 1905 3321 Piana,
1925 3292 1957 3316 ab
1977 3291 2120 3323 adoptanda
2139 3291 2247 3315 lectione
2265 3290 2320 3314 cod.
2337 3289 2358 3313 N
2377 3290 2494 3323 existimo

1434 3335 1492 3352 esse
1506 3328 1695 3357 abstinendum,
1706 3328 1753 3351 nisi
1768 3328 1808 3351 alii
1822 3328 1922 3351 codices
1938 3327 2010 3350 aliter
2025 3326 2187 3350 iudicandum
2201 3333 2260 3349 esse
2274 3325 2405 3349 suadeant.
2419 3324 2494 3348 Addo

1434 3363 1585 3387 methodum
1605 3362 1741 3386 adhibitam
1762 3361 1811 3386 hoc
1825 3363 1890 3391 loco,
1911 3362 1977 3386 iuxta
1991 3362 2011 3385 Ρ
2026 3366 2051 3385 et
2065 3361 2128 3385 alios
2143 3361 2226 3390 codd.,
2240 3368 2291 3384 non
2306 3359 2494 3392 infrequentem

1434 3397 1584 3423 s.Thomae
1598 3405 1670 3421 esse:
1685 3405 1715 3421 ea
1730 3397 1797 3421 enim
1812 3397 1868 3428 ipsa
1881 3397 1958 3420 utitur
1973 3397 2048 3420 etiam
2063 3404 2088 3420 n.
2101 3396 2114 3420 3
2129 3395 2204 3419 huius
2220 3395 2495 3419 lectionis.'Praeterea

1435 3433 1551 3465 displicet
1569 3432 1657 3456 lectio:
1676 3432 1834 3457 concludit...
1848 3439 1901 3463 per
1920 3432 2025 3455 modum
2044 3430 2225 3455 conclusionis.

1487 3468 1513 3499 η)
1538 3467 1581 3492 Vel
1599 3467 1716 3499 aliquam
1734 3467 1815 3491 aliam
1840 3466 1950 3498 speciem
1973 3466 2112 3498 trianguli.
2137 3466 2172 3490 Ita
2191 3462 2450 3494 codicesfexemH,
2469 3469 2497 3489 et

1434 3503 1533 3527 videtur
1552 3502 1642 3526 melior
1661 3502 1735 3526 lectio
1748 3509 1827 3534 quam
1840 3502 1931 3526 Pi'ana:
1951 3502 1990 3525 vel
2002 3501 2117 3533 aliquam
2127 3500 2270 3526 subiectam
2285 3496 2395 3532 specie'm
2410 3497 2495 3524 trian-

1434 3538 1492 3571 guli
1498 3545 1507 3566 ,⁷
1526 3537 1643 3570 quamvis
1662 3542 1771 3569 utraque
1789 3537 1910 3561 eumdem
1931 3536 2157 3561 sensum'ret‘erat.
2177 3536 2240 3560 Cod.
2255 3535 2277 3559 D
2297 3543 2311 3560 a
2329 3540 2436 3560 recursu
2451 3542 2495 3559 eo—

1435 3574 1553 3598 rumdem
1568 3573 1707 3597 verborum
1723 3575 1820 3597 natura
1839 3572 1909 3596 illius
1926 3571 2031 3605 generis
2045 3571 2188 3599 distractus,
2202 3570 2296 3595 omittit
2309 3569 2396 3604 omnia
2407 3570 2496 3600 v'erba,

1434 3608 1543 3633 sicut‘si
1565 3607 1623 3640 quis
1642 3613 1689 3632 etc.
1707 3600 1799 3640 usque'
1811 3607 1842 3632 ad
1865 3607 1934 3632 sicut
1957 3604 2056 3632 visuale
2078 3603 2316 3631 exclusive-*Com
2331 3606 2373 3630 He
2387 3605 2456 3630 sicut
2473 3605 2497 3630 si

2520 528 2529 539 ⁸
2540 527 2602 549 Lect.
2617 534 2671 550 xxv.
2700 549 2703 552 ⁴

2520 576 2531 586 ⁸
2545 582 2574 598 u:
2585 578 2670 598 autem.
2678 588 2686 593 -
2694 576 2731 599 cf.

2520 606 2575 624 text.
2613 630 2617 634 .

2594 1044 2596 1047 ’
2614 1047 2629 1076 ζ

2520 1159 2531 1170 “
2541 1158 2628 1181 Codd.:
2644 1158 2734 1185 simpli-

2521 1186 2579 1206 citer
2589 1191 2650 1206 esse.

2522 1214 2530 1221 ·
2546 1218 2575 1233 u:
2597 1212 2668 1233 eliam
2689 1217 2730 1232 su-

2521 1240 2621 1259 muntnr.

2522 1270 2529 1277 '
2542 1267 2731 1294 Codd.(exc.1o):

2521 1301 2536 1315 a
2570 1300 2647 1315 enere.

2522 1322 2530 1330 ·
2547 1301 2622 1342 ἔοάἀ.
2633 1322 2731 1346 (exc.1):

2522 1347 2551 1368 de
2565 1353 2618 1369 uno.

2523 1376 2530 1383 '
2547 1380 2591 1395 nu:
2606 1372 2672 1395 aliud
2687 1378 2731 1401 ge-

2522 1406 2575 1422 nus.

2521 1527 2532 1538 ⁴
2547 1526 2622 1548 Codd.
2637 1528 2693 1551 (exc.
2704 1529 2732 1551 ῑ);

2522 1553 2570 1574 nisi
2589 1553 2636 1579 sim·
2656 1559 2669 1573 ε
2685 1559 2733 1574 om.

2522 1585 2579 1600 cum.
