2548 4192
881 310 936 346 IN
966 310 1004 347 S.
1027 310 1269 347 THOMAM
1296 310 1619 357 AQUINATEM

178 403 194 418 a
217 392 305 430 dicis,
330 401 350 422 o
373 391 463 421 beate
485 389 636 420 Paule....
652 389 891 420 Benedictionis
914 389 1043 420 calicem
1065 399 1160 419 vocas
1189 395 1249 419 ter-

180 449 194 464 »
217 436 341 467 ribilem
356 435 450 465 illum
466 441 560 474 atque
577 433 816 464 formidandum
827 432 1100 470 calicem?Etiam‚
1112 433 1248 474 inquit...

179 493 194 508 »
217 490 292 511 nam
316 489 391 510 cum
406 478 653 509 benedictionem
678 478 762 515 dico,
787 488 919 508 omnem
943 478 1064 518 explico
1082 478 1140 508 Dei
1157 479 1250 508 bene-

179 537 193 552 »
216 524 370 555 ficientiae
393 523 588 554 thesaurum.
603 535 617 549 »
645 522 686 553 Et
708 522 804 553 infra:
833 536 846 550 κ
863 522 1003 553 Calicem
1028 528 1135 553 autem
1160 522 1250 553 bene-

179 581 193 595 »
216 568 364 599 dictionis
382 567 518 605 vocavit,
542 567 618 608 quia
641 566 733 597 illum
757 577 831 607 prae
855 567 1002 597 manibus
1021 567 1182 603 habentes,
1208 567 1251 597 sic

179 625 194 640 n
217 612 325 653 ipsum
341 612 548 648 celebramus,
565 611 755 641 admirantes
770 618 886 642 terrore
903 611 1038 651 perculsi
1054 611 1091 641 de
1102 611 1250 641 ineffabili

179 670 194 684 2>
218 658 318 695 dono,
336 655 556 686 benedicentes
571 655 659 696 quod
675 655 783 695 ipsum
802 655 955 686 effuderit.
971 668 984 682 ι·
1005 656 1067 687 Ubi
1083 656 1162 686 calix
1177 666 1251 686 con-

177 708 315 732 secratus
330 711 397 731 non
416 700 516 730 modo
541 701 629 731 calix
644 700 870 731 benedictionis
886 701 1074 740 appellatur,
1091 701 1166 741 quia
1182 701 1251 731 Deo

177 756 237 776 nos
253 745 481 783 benedicimus,
505 744 677 785 ipsumque
703 745 910 782 celebramus,
934 745 989 786 qui
1013 745 1169 776 ineffabile
1196 745 1252 775 do-

178 800 258 820 num
275 789 368 820 calice
387 789 443 820 illo
461 789 610 827 effundit;
627 799 739 820 verum
759 789 854 820 etiam
878 789 952 830 quia
968 789 1036 830 ipsa
1052 790 1176 821 divinae
1200 790 1252 820 be-

177 833 360 864 neficentiae
380 833 503 871 effusio,
520 843 602 874 quae
628 834 765 864 maxime
784 834 816 864 in
841 834 1076 865 consecratione
1100 842 1130 865 et
1154 842 1252 867 trans—

177 878 355 909 mutatione
371 878 603 909 elementorum
619 879 723 918 posita
739 885 795 914 est,
806 879 873 909 iure
893 890 928 910 ac
944 879 1057 909 merito
1074 880 1252 913 benedictio

177 922 239 953 dici
253 923 355 953 debet.
372 922 510 964 Cyrillus
530 923 761 953 Alexandrinus
782 923 997 954 Eucharistiae
1013 923 1253 957 Sacramentum

176 967 344 1008 ipsamque
359 967 629 998 consecrationem
643 974 736 998 vocat
749 967 829 998 libro
842 968 884 998 IX
894 968 927 998 in
941 968 1152 1008 Evangelium
1162 969 1252 1001 Ioan-

177 1012 226 1042 nis
242 1010 395 1054 (cap.xn1,
404 1022 454 1042 vv.
464 1010 579 1054 26‚27)
591 1013 760 1052 mysticam
771 1012 1029 1044 benedictionem.
1047 1016 1168 1044 Auctor
1182 1016 1252 1046 libri

176 1057 225 1087 De
240 1056 446 1087 ecclesiastica
460 1056 642 1086 Hierarchia
659 1067 778 1096 cap.111,
794 1057 822 1097 ξ.
841 1067 877 1086 1o
888 1057 964 1087 haec
980 1057 1090 1088 habet:
1111 1058 1251 1090 Sanctis-

177 1111 239 1142 que
253 1101 316 1131 Dei
325 1101 474 1140 operibus
488 1100 640 1137 laudatis,
657 1101 856 1131 divinissima
872 1108 1039 1133 consecrat
1054 1105 1211 1141 mrsteria
1222 1110 1252 1135 et

177 1147 210 1175 in
229 1150 391 1185 aspectum
409 1144 540 1174 adducit
556 1154 639 1184 quae
656 1145 849 1182 celebravit,·
871 1146 988 1186 quibus
1011 1146 1094 1177 haee
1107 1148 1251 1188 appingi-

175 1195 228 1223 tur
243 1195 319 1219 nota
335 1188 416 1219 inter
439 1188 566 1219 Scholia
582 1199 606 1219 s,
618 1189 748 1220 Maximi
771 1190 821 1220 vel
837 1190 963 1220 Ioannis
979 1190 1249 1231 Scythopolitani:

180 1246 195 1262 «
217 1232 424 1264 Manifestum
440 1239 487 1263 est
502 1233 591 1273 quod
614 1234 760 1264 Pontifex
782 1240 929 1264 sanctum
949 1245 1067 1274 panem
1085 1237 1249 1276 attollens,

177 1290 194 1305 »
216 1277 400 1308 ostendebat
423 1274 488 1312 τήν
509 1275 687 1322 εὐλογίαν,
714 1278 961 1309 benedictionem
986 1290 1041 1310 seu
1067 1281 1250 1312 Sacramen-

178 1334 193 1349 ›
216 1321 446 1365 tumjgdicens,
470 1322 590 1353 Sancta
614 1324 744 1354 sanctis.
763 1335 778 1349 »
806 1323 978 1363 Augustini
1001 1325 1096 1355 verba
1120 1333 1194 1357 sunt
1216 1327 1249 1357 in

175 1365 320 1407 Epistola
335 1376 441 1404 cmx,
462 1366 500 1397 al.
516 1377 566 1397 er
583 1367 623 1397 ad
642 1367 814 1398 Paulinum
832 1378 922 1398 num.
944 1369 992 1399 16:
1017 1382 1031 1397 α
1044 1370 1250 1403 Ρνεεαιίοηεε

177 1423 192 1438 ν
216 1410 388 1451 accipimus
401 1410 513 1449 dictas,
536 1422 616 1452 quas
639 1411 774 1442 facimus
793 1412 826 1442 in
842 1412 1051 1445 celebratione
1068 1415 1248 1447 Sacramen-

179 1467 193 1482 ν
216 1462 340 1492 torum,
365 1462 536 1496 antequam
559 1456 650 1495 illud,
674 1457 764 1497 quod
787 1464 833 1487 est
847 1457 880 1487 in
897 1457 1029 1488 Domini
1052 1470 1178 1498 mensa,
1202 1461 1248 1491 in-

178 1511 192 1526 »
216 1499 311 1540 cipiat
334 1499 495 1531 benedici:
519 1499 715 1542 (accipimus
738 1500 835 1543 vero)
860 1503 1033 1541 orationes,
1059 1515 1134 1535 cum
1157 1505 1248 1536 bene-

179 1555 193 1572 »
214 1544 335 1575 dicitur
357 1551 388 1575 et
411 1544 622 1576 sanctificatur
651 1552 681 1576 et
707 1546 746 1575 ad
775 1546 1029 1578 distribuendum
1058 1550 1248 1580 comminui-

178 1601 193 1616 »
215 1595 276 1619 tur.
291 1601 306 1616 »
333 1589 494 1619 Arnoldus
516 1589 732 1628 Carnutensis‚
756 1591 862 1621 Abbas
885 1592 994 1622 Bonae
1008 1594 1113 1630 vallis,
1138 1594 1171 1624 in
1187 1605 1249 1625 ser-

175 1642 273 1663 mone
289 1633 327 1663 de
344 1633 455 1664 Coena
470 1634 613 1672 Domini,
632 1634 666 1664 in
685 1635 859 1675 appendice
875 1636 1021 1676 Operum
1042 1649 1066 1668 s.
1079 1638 1247 1679 Cypriani:

179 1691 194 1706 α
215 1677 263 1708 Ex
278 1687 344 1718 quo
359 1688 377 1708 a
391 1678 534 1708 Domino
551 1678 673 1709 dictum
690 1687 751 1710 est:
775 1680 851 1711 Hoc
863 1680 972 1721 facite
992 1683 1025 1712 in
1040 1693 1144 1713 meam
1166 1694 1249 1714 com-

178 1735 193 1750 »
215 1723 497 1760 memorationem,
522 1723 601 1754 haec
624 1729 671 1754 est
697 1724 784 1755 Caro
808 1735 878 1755 mea
903 1731 934 1756 et
956 1726 1008 1756 hic
1036 1733 1083 1758 est
1105 1728 1250 1769 Sanguis

178 1779 192 1794 »
215 1776 306 1797 meus
312 1774 326 1804 ;
348 1766 614 1808 quotiescumque
637 1768 686 1798 his
709 1769 811 1799 verbis
835 1776 866 1800 et
888 1769 947 1800 hac
970 1770 1032 1800 fide
1056 1778 1163 1802 actum
1187 1779 1247 1811 est,

178 1823 192 1838 »
215 1811 306 1852 panis
321 1811 379 1842 iste
396 1812 702 1852 supersubstantialis
727 1819 757 1844 et
781 1813 858 1843 calix
882 1814 1098 1846 benedictione
1114 1817 1252 1848 solemni

178 1868 192 1883 ι
215 1862 364 1892 sacratus,
388 1856 429 1885 ad
452 1856 549 1886 totius
572 1856 713 1887 hominis
735 1858 834 1888 vitam
858 1858 1057 1900 salutemque
1083 1860 1217 1901 proficit.
1232 1874 1246 1889 >

175 1900 235 1931 His
258 1900 409 1930 omnibus
438 1900 524 1940 paria
552 1907 646 1938 sunt,
677 1911 759 1942 quae
783 1902 928 1933 Thomas
957 1904 996 1934 ad
1024 1904 1077 1935 illa
1100 1907 1249 1945 Apostoli

173 1944 269 1975 verba
294 1943 392 1974 Calix
414 1944 642 1976 benedictionis
664 1946 774 1977 habet:
803 1960 817 1975 «ι
834 1947 947 1985 Calix,
974 1949 1132 1989 inquiens,
1155 1950 1247 1982 bene-

177 2002 191 2017 »
213 1989 382 2019 dictionis:
403 1988 484 2019 idest
500 1996 596 2029 potus
620 1990 734 2027 calicis,
758 2001 815 2031 per
838 2002 936 2032 quem
957 1994 1179 2034 participantes
1196 1996 1249 2026 be-

177 2046 191 2061 »
214 2032 448 2064 nedicuntur....
467 2033 530 2064 Cui
551 2034 784 2066 benedicimus:
807 2037 896 2077 quod
920 2047 979 2068 nos
1002 2037 1110 2069 fideles
1135 2040 1249 2071 exalta-

177 2090 191 2105 »
214 2087 288 2108 mus
312 2077 468 2108 credendo
500 2085 531 2109 et
557 2079 671 2119 gratias
694 2081 834 2120 agendo:
863 2081 913 2111 vel
937 2083 990 2112 cui
1012 2083 1250 2123 benedicimus;

177 2135 192 2150 t
214 2122 306 2160 idest,
331 2132 429 2163 quern
453 2132 512 2152 nos
537 2124 713 2154 sacerdotes
737 2135 998 2157 consecramus»

241 2167 444 2197 Momentum
460 2167 555 2197 huius
572 2168 734 2208 opinionis
751 2177 846 2210 auget
860 2171 1033 2210 probabilis
1049 2182 1163 2204 eorum
1179 2184 1248 2204 sen-

174 2211 282 2248 tentia,
307 2211 363 2252 qui
386 2211 511 2242 tametsi
535 2213 789 2244 benedictionem
813 2215 903 2254 panis
927 2215 1122 2255 distinguant
1137 2228 1155 2248 a
1174 2228 1249 2248 con-

175 2255 359 2293 secratione,
374 2265 491 2296 panem
507 2263 613 2287 tamen
629 2266 847 2289 consecratum
862 2270 880 2289 a
891 2259 1019 2291 Christo
1037 2260 1133 2293 fuisse
1148 2262 1248 2301 aiunt,

174 2307 347 2341 antequam
369 2300 477 2340 ipsum
501 2301 665 2341 frangeret.
690 2303 807 2333 Parum
830 2303 863 2333 in
887 2314 938 2342 eo,
954 2306 1043 2345 quod
1063 2306 1106 2336 rei
1122 2317 1249 2338 summa

174 2351 238 2382 est,
262 2345 339 2375 haec
363 2344 463 2375 differt
496 2346 607 2386 opinio
631 2357 649 2376 a
673 2348 827 2378 sententia
857 2348 1022 2387 Thomae,
1052 2351 1107 2391 qui
1131 2362 1249 2391 panem

174 2389 276 2420 verbis
299 2389 379 2426 illis,
395 2389 470 2420 Hoc
485 2396 531 2421 est
558 2390 684 2431 Corpus
706 2402 828 2430 meum,
854 2401 1074 2425 consecratum
1093 2396 1250 2427 existimat

175 2434 426 2464 concomitanter
449 2444 524 2464 cum
547 2435 690 2466 eiusdem
714 2437 805 2476 panis
829 2437 991 2469 fractione.
1016 2439 1085 2470 Hac
1108 2440 1160 2470 ille
1177 2451 1247 2480 per-

175 2484 283 2508 motus
306 2477 439 2515 ratione,
455 2479 545 2518 panis
561 2481 832 2511 consecrationem
847 2482 887 2511 ad
902 2482 969 2512 eius
993 2483 1248 2515 benedictionem

174 2521 305 2552 reducit:
331 2523 541 2564 eamdemque
555 2524 810 2555 benedictionem
827 2527 1072 2566 quodammodo
1090 2529 1248 2569 complete

174 2573 346 2606 acceptam,
371 2574 407 2597 ut
424 2567 505 2598 infra
538 2568 760 2608 explicandum
783 2577 847 2607 est,
877 2581 973 2601 nemo
998 2571 1065 2602 iure
1089 2574 1249 2613 negaverit

171 2611 272 2652 ipsius
295 2610 385 2651 panis
409 2612 680 2643 consecrationem
703 2614 872 2645 continere.
894 2616 993 2652 Quod
1009 2627 1105 2656 porro
1121 2618 1248 2659 utrique

173 2655 319 2696 opinioni
343 2666 516 2686 commune
539 2657 674 2695 videtur,
698 2658 808 2689 nititur
830 2659 891 2689 illis
915 2661 1064 2700 Apostoli
1087 2663 1190 2693 verbis
1213 2663 1246 2693 in

173 2699 317 2740 Epistola
345 2700 356 2730 1
380 2701 420 2730 ad
444 2700 606 2739 Corinth.,
631 2712 699 2742 cap.
727 2713 765 2739 x,
795 2704 903 2734 versic.
930 2706 984 2735 16:
1009 2706 1128 2743 Panis,
1153 2717 1246 2747 quem

163 2743 379 2785 frangimus,
396 2755 503 2776 nonne
519 2747 728 2786 participatio
747 2747 901 2788 Corporis
919 2750 1052 2780 Domini
1067 2752 1141 2781 est?
1155 2752 1247 2789 Quae

173 2788 246 2819 satis
266 2788 443 2830 significant
458 2788 577 2832 (inquit
591 2791 776 2822 Franciscus
793 2792 919 2833 Sylvius
935 2794 996 2824 loc.
1015 2805 1085 2835 sup.
1104 2794 1170 2835 cit.)
1188 2797 1246 2827 sub

173 2833 277 2873 specie
287 2833 389 2873 paniS‚
400 2845 482 2875 quae
498 2834 661 2874 frangitur,
671 2835 767 2867 fuisse
778 2836 906 2877 Corpus
917 2838 1047 2869 Domini
1059 2836 1247 2881 priusquam

174 2876 384 2917 frangeretur:
408 2878 458 2909 vel
481 2879 592 2909 saltem
615 2880 648 2910 in
673 2890 709 2910 ea
731 2881 835 2920 prima
858 2882 1068 2921 institutione,
1089 2887 1247 2916 concomi-

175 2925 292 2958 tanter,
309 2928 346 2952 ut
368 2922 412 2953 ait
434 2923 590 2961 Thomas,
605 2934 661 2954 seu
678 2925 792 2955 eodem
815 2925 886 2966 ipso
906 2934 1052 2967 tempore
1071 2934 1137 2969 quo
1153 2930 1247 2960 verba

175 2964 416 3005 proferebantur
438 2968 681 2998 consecrationis
696 2976 729 2999 ‘et
743 2970 834 3009 panis
851 2970 1060 3010 frangebatur.
1086 2974 1170 3004 Hinc
1186 2975 1246 3005 Ec-

176 3010 342 3040 clesiarum
357 3010 467 3051 utique
485 3012 633 3042 omnium
650 3015 849 3044 consuetudo
865 3015 1007 3055 profecta
1022 3017 1142 3056 species
1156 3019 1246 3058 panis

175 3054 240 3084 iam
263 3055 435 3084 consecrati
459 3055 619 3086 dividendi
642 3057 674 3087 in
694 3058 871 3097 particulas,
889 3060 977 3090 Haec
993 3061 1246 3101 splendidissime

175 3098 338 3139 persuasio
371 3098 472 3129 elucet
499 3099 532 3130 in
555 3100 703 3140 liturgiis,
737 3112 818 3142 quae
849 3102 993 3135 feruntur
1022 3106 1081 3136 sub
1114 3107 1246 3137 nomine

175 3153 214 3173 ss.
239 3142 366 3173 Ioannis
390 3142 613 3183 chrysostomi
637 3152 668 3175 et
689 3146 806 3184 Basilii,
826 3147 881 3178 ubi
904 3148 1050 3188 legimus:
1072 3163 1087 3178 κ
1105 3153 1246 3191 Accepto

178 3200 192 3215 a>
215 3197 297 3227 pane
320 3187 351 3217 in
377 3187 491 3218 sanctis
514 3188 579 3218 suis
602 3195 633 3219 et
654 3189 782 3220 illibatis
801 3198 832 3221 et
846 3191 982 3223 innoxiis
997 3194 1155 3231 manibus,
1171 3206 1246 3226 cum

177 3245 192 3259 7>
214 3231 328 3271 gratias
361 3231 473 3270 egisset
503 3238 534 3262 et
556 3233 785 3272 benedixisset,
809 3237 1059 3277 sanctificasset,
1083 3239 1244 3279 fregisset,

177 3289 191 3303 »
215 3275 301 3306 dedit
324 3275 438 3306 sanctis
462 3275 526 3306 suis
549 3278 714 3316 Apostolis
738 3285 769 3308 et
792 3279 971 3320 discipulis,
1003 3282 1126 3313 dicens:
1155 3285 1246 3314 Acci-

178 3333 192 3348 »
210 3319 298 3360 pite,
323 3320 496 3356 comedite,
529 3321 588 3351 hoc
611 3327 658 3352 est
683 3322 810 3362 Corpus
832 3334 937 3355 meum
965 3327 1051 3366 quod
1072 3337 1136 3367 pro
1160 3328 1247 3358 vobis

177 3377 192 3392 »
205 3364 396 3406 frangitur,
413 3362 596 3405 κλώμενον,
616 3366 648 3395 in
668 3368 886 3398 remissionem
898 3375 1117 3408 peccatorum.
1135 3384 1149 3399 »
1170 3372 1245 3408 Quo

173 3409 207 3439 in
230 3409 303 3439 loco
327 3419 424 3439 nemo
448 3418 513 3439 non
537 3409 622 3439 videt
645 3409 809 3441 Christum
839 3414 1010 3453 antequam
1027 3414 1181 3454 frangeret
1195 3415 1246 3445 vel

176 3463 251 3484 cum
274 3453 439 3493 frangeret,
463 3463 580 3493 panem
603 3453 803 3485 benedixisse
825 3462 855 3485 et
877 3458 1105 3497 sanctificasse,
1122 3459 1184 3489 hoc
1200 3466 1246 3490 est

176 3505 384 3530 consecrasse:
410 3497 519 3527 fractio
543 3498 664 3538 quippe
687 3509 753 3528 non
776 3499 817 3529 ad
840 3501 1048 3531 substantiam
1069 3503 1170 3542 panis,
1191 3504 1246 3534 sed

175 3542 216 3571 ad
231 3541 348 3573 Christi
372 3542 499 3582 Corpus
522 3542 664 3580 refertur,
681 3543 767 3583 quod
775 3553 839 3583 pro
856 3545 942 3575 vobis
957 3543 1135 3589 (inquiunt)
1141 3547 1244 3588 fran-

174 3587 267 3627 gitur
289 3587 321 3616 in
346 3588 563 3617 remissionem
579 3592 797 3626 peccatorum.

242 3631 363 3661 Verum
386 3630 511 3661 tametsi
534 3631 676 3661 videatur
707 3631 804 3662 fuisse
836 3633 1050 3664 Ecclesiamm
1081 3636 1244 3675 persuasio

175 3682 394 3705 consecratum
418 3686 436 3705 a
460 3675 587 3706 Christo
618 3686 735 3715 panem
759 3684 829 3707 ante
862 3677 962 3718 ipsius
985 3678 1171 3710 fractionem
1194 3681 1245 3711 vel

317 3737 387 3770 Opp.
406 3738 437 3763 D.
457 3738 571 3762 Tnonm:
590 3738 621 3763 T.
637 3739 654 3763 Ι.

2201 328 2376 354 CCLXXXIX

1305 389 1338 418 in
1361 389 1429 429 ipsa
1453 389 1616 428 fractione;
1641 390 1673 420 id
1697 397 1835 422 attamen
1859 391 2004 431 religioni
2027 392 2216 431 habuerunt,
2236 404 2276 424 ne
2295 395 2378 425 ordi-

1306 443 1380 463 nem
1404 433 1591 464 narrationis
1615 436 1812 475 evangelicae
1835 436 1902 466 ullo
1927 437 2027 466 modo
2051 438 2222 475 turbarent,
2247 448 2325 468 neve
2344 439 2377 469 in

1305 478 1439 516 liturgiis
1462 478 1627 509 recitarent
1658 480 1753 510 verba
1777 480 1914 517 Christi,
1948 488 2120 521 antequam
2146 482 2236 522 panis
2260 489 2290 512 et
2312 483 2378 513 vini

1307 521 1468 552 fractionis
1492 533 1528 553 ac
1552 523 1782 555 distributionis
1805 525 1927 555 mentio
1950 524 2046 556 fieret.

1374 567 1425 596 111.
1451 567 1682 607 Aequivocatio
1707 569 1740 599 in
1772 570 1930 600 vocabulo
1963 570 2190 600 benedictionis
2222 571 2377 610 occurrit,

1307 621 1388 651 quae
1413 612 1607 651 amputanda
1631 620 1677 643 est
1700 620 1736 644 ut
1759 614 1870 653 opinio
1894 614 2041 644 Thomae
2065 614 2164 654 magis
2188 614 2376 654 illustretur,

1307 654 1523 696 firmeturque.
1548 657 1622 686 Non
1647 667 1683 687 ea
1706 668 1796 688 mens
1820 658 1887 688 eius
1911 658 1971 689 fuit
1995 666 2030 689 ut
2054 659 2306 690 benedictionem
2322 670 2378 700 pa-

1307 699 1355 729 nis
1386 706 1480 740 atque
1505 700 1608 730 calicis
1637 702 1810 732 adhibitam
1834 713 1852 733 a
1876 702 2024 741 Christo,
2056 713 2121 744 qua
2143 703 2205 734 late
2234 711 2321 744 patet
2342 704 2376 734 in

1307 744 1367 774 illis
1392 744 1555 774 dumtaxat
1577 746 1690 784 verbis,
1714 746 1790 777 Hoc
1805 752 1852 777 est
1870 747 1996 787 Corpus
2015 758 2130 785 meum,
2155 749 2207 778 hic
2229 754 2275 779 est
2290 749 2379 779 calix

1307 788 1487 828 Sanguinis
1503 790 1575 826 mei,
1600 790 1738 829 positam
1761 791 1908 827 crederet.
1933 792 2119 822 Sumentem
2143 792 2308 823 Christum
2323 804 2378 833 pa-

1307 842 1382 862 nem
1405 832 1491 862 haud
1515 843 1671 873 umquam
1689 834 1846 865 inficiatus
1862 842 1908 866 est
1931 837 2042 866 oculos
2056 836 2089 866 in
2105 837 2229 867 caelum
2247 838 2378 876 levasse,

1308 876 1406 916 egisse
1429 877 1542 916 gratias
1566 878 1636 908 Deo
1665 888 1723 918 pro
1746 879 1904 909 immenso
1929 880 2083 911 beneficio
2110 891 2166 920 per
2188 888 2376 912 transmuta-

1307 920 1430 951 tionem
1453 921 1685 952 elementorum
1718 923 1911 953 conferendo
1935 934 1970 954 ac
1993 925 2069 965 ipsis
2103 925 2265 956 elementis
2298 927 2377 957 bene

1307 972 1471 1005 precatum
1495 973 1581 1003 esse;
1606 966 1660 996 sed
1683 966 1816 997 huiusce
1848 968 2019 1007 gratiarum
2042 969 2173 999 actionis
2197 977 2227 1000 et
2250 971 2378 1000 benedi-

1308 1009 1420 1039 ctionis
1444 1009 1648 1049 praecipuam
1672 1017 1793 1050 partem
1818 1012 2072 1043 constituendam
2095 1014 2259 1045 arbitratus
2283 1022 2329 1046 est
2343 1015 2377 1045 in

1306 1052 1367 1082 illis
1391 1053 1505 1091 verbis,
1530 1053 1647 1094 quibus
1670 1055 1720 1084 vel
1743 1062 1814 1085 ante
1830 1055 2016 1087 fractionem
2030 1058 2079 1088 vel
2094 1058 2127 1087 in
2142 1058 2210 1098 ipsa
2226 1058 2378 1090 fractione

1306 1097 1437 1137 prolatis
1461 1105 1643 1128 consecrata
1666 1106 1740 1129 sunt
1764 1099 1929 1130 elementa.

1374 1140 1498 1172 Collata
1511 1142 1587 1172 novi
1602 1143 1798 1173 Testamenti
1814 1144 1884 1174 loca
1898 1154 1965 1175 rem
1980 1146 2120 1184 produnt
2135 1146 2376 1179 evidentissime.

1305 1185 1455 1216 Matthaei
1480 1186 1581 1226 capite
1603 1197 1687 1222 xxvi,
1703 1197 1782 1218 vers.
1802 1189 1853 1226 26,
1869 1188 1946 1218 haec
1960 1189 2125 1220 habentur:
2141 1193 2271 1231 Accepit
2285 1192 2378 1223 Iesus

1299 1239 1432 1269 panem,
1452 1230 1511 1260 καὶ
1536 1228 1741 1276 εὐλογήσας,
1763 1237 1793 1262 et
1809 1232 1970 1264 benedixit
1984 1244 2024 1264 ac
2030 1234 2150 1275 fregit,
2168 1235 2315 1276 deditque
2330 1237 2376 1266 di-

1303 1274 1435 1314 scipulis
1457 1276 1539 1313 suis;
1562 1283 1592 1306 et
1614 1286 1694 1306 vers.
1717 1284 1767 1318 27:
1791 1277 1835 1307 Et
1850 1279 2010 1318 accipiens
2033 1279 2174 1317 calicem,
2199 1281 2256 1310 καὶ
2275 1279 2376 1324 εὐχα-

1305 1315 1491 1361 ριστήσας,
1517 1321 1646 1361 gratias
1674 1322 1742 1362 egit
1771 1327 1801 1351 et
1834 1322 1920 1352 dedit
1949 1323 2022 1353 illis.
2055 1323 2146 1360 Quae
2176 1324 2280 1364 priore
2303 1328 2376 1356 loco

1305 1364 1482 1394 benedictio
1507 1365 1637 1403 dicitur,
1667 1365 1838 1405 gratiarum
1862 1366 1944 1397 actio
1967 1367 2040 1397 loco
2070 1368 2167 1398 altero
2192 1370 2375 1409 appellatur.

1305 1408 1402 1438 Marci
1427 1409 1527 1449 capite
1538 1419 1602 1447 xrv,
1616 1420 1694 1440 vers.
1718 1417 1775 1448 ²²3
1799 1408 1999 1455 Εὐλογήσας
2021 1410 2175 1451 ἔκλασεν,
2193 1414 2378 1444 benedicens

1294 1451 1419 1494 fregit:
1442 1460 1473 1484 et
1495 1463 1574 1484 vers.
1597 1455 1649 1492 23;
1673 1455 1718 1485 Et
1740 1456 1899 1495 accipiens
1922 1457 2074 1494 calicem,
2100 1455 2374 1500 εὐχαριστήσας,

1303 1498 1432 1537 gratias
1454 1508 1558 1539 agens
1572 1498 1659 1529 dedit
1674 1500 1729 1530 eis.
1755 1499 1931 1541 Utrobique
1947 1501 2042 1531 unius
2056 1503 2226 1541 gratiarum
2246 1503 2378 1533 actionis

1305 1541 1426 1572 mentio
1450 1542 1601 1582 ingeritur
1624 1550 1655 1574 et
1678 1544 1764 1584 apud
1786 1545 1908 1575 Lucam
1932 1546 2032 1586 capite
2054 1556 2136 1584 xxii,
2159 1556 2237 1577 vers·
2264 1555 2376 1587 19-2o:

1304 1587 1347 1617 Et
1370 1588 1530 1627 accipiens
1546 1598 1678 1628 panem,
1696 1587 1962 1632 εὐχαριστήσας,
1983 1592 2112 1631 gratias
2139 1601 2243 1632 agens
2254 1591 2379 1633 fregit:

1304 1631 1452 1662 similiter
1475 1638 1505 1663 et
1528 1633 1658 1663 calicem
1684 1641 1740 1664 etc.
1766 1635 1801 1664 ln
1825 1635 1955 1665 historia
1984 1635 2231 1675 discipulorum,
2265 1636 2321 1676 qui
2344 1636 2378 1666 in

1306 1676 1471 1706 castellum
1499 1677 1653 1707 Emmaus
1684 1678 1963 1718 proficiscebantur
1994 1680 2094 1719 capite
2117 1690 2205 1718 xxrv,
2229 1691 2291 1711 vox
2315 1691 2380 1711 una

1305 1720 1535 1751 benedictionis
1547 1722 1713 1752 adhibetur
1725 1733 1803 1754 vers.
1817 1725 1867 1754 30:
1884 1726 2014 1764 Accepit
2022 1735 2155 1764 panem,
2179 1722 2374 1769 εὐλόγησεν,

1306 1764 1467 1795 benedixit
1491 1775 1530 1796 ac
1544 1765 1655 1807 fregit
1679 1772 1709 1797 et
1725 1769 1919 1809 porrigebat
1942 1770 2015 1799 illis.
2040 1769 2216 1809 Apostolus
2240 1770 2378 1810 denique

1305 1808 1450 1848 Epistola
1465 1810 1476 1839 I
1492 1810 1531 1840 ad
1549 1810 1707 1849 Corinth„
1724 1823 1791 1852 cap.
1803 1822 1846 1851 xt,
1863 1823 1942 1843 vers.
1965 1815 2081 1852 23-24:
2098 1815 2227 1854 Accepit
2243 1824 2376 1854 panem,

1304 1852 1364 1883 καὶ
1388 1851 1655 1898 εὐχαριστήσας,
1682 1862 1712 1886 et
1733 1858 1862 1898 gratias
1885 1868 1988 1899 agens
1998 1858 2118 1899 fregit.
2135 1859 2222 1888 Haec
2238 1859 2379 1889 animad-

1304 1905 1459 1929 vertentes
1483 1899 1596 1930 eruditi
1611 1901 1805 1941 interpretes,
1821 1902 2004 1933 admonent:
2029 1913 2055 1932 1.
2073 1901 2232 1947 Εὐλογεῖν
2249 1903 2380 1943 perinde

1306 1952 1372 1973 esse
1395 1950 1490 1984 atque
1514 1942 1742 1988 εὐχαριστεῖν,
1764 1946 1818 1976 ubi
1842 1947 1944 1986 agitur
1967 1947 2005 1977 de
2031 1954 2136 1978 sancta
2158 1955 2273 1978 coena:
2296 1957 2325 1978 2.
2343 1948 2378 1977 In

1305 1987 1419 2018 divinis
1444 1988 1578 2030 eloquiis
1598 1997 1628 2020 et
1651 1991 1737 2030 apud
1751 1991 1909 2021 Ecclesiae
1925 1991 2091 2032 scriptores
2115 1991 2233 2031 passim
2251 1992 2380 2032 reperiri

1304 2032 1421 2063 modos
1444 2033 1523 2064 istos
1553 2034 1727 2075 loquendi,
1757 2034 1908 2080 εὐλογεῖν
1933 2046 2012 2067 τινα
2041 2036 2091 2066 vel
2115 2046 2163 2076 τι,
2190 2043 2220 2067 et
2243 2035 2378 2080 εὐχαρι-

1305 2079 1396 2108 στεῖν
1423 2088 1502 2109 τινα
1528 2079 1578 2109 vel
1611 2087 1664 2110 τι;
1693 2081 1719 2110 3.
1745 2080 1932 2111 Dictionum
1964 2081 2040 2111 haec
2072 2091 2138 2111 esse
2169 2082 2377 2121 compendia:

1305 2119 1455 2166 εὐλογεῖν
1482 2121 1540 2153 τὸν
1566 2122 1680 2167 ἄρτον,
1708 2123 1750 2155 τὸ
1775 2123 1939 2167 ποτήριον
1960 2126 2031 2163 dici,
2048 2136 2107 2165 pro
2128 2123 2280 2169 εὐλογεῖν
2302 2122 2376 2155 θεον

1305 2165 1387 2210 ὑπὲρ
1415 2165 1531 2208 ἄρτου,
1552 2170 1732 2212 normaton:
1752 2170 1929 2211 pariterque
1946 2169 2159 2214 εὐχαριστεῖν
2178 2170 2237 2202 τὸν
2257 2169 2373 2214 ἄρτον,

1305 2210 1345 2243 τὸ
1371 2210 1550 2256 ποτήριον,
1573 2215 1802 2253 compendium
1818 2225 1884 2245 esse
1901 2215 2012 2253 plenae
2029 2226 2063 2245 ac
2080 2216 2225 2255 propriae
2240 2215 2375 2246 locutio-

1304 2257 1364 2295 nis,
1384 2256 1596 2300 εὐχαριστεῖν
1622 2258 1671 2290 τῶ
1695 2256 1757 2288 θεῶ
1784 2257 1865 2302 ὑπὲρ
1893 2258 2009 2300 ἄρτου,
2037 2260 2218 2303 ποτηρίου;
2242 2270 2274 2299 4.
2300 2260 2376 2290 Sen-

1304 2312 1377 2332 sum
1401 2303 1538 2343 denique
1562 2303 1728 2343 proprium
1751 2313 2004 2344 germanumque
2028 2304 2157 2343 confici,
2182 2305 2376 2345 Redempto-

1304 2356 1371 2376 rem
1394 2348 1541 2377 nostrum
1565 2348 1720 2387 accepisse
1743 2358 1871 2388 panem,
1895 2349 2039 2379 laudasse
2062 2349 2169 2379 Deum
2195 2349 2286 2390 eique
2309 2359 2377 2389 gra-

1304 2390 1361 2420 tias
1386 2390 1502 2431 egisse,
1532 2398 1697 2432 tamquam
1728 2392 1884 2423 conditori
1914 2400 1944 2423 et
1968 2393 2114 2424 donatori
2145 2394 2235 2433 panis
2259 2401 2290 2423 et
2312 2393 2377 2423 vini

1304 2441 1335 2465 et
1358 2435 1480 2465 auctori
1504 2436 1645 2476 supremi
1669 2436 1827 2475 beneficii,
1851 2447 1917 2477 quo
1941 2437 2010 2477 ipsa
2041 2437 2196 2468 elementa
2224 2438 2257 2468 in
2281 2448 2377 2468 suum

1304 2478 1432 2519 Corpus
1457 2487 1486 2510 et
1505 2480 1700 2520 Sanguinem
1718 2482 1958 2512 transmutanda
1973 2482 2107 2520 fuerant;
2124 2492 2180 2522 per
2195 2482 2247 2512 illa
2267 2482 2377 2523 utique

1303 2524 1408 2561 verba,
1430 2524 1506 2555 Hoc
1529 2530 1575 2556 est
1591 2525 1717 2566 Corpus
1732 2536 1847 2563 meum,
1865 2527 1917 2557 lzic
1939 2532 1986 2557 est
2002 2527 2090 2557 calix
2108 2527 2287 2568 Sanguinis
2303 2528 2375 2557 mei.

1369 2568 1454 2599 Hinc
1477 2579 1553 2599 vero
1577 2569 1611 2600 in
1635 2581 1720 2600 sacra
1742 2570 1878 2610 liturgia,
1902 2581 2000 2611 quam
2025 2571 2103 2601 olim
2127 2571 2270 2602 adhibuit
2289 2571 2375 2601 adhi-

1302 2613 1418 2653 betque
1442 2613 1547 2644 omnis
1576 2615 1733 2652 Ecclesia,
1762 2615 1876 2653 latina,
1906 2611 2015 2655 grae'ca
2039 2623 2069 2645 et
2097 2616 2256 2646 orientalis
2280 2626 2374 2656 quae-

1302 2667 1395 2697 quae,
1414 2658 1666 2689 constantissime
1683 2666 1842 2690 servatum
1858 2667 1981 2690 constat
1998 2666 2032 2690 ut
2048 2659 2198 2690 beneficia
2212 2660 2270 2690 Dei
2287 2671 2373 2690 com-

1302 2709 1530 2741 memorentur,
1554 2701 1670 2743 gra'tiae
1702 2710 1835 2744 agantur
1856 2704 1927 2744 ipsi,
1952 2704 2144 2735 Sacramenti
2168 2704 2319 2744 Corporis
2344 2712 2374 2735 et

1302 2746 1471 2786 Sanguinis
1489 2757 1507 2777 a
1530 2748 1600 2778 Iesu
1622 2748 1749 2779 Christo
1765 2748 1899 2779 instituti
1916 2749 2070 2779 memoria
2084 2749 2248 2786 recolatur,
2266 2759 2373 2788 preces

1303 2791 1399 2821 etiam
1421 2791 1606 2830 fundantur,
1630 2803 1666 2822 ac
1690 2793 1764 2833 pani
1788 2800 1819 2823 et
1840 2793 1916 2823 vino
1941 2794 2020 2823 bene
2044 2800 2208 2833 precentur
2230 2794 2372 2824 sacerdo-

1302 2842 1366 2866 tes:
1392 2846 1474 2876 quae
1499 2837 1631 2867 demum
1655 2837 1778 2875 omnia,
1803 2838 1974 2876 gratiarum
1997 2837 2134 2867 actiones
2159 2845 2188 2867 et
2210 2837 2319 2867 laudes
2344 2845 2374 2868 et

1302 2890 1410 2919 preces
1441 2891 1476 2910 ac
1508 2881 1743 2912 benedictiones
1760 2905 1768 2920 ‚
1802 2882 1903 2912 verbis
1935 2881 2178 2912 consecrationis
2209 2889 2373 2922 tamquam

1302 2924 1471 2964 praecipua
1495 2926 1592 2956 totius
1615 2926 1760 2966 liturgiae
1784 2933 1870 2966 parte
1888 2926 2098 2966 complentur.
2116 2926 2199 2956 Hinc
2214 2927 2308 2956 verba
2324 2937 2373 2956 ea-

1302 2969 1376 2999 dem
1400 2969 1597 3010 frequentius
1615 2970 1696 3000 dicta
1711 2971 1870 3010 leguntur,
1888 2971 2071 3007 benedictio,
2088 2971 2272 3011 gratiarum
2289 2972 2373 3002 actio

1302 3018 1332 3043 et
1347 3023 1474 3053 preces.
1491 3014 1611 3044 Audire
1627 3022 1763 3054 praestat
1779 3015 1936 3045 lustinum
1952 3015 1984 3044 in
2001 3014 2161 3057 Apologia
2176 3015 2199 3052 I,
2216 3025 2305 3046 num.
2318 3016 2373 3054 65,

1301 3064 1332 3087 et
1355 3065 1453 3098 seqq.:
1468 3059 1640 3099 Postquam
1650 3069 1777 3099 preces,
1795 3059 2002 3099 inquientem,
2019 3065 2049 3089 et
2064 3059 2302 3089 Eucharistiam
2318 3061 2372 3090 ab-

1300 3102 1412 3138 solvit,
1426 3103 1570 3143 populus
1592 3105 1696 3134 omnis
1719 3105 1897 3134 acclamat:
1920 3104 2003 3134 Fiat.
2027 3103 2155 3133 Peracta
2178 3105 2370 3135 consecratio

1299 3146 1453 3184 innuitur,
1478 3157 1560 3188 quae
1583 3155 1715 3178 vocatur
1738 3147 1923 3179 eucharistia
1947 3155 1977 3178 et
2000 3147 2187 3178 benedictio.
2205 3148 2281 3178 Post
2295 3149 2371 3180 haec

1299 3191 1355 3230 qui
1377 3191 1465 3230 apud
1489 3202 1548 3222 nos
1568 3192 1722 3223 dicuntur
1736 3193 1874 3230 diaconi,
1885 3202 2004 3232 panem
2022 3197 2052 3222 et
2069 3193 2176 3222 vinum
2194 3198 2224 3222 et
2239 3203 2367 3232 aquam,

1300 3236 1333 3264 in
1357 3235 1471 3274 quibus
1493 3237 1624 3276 gratiae
1646 3242 1738 3267 actae
1765 3243 1855 3273 sunt,
1883 3234 1952 3267 ἀπὸ
1978 3235 2040 3267 τοῦ
2064 3234 2367 3280 εὐχαριστηθέντος

1303 3276 1421 3319 ἄρτου,
1436 3281 1608 3320 unicuique
1617 3283 1839 3320 praesentium
1850 3282 2080 3321 participanda
2091 3282 2294 3311 distribuunt.
2309 3282 2370 3312 Ubi

1301 3324 1456 3353 elementa
1479 3334 1671 3363 consecrare,
1696 3325 1824 3365 perinde
1848 3332 1895 3356 est
1917 3336 1953 3355 ac
1976 3325 2009 3355 in
2029 3325 2072 3355 eis
2088 3325 2200 3365 gratias
2217 3325 2265 3364 agi
2282 3336 2300 3355 a
2323 3336 2369 3355 sa-

1302 3367 1438 3397 cerdote.
1462 3369 1506 3397 At
1529 3368 1722 3408 quibusnam
1745 3370 1858 3406 verbis,
1879 3369 1998 3400 Iustino
2023 3376 2111 3407 teste,
2130 3369 2246 3408 gratiae
2261 3369 2370 3400 huius-

1301 3411 1390 3441 modi
1413 3410 1608 3451 agebantur?
1624 3413 1687 3443 Illis
1703 3413 1816 3452 procul
1832 3413 1943 3451 dubio,
1958 3414 2033 3443 Hoc
2048 3419 2094 3443 est
2112 3413 2237 3453 Corpus
2253 3424 2369 3446 meum.

1302 3455 1606 3486 Luculentissirnuin
1629 3457 1735 3496 accipe
1766 3457 2002 3487 testimonium:
2027 3457 2144 3493 Illam,
2170 3459 2201 3487 in
2226 3467 2289 3498 qua
2307 3469 2371 3498 per

1294 3508 1410 3538 preces
1433 3499 1521 3529 verbi
1543 3501 1612 3530 eius
1635 3501 1674 3530 ab
1698 3502 1765 3540 ipso
1782 3501 1925 3541 profecti
1943 3499 2046 3545 λόγου
2063 3500 2126 3532 τοῦ
2144 3501 2217 3544 παρ’
2239 3501 2367 3542 ἄυτοῦς

1299 3544 1429 3582 gratiae
1442 3549 1518 3573 sunt
1531 3549 1633 3581 actae,
1645 3545 1865 3576 alimoniam...
1882 3547 2044 3576 incarnati
2058 3547 2145 3576 illius
2160 3546 2234 3577 Iesu
2247 3553 2277 3577 et
2290 3548 2370 3578 Car-

1301 3596 1371 3616 nem
1396 3592 1426 3617 et
1441 3587 1642 3628 Sanguinem
1667 3598 1735 3619 esse
1751 3589 1853 3620 edocti
1868 3599 1989 3620 sumus.
2014 3590 2222 3630 Perspicuum
2239 3598 2285 3622 est
2300 3602 2369 3631 pre-

1299 3640 1350 3660 ces
1372 3631 1458 3668 illas,
1483 3632 1652 3671 gratiarum
1684 3633 1822 3663 actiones
1853 3641 1883 3664 et
1905 3634 2014 3664 laudes
2046 3635 2207 3665 continere
2235 3637 2368 3667 verbum

1299 3675 1369 3705 Iesu
1393 3674 1510 3706 Christi
1532 3677 1571 3706 ab
1594 3676 1665 3717 ipso
1689 3677 1879 3718 profectum,
1897 3688 1971 3709 cum
1987 3679 2073 3718 dixit,
2088 3679 2164 3710 Hoc
2178 3685 2225 3710 est
2243 3680 2368 3721 Corpus

2189 3741 2220 3774 37
