2788 4204
1133 248 1244 284 CAP.
1274 249 1342 295 VI,
1374 249 1525 287 LECT.
1555 251 1643 286 XIII

2408 258 2476 305 187

898 479 1198 535 LECTIO
1237 482 1875 541 DECIMATERTIA

701 633 1186 674 DEMONSTRATIO
1220 635 1526 676 PROCEDIT
1560 638 1641 678 EX
1673 638 2068 681 NECESSARIIS

290 786 328 817 Ei
353 782 409 816 οὖν
431 786 523 818 ἐστὶν
549 786 570 822 ή
598 780 822 822 ἀποδεικτική
842 786 1014 831 ἐπιστήμη
1035 786 1068 828 ἐξ
1089 788 1281 833 ἀναγκαίων
1302 787 1359 831 ἀρ-

356 830 425 874 χῶν
453 830 490 872 (ὃ
515 831 580 877 γάρ
607 830 809 872 ἐπίσταται,
838 832 875 863 οὑ
900 826 1046 864 δυνατὸν
1075 832 1182 869 ἄλλως
1208 832 1334 876 ἔχειν),

291 875 340 908 τοὶ
362 872 401 908 δὲ
424 873 500 906 καθ’
530 874 625 908 αὑτοὶ
649 874 852 920 ὑπάρχοντα
878 877 1052 922 ἀναγκαῖα
1073 880 1144 914 τοῖς
1162 877 1358 922 πράγμασιν

359 920 402 963 (οἳ
426 918 485 963 μὲν
510 919 575 965 γάρ
601 919 634 951 ἐν
660 920 708 960 τῷ
733 922 766 952 τί
799 921 891 953 ἐστιν
922 920 1079 966 ὑπάρχει·
1107 925 1178 958 τοῖς
1202 916 1234 952 δ’
1264 920 1358 953 αὐτοὶ

358 966 392 997 ἐν
418 963 466 1004 τῷ
490 966 524 995 τί
550 964 641 997 ἐστιν
667 963 813 1010 ὑπάρχει
836 964 1144 1010 κατηγορουμένοις
1167 965 1294 1006 αὑτῶν,
1314 964 1357 995 ὦν

357 1008 500 1051 θάτερον
526 1009 592 1041 τῶν
620 1007 856 1052 ἀντικειμένων
884 1010 1015 1054 ἀνάγκη
1043 1008 1241 1053 ὑπάρχειν),
1261 1020 1360 1053 φανε-

358 1054 413 1099 ρὰν
445 1050 499 1085 ὅτι
532 1053 568 1085 ἐκ
600 1051 766 1086 τοιούτων
800 1055 897 1085 τινῶν
930 1054 968 1086 ἀν
999 1055 1047 1090 εἴη
1076 1054 1091 1085 ὀ
1119 1048 1358 1089 ἀποδεικτικός

357 1099 459 1130 συλλο
486 1096 594 1141 ισμός·
629 1095 721 1129 ἅπαν
752 1098 818 1143 γάρ
843 1096 864 1133 ἦ
890 1097 996 1135 οὕτως
1031 1096 1177 1142 ὑπάρχει
1210 1096 1231 1133 ἦ
1263 1097 1360 1129 κατά

357 1142 461 1186 συμβε
486 1140 580 1182 ηκός,
606 1141 654 1173 τοὶ
677 1136 715 1172 δὲ
738 1141 982 1185 συμβεβηκότα
1007 1142 1067 1173 οὐκ
1094 1141 1280 1187 ἀναγκαῖα.

284 1223 328 1257 Ἢ
351 1219 395 1259 δὴ
422 1222 511 1256 οὕτω
526 1222 682 1264 λεκτέον,
709 1222 730 1260 ἦ
758 1223 864 1269 ἀρχήν
889 1223 923 1255 θε
954 1222 1037 1260 ένοις
1056 1222 1110 1256 ὅτι
1135 1224 1156 1259 ἡ
1185 1217 1359 1264 ἀπόδειξις

358 1267 546 1314 ἀναγκαῖόν
572 1267 665 1307 ἐστι,
699 1270 757 1300 καὶ
788 1270 816 1300 εἱ
850 1235 1116 1308 ἀποέέδεικται,
1151 1268 1214 1312 οὑχ
1248 1266 1355 1299 οἶόντ’

358 1311 467 1350 ἄλλως
499 1311 600 1357 ἔχειν·
629 1310 663 1352 ἐξ
691 1313 885 1358 ἀναγκαίων
920 1313 985 1356 ἀρα
1010 1307 1063 1343 δεῖ
1085 1316 1171 1343 εἴναι
1196 1311 1256 1344 τόν
1281 1314 1359 1343 συλ-

353 1357 394 1390 λο
421 1350 609 1401 ισμόν.“’,Εξ
637 1355 768 1393 ἀληθῶν
794 1357 853 1401 μὲν
878 1357 943 1402 γάρ
970 1356 1042 1389 ἔστι
1066 1357 1124 1388 καὶ
1148 1356 1196 1399 μή
1222 1351 1358 1389 ἀποδει-

353 1412 483 1434 κνυντα
513 1399 800 1446 συλλογίσασθαι,
835 1400 870 1441 ἐξ
897 1401 1091 1447 ἀναγκαίων
1116 1401 1146 1432 δ’
1181 1400 1241 1432 οὐκ
1267 1401 1358 1434 ἔστιν

357 1446 432 1478 ἀλλ’
467 1444 487 1483 ἦ
519 1440 785 1479 ἀποδεικνύντα’
817 1446 923 1478 τοῦτο
954 1446 1019 1492 γάρ
1054 1440 1119 1483 ἤδη
1154 1440 1358 1486 ἀποδείξεώς

356 1489 461 1523 ἐστιν.

378 1539 394 1548 0
474 1535 483 1546 9
516 1532 530 1545 θ
606 1533 614 1543 Ι
651 1533 660 1544 Ι
705 1532 713 1542 l
844 1534 852 1545 ἱ
911 1534 920 1545 1
1143 1534 1149 1544 Ι

288 1536 430 1580 Σημειον
454 1533 472 1565 δ
514 1545 569 1566 οτι
594 1546 615 1570 η
643 1532 816 1574 αποὸειξις
841 1532 876 1574 εξ
904 1536 1111 1579 ἀναγκαίων,
1140 1532 1193 1566 σ’τι
1217 1535 1275 1566 καὶ
1294 1533 1357 1578 τάς

356 1577 530 1616 ἐνστάσεις
565 1576 655 1610 οὕτω
685 1577 824 1623 φέρομεν
858 1578 938 1623 πρὸς
964 1578 1043 1616 τοὺς
1075 1577 1245 1621 οἰομένους
1274 1578 1358 1610 ἀτέο-

354 1619 524 1656 δεικνύναι
550 1621 604 1655 ὅτι
631 1622 691 1654 οὑκ
718 1621 864 1668 ἀνάγκη,
894 1621 933 1654 ἂν
959 1621 1106 1666 οἰώμεθα
1123 1621 1144 1659 ἦ
1164 1621 1247 1660 ὅλως
1267 1618 1358 1655 ἐνδέ-

353 1667 475 1714 χεσθαι
501 1667 610 1704 ἄλλως
637 1666 658 1704 ἦ
685 1666 784 1700 ἕνεκά
807 1679 845 1712 γε
871 1668 934 1700 τοῦ
958 1666 1074 1713 λόγου.
1105 1691 1107 1694 ⁴

289 1714 397 1751 Δῆλον
421 1711 450 1743 δ’
480 1712 516 1743 ἐκ
542 1710 675 1744 τούτων
700 1713 758 1743 καὶ
785 1710 838 1743 ὅτι
868 1710 997 1749 εὐήθεις
1023 1714 1052 1743 οἱ
1076 1709 1264 1754 λαμβάνειν
1290 1710 1356 1742 οἰό-

354 1767 446 1801 μενοι
474 1756 586 1793 καλῶς
611 1756 675 1794 τάς
702 1755 821 1801 ἀρχάς,
855 1755 912 1788 ἐάν
939 1754 1071 1796 ἔνδοξος
1098 1754 1118 1796 ᾖ
1143 1756 1164 1791 ή
1191 1754 1356 1799 πρότασις

328 1802 333 1805 '
353 1802 413 1833 καὶ
439 1798 580 1841 ἀληθής,
609 1801 677 1832 οἷον
703 1803 732 1833 οἱ
757 1801 917 1844 σοφισταὶ
936 1799 992 1833 ὅτι
1016 1800 1057 1833 τὸ
1083 1799 1291 1832 ἐπίστασθαι
1315 1799 1355 1831 τὸ

354 1844 548 1889 ἐπιστήμην
583 1843 683 1889 ἔχειν.
721 1844 768 1876 Οὑ
797 1844 862 1890 γάρ
895 1844 936 1876 τό
970 1842 1104 1885 ἔνδοξον
1140 1843 1160 1880 ἦ
1186 1843 1233 1887 μή
1267 1842 1356 1888 ἀρχή

354 1890 460 1930 ἐστιν,
489 1887 580 1922 ἀλλά
604 1889 644 1922 τὰ
670 1889 803 1931 πρῶτον
822 1888 884 1921 τοῦ
906 1887 1022 1934 γένους
1040 1890 1113 1932 περὶ
1133 1888 1149 1920 ὃ
1167 1884 1353 1921 δείκνυται·

351 1935 411 1966 καὶ
436 1931 584 1971 τάληθὲς
609 1933 647 1966 οὑ
673 1934 742 1965 πᾶν
768 1933 901 1965 οἰκεῖον.

277 1979 356 2012 ’Ὅτι
379 1973 408 2010 δ’
429 1977 465 2019 ἐξ
492 1979 557 2011 ἀνα
582 1981 688 2011 καίων
709 1974 796 2009 εἶναι
813 1971 866 2008 δεῖ
881 1975 941 2010 τὸν
955 1976 1194 2022 συλλογισμόν,
1214 1976 1354 2021 φανερὸν

352 2024 412 2055 καὶ
436 2023 474 2056 ἐκ
498 1988 617 2056 ‘mliv-ae.
645 2022 683 2053 Ei.
707 2021 771 2068 γάρ
798 2022 814 2053 ὁ
839 2021 886 2065 μή
912 2020 997 2066 ἔχων
1021 2021 1123 2067 λόγον
1149 2023 1211 2055 τοῦ
1236 2015 1296 2053 διά
1320 2023 1354 2054 τί

353 2066 454 2106 οὔσης
487 2063 693 2108 ἀποδείξεως
719 2066 779 2098 οὑκ
811 2065 1030 2109 ἐπιστήμων,
1066 2068 1115 2103 εἴη
1141 2061 1170 2097 δ’
1201 2065 1239 2099 ἂν
1266 2064 1354 2098 ὥστε

353 2111 395 2145 τὸ
412 2113 438 2144 Α
462 2112 559 2144 κατά
582 2113 645 2146 τοῦ
662 2113 684 2142 Γ
709 2111 744 2153 ἐξ
771 2109 919 2157 ἀνάγκης
947 2109 1125 2155 ὑπάρχειν,
1145 2111 1186 2144 τὸ
1211 2110 1249 2142 δὲ
1268 2111 1292 2140 Β
1313 2110 1355 2142 τὸ

378 2155 467 2198 έσον,
499 2151 544 2188 δι’
573 2157 611 2189 οὑ
638 2151 842 2200 ἀπεδείχθη,
895 2156 916 2193 ἠ
942 2155 976 2196 ἐξ
1005 2154 1173 2201 ἀνάγκης,
1200 2155 1260 2187 οὐκ
1286 2150 1355 2186 οἶδε

351 2167 455 2235 gadra.
482 2201 528 2233 Οὑ
552 2200 618 2248 γάρ
644 2201 717 2233 ἐστι
743 2200 849 2234 τοῦτο
866 2166 926 2233 §aaz
942 2200 983 2233 τὸ
1000 2198 1116 2242 μέσον·
1143 2199 1186 2232 τὸ
1209 2199 1269 2243 μὲν
1290 2199 1354 2244 γάρ

353 2241 532 2292 ἐνδέχεται
557 2246 604 2290 μή
630 2242 739 2286 εἶναι,
769 2245 811 2277 τὸ
836 2239 874 2278 δὲ
898 2244 1126 2289 συμπέρασμα
1153 2244 1352 2291 ἀναγκαῖον.

278 2331 357 2363 Ἔτι
381 2331 412 2361 εἴ
435 2340 487 2366 τις
511 2327 558 2373 μή
584 2322 652 2360 οἶδε
677 2328 733 2359 νῦν
759 2327 845 2372 ἔχων
871 2328 931 2361 τάν
954 2327 1057 2373 λόγον
1077 2329 1135 2358 καὶ
1154 2327 1352 2371 σωζόμενος,

352 2372 542 2417 σωζομένου
568 2372 631 2405 τοῦ
656 2384 681 2404 π
705 2371 873 2417 άγματος,
900 2372 947 2415 μή
974 2370 1246 2414 ἐπιλελησμένος,
1276 2366 1354 2403 οὐδὲ

353 2416 517 2462 πρότερον
536 2411 622 2459 ᾔδει.
648 2417 678 2446 Φ
701 2419 793 2461 αρείη
819 2412 850 2448 δ’
882 2415 921 2448 ἂν
943 2417 984 2448 τὸ
1002 2415 1117 2459 μέσον,
1137 2416 1164 2447 εἰ
1182 2416 1229 2460 μή
1249 2415 1354 2461 ἀναγ-

351 2465 462 2494 καῖον.
481 2460 586 2494 “sse-re
613 2459 678 2502 ἐ’ξει
703 2461 763 2505 μέν
788 2461 848 2493 τὸν
872 2459 975 2506 λόγον
1000 2459 1186 2504 σωζόμενος
1208 2459 1355 2504 σωζομέ-

353 2518 409 2539 νου
427 2506 490 2540 τοῦ
508 2519 532 2539 π
556 2505 726 2550 άγματος,
752 2505 812 2537 οὑκ
830 2497 900 2537 οἶδε
924 2505 975 2537 δέ·
1003 2501 1075 2537 οὐδ’
1106 2505 1171 2547 ἄρα
1189 2503 1352 2548 πρότερον

353 2546 441 2593 ᾔδει.
467 2551 506 2582 Εἰ
553 2550 631 2593 ἐμή
650 2549 829 2594 ἔφθαρται,
848 2544 1028 2594 ἐνδέχεται
1045 2545 1082 2581 δὲ
1109 2548 1289 2593 φθαρῆναι,
1309 2549 1350 2582 το

351 2595 536 2639 συμβαῖνον
567 2594 606 2626 ἀν
639 2597 688 2632 εἴη
721 2589 869 2626 δυνατὸν
900 2595 959 2626 καὶ
991 2589 1224 2638 ἐνδεχόμενον.
1256 2594 1348 2625 Ἀλλ’

353 2639 444 2673 ἔστιν
472 2636 644 2672 ἀδύνατον
670 2638 777 2676 οὕτως
805 2638 932 2683 ἔχοντα
957 2638 1095 2670 εἰδέναι.

275 2684 385 2719 Ὅταν
410 2683 469 2728 μὲν
495 2683 552 2717 οὖν
578 2683 620 2716 τὸ
644 2682 872 2727 συμπέρασμα
898 2682 933 2724 ἐξ
952 2682 1102 2729 ἀνάγκης
1121 2680 1154 2724 ᾗ,
1176 2681 1272 2713 οὐδὲν
1289 2693 1355 2712 κω-

349 2727 422 2760 λύει
446 2728 488 2762 τὸ
514 2727 615 2774 μέσον
647 2728 695 2772 μή
729 2727 916 2773 ἀναγκαῖον
942 2724 1041 2767 εἶναι,
1067 2722 1109 2759 δι’
1139 2725 1176 2758 οὑ
1202 2721 1350 2770 ἐδείχθη·

352 2772 425 2806 ἔστι
475 2773 514 2818 ἀρ
539 2772 581 2805 τὸ
608 2771 795 2818 ἀναγκαῖον
812 2773 869 2803 καὶ
888 2770 936 2813 μή
962 2771 996 2813 ἐξ
1024 2772 1212 2816 ἀναγκαίου
1235 2772 1355 2802 συλλο-

375 2785 531 2858 ίσασθαι,
566 2815 675 2862 ὥσπερ
707 2819 765 2849 καὶ
792 2814 912 2854 ἀληθὲς
938 2816 984 2859 μή
1010 2815 1045 2856 ἐξ
1073 2814 1216 2852 ἀληθῶν.
1244 2813 1352 2847 ’Ὀταν

350 2829 390 2895 {e
414 2861 456 2894 τὸ
480 2860 582 2904 μέσον
616 2859 651 2901 ἐξ
685 2859 858 2907 ἀνάγκης,
890 2862 948 2892 καὶ
982 2860 1023 2892 vd
1055 2858 1283 2903 συμπέρασμα
1316 2859 1352 2900 ἐξ

352 2903 522 2952 ἀνάγκης,
553 2904 663 2949 ὥσπερ
687 2907 745 2937 καὶ
771 2905 806 2946 ἐξ
833 2903 964 2942 ἀληθῶν
1001 2904 1122 2942 ἀληθὲς
1149 2904 1211 2936 ἀεί.
1239 2903 1352 2936 Ἔστω

351 2949 416 2997 γάρ
441 2950 482 2983 τὸ
507 2950 532 2980 Α
555 2949 652 2982 κατά
675 2950 737 2981 τοῦ
761 2951 786 2980 Β
811 2948 845 2989 ἐξ
872 2947 1036 2995 ἀνάγκης,
1055 2951 1112 2980 καὶ
1131 2949 1238 2981 τοῦτο
1255 2947 1353 2980 κατά

352 2994 416 3027 τοῦ
439 2995 485 3026 Γπ
504 2993 569 3025 ἀνα
593 2997 691 3025 καῖον
717 2996 827 3026 τοίνυν
851 2995 909 3025 καὶ
934 2992 975 3026 τὰ
1000 2994 1026 3024 Α
1051 2993 1099 3035 τῷ
1123 2994 1144 3023 Γ
1171 2990 1348 3036 ὑπάρχειν.

343 3037 452 3071 Ὅταν
477 3031 515 3069 δὲ
539 3049 586 3081 μη
614 3037 801 3083 ἀναγκαῖον
828 3035 850 3079 ᾖ
875 3037 916 3069 τὸ
942 3036 1181 3081 συμπέρασμα,
1206 3032 1286 3069 οὐδὲ
1311 3036 1353 3070 *ed

351 3081 453 3127 μέσον
483 3082 670 3128 ἀναγκαῖον
699 3081 803 3114 οἶόντ’
823 3079 921 3113 εἶναι.
940 3080 1055 3114 Ἔστω
1072 3082 1137 3127 γάρ
1156 3080 1197 3114 τὸ
1214 3082 1239 3112 Α
1264 3081 1311 3122 τῷ
1330 3082 1351 3111 Γ

351 3126 399 3170 μή
425 3125 459 3166 ἐξ
486 3125 636 3172 ἀνάγκης
661 3124 839 3172 ὑπάρχειν,
858 3126 906 3167 τῷ
930 3120 968 3157 δὲ
990 3127 1028 3166 Β,
1053 3128 1112 3157 καὶ
1137 3126 1243 3158 τοῦτο
1263 3126 1311 3165 τῷ
1329 3126 1351 3155 Γ

351 3171 387 3211 ἐξ
406 3169 569 3216 ἀνάγκης·
587 3171 646 3201 καὶ
663 3170 705 3202 τὸ
722 3173 747 3201 Α
773 3170 838 3215 ἄρα
856 3171 904 3211 τῷ
922 3171 943 3200 Γ
969 3169 1004 3210 ἐξ
1024 3168 1173 3216 ἀνάγκης
1192 3169 1348 3212 ὑπάρξει.

344 3214 437 3246 Ἀλλ’
466 3214 526 3246 οὑκ
552 3213 725 3246 ὑπέκειτο.

276 3259 374 3292 Ἐπεὶ
401 3261 512 3290 τοίνυν
530 3259 558 3290 εἰ
576 3259 766 3290 ἐπίσταται
793 3252 1052 3299 ἀποδεικτικῶς,
1070 3252 1123 3289 δεῖ
1139 3256 1172 3297 ἐξ
1196 3255 1346 3302 ἀνάγκης

351 3302 536 3347 ὑπάρχειν,
569 3302 674 3338 δῆλον
709 3301 762 3334 ὅτι
786 3303 843 3333 καὶ
868 3296 928 3333 &aaz
951 3301 1054 3345 μέσου
1082 3301 1269 3347 ἀναγκαίου
1299 3296 1352 3331 δεῖ

352 3347 368 3380 ἐ’
395 3358 440 3378 ειν
466 3346 530 3383 τήν
558 3341 745 3387 ἀπόδειξιν·
773 3345 793 3382 ἦ
820 3346 879 3377 οὑκ
905 3345 1134 3381 ἐπιστήσεται
1154 3344 1233 3376 οὔτε
1258 3339 1350 3383 ’διότι

351 3404 432 3424 ουτε
459 3390 512 3424 ὅτι
539 3390 671 3436 ἀνάγκη
697 3391 804 3422 ἐκεῖνο
827 3386 930 3430 εἶναι,
951 3390 1029 3422 ἀλλ”
1058 3388 1079 3426 ἦ
1106 3388 1262 3425 οἰήσεται
1291 3389 1350 3421 οὐκ

351 3431 458 3474 εἰδώς,
486 3435 544 3468 ἐοὶν
571 3434 730 3478 ὑπολάβῃ
754 3435 796 3472 ὠς
816 3434 1002 3479 ἀναγκαῖον
1020 3433 1062 3465 τὸ
1080 3433 1127 3476 μή
1147 3433 1347 3476 ἀναγκαῖον,

352 3479 374 3517 ἥ
401 3479 469 3512 οὐδ’
506 3478 662 3516 οἰήσεται
696 3480 832 3521 ὁμοίως,
866 3476 925 3509 ἐάν
955 3489 994 3509 τε
1020 3477 1062 3509 τό
1097 3474 1255 3520 ὅτι-εἰδῇ
1291 3473 1351 3509 8ιά

352 3523 462 3569 μέσων
487 3522 546 3556 ἐάν
571 3536 608 3557 τε
635 3523 675 3557 τὸ
700 3518 790 3555 διότι
814 3523 872 3554 καὶ
895 3517 927 3553 δί
955 3520 1101 3566 ἀμέσων.

1414 789 1432 808 *
1446 790 1478 821 Si
1497 790 1591 830 igitur
1608 799 1653 822 est
1668 793 1912 824 demonstrativa
1927 794 2065 833 scientia,
2083 804 2120 824 ex
2135 795 2314 825 necessariis
2335 803 2380 827 est
2395 797 2479 837 prin-

1482 835 1569 874 cipiis
1591 834 1694 877 (quod
1718 837 1804 867 enim
1827 837 1922 867 scitur
1945 848 2010 867 non
2034 845 2139 878 potest
2162 839 2250 869 aliter
2272 849 2304 870 se
2328 840 2478 884 habere);

1414 888 1496 918 quae
1524 886 1631 909 autem
1655 890 1711 919 per
1740 891 1772 910 se
1805 888 1897 919 sunt,
1926 882 2100 912 necessario
2132 882 2240 913 insunt
2268 884 2361 914 rebus
2380 883 2478 927 (haec

1481 922 1612 962 quidem
1635 930 1709 954 sunt
1731 924 1764 954 in
1788 934 1826 954 eo
1857 925 1946 965 quod
1969 925 2046 965 quid
2070 933 2133 964 est;
2153 926 2343 967 quibusdam
2371 935 2478 960 autem

1480 966 1557 996 haec
1579 967 1688 997 insunt
1701 967 1734 997 in
1751 977 1788 998 eo
1804 969 1892 1008 quod
1909 969 1986 1008 quid
2002 976 2053 1000 est.
2063 970 2313 1009 praedicantibus
2337 973 2375 1002 de
2391 973 2478 1013 ipsis,

1481 1019 1620 1049 quorum
1644 1011 1778 1041 alterum
1802 1012 2025 1052 oppositorum
2049 1023 2173 1044 necesse
2197 1021 2243 1045 est
2264 1014 2395 1058 inesse),
2412 1027 2478 1047 ma-

1481 1053 1630 1084 nifestum
1648 1061 1704 1092 est,
1721 1056 1810 1095 quod
1834 1065 1871 1085 ex
1888 1056 2073 1086 huiusmodi
2093 1058 2283 1098 quibusdam
2310 1060 2420 1101 utique
2439 1061 2478 1092 sit

1481 1097 1745 1128 demonstrativus
1772 1099 1992 1139 syllogismus:
2019 1111 2114 1131 omne
2138 1101 2223 1131 enim
2246 1110 2301 1133 aut
2324 1104 2367 1135 sic
2385 1105 2476 1144 inest,

1481 1147 1536 1170 aut
1558 1141 1734 1172 secundum
1762 1143 1922 1182 accidens;
1951 1144 2120 1175 accidentia
2149 1152 2256 1176 autem
2278 1157 2342 1177 non
2371 1158 2478 1180 neces-

1481 1194 1560 1214 sana
1583 1192 1666 1215 sunt.

1413 1227 1507 1258 *Aut
1521 1228 1616 1268 igitur
1632 1229 1674 1259 sic
1691 1230 1872 1268 dicendum,
1892 1237 1947 1261 aut
1962 1231 2153 1271 principium
2174 1234 2365 1272 ponentibus
2390 1237 2478 1276 quod

1481 1272 1708 1303 demonstratio
1732 1274 1811 1304 circa
1827 1275 2036 1305 necessarium
2051 1276 2100 1314 sit,
2118 1283 2148 1307 et
2166 1277 2192 1306 si
2212 1277 2473 1319 demonstratum,

1480 1326 1547 1346 non
1570 1323 1675 1356 potest
1697 1318 1784 1348 aliter
1807 1328 1839 1348 se
1862 1319 1994 1357 habere;
2019 1329 2055 1349 ex
2079 1321 2258 1351 necessariis
2282 1332 2355 1362 ergo
2380 1334 2474 1363 opor-

1480 1367 1523 1390 tet
1547 1370 1613 1390 esse
1629 1361 1861 1401 syllogismum.
1877 1362 1925 1393 Ex
1947 1363 2027 1393 veris
2043 1364 2174 1404 quidem
2197 1371 2243 1396 est
2258 1375 2324 1396 non
2346 1368 2477 1398 demon-

1480 1411 1630 1435 strantem
1654 1406 1848 1446 syllogizare,
1865 1416 1902 1437 ex
1925 1408 2104 1438 necessariis
2123 1415 2230 1439 autem
2253 1419 2319 1440 non
2343 1418 2403 1450 est;
2424 1412 2478 1442 sed

1479 1448 1610 1489 quidem
1634 1449 1918 1481 demonstrantem:
1948 1451 2009 1482 hoc
2040 1452 2126 1482 enirn
2149 1453 2315 1493 proprium
2345 1455 2477 1485 demon-

1480 1499 1638 1523 stratloms
1661 1500 1716 1524 est.

1413 1536 1547 1576 Signum
1570 1543 1677 1567 autern
1710 1544 1756 1568 est
1778 1538 1867 1578 quod
1898 1538 2124 1570 demonstratio
2156 1550 2192 1570 ex
2215 1542 2394 1572 necessariis
2417 1543 2475 1582 sit,

1478 1580 1634 1621 quoniam
1657 1581 1838 1612 instantiam
1860 1582 1903 1612 ita
1926 1582 2056 1614 ferimus
2080 1584 2119 1613 ad
2143 1583 2309 1624 opinantes
2342 1587 2475 1617 demon-

1479 1632 1585 1662 strare,
1597 1625 1752 1665 quoniam
1766 1636 1833 1656 non
1847 1626 1886 1657 sit
1901 1636 2036 1665 necesse,
2052 1627 2078 1657 si
2091 1627 2262 1667 opinamur
2276 1637 2331 1661 aut
2342 1631 2476 1661 omnino

1479 1669 1659 1708 contingere
1683 1669 1779 1707 aliter,
1797 1677 1851 1700 aut
1873 1670 2002 1700 rationis
2026 1681 2129 1702 causa.
2358 1698 2361 1701 .

1411 1712 1615 1743 Manifestum
1639 1720 1745 1743 autem
1769 1724 1805 1744 ex
1821 1714 1869 1744 his
1888 1721 1934 1745 est
1950 1721 1980 1745 et
1995 1715 2148 1755 quoniam
2164 1716 2261 1754 stulti,
2284 1717 2338 1757 qui
2355 1718 2475 1758 opinati

1479 1763 1553 1787 sunt
1568 1757 1706 1797 accipere
1722 1758 1802 1788 bene
1818 1758 1981 1798 principia,
2002 1759 2027 1789 si
2051 1760 2221 1799 probabilis
2237 1761 2277 1791 sit
2295 1762 2471 1802 propositio

1478 1807 1509 1831 et
1531 1810 1613 1838 vera,
1640 1808 1676 1831 ut
1699 1802 1868 1841 sophistae,
1894 1803 2049 1843 quoniam
2072 1803 2147 1834 scire
2167 1805 2328 1835 scientiam
2352 1813 2398 1836 est
2416 1807 2470 1836 ha-

1479 1845 1561 1875 bere.
1578 1845 1653 1875 Non
1669 1845 1755 1875 enim
1769 1847 1857 1886 quod
1874 1847 2035 1886 probabile
2050 1854 2106 1886 est,
2123 1855 2177 1878 aut
2191 1859 2267 1887 non,
2283 1849 2475 1890 principium

2506 805 2628 860 '15:3133·

2504 1247 2587 1269 *Text
2602 1248 2636 1270 16.

1479 1895 1542 1926 est,
1576 1889 1629 1919 sed
1653 1890 1794 1929 primurn
1816 1890 1850 1920 in
1872 1900 1984 1930 genere
2015 1891 2205 1937 circa-quod
2229 1893 2473 1933 demonstratur,

1478 1939 1509 1963 et
1531 1942 1643 1963 verum
1666 1943 1732 1964 non
1757 1944 1864 1973 omne,
1889 1935 1943 1964 sed
1966 1935 2142 1975 proprium.

1409 1975 1535 2014 *Quod
1555 1983 1662 2007 autem
1685 1988 1721 2008 ex
1737 1978 1915 2008 necessariis
1932 1989 1998 2009 esse
2015 1986 2140 2019 oportet
2158 1979 2390 2020 syllogismum,
2408 1992 2474 2012 ma-

1477 2020 1628 2051 nifestum
1652 2028 1682 2051 et
1705 2032 1741 2052 ex
1764 2022 1812 2052 his
1837 2029 1891 2053 est.
1916 2023 1948 2053 Si
1972 2023 2057 2053 enim
2080 2026 2147 2053 no'n
2170 2030 2216 2054 est
2239 2025 2357 2055 habens
2380 2026 2472 2056 ratio-

1478 2075 1553 2095 nem
1580 2072 1709 2105 propter
1731 2066 1824 2106 quid,
1849 2066 1996 2097 existente
2025 2067 2308 2106 demonstratione,
2331 2079 2397 2099 non
2429 2077 2476 2100 est

1478 2109 1595 2146 sciens;
1613 2109 1638 2139 si
1661 2117 1768 2140 autem
1787 2110 1908 2151 utique,
1928 2118 1964 2141 ut
1986 2112 2074 2151 quod
2091 2114 2119 2141 A
2135 2112 2173 2142 de
2190 2111 2216 2142 C
2241 2122 2277 2142 ex
2293 2113 2474 2144 necessitate

1478 2163 1555 2191 esse,
1570 2153 1596 2183 B
1611 2160 1718 2184 autem
1732 2154 1893 2205 medium,=
1901 2165 1957 2194 per
1970 2156 2059 2195 quod
2072 2156 2322 2187 demonstratum
2337 2164 2392 2195 est,
2408 2167 2474 2188 non

1478 2207 1515 2227 ex
1538 2198 1730 2235 necessitate,
1752 2208 1819 2228 non
1843 2199 1934 2229 sc1vit
1960 2206 2088 2239 propter
2111 2200 2198 2240 quid.
2222 2201 2295 2230 Non
2320 2208 2365 2231 est
2389 2202 2474 2232 enim

1478 2241 1539 2271 hoc
1562 2248 1691 2281 propter
1714 2242 1870 2272 medium:
1888 2243 1950 2273 hoc
1974 2243 2059 2273 enim
2082 2244 2212 2284 quidem
2231 2245 2384 2284 contingit
2407 2256 2473 2276 non

1478 2295 1561 2323 esse,
1582 2285 1744 2316 conclusio
1769 2293 1875 2316 autem
1899 2287 2079 2317 necessaria.

1410 2329 1557 2369 Amplius
1582 2329 1606 2359 si
1630 2329 1743 2370 aliquis
1767 2330 1865 2360 nescit
1888 2340 1972 2360 nunc
2003 2331 2121 2361 habens
2150 2331 2323 2369 rationem,
2355 2339 2385 2363 et
2415 2333 2472 2363 sal-

1475 2380 1566 2403 vatus
1583 2381 1638 2410 est,
1655 2374 1739 2403 salva
1757 2384 1800 2412 re,
1821 2384 1878 2404 nec
1894 2375 2022 2411 oblitus,
2042 2385 2145 2415 neque
2161 2376 2248 2415 prius
2271 2375 2369 2406 scivit.
2394 2376 2473 2407 Cor-

1476 2424 1642 2457 rumpetur
1667 2424 1774 2448 autem
1798 2418 1907 2458 utique
1932 2419 2085 2457 medium,
2102 2419 2162 2449 nisi
2187 2420 2226 2450 sit
2253 2420 2473 2452 necessarium.

1477 2461 1582 2498 Quare
1598 2461 1725 2492 habebit
1747 2462 1878 2502 quidem
1893 2462 2059 2500 rationem,
2076 2463 2191 2501 salvus,
2209 2464 2293 2493 salva
2308 2474 2351 2502 re,
2375 2465 2474 2495 nescit

1476 2512 1592 2535 autem.
1617 2506 1728 2546 Neque
1745 2516 1818 2546 ergo
1835 2507 1921 2546 prius
1939 2506 2036 2537 scivit.
2055 2506 2087 2537 Si
2110 2517 2185 2538 vero
2206 2517 2271 2537 non
2288 2515 2473 2548 corruptum

1476 2556 1533 2587 est,
1557 2549 1710 2589 contingit
1733 2557 1840 2580 autem
1859 2551 2030 2591 corrumpi,
2047 2551 2135 2591 quod
2158 2551 2269 2582 accidit
2284 2551 2394 2592 utique
2418 2553 2475 2583 erit

1475 2593 1624 2633 possibile
1648 2600 1679 2623 et
1703 2594 1898 2634 contingens,
1922 2594 1984 2625 Sed
2008 2601 2054 2625 est
2082 2595 2278 2636 impossibile
2302 2596 2345 2629 sic
2369 2606 2400 2626 se
2419 2596 2472 2626 ha-

1475 2637 1602 2667 bentem
1633 2637 1718 2668 scire.

1409 2680 1495 2711 Cum
1518 2681 1648 2722 quidem
1671 2682 1765 2722 igitur
1784 2682 1946 2712 conclusio
1969 2692 2007 2719 ex
2022 2683 2203 2713 necessitate
2227 2690 2283 2721 est,
2300 2683 2378 2714 nihil
2400 2694 2472 2724 pro-

1474 2725 1560 2755 hibet
1583 2725 1725 2756 medium
1755 2736 1821 2756 non
1844 2726 2054 2757 necessarium
2078 2737 2153 2765 esse,
2182 2737 2238 2767 per
2268 2728 2356 2768 quod
2379 2738 2473 2758 mon-

1475 2775 1608 2800 stratum
1638 2776 1698 2800 est:
1729 2777 1775 2801 est
1799 2771 1883 2800 enim
1907 2771 2116 2801 necessarium
2147 2778 2177 2801 et
2206 2781 2271 2801 non
2303 2781 2339 2801 ex
2367 2782 2471 2802 neces-

1475 2813 1562 2843 sariis
1586 2813 1788 2854 syllogizare,
1817 2815 1897 2844 sicut
1920 2821 1950 2844 et
1972 2824 2083 2844 verum
2113 2825 2178 2844 non
2207 2825 2244 2845 ex
2273 2815 2362 2845 veris.
2386 2815 2472 2846 Cum

1476 2864 1583 2888 autem
1599 2858 1742 2888 medium
1758 2868 1794 2888 ex
1810 2858 1990 2888 necessitate
2014 2865 2069 2896 est,
2087 2865 2117 2889 et
2131 2859 2293 2889 conclusio
2310 2869 2346 2889 ex
2365 2869 2471 2889 neces-

1475 2902 1574 2939 sitate,
1592 2901 1672 2932 sicut
1695 2912 1732 2932 ex
1754 2902 1834 2932 veris
1857 2912 1968 2932 verum
1991 2912 2123 2942 semper.
2148 2903 2194 2933 Sit
2224 2903 2308 2932 enim
2330 2905 2360 2933 Α
2383 2903 2422 2933 de
2444 2903 2470 2933 B

1476 2956 1512 2976 ex
1535 2946 1727 2984 necessitate,
1748 2953 1779 2976 et
1800 2946 1862 2976 hoc
1881 2947 1920 2976 de
1939 2945 1982 2983 C;
2011 2956 2135 2976 necesse
2165 2956 2239 2986 ergo
2264 2953 2309 2976 est
2334 2953 2363 2976 et
2382 2949 2411 2976 A
2430 2947 2469 2977 de

1475 2989 1655 3020 necessitate
1674 2990 1775 3020 inesse
1790 2990 1828 3020 C.
1848 2990 1910 3020 Sed
1929 3000 2002 3019 cum
2017 3000 2082 3020 non
2099 2990 2269 3020 necessaria
2285 2990 2324 3020 sit
2343 2990 2470 3020 conclu-

1475 3034 1534 3071 sio,
1555 3043 1658 3074 neque
1681 3034 1824 3064 medium
1847 3034 2056 3064 necessarium
2087 3044 2152 3064 esse
2176 3034 2325 3074 possibile
2348 3040 2404 3064 est.
2424 3034 2471 3065 Sit

1475 3077 1559 3107 enim
1582 3079 1611 3107 A
1634 3078 1667 3107 in
1691 3077 1718 3108 C
1735 3088 1800 3108 non
1820 3088 1856 3108 ex
1880 3078 2060 3108 necessitate
2083 3078 2198 3115 inesse;
2223 3078 2255 3108 in
2274 3078 2299 3108 B
2316 3084 2422 3108 autem
2440 3080 2470 3108 A

1474 3131 1511 3151 ex
1534 3121 1732 3159 necessitate,
1754 3128 1784 3152 et
1807 3121 1868 3152 hoc
1891 3121 1924 3151 in
1952 3121 1979 3152 C
2003 3132 2040 3152 ex
2062 3122 2257 3159 necessitate;
2290 3128 2319 3152 et
2341 3124 2371 3151 A
2394 3131 2468 3161 ergo

1472 3165 1505 3194 in
1529 3164 1556 3194 C
1581 3174 1616 3194 ex
1641 3165 1822 3196 necessitate
1846 3165 1912 3195 erit.
1930 3165 1990 3196 Sed
2014 3175 2080 3195 non
2104 3175 2290 3196 concessum
2313 3172 2369 3195 est.

1405 3259 1422 3278 *
1437 3258 1598 3296 Quoniam
1618 3257 1723 3298 igitur,
1748 3257 1774 3288 si
1797 3257 1854 3289 scit
1878 3258 2131 3297 demonstrative,
2156 3265 2281 3298 oportet
2304 3269 2340 3289 ex
2363 3269 2470 3289 neces-

1473 3302 1561 3332 sitate
1584 3302 1695 3340 inesse,
1720 3302 1924 3333 manifestum
1947 3303 2100 3343 quoniam
2124 3310 2154 3333 et
2177 3313 2231 3342 per
2250 3303 2392 3333 medium
2415 3313 2467 3333 ne-

1473 3345 1642 3376 cessarium
1672 3353 1797 3385 oportet
1826 3347 1940 3377 habere
1970 3346 2287 3384 demonstrationem,
2318 3353 2372 3377 aut
2402 3357 2468 3377 non

1473 3390 1547 3419 sciet
1579 3399 1682 3429 neque
1705 3396 1834 3429 propter
1856 3390 1943 3430 quid,
1968 3400 2070 3430 neque
2094 3397 2222 3430 propter
2245 3390 2319 3431 quia
2343 3400 2467 3421 necesse

1473 3440 1518 3463 est
1540 3433 1620 3463 illud
1643 3441 1726 3471 esse;
1756 3434 1810 3463 sed
1833 3441 1888 3464 aut
1910 3433 2091 3473 opinabitur
2114 3434 2265 3471 nesciens,
2289 3434 2314 3464 si
2338 3434 2469 3465 accipiat

1472 3483 1636 3517 tamquam
1667 3477 1877 3507 necessarium
1915 3487 1981 3507 non
2010 3478 2236 3516 necessarium,
2275 3483 2329 3508 aut
2364 3488 2468 3519 neque

1472 3520 1652 3561 opinabitur
1668 3520 1819 3559 similiter,
1835 3521 1899 3551 sive
1914 3521 1989 3552 sciet
2004 3522 2079 3562 quia
2094 3531 2150 3562 per
2164 3522 2278 3561 media,
2293 3522 2358 3552 sive
2372 3532 2467 3563 prop-

1471 3571 1518 3595 ter
1540 3564 1618 3605 quid
1645 3570 1675 3595 et
1697 3575 1753 3605 per
1774 3565 1965 3596 immediata.

2504 1997 2512 2006 ⁸
2524 1996 2592 2018 Text.
2603 2000 2634 2022 17.

2496 3277 2580 3299 'Text.
2596 3278 2629 3299 18.
2669 3299 2676 3306 ,
