2548 4192
205 317 334 343 CCXXVI

203 391 303 416 vacat.
320 385 427 415 Nimia
451 391 532 415 certe
555 385 653 425 egisse
675 384 859 415 Launoium
883 382 1074 414 confidentia
1103 382 1154 411 vel
1179 381 1274 412 unico

205 429 306 460 evinci
329 435 434 469 potest
457 429 613 469 exemplo.
632 429 668 459 In
686 428 775 459 tertia
798 429 838 457 ad
861 428 1047 467 Ratuynum
1065 425 1209 466 Epistola
1232 425 1275 455 sic

205 473 264 503 ait:
294 474 467 503 «Alterum
498 471 749 515 (testimonium,
774 482 811 501 ex
834 471 1005 501 duodecim
1024 476 1079 500 aut
1102 469 1275 510 suppositis

207 530 222 545 >›
245 524 300 548 aut
315 517 505 555 adulteratis,
522 526 603 557 quae
617 517 650 546 in
666 516 811 546 Thomae
823 514 990 554 Opusculo
1010 514 1133 544 Contra
1148 523 1276 544 errores

207 573 222 588 s
245 561 442 592 Graecorum
467 567 646 597 occurrunt,
664 560 708 590 sic
731 569 763 589 se
787 557 912 599 habeo:
941 557 1130 588 Ostenditur
1158 558 1252 588 etiam
1266 580 1275 595 ,

209 618 223 632 »
243 606 327 646 quod
352 605 542 645 praedictus
568 604 687 634 Christi
725 603 870 633 Vicarius
898 603 931 632 in
966 607 1063 632 totam
1096 601 1274 632 Ecclesiam

209 662 224 677 >
247 649 367 679 Christi
390 648 602 679 universalem
622 647 859 687 praelationem
893 646 1020 676 obtinet.
1031 646 1170 686 Legitur
1192 647 1275 675 enim

210 706 224 721 »
245 694 277 723 ἰη
304 692 555 722 Calchedonensi
580 691 734 728 Concilio,
754 690 840 730 quod
862 695 928 720 tota
947 689 1102 730 Synodus
1124 689 1277 720 clamavit

209 749 224 764 2·
243 737 344 766 Leoni
365 736 492 776 Papae:
513 735 579 765 Leo
602 735 842 771 sanctissimus,
863 734 1065 774 Apostolicus
1094 739 1124 763 et
1151 733 1275 764 Icume-

209 793 223 808 »
243 789 373 820 raycos‚
398 780 478 810 idest
497 779 691 810 universalis
708 779 921 815 Patriarcha,
938 787 1002 818 per
1027 778 1145 808 multos
1172 787 1276 808 annos

208 837 224 853 ιο
244 825 338 855 vivat.
367 823 466 863 Atqui
489 823 672 854 acclamatio
701 822 778 853 haec
802 832 859 852 nec
882 822 914 852 in
942 821 1059 861 graecis
1083 831 1141 852 nec
1171 821 1204 851 in
1232 822 1275 851 la-

209 882 223 896 »
242 867 315 898 tinis
345 867 573 907 exemplaribus
597 866 719 907 legitur.
744 866 951 897 Subdititium
974 873 1020 897 est
1044 866 1273 896 testimonium.

206 925 221 940 2>
240 911 362 942 Deinde
378 911 609 952 Icumeraycos
627 921 685 941 nec
703 911 849 948 latinum,
864 920 922 941 nec
945 920 1104 950 graecum,
1129 910 1183 940 sed
1207 910 1274 950 opi-

205 969 220 983 »
243 965 318 986 cum
341 962 372 986 et
395 956 564 985 barbarum
587 962 633 986 est
648 965 778 986 nomen.
793 968 808 983 »
829 955 917 985 Nihil
950 961 1015 992 est,
1036 955 1125 995 quod
1147 954 1274 985 invidus

202 1000 328 1030 animus
338 1000 379 1029 ad
393 1000 576 1030 nocendum
593 1009 659 1029 non
679 1000 814 1040 arripiat.
826 999 1027 1030 Praeiudiciis
1046 1009 1166 1030 vacuus
1181 1008 1274 1029 nosse

202 1043 367 1075 Launoius
397 1043 554 1084 potuisset
582 1044 724 1074 vitiatam
752 1044 840 1073 illam
867 1054 997 1082 vocem,
1021 1043 1272 1084 Icumeraycos,

201 1087 328 1118 librario
361 1094 415 1118 aut
438 1088 639 1128 typographo
672 1088 871 1118 tribuendam
897 1098 984 1127 esse,
1008 1097 1074 1118 non
1106 1087 1273 1127 Thomae,

202 1142 269 1162 non
288 1132 356 1162 eius
375 1132 546 1162 sententiae
572 1132 769 1173 aliarumque
789 1132 960 1170 collectori,
984 1142 1051 1162 non
1075 1132 1196 1163 auctori
1220 1132 1273 1162 de-

203 1186 305 1207 mum.
326 1176 407 1213 Quis
426 1176 512 1206 enim
535 1186 602 1206 non
625 1176 729 1207 videat
752 1177 923 1216 legendum
942 1186 1020 1214 esse,
1039 1178 1272 1214 oecumenicus,

204 1218 443 1263 οἱκουμενικός,
469 1220 550 1251 idest
572 1221 776 1259 universalis,
801 1228 837 1251 ut
863 1221 982 1251 ibidem
1005 1220 1150 1261 exprimit
1178 1221 1275 1262 latina

204 1265 430 1305 interpretatio.

271 1308 548 1339 Adclamationem
569 1308 659 1338 illam
682 1308 853 1338 annuimus
877 1318 981 1348 neque
1011 1308 1045 1338 in
1073 1308 1177 1339 latinis
1200 1308 1272 1348 legi,

206 1363 310 1394 neque
335 1353 369 1383 in
391 1353 508 1393 graecis
532 1352 762 1392 exemplaribus
781 1352 918 1383 Concilii
937 1352 1222 1383 Calchedonensis:
1243 1359 1275 1383 at

205 1398 290 1427 bona
318 1397 343 1427 si
363 1397 509 1427 Launoio
537 1395 632 1435 fides,
656 1397 847 1436 postulabat,
875 1403 911 1426 ut
933 1396 1096 1427 monitum
1122 1397 1274 1427 lectorem

204 1441 317 1480 vellet,
341 1441 374 1471 in
407 1441 549 1471 eiusdem
572 1440 693 1481 Synodi
718 1440 853 1471 Actione
877 1440 917 1470 111
942 1440 1100 1480 supplices
1133 1447 1274 1480 prostare

204 1485 348 1524 libellos,
371 1485 472 1515 Leoni
497 1485 615 1525 Magno
643 1484 788 1515 Pontifici
812 1484 936 1514 oblatos
959 1494 980 1514 a
1009 1484 1173 1515 Theodoro
1200 1485 1274 1515 Ale-

202 1529 389 1560 xandrinae
406 1529 571 1560 Ecclesiae
588 1529 739 1566 diacono,
759 1528 799 1559 ab
818 1528 1010 1574 [schyrione
1029 1528 1275 1559 Alexandrinae

203 1574 340 1604 civitatis
364 1574 515 1611 diacono,
541 1574 582 1604 ab
605 1573 782 1603 Athanasio
810 1572 971 1613 quondam
993 1572 1183 1613 presbytero
1208 1583 1274 1603 ma-

202 1627 290 1658 gnae
307 1617 551 1648 Alexandrinae
572 1617 719 1654 civitatis,
736 1627 757 1647 a
780 1616 959 1656 Sophronia
983 1617 1168 1654 christiano,
1194 1627 1274 1657 quo-

203 1671 276 1692 rum
295 1661 442 1691 omnium
465 1661 627 1701 inscriptio
652 1667 715 1691 est:
733 1659 781 1701 τῷ
804 1657 1031 1705 ἁγιωτάτῳ...
1060 1659 1273 1703 οἱκουμενικῷ

207 1702 458 1748 ἀρχιεπισκόπῳ
471 1705 530 1735 καὶ
548 1702 745 1750 πατριάρχῃ
762 1703 825 1741 τῆς
842 1702 993 1750 μεγάλης
1005 1702 1123 1748 Ρῶμης
1135 1703 1272 1745 Δέοντι;

205 1749 412 1780 Sanctissimo
435 1749 646 1780 Oecumenico
663 1750 909 1790 Archiepiscopo
928 1755 955 1781 et
975 1750 1188 1781 Patriarchae
1208 1760 1275 1781 ma-

203 1803 291 1834 gnae
313 1794 435 1824 Romae
453 1794 564 1824 Leoni.
588 1796 639 1824 An
664 1804 799 1834 reponas
825 1794 965 1834 privatos
984 1793 1136 1825 diaconos
1161 1801 1191 1825 et
1207 1804 1275 1835 pre-

205 1838 346 1878 sbyteros
370 1837 413 1868 ita
441 1838 566 1868 libellos
596 1848 672 1868 suos
706 1838 915 1878 inscripsisse:
944 1839 1033 1879 quod
1055 1838 1116 1878 ipsi
1139 1839 1275 1878 generali

205 1881 336 1922 Synodo
360 1882 565 1912 tribuendum
585 1892 651 1912 non
670 1889 727 1913 est.
753 1882 859 1913 Sancti
878 1882 1022 1922 Gregorii
1045 1883 1153 1922 Magni
1177 1883 1275 1914 reddo

204 1926 299 1956 verba
310 1949 318 1964 ,
338 1936 420 1966 quae
438 1926 594 1957 habentur
621 1926 766 1966 Epistola
784 1937 855 1965 xxx,
876 1926 957 1957 libro
973 1926 1042 1965 VII,
1057 1926 1229 1958 indictione
1247 1934 1275 1958 1:

205 1970 249 2000 Et
266 1970 391 2010 quidem
417 1971 450 2000 in
478 1971 599 2001 sancta'
626 1970 879 2002 Calchedonensi
901 1971 1051 2011 Synodo,
1082 1976 1178 2012 atque
1202 1977 1278 2012 post

205 2024 226 2044 a
244 2014 506 2055 subsequentibus
523 2015 693 2053 Patribus,
711 2015 770 2046 hoc
785 2015 1014 2046 Decessoribus
1032 2016 1110 2046 meis
1135 2015 1275 2046 oblatum

207 2063 314 2089 vestra
343 2058 506 2089 Sanctitas
524 2060 621 2090 novit.
647 2060 698 2090 Ad
723 2059 899 2099 Eulogium
922 2059 1120 2099 Episcopum
1143 2059 1277 2090 Alexan-

205 2102 334 2133 drinum
357 2102 518 2134 scribebat.
537 2102 621 2134 Hinc
642 2103 766 2134 silentio
783 2103 895 2134 saltem
918 2113 978 2134 suo
994 2101 1171 2146 (verissima
1186 2103 1276 2134 Tho-

205 2146 334 2176 massini
350 2146 581 2177 animadversio
597 2154 643 2178 est
659 2154 746 2187 parte
766 2148 790 2186 1,
806 2147 887 2178 libro
906 2148 929 2185 1,
946 2147 1046 2187 capite
1060 2157 1104 2186 xl,
1121 2158 1211 2179 num.
1225 2146 1276 2190 11)

205 2190 392 2230 approbavit
411 2189 680 2221 Calchedonensis
699 2191 848 2232 Synodus
872 2192 1017 2222 oblatum
1036 2192 1138 2222 Leoni
1152 2192 1185 2222 in
1201 2202 1277 2232 sup-

204 2233 340 2274 plicibus
370 2234 597 2275 complusculis
629 2235 743 2266 libellis
770 2235 975 2266 Oecumenici
996 2235 1192 2267 Patriarchae
1220 2246 1277 2266 no-

206 2288 290 2309 men.
302 2278 393 2315 Quae
408 2278 544 2319 denique
561 2280 758 2320 nuncupatio
775 2279 978 2320 intelligenda
993 2286 1039 2310 est
1048 2280 1150 2311 Leoni
1160 2280 1277 2319 oblata,

206 2333 272 2353 non
295 2329 460 2363 tamquam
483 2323 714 2362 Patriarchae,
739 2324 795 2355 sed
826 2331 993 2365 tamquam
1015 2324 1124 2364 Papae
1154 2331 1184 2355 et
1207 2325 1278 2355 uni-

205 2366 331 2397 versalis
347 2367 503 2397 Ecclesiae
524 2367 646 2407 Capiti:
662 2378 746 2398 unus
766 2368 853 2398 enim
867 2375 913 2399 est
932 2375 963 2399 et
978 2368 1164 2399 universalis
1178 2369 1277 2409 Papa,

206 2411 268 2441 hoc
291 2417 337 2441 est
360 2421 443 2441 unus
468 2411 585 2442 Christi
609 2411 641 2442 in
665 2412 752 2443 terris
776 2412 920 2443 Vicarius
943 2419 975 2444 et
997 2423 1101 2444 unum
1119 2412 1278 2444 Ecclesiae

208 2454 323 2494 Caput.
350 2455 441 2485 Hanc
465 2455 643 2486 doctrinam
665 2456 738 2487 loco
763 2456 858 2488 citato
877 2463 984 2488 tuetur
1008 2463 1117 2488 contra
1141 2456 1278 2489 Graecos

207 2508 243 2529 ac
258 2498 393 2530 illustrat
408 2499 561 2540 Aquinas.

582 2601 792 2638 CAPUT
823 2602 902 2638 111.

207 2697 371 2730 Opusculum
391 2702 477 2722 cona-a
496 2697 619 2727 Graecos,
638 2698 769 2722 Armenos
784 2702 810 2722 et
825 2697 968 2722 Saracenos
987 2698 1019 2722 ad
1038 2697 1178 2722 cantorem
1199 2698 1280 2723 antio-

279 2732 403 2757 chenum:
423 2732 532 2765 eiusque
550 2740 641 2765 graeca
659 2732 754 2757 versio.
774 2732 912 2765 Specimen
927 2732 1058 2762 eiusdem,
1078 2732 1103 2757 in
1123 2740 1208 2765 eoque
1226 2741 1280 2758 ser-

278 2772 336 2793 vata
355 2767 492 2792 methodus
511 2767 544 2792 ad
563 2773 676 2792 errantes
695 2767 874 2792 revincendos.
894 2767 1028 2792 Refutatur
1051 2767 1135 2792 lacobi
1159 2768 1280 2793 Bruckeri

280 2810 396 2828 censura.

211 2897 234 2928 1.
260 2888 479 2972 Secundum
500 2895 611 2926 locum
626 2895 793 2935 Opusculo
818 2895 942 2934 damuS,
965 2895 1054 2936 quod
1072 2894 1201 2926 tertium
1222 2905 1280 2926 nu-

317 2946 456 2970 meratur
478 2939 511 2969 in
535 2939 674 2970 editione
698 2939 854 2970 Romana.
878 2939 1069 2978 Inscribitur‚
1092 2939 1281 2970 Declaratio

209 2984 421 3026 quorumdam
441 2983 654 3014 articulorum
679 2988 792 3014 contra
818 2983 970 3021 Graecos,
990 2984 1149 3014 Armenes
1167 2989 1197 3014 et
1222 2984 1280 3014 Sa-

210 3038 361 3066 racenos,
387 3029 430 3059 ad
460 3027 632 3058 Cantorem
660 3027 896 3058 antiochenum.
917 3027 1122 3058 Recensitum
1145 3027 1281 3068 legimus

211 3073 297 3113 apud
320 3072 516 3114 synchronos
540 3081 756 3112 supparesque
779 3078 872 3102 testes
897 3081 1030 3110 omnes,
1054 3071 1205 3102 hactenus
1227 3072 1280 3102 ad·

210 3117 327 3147 hibitos
350 3116 383 3146 in
403 3116 547 3156 Operum
562 3115 730 3157 Aquinatis
749 3125 880 3146 censura
892 3139 901 3154 ,
917 3116 1142 3146 Ptolomaeum
1158 3116 1281 3147 Lucen-

211 3171 299 3199 sem,
323 3160 606 3191 Bartholomaeum
633 3160 866 3200 Logothetam‚
885 3159 1082 3190 Bernardum
1105 3159 1280 3199 Guidonis,

210 3204 381 3235 Nicolaum
413 3204 599 3242 Trivetum,
624 3204 777 3235 loannem
805 3203 843 3235 de
869 3203 1050 3243 Columna,
1079 3203 1281 3235 Ludovicum

211 3249 477 3286 Valleoletanum‚
502 3255 647 3279 sanctum
669 3247 882 3279 Antoninum.
905 3248 1108 3288 Superiorem
1123 3247 1280 3289 opusculi

211 3292 451 3333 inscriptionem
474 3292 586 3323 diserte
610 3298 722 3323 notant
739 3292 916 3323 Bernardus
940 3291 1098 3323 Guidonis
1114 3299 1145 3323 et
1167 3302 1192 3323 s.
1215 3295 1281 3323 An-

212 3337 357 3367 toninus:
382 3336 633 3377 inscriptumque
651 3336 702 3367 De
721 3337 899 3368 rationibus
918 3336 1013 3378 fidei,
1034 3343 1196 3368 recensent
1217 3336 1279 3368 alii.

216 3380 351 3411 Cantori
374 3381 562 3423 antiocheno
592 3387 815 3420 nuncupatum
839 3387 894 3412 est.
921 3380 1078 3418 Quisnam
1101 3380 1153 3411 ille
1177 3380 1280 3420 fuerit,

213 3424 360 3464 ignotum
379 3425 482 3465 plane.
502 3425 550 3455 De
571 3424 723 3455 Cantoris
738 3435 869 3456 munere
888 3425 974 3466 apud
990 3425 1128 3456 Graecos
1147 3431 1178 3456 et
1195 3426 1282 3466 apud

214 3468 344 3499 Latinos
368 3469 498 3499 consule
530 3468 733 3509 Ducangium
755 3469 788 3500 in
812 3476 949 3511 utroque
980 3469 1080 3502 lexico
1105 3469 1228 3501 mediae
1251 3476 1282 3501 et

215 3511 341 3542 infimae
365 3512 537 3552 graecitatis
557 3519 587 3544 et
610 3513 779 3544 latinitatis.

282 3555 434 3587 Graecam
463 3556 640 3587 versionem
671 3564 828 3597 praestant
860 3557 983 3588 codices
1014 3567 1089 3588 mss.
1116 3557 1258 3589 Vaticani
1271 3580 1280 3596 ,

216 3598 478 3630 Vindobonenses
503 3606 533 3631 et
556 3601 677 3631 Veneti.
695 3601 730 3631 In
746 3601 908 3632 chartaceo
931 3602 992 3632 506
1018 3601 1211 3632 Bessarionis
1234 3601 1281 3632 in-

217 3642 375 3673 scribitur:
395 3636 549 3685 διοίληψις
567 3643 634 3675 τῶν
653 3641 762 3688 λόγων
781 3643 843 3680 τῆς
864 3646 1030 3684 πίστεως;
1050 3645 1281 3677 Commentatio

923 302 1381 341 DISSERTATIONES
1411 304 1658 341 CRITICAE

1332 383 1493 413 rationum
1515 384 1609 424 fidei.
1632 383 1712 414 Vide
1728 393 1872 423 graecam
1896 384 1959 414 divi
1983 385 2080 415 Marci
2100 385 2324 416 bibliothecam
2348 395 2402 415 an-

1331 435 1374 455 no
1404 436 1486 468 1740
1510 427 1593 467 typis
1613 427 1739 458 editam.
1757 427 1868 458 Codex
1891 428 1968 459 item
1987 429 2167 460 chartaceus
2193 440 2229 471 71
2259 430 2402 460 adserva-

1331 475 1383 499 tur
1404 470 1437 500 in
1461 471 1582 501 Veneta
1604 481 1644 501 ss.
1662 471 1789 501 loannis
1813 478 1844 502 et
1866 472 1956 502 Pauli
1979 473 2187 511 bibliotheca,
2211 483 2285 504 cum
2308 474 2401 504 titulo

1331 521 1497 553 sequente:
1517 513 1690 557 κεφάλαια,
1715 515 1789 558 περὶ
1813 515 1879 547 τῶν
1903 514 2014 560 λόγων
2040 517 2102 553 τῆς
2125 519 2269 554 πίστεως
2287 528 2402 549 συντε-

1331 554 1436 589 θέντα
1469 557 1565 602 παροὶ
1593 558 1655 591 τοῦ
1681 557 1884 601 σοφωτάτου
1915 559 2020 603 Θωμᾶ
2044 559 2125 604 πρός
2151 572 2230 592 τινα
2253 560 2400 598 Ψάλτην

1331 599 1532 645 Ἀντιοχέας
1552 603 1667 644 Capita
1687 604 1727 634 de
1742 604 1921 635 rationibus
1925 605 2012 645 fidei
2026 616 2046 635 a
2067 607 2301 646 sapientissimo
2323 608 2402 638 Tho-

1331 655 1384 675 ma
1407 648 1580 686 composita
1604 648 1647 678 ad
1665 649 1833 688 quemdam
1857 649 2082 679 antiochenum
2109 650 2293 681 Cantor-em.
2312 651 2400 681 Idem

1330 688 1444 729 legitur
1467 690 1577 721 titulus
1609 691 1642 721 in
1676 692 1784 721 codice
1808 691 2050 723 Vindobonensi
2083 694 2169 733 apud
2197 694 2399 725 Echardum:

1330 731 1508 774 legiturque
1523 744 1599 765 vero
1614 735 1701 775 apud
1714 735 1904 774 Nesselium,
1920 746 1986 766 non
1996 737 2057 774 Ad,
2070 738 2123 768 sed
2138 738 2260 769 Contra
2270 739 2399 770 Psalten

1330 778 1575 815 antiochenum;
1601 788 1767 818 perperam
1790 779 1906 810 scilicet
1933 790 1968 810 ac
1993 780 2082 811 falsa
2110 781 2239 812 Factam
2263 783 2399 823 denique

1351 831 1475 851 raecam
1497 821 1591 852 istam
1604 822 1784 852 versionem
1803 821 1900 865 παραὶ
1914 824 2026 867 κυρίου
2047 823 2237 868 Δημητρίου
2254 826 2317 858 τοῦ
2336 826 2400 856 Ku-

1353 864 1432 905 ῶνη,
1450 876 1470 896 a
1483 866 1624 896 Domino
1637 866 1802 897 Demetrio
1819 867 1967 907 Cydonio
1989 869 2088 899 codex
2110 870 2280 901 Vaticanus
2296 871 2398 901 docet.

1397 910 1435 940 11.
1462 910 1510 940 De
1541 910 1734 950 quibusdam
1756 909 1830 940 fidei
1853 917 1979 941 nostrae
2007 912 2162 951 articulis,
2187 924 2271 954 quos
2294 914 2400 945 irride-

1329 955 1406 985 bant
1427 964 1463 984 ac
1486 953 1718 994 impugnabant
1740 954 1882 985 Saraceni
1896 977 1905 993 ‚
1921 956 2053 986 Armeni
2085 963 2116 986 et
2139 957 2260 996 Graeci,
2281 958 2401 989 Cantor

1328 999 1381 1029 ille
1404 998 1568 1038 scripserat
1591 998 1631 1028 ad
1645 998 1851 1039 Aquinatem,
1868 999 2090 1030 convenientes
2114 1007 2146 1031 et
2160 1008 2248 1041 aptas
2264 1002 2400 1032 rationes

1329 1043 1494 1083 postulans
1518 1043 1557 1072 ad
1581 1052 1647 1081 eOS,
1663 1049 1760 1082 prout
1782 1053 1838 1082 par
1862 1050 1944 1083 erat,
1969 1045 2105 1074 tuendos
2129 1051 2160 1075 et
2181 1045 2400 1077 vindicandos.

1329 1087 1438 1117 Irrisos
1461 1086 1532 1117 illos
1553 1086 1822 1127 impugnatosque
1852 1086 1925 1118 fidei
1949 1088 2097 1119 articulos
2121 1096 2261 1120 recenset
2290 1096 2400 1120 auctor

1329 1131 1430 1171 capite
1440 1138 1461 1161 1:
1481 1144 1496 1158 <x
1509 1131 1596 1161 Haec
1613 1141 1687 1171 ergo
1703 1137 1787 1169 sunt,
1798 1132 1955 1172 inquiens,
1967 1142 2050 1173 quae
2064 1139 2100 1163 ut
2113 1139 2149 1163 tu
2165 1134 2286 1172 asseris,
2297 1134 2336 1164 ab
2351 1134 2399 1164 in-

1331 1188 1346 1203 »
1368 1174 1513 1206 fidelibus
1536 1175 1766 1215 impugnantur
1793 1182 1824 1206 et
1851 1175 2028 1207 irridentur.
2048 1177 2180 1208 Irrident
2203 1178 2289 1208 enim
2312 1178 2400 1209 Sara-

1331 1232 1346 1247 »
1369 1219 1449 1258 ceni,
1466 1226 1502 1250 ut
1524 1226 1559 1250 tu
1583 1219 1677 1257 dicis,
1706 1220 1795 1260 quod
1821 1219 1984 1250 Christum
2007 1221 2071 1251 Dei
2100 1221 2219 1252 Filium
2244 1222 2399 1261 dicimus,

1331 1276 1346 1291 »
1369 1274 1444 1294 cum
1460 1264 1547 1294 Deus
1571 1273 1704 1294 uxorem
1719 1273 1786 1294 non
1809 1263 1932 1295 habeat.
1949 1264 1990 1295 Et
2005 1271 2152 1305 reputant
2175 1275 2234 1296 nos
2257 1266 2397 1305 insanos,

1332 1320 1346 1336 x·
1369 1308 1459 1348 quod
1487 1313 1552 1338 tres
1574 1308 1736 1339 Personas
1758 1308 1949 1349 confitemur
1973 1309 2006 1339 in
2029 1309 2118 1347 Deo,
2139 1309 2235 1340 etiam
2258 1320 2314 1350 per
2338 1310 2400 1341 hoc

1331 1365 1346 1380 »
1369 1352 1581 1383 existimantes
1604 1362 1663 1382 nos
1684 1358 1745 1382 tres
1760 1352 1845 1382 Deos
1862 1352 2011 1392 profiteri.
2030 1353 2162 1384 Irrident
2190 1354 2286 1384 etiam
2311 1354 2401 1395 quod

1332 1409 1347 1423 ι
1372 1396 1534 1427 Christum
1558 1396 1622 1427 Dei
1642 1396 1762 1426 Filium
1783 1406 1845 1436 pro
1875 1397 1981 1427 salute
2002 1397 2137 1428 humani
2163 1400 2295 1439 generis
2321 1399 2400 1430 dici-

1332 1453 1346 1467 »
1370 1449 1441 1470 mus
1463 1440 1689 1481 crucifixum...
1707 1440 1928 1481 Improperant
1943 1441 2038 1472 etiam
2057 1441 2243 1473 Christianis
2262 1443 2352 1483 quod
2367 1443 2400 1473 in

1332 1497 1347 1511 ι»
1370 1484 1470 1514 altari
1493 1484 1662 1515 comedunt
1684 1485 1789 1515 Deum
1813 1493 1930 1523 suum,·
1948 1492 1979 1516 et
2001 1486 2091 1526 quod
2110 1485 2238 1527 Corpus
2262 1486 2400 1525 Christi,

1332 1540 1347 1555 1·
1370 1527 1395 1558 si
1419 1534 1500 1558 esset
1522 1527 1566 1558 ita
1588 1538 1742 1568 magnum
1765 1528 1847 1559 sicut
1869 1539 1975 1567 mons,
1991 1529 2056 1559 iam
2079 1530 2206 1561 deberet
2235 1540 2302 1561 esse
2325 1540 2400 1562 con-

1333 1585 1347 1599 »
1370 1578 1547 1612 sumptum.
1565 1571 1656 1602 Circa
1672 1578 1790 1602 statum
1812 1583 1888 1603 vero
1907 1573 2087 1604 animarum
2109 1581 2183 1614 post
2201 1581 2340 1605 mortem
2353 1584 2401 1605 as-

1332 1629 1347 1644 ›
1370 1616 1444 1646 seris
1468 1626 1569 1646 errare
1591 1615 1730 1646 Graecos
1753 1622 1784 1647 et
1807 1618 1966 1647 Armenos
1989 1617 2127 1648 dicentes
2153 1619 2243 1659 quod
2272 1619 2402 1650 animae

1333 1673 1347 1688 »
1363 1666 1439 1700 post
1462 1665 1595 1691 mortem
1620 1670 1721 1700 usque
1743 1660 1787 1691 ad
1809 1661 1891 1691 diem
1916 1661 2027 1692 iudicii
2050 1671 2109 1692 nec
2126 1663 2322 1702 puniuntur,
2343 1671 2402 1694 nec

1333 1717 1347 1733 »
1363 1705 1594 1744 praemiantur
1600 1712 1613 1742 ;
1631 1704 1686 1735 sed
1703 1711 1777 1735 sunt
1793 1705 1883 1745 quasi
1906 1705 1940 1735 in
1959 1712 2134 1746 sequestro,
2150 1706 2225 1747 quia
2249 1716 2306 1737 nec
2325 1715 2402 1747 poe-

1333 1762 1347 1776 »
1369 1758 1445 1778 nam
1468 1758 1526 1779 nec
1549 1748 1728 1789 praemium
1751 1749 1867 1779 debent
1882 1749 1995 1780 habere
2020 1749 2087 1780 sine
2110 1760 2288 1791 corpore....
2309 1749 2402 1782 Circa

1333 1805 1347 1820 2
1369 1792 1521 1823 meritum
1542 1802 1630 1831 vero,
1651 1793 1740 1833 quod
1764 1802 1801 1823 ex
1824 1793 1923 1824 libero
1948 1793 2075 1824 arbitrio
2099 1794 2267 1834 dependet,
2291 1795 2402 1825 asseris

1332 1849 1348 1865 »
1370 1843 1437 1867 tam
1459 1836 1647 1875 Saracenos,
1664 1847 1763 1878 quam
1786 1837 1929 1868 nationes
1953 1837 2028 1868 alias
2045 1839 2263 1869 necessitatem
2280 1839 2404 1870 actibus

1333 1894 1348 1909 »
1370 1882 1521 1912 humanis
1544 1882 1707 1921 imponere
1723 1891 1765 1911 ex
1781 1883 2000 1922 praescientia
2023 1883 2074 1912 vel
2097 1882 2302 1914 ordinatione
2323 1883 2403 1915 divi-

1333 1938 1347 1952 »
1371 1935 1447 1956 na...
1465 1925 1568 1965 Super
1590 1925 1707 1966 quibus
1723 1925 1803 1965 petis
1827 1925 1964 1956 rationes
1987 1926 2123 1957 morales
2147 1933 2178 1957 et
2204 1927 2403 1968 philosophi-

1333 1982 1348 1997 »
1371 1979 1433 2007 cas,
1450 1979 1529 2010 quas
1545 1969 1690 2000 Saraceni
1707 1969 1871 2010 recipiunt.
1892 1982 1906 1997 »
1926 1970 1974 2000 Ex
1990 1969 2039 2000 his
2057 1971 2164 2011 palam
2188 1978 2403 2012 compertum-

1330 2023 1394 2054 que
1416 2013 1462 2052 fit,
1479 2023 1576 2044 suum
1599 2014 1638 2044 ab
1661 2013 1820 2054 Aquinate
1843 2014 1997 2054 scriptum
2020 2014 2225 2055 Opusculum
2247 2015 2292 2046 ad
2317 2015 2403 2046 Can-

1330 2063 1431 2089 torem
1455 2058 1692 2095 antiochenum,
1717 2067 1784 2088 non
1807 2063 1921 2089 contra
1943 2058 2061 2098 ipsum.

1398 2102 1517 2133 Decem
1533 2101 1688 2142 capitibus
1710 2101 1835 2132 libellus
1858 2101 2050 2141 absolvitur,
2074 2102 2191 2143 quibus
2214 2102 2356 2134 morales
2373 2109 2404 2135 et

1324 2146 1565 2187 philosophicae
1592 2146 1773 2186 aptissimae
1800 2146 1938 2177 rationes
1970 2146 2170 2177 instruuntur
2199 2147 2240 2177 ad
2262 2146 2404 2179 infidele·

1331 2190 1552 2228 revincendos,
1568 2190 1624 2231 qui
1640 2190 1781 2220 humana
1803 2190 1925 2221 ratione
1941 2190 2022 2221 duce
2045 2200 2082 2222 ac
2105 2200 2259 2222 sensuum
2282 2191 2405 2232 praeiu-

1331 2234 1414 2265 dicio
1439 2234 1521 2275 capti
1542 2234 1711 2265 irridebant
1733 2240 1763 2265 et
1785 2234 2017 2275 impugnabant
2032 2234 2106 2265 fidei
2129 2234 2314 2266 christianae
2335 2245 2405 2278 my-

1331 2278 1432 2310 steria.
1448 2279 1516 2309 Nae
1532 2279 1724 2310 derisibilem
1742 2278 1856 2319 inquit,
1873 2279 1974 2319 capite
1989 2288 2045 2318 m,
2062 2280 2244 2310 irrisionem
2261 2289 2326 2321 qua
2347 2289 2406 2312 nos

1332 2323 1480 2361 irrident,
1505 2323 1591 2364 quod
1607 2324 1761 2363 ponimus
1787 2323 1950 2354 Christum
1973 2323 2094 2354 Filium
2125 2324 2189 2354 Dei
2211 2325 2286 2362 vivi,
2311 2325 2407 2366 quasi

1331 2368 1421 2398 Deus
1436 2377 1570 2398 uxorem
1586 2367 1746 2398 habuerit:
1755 2377 1827 2398 cum
1843 2368 1927 2398 enim
1943 2368 2094 2399 carnales
2105 2369 2182 2406 sint,
2195 2377 2258 2399 non
2267 2374 2407 2409 possunt

1332 2412 1395 2443 nisi
1418 2421 1474 2450 ea,
1492 2421 1576 2452 quae
1597 2417 1674 2442 sunt
1697 2412 1807 2442 carnis
1830 2417 1860 2442 et
1882 2412 2056 2453 sanguinis
2083 2413 2238 2453 cogitare.
2266 2412 2407 2450 Quilibet

1331 2461 1439 2487 autem
1462 2457 1592 2496 sapiens
1615 2455 1822 2486 considerare
1838 2461 1956 2496 potest,
1976 2456 2062 2497 quod
2085 2466 2148 2487 non
2173 2461 2220 2487 est
2242 2456 2324 2487 idem
2347 2454 2405 2498 ge-

1333 2501 1511 2531 nerationis
1533 2500 1647 2531 modus
1670 2501 1702 2530 in
1727 2500 1874 2531 omnibus
1896 2500 2001 2531 rebus.
2018 2500 2107 2531 Tum
2130 2510 2205 2531 vero
2228 2501 2404 2541 generatio-

1332 2555 1425 2582 nem,
1441 2545 1567 2575 Patrem
1587 2551 1618 2575 et
1641 2544 1760 2574 Filium
1782 2544 1815 2574 in
1839 2543 1953 2574 divinis
1977 2554 2014 2575 ex
2037 2554 2076 2575 eo
2101 2555 2159 2585 pro
2188 2545 2323 2576 modulo
2347 2554 2407 2576 no-

1333 2595 1398 2619 stro
1415 2588 1555 2628 exponit,
1572 2588 1658 2629 quod
1674 2589 1820 2619 convenit
1835 2588 2046 2619 intellectuali
2069 2594 2218 2620 naturae.
2235 2589 2280 2620 Et
2294 2598 2405 2630 quam-

1334 2633 1382 2663 vis
1405 2633 1584 2663 intellectus
1607 2637 1726 2669 noster,
1744 2631 1858 2673 inquit,
1875 2632 1916 2662 ab
1939 2633 2102 2663 intellectu
2125 2632 2236 2663 divino
2258 2633 2407 2674 ἄιε-ῥαίσῃ·

1334 2685 1397 2706 ηοη
1416 2685 1591 2716 possumus
1615 2682 1720 2706 tamen
1738 2676 1834 2706 aliter
1857 2676 1945 2716 loqui
1959 2676 2000 2706 de
2022 2676 2185 2706 intellectu
2205 2677 2326 2715 divino,
2343 2677 2407 2708 nisi

1333 2720 1509 2750 secundum
1532 2720 1773 2750 similitudinem
1798 2729 1920 2756 eorum,
1944 2729 2028 2760 quae
2051 2721 2084 2750 in
2108 2721 2271 2751 intellectu
2295 2725 2405 2751 nostro

1335 2764 1526 2794 invenimus.
1543 2763 1766 2794 Similitudinis
1789 2769 1948 2803 respectus
1972 2773 2096 2802 omnes,
2113 2763 2169 2805 qui
2193 2764 2404 2804 conveniunt,

1336 2807 1458 2847 egregie
1481 2807 1633 2838 declarat:
1654 2816 1775 2848 quaeve
1798 2807 1917 2845 insunt,
1934 2807 2115 2838 discrimina
2130 2807 2295 2848 patefacit:
2315 2818 2352 2840 ac
2368 2808 2405 2839 il-

1335 2851 1392 2882 lud
1415 2861 1512 2882 omne
1535 2851 1625 2892 quod
1648 2851 1822 2882 absurdum
1845 2857 1876 2882 et
1899 2851 2069 2882 ridiculum
2092 2851 2192 2891 foret,
2218 2853 2257 2883 ab
2281 2858 2406 2884 aeterna

1335 2895 1368 2925 in
1392 2895 1505 2926 divinis
1527 2895 1728 2935 generatione
1751 2901 1903 2926 removet.

1402 2939 1483 2970 Data
1506 2939 1620 2970 mentis
1636 2939 1756 2970 unione
1779 2946 1810 2970 et
1829 2939 1982 2980 corporis,
1998 2949 2097 2980 quam
2113 2939 2257 2971 Saraceni
2276 2950 2343 2971 non
2359 2941 2406 2972 in-

1335 2982 1531 3022 ficiabantur,
1548 2983 1588 3014 ad
1604 2993 1707 3014 unum
1730 2982 1932 3014 efficiendum
1950 2983 2127 3022 hominem,
2144 2985 2285 3025 adsurgit
2306 2984 2407 3027 Aqui·

1335 3037 1391 3058 nas
1414 3027 1455 3058 ad
1478 3037 1549 3058 eam
1572 3027 1727 3068 probabili
1743 3027 1864 3059 ratione
1887 3027 2151 3059 manifestandam
2167 3028 2227 3060 Dei
2251 3029 2419 3060 unionem'

1335 3081 1410 3103 cum
1433 3078 1544 3102 natura
1560 3071 1710 3110 humana,
1727 3082 1826 3113 quam
1848 3071 1881 3102 in
1898 3082 1964 3103 uno
1982 3072 2051 3103 Iesu
2068 3072 2196 3104 Christo
2218 3073 2407 3104 credendam

1334 3115 1486 3156 proponit
1500 3115 1578 3146 fides
1594 3115 1777 3147 christiana:
1794 3116 1884 3147 Sicut
1896 3117 2076 3157 spiritualis
2095 3122 2215 3148 natura
2239 3115 2407 3160 (inquiens

1334 3159 1435 3200 capite
1459 3158 1513 3202 νι)
1530 3161 1643 3191 unitur
1665 3161 1794 3201 corpori
1810 3170 1874 3200 per
1896 3160 2075 3202 efficaciam
2105 3162 2234 3192 virtutis
2261 3161 2336 3200 Dei;
2361 3162 2406 3192 ita

1334 3209 1365 3235 et
1386 3204 1478 3235 Deus
1494 3209 1601 3244 potest
1624 3205 1713 3235 uniri
1735 3210 1800 3235 tam
1823 3205 1988 3244 spirituali
2010 3215 2106 3246 quam
2126 3206 2289 3246 corporali
2311 3209 2404 3236 natu-

1334 3258 1393 3279 rae
1399 3255 1413 3286 ;
1431 3253 1461 3279 et
1490 3248 1665 3279 secundum
1694 3249 1780 3280 hunc
1807 3249 1936 3279 modum
1966 3249 2103 3280 dicimus
2130 3249 2237 3280 Deum
2268 3254 2407 3280 naturae

1333 3293 1496 3323 humanae
1517 3292 1628 3333 fuisse
1651 3294 1787 3324 unitum.
1814 3293 1934 3324 Faverit
1956 3293 2088 3334 quidem
2120 3293 2212 3334 plura
2243 3293 2342 3324 hocce
2371 3292 2405 3323 in

1334 3336 1449 3367 mentis
1473 3346 1643 3377 congressu
1661 3347 1735 3368 cum
1751 3346 1895 3377 corpore,
1913 3347 1995 3378 quae
2011 3337 2241 3378 elegantissime
2259 3336 2404 3368 instituto

1335 3381 1556 3412 accommodat
1579 3387 1705 3412 sanctus
1728 3381 1871 3412 Doctor:
1889 3381 2050 3423 simulque
2080 3387 2259 3422 praecavet,
2283 3389 2324 3411 ne
2347 3389 2406 3411 no-

1335 3431 1435 3464 ceant,
1452 3435 1534 3466 quae
1548 3435 1622 3456 sane
1640 3425 1812 3457 dissonant.
1829 3426 1957 3457 Veteres
1978 3426 2084 3457 Patres
2106 3431 2309 3465 recentesque
2333 3423 2404 3455 scri-

1334 3476 1441 3510 ptores
1473 3469 1588 3500 eodem
1620 3469 1669 3500 usi
1708 3476 1783 3501 sunt
1814 3470 1978 3510 exemplo:
2007 3470 2150 3510 nihilque
2187 3468 2266 3499 olim
2294 3467 2405 3499 latiore

1335 3523 1480 3544 sermone
1510 3521 1564 3544 aut
1588 3513 1691 3554 plenis
1721 3514 1992 3545 dissertationibus
2016 3520 2128 3554 postea
2151 3512 2291 3550 dictum,
2315 3512 2404 3552 quod

1334 3558 1443 3599 paucis
1467 3558 1505 3588 ab
1526 3557 1684 3599 Aquinate
1707 3568 1774 3588 non
1790 3557 1884 3589 fuerit
1907 3565 1962 3589 aut
1985 3566 2168 3598 expressum
2198 3562 2252 3586 aut
2275 3565 2404 3596 praeoc-

1335 3609 1498 3643 cupatum.
1515 3602 1588 3639 Qua
1604 3601 1708 3642 posita
1723 3602 1876 3640 doctrina,
1892 3602 1972 3632 satis
1994 3610 2153 3641 apparere
2166 3605 2282 3640 potest,
2301 3600 2405 3640 inquit

1335 3645 1386 3676 ille
1411 3646 1511 3686 capite
1534 3655 1589 3683 vu,
1613 3646 1677 3676 iam
1702 3645 1782 3676 nihil
1811 3646 2037 3676 inconveniens
2062 3645 2153 3685 sequi
2175 3653 2218 3674 ex
2241 3653 2292 3682 eo,
2319 3644 2404 3685 quod
