2548 4192
244 293 337 318 Lxxx

248 375 262 389 »
285 362 344 392 bus
366 360 602 391 advenientibus
627 359 764 396 victum,
782 357 821 387 de
840 366 905 396 quo
921 353 1090 385 commode
1111 351 1164 381 illa
1179 351 1228 380 die
1248 360 1304 390 po-

246 419 260 433 »
282 412 383 436 terant
399 404 573 436 sustentari.
590 403 688 434 Omni
707 411 815 432 mense
834 399 997 429 maritabat
1015 406 1112 427 unam
1132 404 1304 434 pauperem

243 463 258 477 2>
281 450 514 490 orphanellam,
544 446 730 486 cui-viginti
759 445 896 475 florenos
924 442 962 472 ad
990 441 1096 489 minus
1125 440 1217 469 dabat
1245 447 1303 477 pro

241 507 255 521 »
279 494 362 524 dote.
380 494 414 523 In
435 493 495 523 illis
514 491 653 532 partibus
672 490 790 520 multos
811 487 949 527 captivos
965 485 1160 515 Christianos
1180 483 1218 512 de
1237 492 1303 511 ma-

242 551 255 565 »
278 538 370 568 nibus
386 538 613 568 Saracenorum
633 533 773 570 redemit,
789 533 820 562 in
841 530 956 571 quibus
975 537 1123 567 magnam
1142 535 1303 576 summam

242 595 256 609 »
279 581 429 622 pecuniae
463 579 616 619 expendit.
650 578 820 608 Saracenos
849 574 990 610 emebat,
1017 571 1131 612 quibus
1151 580 1217 620 ipse
1234 569 1301 619 fre?

243 639 257 654 s
280 633 412 666 quenter
426 634 480 664 per
493 623 674 662 interpretes
690 619 898 660 praedicabat:
916 624 945 647 et
955 617 980 646 si
995 616 1049 656 qui
1066 616 1301 664 forte-inspiran

244 683 257 697 2>
281 680 299 699 a
321 670 389 700 Deo
421 668 552 698 verbum
582 665 768 704 reciperent,
789 672 863 692 cum
893 661 992 691 multa
1023 660 1220 689 solemmtate
1247 667 1301 687 eos

245 726 259 741 »
282 714 411 743 faciebat
428 712 460 741 in
479 710 590 740 maiori
617 708 745 739 ecclesia
763 705 927 746 baptizari;
948 704 1059 734 deinde
1079 703 1227 733 reddebat
1246 711 1300 731 eos

245 770 258 784 »
280 756 410 787 libertati
440 762 470 785 et
492 753 599 784 multis
623 752 739 782 ditabat
761 750 862 780 bonis.
891 748 992 779 Cuius
1019 754 1158 777 sanctam
1182 745 1300 795 famam

244 813 258 828 »
280 801 434 831 Soldanus
448 797 638 838 Babyloniae
658 795 798 832 audiens,
819 794 875 824 sibi
895 791 1094 822 honorabiles
1111 790 1226 820 litteras
1242 799 1299 819 nn-

242 857 256 871 »
279 845 331 875 sit:
351 843 430 873 inter
452 842 511 871 alia
530 841 675 878 scribens,
696 839 783 880 quod
807 838 864 868 sibi
884 837 1018 877 placeret
1037 845 1132 866 suum
1151 835 1299 873 Regnum

241 901 255 916 »
279 886 480 929 personaliter
507 885 644 921 visitare,
669 884 743 924 quia
771 883 837 913 eius
867 881 978 911 sanctis
1008 880 1156 920 operibus
1182 887 1298 918 provo-

241 945 254 960 »
277 939 374 969 catus,
388 931 513 960 volebat
536 929 691 970 quaedam
714 934 854 964 tractare,
870 936 950 966 quae
974 931 1061 954 erant
1083 924 1122 953 ad
1148 932 1297 972 magnam

240 989 254 1004 »
277 975 495 1007 exaltationem
518 974 590 1004 fidei
612 972 808 1003 christianae:
829 970 917 1011 quod
932 976 962 999 et
977 969 1098 999 fecisset
1112 967 1170 997 nisi
1189 966 1298 1016 fu1sset

239 1033 253 1048 »
275 1030 331 1061 per
353 1029 428 1050 suos
452 1018 634 1058 Superiores
657 1016 835 1056 impeditus.
864 1015 912 1044 De
936 1013 1128 1043 ornamentis
1155 1011 1296 1061 ecclesra-

239 1077 252 1091 ²>
276 1074 359 1102 rum,
374 1073 455 1104 quae
474 1062 601 1093 diversis
617 1060 745 1091 donavit
767 1059 912 1094 ecclesiis,
928 1058 1005 1098 quid
1021 1057 1133 1093 dicam,
1150 1062 1205 1085 aut
1218 1055 1295 1095 quid

239 1121 252 1135 2>
275 1105 424 1139 referam?
442 1107 577 1137 maxime
607 1105 812 1136 conventibus
832 1102 959 1134 Ordinis
983 1101 1048 1139 sui,
1068 1111 1142 1131 cum
1164 1109 1294 1150 omnern

238 1165 252 1179 »
275 1153 423 1183 excedant
445 1161 624 1182 numerum.
649 1150 731 1179 Nam
754 1148 805 1178 vix
828 1147 887 1177 fuit
910 1156 1043 1185 magnus
1068 1151 1243 1176 conventus
1262 1154 1293 1174 m

237 1209 251 1224 »
275 1197 403 1233 Ordine,
427 1205 523 1236 quem
547 1195 653 1235 aliquo
677 1193 814 1234 pretioso
838 1191 928 1222 iocali
952 1200 1017 1220 non
1042 1189 1206 1226 dotaverit,
1229 1199 1294 1219 ma-

237 1253 252 1269 »
273 1233 356 1272 xime
384 1246 575 1270 conventum
603 1237 855 1274 Bononiensem,
888 1245 985 1277 quem
1018 1235 1060 1264 ob
1088 1233 1294 1264 reverentiam

237 1298 251 1312 »
274 1287 304 1316 b.
319 1284 478 1315 Dominici
492 1283 598 1314 multis
613 1281 820 1322 eleemosynis
835 1279 1018 1311 sustentavit
1034 1286 1064 1309 et
1082 1278 1190 1309 multis
1210 1278 1293 1309 ioca-

236 1342 251 1357 »
272 1330 354 1360 libus
365 1328 495 1358 ornavit.
511 1329 695 1367 Numquam
706 1326 794 1357 Ordo
809 1325 915 1356 Praed.
927 1324 1037 1354 habuit
1051 1324 1228 1354 Praelatum
1240 1333 1293 1353 cu-

235 1387 250 1401 »
272 1374 460 1413 iuscumque
475 1379 582 1408 status,
591 1371 645 1412 qui
660 1378 707 1402 tot
721 1372 804 1401 bona
818 1370 929 1401 Ordini
947 1368 1069 1399 faceret.
1085 1369 1233 1398 Mortuus
1248 1374 1295 1398 est

235 1431 250 1446 »
273 1424 378 1448 autem
392 1417 424 1446 in
438 1418 540 1448 insula
554 1415 650 1458 Cypri
665 1425 750 1446 anno
762 1415 894 1445 Domini
913 1416 993 1445 1322
1010 1413 1123 1443 ultima
1137 1413 1190 1443 die
1204 1413 1294 1443 Iulii:

235 1476 249 1491 ›
272 1463 310 1493 ad
321 1461 410 1492 cuius
419 1462 581 1493 tumulum
591 1461 682 1491 multi
697 1459 823 1490 diversis
833 1457 1066 1490 infirmitatibus
1076 1465 1151 1488 sunt
1160 1457 1289 1488 curati.»

298 1505 503 1538 Oscitantiam
536 1505 653 1545 corrige
677 1503 872 1544 exscriptoris
900 1514 935 1534 ac
958 1503 1044 1542 lege,
1071 1512 1158 1533 anno
1181 1502 1292 1532 Domi·

231 1553 266 1582 ni
287 1551 378 1581 1332.
402 1551 563 1591 Siquidem
582 1550 733 1580 Ioannem
752 1548 790 1578 ad
810 1547 925 1578 infulas
945 1548 1073 1578 Pisanas
1094 1557 1180 1578 anno
1210 1557 1291 1587 ¹299

231 1595 330 1627 evexit
338 1595 516 1626 Bonifacius
527 1601 665 1624 octavus.
680 1593 805 1623 Bullam
820 1592 981 1623 electionis
996 1593 1088 1623 refert
1102 1592 1292 1624 clarissimus

229 1639 410 1671 Antoninus
432 1638 590 1670 Bremond
610 1636 662 1680 (de
681 1647 746 1678 quo
766 1637 916 1677 Magistro
936 1637 1080 1668 Generali
1105 1647 1189 1668 anno
1210 1638 1291 1680 1748

229 1685 279 1715 die
298 1694 307 1714 1
327 1683 405 1714 iunii
424 1684 521 1714 electo
555 1683 718 1713 universus
737 1682 993 1713 Praedicatorum
1010 1682 1100 1714 Ordo
1119 1683 1292 1722 gratulatus

228 1726 291 1770 est)
310 1728 342 1757 in
360 1728 508 1759 Bullario
525 1728 748 1764 Dominicano,
769 1726 875 1757 datam
890 1737 921 1757 tv
937 1727 1010 1758 idus
1027 1727 1198 1768 februarii
1210 1729 1292 1759 Pon-

229 1773 367 1814 tificatus
389 1773 501 1803 Nostri
517 1782 604 1802 anno
622 1772 741 1812 quinto.
763 1771 825 1802 Sed
848 1771 956 1811 ipsum
980 1773 1117 1813 triginta
1142 1773 1239 1803 annis
1262 1779 1293 1805 et

229 1818 314 1848 ultra
325 1817 479 1847 Ecclesiae
494 1816 633 1856 primum
644 1815 784 1851 Pisanae‚
794 1815 908 1847 deinde
921 1816 1097 1847 Nicosiensi
1108 1817 1291 1857 praefuisse,

228 1868 356 1893 testatur
374 1868 483 1892 auctor
501 1860 669 1901 superioris
689 1860 799 1900 elogii:
823 1861 968 1902 adeoque
982 1861 1079 1892 vitam
1098 1861 1191 1892 illum
1210 1863 1291 1894 ultra

227 1916 346 1936 annum
367 1906 446 1945 1329
462 1905 661 1945 produxisse,
681 1911 803 1935 certum
822 1912 869 1935 est
887 1912 1163 1948 compertumque.
1180 1908 1291 1939 loanni

226 1960 300 1981 vero
324 1950 356 1980 in
380 1950 523 1980 eamdem
551 1949 664 1980 Sedem
682 1949 901 1980 Nicosiensem
929 1950 1097 1981 suffectum
1125 1952 1228 1983 Eliam
1252 1953 1291 1984 de

226 1994 396 2025 Nabinallis
426 2001 527 2024 narrat
546 1994 724 2032 Wadingus
753 1994 792 2024 ad
812 1994 967 2025 'eumdem
995 2005 1117 2026 annum
1147 1998 1228 2028 1332
1249 1998 1290 2029 ci-

226 2046 332 2080 tatque
354 2039 479 2069 Bullam
499 2038 623 2068 loannis
642 2038 728 2068 XXII
748 2048 830 2079 quae
853 2038 978 2080 incipit,
1004 2040 1162 2072 Militanti
1180 2042 1290 2074 Eccle—

223 2085 301 2120 siae,
322 2083 426 2113 datam
444 2093 494 2113 xV1
513 2083 577 2113 kal.
594 2083 783 2120 decembris,
810 2083 894 2114 unde
914 2084 1067 2115 loannem
1084 2093 1231 2117 nostrum
1250 2088 1290 2118 ad

224 2137 343 2158 annum
364 2128 442 2158 1332
466 2127 625 2168 pertigisse
650 2127 722 2158 satis
742 2127 917 2159 conficitur.
942 2129 1028 2159 Haec
1047 2139 1122 2160 vero
1146 2131 1202 2172 qui
1217 2132 1289 2162 scri—

223 2172 315 2202 bebat
337 2178 461 2213 auctor,
490 2178 563 2212 post
585 2172 735 2202 eumdem
758 2182 880 2203 annum
903 2173 1002 2204 vitam
1022 2175 1147 2213 agebat:
1168 2175 1289 2216 ipsum-

221 2226 284 2257 que
302 2226 376 2247 cum
395 2217 511 2247 Ioanne
531 2216 705 2247 Nicosiensi
725 2217 901 2248 constitisse
922 2217 955 2248 in
974 2218 1078 2249 insula
1092 2219 1202 2261 Cypro
1231 2221 1288 2252 du-

220 2261 316 2291 bitare
331 2271 396 2291 non
411 2261 518 2292 sinunt
531 2262 624 2291 verba
639 2261 702 2298 illa,
718 2262 774 2292 Me
792 2262 954 2300 audiente,
971 2272 1021 2294 me
1037 2273 1139 2304 cappa
1148 2267 1288 2306 propria

221 2305 379 2345 expoliari
406 2306 506 2336 iussit.
528 2306 562 2335 ln
588 2305 874 2337 constitutionibus
897 2307 1013 2345 citatis,
1038 2318 1056 2338 a
1081 2308 1198 2341 Ioanne
1227 2321 1287 2352 pro

221 2349 341 2379 insulae
364 2349 446 2380 clero
474 2349 543 2380 latis
573 2360 657 2381 anno
687 2351 768 2381 1320
797 2351 952 2392 editisque
975 2351 1057 2383 inter
1080 2355 1158 2384 Acta
1182 2356 1286 2386 conci-

221 2393 349 2429 liorum,
367 2394 498 2425 nomina
515 2402 684 2425 occurrunt
702 2395 941 2437 Religiosorum
970 2398 1114 2428 virorum
1130 2398 1284 2438 fratrum

220 2437 385 2469 Benedicti
407 2438 446 2468 de
467 2439 582 2479 Burgo
607 2449 632 2470 s.
653 2439 821 2480 Sepulchri
844 2445 875 2471 et
898 2441 1008 2472 Iacobi
1030 2442 1070 2472 de
1099 2442 1287 2476 Urbeveteri

225 2481 356 2513 Ordinis
373 2482 524 2523 fratrum
544 2484 805 2515 Praedicatorum
829 2486 988 2516 sociorum
1007 2486 1130 2517 domini
1151 2489 1283 2520 Archia-

212 2527 346 2566 piscopi.
367 2529 417 2557 An
441 2537 515 2566 ergo
535 2537 571 2558 ex
590 2528 638 2558 his
657 2528 732 2559 alter
751 2529 854 2567 fuerit,
870 2530 924 2570 qui
946 2530 1071 2561 loannis
1090 2532 1284 2565 Nicosiensis

218 2570 358 2610 elogium
391 2570 638 2602 concinnaverit?
662 2573 809 2604 Divinare
838 2574 949 2605 nolim.
971 2575 1104 2608 Certum
1132 2588 1207 2609 vero
1232 2579 1282 2616 sit,

218 2621 249 2645 et
267 2615 400 2645 omnino
419 2623 629 2656 compertum,
644 2617 759 2648 librum
779 2618 819 2649 de
842 2619 925 2650 Viris
941 2621 1130 2660 illustribus,
1147 2622 1172 2653 si
1192 2623 1283 2654 Ioan-

216 2668 290 2689 nem
314 2659 352 2690 de
376 2659 536 2691 Columna
565 2668 724 2692 auctorem
750 2662 876 2700 habeat,
904 2665 1124 2697 additamentis
1153 2674 1283 2699 auctum

216 2703 312 2734 fuisse
335 2704 373 2734 ab
397 2704 504 2745 aliquo
528 2705 695 2745 scriptore,
719 2707 774 2747 qui
799 2707 944 2748 sequiore
968 2709 1099 2742 florebat
1122 2719 1231 2744 aetate.

283 2750 464 2789 Antequam
488 2749 526 2780 de
550 2750 655 2780 tabula
678 2751 822 2782 subduco
846 2762 994 2792 manum,
1024 2755 1056 2786 in
1084 2756 1189 2787 virum
1213 2768 1282 2798 spe-

219 2792 425 2823 ctatissimum
446 2794 596 2824 loannem
614 2795 831 2827 Nicosiensem
846 2797 936 2829 liceat
955 2800 1063 2839 paullo
1083 2801 1283 2833 attentiorem

219 2836 312 2875 figere
336 2838 494 2868 obtutum.
522 2839 616 2869 Hunc
635 2839 667 2869 in
689 2840 855 2881 Episcopis
873 2842 993 2874 Pisanis
1016 2852 1108 2876 vocat
1130 2845 1283 2885 Ughellus

222 2881 375 2912 Ioannem
395 2882 435 2912 de
452 2883 716 2921 Provincialibus,
732 2895 788 2916 seu
807 2886 848 2916 de
864 2886 1028 2919 Caietanis
1048 2890 1214 2928 nobilibus,
1230 2893 1282 2932 pi-

219 2936 346 2963 sanum,
368 2936 459 2966 quem
483 2927 542 2957 alii
563 2927 603 2958 cle
625 2928 702 2959 Polo
724 2930 897 2969 appellant.
918 2933 1014 2973 Apud
1034 2933 1214 2966 Echardum
1238 2935 1284 2966 di-

222 2970 301 3000 citur
329 2976 474 3001 etruscus
502 2973 613 3011 patria
643 2978 674 3003 et
703 2973 904 3014 professione
931 2978 1069 3017 pisanus
1080 2985 1093 3015 ;
1122 2989 1157 3010 ac
1190 2980 1285 3011 verba

221 3014 380 3044 Laurentii
404 3015 537 3052 Pignon,
558 3016 637 3046 inter
659 3017 743 3048 viros
768 3018 917 3058 dignitate
943 3022 1133 3062 conspicuos
1153 3034 1283 3055 enume-

222 3058 316 3088 rantis
342 3058 395 3098 fr.
421 3059 574 3090 Ioannem
600 3061 780 3092 Romanum
810 3064 1088 3106 Archiepiscopum
1118 3068 1283 3100 Nicosien-

192 3110 194 3112 '
221 3112 303 3138 sem,
327 3102 369 3132 ita
392 3103 602 3143 accipiuntur,
627 3112 662 3135 ut
684 3105 751 3146 ipse
774 3107 876 3138 dictus
900 3109 993 3141 fuerit
1012 3111 1194 3150 Romanus,
1220 3123 1283 3144 non

214 3147 338 3187 patria,
353 3147 410 3177 sed
427 3148 511 3187 quod
529 3154 608 3179 esset
622 3150 788 3181 Romanae
807 3152 997 3184 Provinciae
1015 3156 1176 3188 alumnus.
1195 3158 1284 3188 Non—

221 3190 299 3220 nulli
324 3191 458 3230 denique
481 3199 571 3229 sunt,
595 3193 710 3233 quibus
735 3195 886 3226 Ioannem
910 3198 949 3228 de
972 3198 1133 3231 Columna
1157 3201 1284 3233 Archie-

180 3242 183 3244 ’
220 3234 389 3275 piscopum
404 3236 635 3267 Messanensem
651 3238 689 3268 ad
700 3239 813 3269 Sedem
829 3241 946 3280 placuit
954 3243 1171 3275 Nicosiensem
1186 3253 1284 3277 trans-

221 3278 309 3309 ferre.
330 3281 372 3310 At
395 3287 497 3310 narrat
519 3281 687 3321 superioris
716 3283 808 3322 elogii
833 3285 979 3325 scriptor,
1004 3298 1046 3318 ex
1073 3289 1163 3320 clara
1190 3290 1284 3321 Inno-

221 3323 313 3353 centii
334 3323 373 3353 Ill
391 3325 557 3364 prosapia,
578 3335 658 3365 quae
677 3326 801 3358 Domus
823 3328 980 3361 Comitum
996 3332 1077 3363 dicta
1092 3340 1148 3369 est,
1164 3334 1285 3366 Romae

221 3368 378 3408 originem
394 3369 533 3399 traxisse
547 3369 698 3400 Ioannem
713 3371 883 3414 ipsumque
898 3375 1091 3415 appellatum
1107 3387 1173 3408 esse
1188 3379 1284 3410 Ioan-

221 3421 291 3441 nem
313 3412 352 3442 de
373 3412 507 3444 Comite:
528 3423 594 3454 quo
613 3414 719 3454 ipsum
739 3416 833 3447 etiam
853 3420 1044 3456 cognomine
1063 3430 1284 3463 nuncupatum

220 3455 353 3493 legimus
379 3456 410 3486 in
431 3457 559 3488 historia
581 3458 705 3497 Regum
729 3470 765 3490 ex
786 3469 878 3500 gente
893 3463 1074 3502 Lusignana
1097 3467 1182 3506 apud
1197 3467 1284 3498 Hen-

221 3498 320 3529 ricum
342 3500 457 3536 Giblet,
481 3511 535 3532 seu
561 3502 711 3534 Ioannem
735 3505 937 3537 Franciscum
962 3509 1187 3544 Lauretanum.
1209 3511 1283 3542 Οἰο-

223 3545 320 3573 ναηηί
347 3544 400 3574 del
416 3544 516 3576 Conte
537 3546 746 3578 Arcivescovo
769 3549 803 3579 di
828 3550 935 3591 Cipro.
955 3552 1046 3584 Bulla
1068 3561 1150 3585 extat
1173 3555 1282 3586 Caele-

223 3585 295 3616 stini
310 3587 419 3618 Vdata
433 3598 519 3619 anno
548 3599 629 3629 ¹294
645 3591 697 3622 die
723 3602 732 3622 1
757 3595 942 3634 septembris
963 3597 1049 3636 apud
1063 3598 1283 3630 Bremondum

223 3635 303 3660 tom.
318 3631 374 3661 Vll
394 3631 520 3662 Bullarii
535 3633 567 3663 in
582 3635 816 3676 supplemento,
835 3648 899 3679 qua
917 3640 1081 3672 Romanae
1101 3642 1284 3674 Provinciae

972 271 1429 312 DISSERTATIONES
1459 269 1706 306 CRITICAE

1362 348 1474 378 divisio
1496 347 1643 377 indicitur
1662 356 1680 376 a
1698 344 1865 375 Provincia
1878 343 1979 383 Regni
1995 343 2133 381 Siciliae;
2153 343 2313 386 simulque
2322 345 2377 386 fr,
2385 347 2436 378 Ιο-

1361 393 1462 422 hanni
1484 392 1524 422 de
1546 391 1623 421 Polo
1647 390 1756 419 Priori
1778 388 1976 418 Provinciali
1995 388 2163 418 Romanae
2192 389 2383 422 Provinciae
2401 392 2437 422 li-

1361 436 1452 466 mites
1468 435 1655 465 exercendae
1670 432 1893 463 iurisdictionis
1909 432 2156 462 constituuntur.
2173 433 2202 462 Is
2216 443 2292 464 vero
2303 435 2437 467 loannes

1361 480 1399 509 de
1422 479 1502 509 Polo
1527 488 1593 508 non
1613 478 1692 507 alius
1712 476 1806 507 fuerit
1826 486 1844 506 a
1868 476 1987 506 Ioanne
2006 477 2044 506 de
2064 475 2203 516 Comite,
2224 488 2322 519 quem
2341 480 2437 510 etiam

1360 530 1470 553 auctor
1480 522 1650 562 superioris
1659 521 1754 560 elogii
1764 520 1960 560 praefectum
1971 520 2044 551 facit
2057 521 2248 552 Provinciae
2255 523 2434 563 Romanae,

1359 567 1399 597 ab
1410 567 1516 597 insula
1528 567 1658 596 Sici.iae
1677 566 1832 595 inclusive
1850 565 1894 595 ad
1907 565 1998 605 alpes
2011 565 2233 597 Bononienses
2247 573 2434 607 protensae.

1360 611 1426 641 Cur
1450 620 1524 649 ergo
1554 610 1655 640 dictus
1684 610 1724 640 de
1746 609 1849 639 Polo?
1871 609 1996 649 Nempe
2023 620 2040 639 a
2060 610 2142 640 -loco
2165 611 2362 652 principatus
2384 613 2435 644 vel

1359 655 1545 692 comitatus,
1570 664 1636 694 quo
1661 653 1798 694 potitur,
1823 663 1960 694 quemve
1983 654 2162 694 possedisse
2187 655 2242 686 illo
2266 656 2331 687 iam
2355 664 2434 688 tem—

1358 708 1435 739 pore
1468 698 1591 728 videtur
1623 698 1820 728 nobilissima
1852 698 1972 729 familia
2007 699 2166 730 Comitum
2198 700 2432 733 Romanorum.

1357 743 1454 782 Apud
1479 742 1670 773 Ciaconium
1697 742 1778 773 inter
1808 742 1840 773 S.
1867 743 1905 773 R.
1934 743 1971 773 E.
1992 743 2176 775 Cardinales
2209 755 2227 775 a
2258 745 2360 776 Lucio
2390 747 2432 777 111

1357 797 1441 816 anno
1477 786 1557 816 1182
1585 787 1788 818 renunciatos
1816 787 1953 818 occurrit
1981 797 2018 818 ex
2047 789 2158 819 eadem
2185 789 2344 821 Comitum
2367 791 2432 822 Ro-

1356 840 1526 861 manorum
1554 837 1652 872 gente
1683 831 1893 869 Octavianus,
1904 837 2048 872 patruus
2070 833 2192 864 Odonis
2217 835 2258 865 de
2270 835 2360 874 Polo,
2381 835 2432 876 as-

1344 875 1430 916 finis
1452 875 1635 906 Innocentii
1658 877 1763 914 tertii,·
1786 882 1817 906 et
1840 877 1927 916 apud
1946 876 2136 916 Riccardum
2160 878 2199 908 de
2218 886 2328 910 sancto
2355 879 2432 910 Ger-

1354 929 1452 949 mano
1484 920 1523 949 ad
1547 930 1669 951 annum
1698 921 1781 962 1237
1801 921 1923 951 mentio
1942 921 2095 961 ingeritur
2119 922 2276 954 Iohannis
2299 924 2340 955 de
2361 925 2434 955 Poli

1354 963 1522 994 senatoris
1539 964 1635 996 Urbis
1647 966 1780 996 Romae.
1802 965 1889 996 Haec
1912 975 1988 996 vero
2012 966 2096 997 satis.
2116 967 2168 997 Ad
2184 967 2278 998 Viros
2296 968 2433 1000 illustres

1354 1014 1502 1047 revertor,
1526 1009 1559 1039 in
1582 1009 1675 1049 libro,
1700 1020 1766 1051 quo
1791 1010 1830 1040 de
1853 1009 1988 1050 agimus,
2013 1011 2198 1042 recensitos:

1352 1097 1455 1127 Lucas
1479 1097 1599 1138 Evang.
1892 1099 2061 1130 Paulonas.

1352 1141 1513 1172 Lucianus
1526 1143 1632 1174 Presb.
1644 1143 1798 1174 Antioch.
1891 1143 2093 1175 Pachomius.

1352 1185 1479 1216 Lucifer
1502 1186 1630 1218 Calarit.
1889 1188 2085 1230 Porphyrius
2099 1188 2218 1221 Philos.

1891 1233 2082 1264 Prudentius
2095 1234 2203 1265 Poeta.

1889 1277 2056 1308 Petronius
2071 1278 2251 1310 Bononien.

1890 1322 2035 1362 Pelagius
2050 1323 2234 1354 haereticus.

1889 1367 2042 1398 Paulinus
2065 1368 2220 1399 Nolanus.

1352 1230 1534 1262 Lactantius
1557 1232 1747 1264 Firmianus.

1352 1275 1418 1305 Leo
1440 1275 1450 1305 1
1471 1275 1566 1316 Papa.

1351 1319 1547 1351 Lanfrancus
1561 1321 1656 1352 Arch.
1673 1321 1766 1353 Cant.

1350 1364 1529 1395 Matthaeus
1543 1365 1693 1407 Evangel.

1350 1409 1476 1440 Marcus
1490 1410 1640 1451 Evangel.
1890 1411 2026 1452 Prosper
2038 1412 2230 1453 Aquitanus.

1350 1453 1472 1485 Mento.
1889 1455 2067 1487 Priscianus
2082 1457 2327 1490 Grammaticus.

1350 1498 1526 1530 Modestus.
1890 1500 2001 1533 Petrus
2016 1501 2175 1533 Damiani.
2292 1505 2296 1509 ”

1349 1543 1514 1574 Musanus.
1889 1545 2000 1576 Petrus
2013 1546 2213 1586 Alphonsus.

1349 1587 1550 1619 Melchiades.
1889 1590 2000 1621 Petrus
2016 1591 2228 1623 Lombardus.

1348 1631 1504 1663 Mi'nutius
1518 1633 1614 1665 Felix.
1889 1634 2001 1666 Petrus
2016 1635 2198 1667 Comestor.

1348 1677 1520 1708 Malchion.
1891 1679 2084 1717 Quadratus.

1347 1721 1531 1753 Methodius
1546 1722 1625 1764 Tyri
1639 1724 1699 1765 Ep.
1887 1724 2039 1755 Rhodon.

1347 1766 1514 1797 Marcellus
1528 1769 1646 1808 Ancyr.
1888 1768 2038 1800 Reticius.

1347 1811 1505 1842 Maximus
1520 1812 1652 1844 Taun'n.
1888 1813 2026 1845 Rufinus
2039 1815 2148 1856 Aquil.

1888 1858 2064 1890 Richardus
2079 1860 2119 1890 de
2133 1870 2158 1891 s.
2174 1859 2312 1891 Victore.

1889 1903 2043 1944 Serapion
2058 1904 2209 1936 Antioch-

1888 1947 2042 1989 Serapion
2057 1949 2236 1980 Thmneus.

1347 1855 1503 1887 Macarius
1517 1859 1654 1898 Aegypt.
1668 1857 1758 1888 Mon.

1347 1900 1504 1932 Maximus
1520 1901 1581 1942 Cp.
1597 1902 1658 1942 Ep.

1346 1945 1510 1976 Narcissus
1525 1946 1652 1978 Hieros.
1668 1947 1728 1988 Ep.

1345 1989 1553 2022 Novatianus.
1887 1992 2108 2034 Sempronius.

1345 2034 1480 2066 Nicetas.
1887 2037 2086 2069 Severianus.

1345 2078 1510 2119 Origenes.
1524 2102 1526 2105 .
1890 2082 2068 2114 Sabbatius.

1345 2123 1490 2155 Orosius.
1887 2126 2123 2167 Simplicianus.

1345 2167 1510 2199 Oriesiesis
1532 2167 1602 2211 (seu
1621 2168 1792 2212 Oriesius).
1882 2171 2034 2203 Sidonius
2057 2172 2261 2213 Apollinaris.

1344 2212 1528 2254 Olympius.
1885 2216 2108 2257 Symmachus.
2129 2233 2132 2236 ·

1342 2257 1461 2288 Paulus
1476 2261 1589 2299 Apost-

1342 2302 1452 2333 Petrus
1468 2305 1581 2343 Apost.

1885 2261 2002 2292 Statius
2026 2261 2134 2292 rhetor
2156 2269 2187 2293 et
2213 2268 2319 2303 poeta.

1885 2306 2089 2347 Theophilus
2112 2307 2263 2338 Antioch.

1341 2346 1528 2378 Plutarchus
1543 2348 1636 2389 Hisp.
1883 2350 2050 2382 Tatianus.

1340 2391 1462 2423 Plinius
1477 2393 1646 2424 secundus.
1882 2395 2108 2427 Tertullianus.

1340 2436 1547 2474 Ptolomaeus
1561 2438 1650 2469 Alex.
1883 2439 2085 2481 Theophilus
2100 2440 2322 2472 Caesariensis.

1339 2480 1545 2522 Polycarpus.
1883 2484 2052 2526 Tryphon.

1339 2525 1462 2566 Papias.
1881 2529 2086 2568 Theodorus,
2110 2530 2166 2571 qui
2191 2536 2222 2561 et
2249 2529 2424 2572 Gregorius

1339 2570 1528 2602 Pantaenus.
1970 2575 2210 2606 Neocaesarien.

1339 2615 1496 2646 Permitus
1505 2615 1677 2660 (Pynitus)
1686 2617 1855 2649 Cretensis.
1881 2618 2084 2660 Theophilus
2098 2619 2188 2650 Alex.
2205 2619 2265 2661 Ep.

1338 2659 1505 2700 Philippus
1521 2661 1689 2693 Cretensis.
1879 2663 2089 2705 Triphyllius.

1879 2707 2036 2738 Ticonius
2050 2707 2136 2739 Afer.

1880 2751 2074 2783 Theodorus
2112 2752 2215 2784 Ciriae
2249 2753 2421 2794 (neoda

1966 2802 2056 2827 retus
2081 2797 2166 2838 Cyri
2187 2797 2278 2840 Ep.)

1879 2839 1974 2872 Titus
1996 2841 2183 2872 Bostrensis.

1339 2703 1529 2746 Polycrates.

1338 2749 1536 2791 Pamphylus
1551 2749 1676 2782 Caesar.

1338 2793 1459 2824 Pierius
1475 2794 1565 2825 Alex.

1338 2838 1471 2869 Phileas.

1339 2883 1450 2914 Petrus
1464 2883 1554 2915 Alex.

1407 2973 1524 3004 Menda
1547 2974 1640 3015 plura
1659 2982 1832 3007 occurrunt
1849 2976 1881 3007 in
1897 2976 2060 3017 catalogo,
2076 2986 2218 3018 quorum
2239 2977 2347 3019 aliqua
2363 2987 2420 3018 po-

1341 3017 1506 3049 tefecimus
1525 3025 1557 3050 et
1575 3020 1824 3052 emendavimus.
1852 3020 2136 3053 Animadversione
2155 3021 2250 3062 digna
2271 3028 2319 3054 est
2345 3021 2420 3053 ecri-

1341 3069 1472 3103 ptorum
1491 3070 1586 3102 aetas,
1608 3065 1664 3106 qui
1683 3065 1847 3096 saeculum
1867 3065 2096 3097 duodecimum
2120 3077 2186 3097 non
2206 3066 2373 3106 excedunt,
2391 3065 2419 3097 d

1342 3107 1565 3139 Innocentium
1585 3109 1625 3140 111
1646 3109 1792 3150 excipias,
1812 3109 2039 3149 Dominicum,
2059 3111 2226 3142 Albertum
2244 3111 2418 3152 Magnum,

1341 3152 1506 3183 Thomam
1533 3153 1729 3194 Aquinatem
1761 3160 1793 3186 et
1823 3154 1975 3186 Ioannem
2004 3155 2292 3197 Archiepiscopum
2321 3155 2418 3186 Nico-

1341 3196 1492 3228 siensem:
1509 3198 1637 3229 saeculo
1651 3198 1771 3240 quippe
1786 3199 1842 3230 XII
1863 3199 2039 3231 floruerunt
2057 3200 2162 3242 Hugo
2179 3200 2220 3231 de
2237 3209 2263 3231 s.
2281 3199 2417 3239 Victore,

1340 3241 1444 3282 Hugo
1467 3242 1507 3272 de
1530 3242 1668 3281 Folieto‚
1693 3243 1810 3274 Petrus
1831 3244 2030 3285 Alphonsus,
2055 3245 2172 3276 Petrus
2197 3244 2415 3282 Lombardun

1340 3287 1456 3317 Petrus
1482 3286 1658 3318 Comestor.
1677 3288 1728 3318 Ad
1752 3288 1915 3319 saeculum
1945 3289 2258 3330 quartumdecimum
2281 3287 2418 3330 pertinet

1342 3331 1476 3362 loannes
1499 3331 1701 3363 Nicosiensis.
1722 3334 1773 3363 An
1793 3342 1868 3363 vero
1888 3333 2031 3364 eiusdem
2055 3333 2171 3365 saeculi
2194 3333 2339 3374 scriptor,
2358 3331 2415 3374 qui

1341 3375 1425 3406 viros
1448 3375 1584 3406 illustres
1607 3377 1816 3408 recensendos
1835 3377 2057 3419 adsumpserit,
2077 3378 2148 3409 illos
2163 3387 2276 3409 omnes
2295 3383 2416 3418 praete-

1341 3420 1441 3451 riisset
1459 3419 1601 3458 silentio,
1625 3421 1680 3462 qui
1700 3421 1919 3453 tertiodecimo
1943 3423 2071 3454 saeculo
2095 3423 2290 3459 claruerunt,
2313 3421 2415 3452 tribus

1340 3464 1389 3494 vel
1419 3471 1558 3505 quatuor
1581 3465 1733 3506 exceptis,
1757 3466 1944 3497 Innocentio
1969 3467 2026 3505 lll,
2053 3466 2242 3504 Dominico‚
2266 3465 2414 3505 Album,

1340 3507 1489 3540 Thoma?
1509 3509 1600 3546 Quae
1623 3509 1755 3542 fortasse
1779 3511 1912 3542 omissio
1931 3521 1998 3542 non
2018 3511 2061 3542 ita
2084 3510 2173 3542 facile
2192 3509 2336 3550 redargui
2361 3509 2414 3540 de-

1341 3553 1412 3583 beat
1434 3553 1466 3583 in
1490 3553 1658 3593 scriptore,
1689 3555 1745 3596 qui
1768 3555 1988 3586 tertiodecimo
2019 3555 2134 3586 eodem
2161 3554 2289 3585 saeculo
2317 3554 2414 3585 etiam

1341 3597 1462 3635 adulto,
1486 3597 1587 3628 claros
1609 3598 1712 3637 viros,
1737 3608 1857 3640 eosque
1880 3609 1946 3630 non
1970 3609 2101 3637 omnes,
2132 3598 2187 3629 sed
2211 3598 2343 3629 selectos
2366 3608 2413 3629 re-

1341 3647 1489 3671 censeret.
1515 3641 1588 3678 Qua
1612 3642 1793 3674 coniectura
1823 3653 1907 3684 opus
1930 3643 2015 3674 istud
2046 3642 2157 3674 loanni
2186 3642 2225 3673 de
2249 3642 2412 3674 Columna
