2788 4204
157 740 193 757 αα

159 938 191 971 ββ

316 223 388 267 154

309 301 413 337 omni
440 300 541 337 enirn
565 299 817 348 generatione,
845 299 950 347 quod
979 305 1033 334 est
1056 298 1094 334 in
1121 297 1288 346 potentia
1322 306 1377 334 est

307 354 410 403 prius
439 362 611 402 tempore
640 362 685 391 .et
710 353 896 402 posterius
924 359 1078 396 natura,
1109 352 1215 398 quod
1247 358 1375 388 autem

309 415 364 444 est
401 408 633 455 completum
670 407 707 442 in
736 414 821 442 actu
856 413 911 441 est
936 403 1039 452 prius
1074 412 1206 441 natura
1245 411 1280 440 et
1307 416 1375 451 po-

309 460 441 497 sterius
461 468 633 509 tempore
649 465 677 495 ⁶³.
696 458 870 505 Cognitio
891 465 1019 493 autern
1039 457 1185 503 generis
1209 465 1264 494 est
1282 469 1374 504 qua-

309 514 339 551 si
375 513 605 562 potentialis,
640 512 678 548 in
716 510 999 559 comparatione
1033 508 1081 545 ad
1120 510 1375 558 cognitionem

310 566 466 615 speciei,
502 566 541 602 in
572 577 647 613 qua
681 572 766 600 actu
801 564 967 600 sciuntur
1001 563 1131 600 omnia
1166 563 1375 600 essentialia

310 619 374 656 rei.
405 618 513 655 Unde
543 618 580 654 in
608 616 848 665 generatione
881 615 1057 652 scientiae
1085 624 1237 653 nostrae
1270 617 1374 665 prius

310 680 365 709 est
380 683 606 718 cognoscere
626 670 745 717 magis
761 680 967 706 commune
987 681 1104 717 quam
1124 670 1250 706 minus
1270 682 1374 706 com-

310 736 425 761 mune
445 730 491 760 αα.

363 780 469 822 Item,
489 776 527 812 in
555 776 650 812 libro
683 776 832 824 Physic.
864 775 996 812 dicitur
1023 775 1127 823 quod
1164 776 1291 813 innata
1321 784 1376 812 est

309 830 418 867 nobis
445 829 507 866 via
536 841 582 866 ex
610 829 720 866 nobis
748 828 977 875 notioribus;
998 841 1077 865 non
1097 841 1186 876 ergo
1215 829 1374 866 demon-

309 883 434 920 stratio
462 883 505 919 fit
534 894 578 919 ex
597 882 655 918 his
675 895 773 931 quae
802 890 888 918 sunt
905 882 1031 930 priora
1059 882 1286 931 simpliciter,
1307 882 1375 918 sed

308 936 435 984 quoad
464 948 545 973 nos.
570 956 594 963 -
620 936 696 972 Sed
726 935 930 972 dicendum
950 934 1054 984 quod
1069 933 1104 963 '³¹³
1123 935 1183 972 hic
1212 935 1376 983 loquitur

308 989 518 1026 secundum
547 989 652 1037 quod
680 989 717 1026 id
751 989 856 1037 quod
886 996 940 1025 est
968 989 1005 1025 in
1025 1000 1139 1025 sensu
1168 997 1223 1025 est
1250 988 1375 1025 notius

308 1042 435 1090 quoad
464 1055 554 1089 nOS,
585 1054 631 1079 eo
660 1042 764 1090 quod
785 1051 841 1079 est
868 1043 906 1079 in
934 1043 1132 1080 intellectu.
1163 1042 1219 1078 Ibi
1246 1050 1375 1078 autem

308 1095 518 1133 secundum
552 1096 656 1143 quod
685 1095 723 1133 id
751 1096 855 1143 quod
886 1103 940 1132 est
972 1096 1097 1133 notius
1125 1095 1255 1143 quoad
1283 1108 1373 1141 n08,

361 1296 393 1328 ω)
411 1296 439 1320 In
454 1296 526 1320 omni
543 1296 612 1320 enim
630 1296 811 1329 generatione,
830 1296 901 1329 quod
919 1300 958 1321 est
977 1297 1003 1321 in
1018 1297 1141 1328 potentia
1160 1299 1199 1321 est
1212 1296 1292 1328 prius
1311 1299 1376 1321 tem-

303 1339 372 1364 pore
390 1334 416 1356 et
430 1331 565 1363 posterius
579 1334 686 1356 natura.
703 1332 780 1362 Quod
796 1335 885 1357 autem
901 1336 948 1356 etc.
963 1331 1079 1356 Novitius
1092 1337 1225 1364 comparet
1238 1331 1302 1355 hanc
1317 1339 1376 1355 sen-

309 1367 413 1392 tentiam
433 1375 492 1391 cum
511 1367 641 1399 principiis
660 1366 705 1391 inl
725 1368 821 1395 Perih„
842 1368 899 1391 lect.
917 1375 971 1398 vm,
985 1375 1010 1391 n.
1024 1375 1042 1398 4
1061 1367 1086 1391 in
1104 1372 1174 1391 textu
1194 1372 1219 1391 et
1237 1367 1263 1390 in
1282 1373 1342 1391 nota
1361 1365 1376 1399 β

310 1402 451 1427 declaratis.
464 1402 499 1426 lbi
519 1402 587 1426 enim
603 1403 699 1426 dictum
718 1408 757 1427 est
775 1403 846 1435 quod
860 1409 914 1426 esse
933 1403 1050 1426 absolute
1065 1403 1196 1435 loquendo
1215 1410 1261 1426 seu
1277 1405 1376 1426 natura

309 1443 349 1463 est
367 1438 438 1471 prius
457 1445 591 1466 non—esse,
606 1443 631 1462 et
649 1445 776 1463 non—esse
794 1443 834 1462 est
852 1442 941 1462 natura
959 1437 1087 1470 posterius
1106 1444 1176 1466 esse,·
1190 1437 1236 1461 sed
1254 1437 1376 1468 relative,

308 1474 358 1498 hoc
377 1478 416 1498 est
434 1473 460 1497 in
479 1473 509 1497 iis
524 1481 591 1505 quae
609 1479 720 1506 possunt
737 1481 796 1498 esse
810 1478 836 1497 et
853 1481 905 1499 non
925 1481 992 1504 esse,
1006 1472 1078 1505 prius
1092 1478 1132 1498 est
1151 1480 1279 1499 non-esse
1297 1480 1376 1505 quam

309 1516 371 1534 esse.
387 1509 453 1539 Quia
472 1516 533 1541 ergo
552 1509 577 1532 id
596 1509 666 1540 quod
678 1514 821 1540 generatur,
835 1517 881 1542 per
894 1508 1085 1542 generationem
1105 1509 1137 1533 de
1152 1516 1204 1534 non
1218 1516 1281 1539 esse,
1297 1509 1376 1532 dedu-

310 1545 374 1569 citur
392 1545 423 1568 ad
442 1551 496 1568 esse
502 1551 511 1573 ‚·
531 1544 647 1576 sequitur
666 1544 736 1576 quod
752 1544 832 1576 prius
851 1545 884 1569 sit
903 1545 928 1569 in
948 1551 1074 1568 non—esse
1098 1551 1177 1576 quam
1197 1545 1222 1569 in
1242 1550 1310 1572 esse,
1331 1551 1376 1568 seu

309 1580 380 1613 prius
400 1585 439 1604 est
457 1579 483 1602 in
502 1579 614 1611 potentia
633 1584 659 1603 et
672 1582 767 1610 postea
785 1580 811 1604 in
830 1579 1026 1605 actm—Videat
1044 1579 1121 1604 etiam
1134 1580 1246 1605 novitius
1266 1587 1318 1613 qua
1336 1587 1377 1604 ra-

309 1616 378 1640 tione
391 1615 454 1639 haec
466 1614 590 1647 principia
605 1615 750 1647 ontologica
769 1616 801 1639 ad
820 1615 974 1648 ideologiam
993 1622 1007 1639 a
1026 1622 1047 1639 s.
1062 1614 1166 1640 Thoma
1185 1616 1314 1648 sapienter
1332 1623 1377 1648 ap-

308 1651 435 1683 plicentur
453 1654 509 1673 tum
528 1649 576 1680 hic,
595 1656 650 1674 tum
669 1658 694 1682 p.
714 1650 732 1680 1,
752 1658 795 1682 qu.
814 1658 902 1682 lxxxv,
922 1649 993 1676 artic.
1012 1657 1049 1680 111,
1069 1655 1124 1674 tum
1144 1651 1216 1676 alibi,

362 1686 453 1717 Neque
471 1685 601 1718 pueriliter
619 1684 682 1709 haec
701 1685 764 1710 levis
784 1686 908 1711 momenti
928 1693 987 1711 esse
1005 1685 1032 1709 in
1054 1685 1218 1719 philosophia
1236 1686 1378 1712 existimet:

310 1730 370 1746 nam
390 1721 513 1754 principia
531 1728 610 1754 parva
628 1720 754 1752 videntur,
773 1721 832 1754 quia
851 1720 1043 1755 simplicissima
1067 1727 1127 1746 sunt
1145 1727 1170 1746 et
1188 1730 1248 1747 esse
1267 1722 1378 1754 debent,

309 1758 355 1782 sed
373 1757 465 1782 virtute
490 1762 551 1781 sunt
569 1755 679 1781 maxime
704 1758 838 1790 complexa
857 1763 882 1782 et
907 1756 1038 1782 continent
1055 1757 1247 1790 propemodum
1266 1756 1377 1789 infinita,

309 1801 361 1818 non
380 1800 454 1818 secus
474 1800 503 1817 ac
521 1792 643 1816 arborum
657 1792 765 1817 semina.
780 1793 855 1818 Unde
868 1800 940 1817 error
954 1792 980 1816 in
993 1792 1134 1825 principiis,
1149 1793 1268 1826 quamvis
1282 1801 1378 1826 parvus

308 1829 431 1857 videatur,
445 1834 485 1853 est
502 1833 589 1852 tamen
608 1827 735 1852 maximus
751 1828 777 1852 in
796 1827 855 1853 fine.
869 1828 997 1860 Exemplo
1016 1827 1049 1852 sit
1062 1828 1137 1852 nobis
1156 1828 1307 1853 idealismus
1326 1829 1379 1860 ille,

309 1864 382 1889 cuius
397 1869 486 1888 auctor
498 1863 580 1895 Hegel
595 1862 710 1887 habetur.
723 1863 910 1888 Animadvertit
928 1864 984 1896 ipse
997 1870 1047 1895 ope
1059 1863 1237 1888 abstractionis
1248 1864 1280 1888 de
1293 1865 1379 1889 minus

309 1899 448 1924 universali
467 1907 515 1924 nos
534 1898 673 1923 ascendere
691 1899 723 1923 ad
742 1899 825 1931 magis
841 1899 995 1930 universale,
1008 1906 1055 1931 per
1069 1899 1240 1924 remotionem
1261 1899 1379 1925 differen-

309 1936 402 1960 tiarum
421 1942 487 1966 quae
506 1941 628 1967 suprema
646 1941 740 1966 genera
759 1942 846 1959 rerum
865 1940 994 1960 coarctant
1006 1935 1038 1959 ad
1057 1942 1151 1967 genera
1170 1934 1289 1959 inferiora
1304 1942 1329 1961 et
1347 1936 1380 1960 ad

311 1971 419 2004 species.
433 1970 584 1995 Universale
602 1975 688 1995 autem
713 1976 751 1994 est
770 1970 831 2002 quid
850 1970 996 2003 potentiale.
1013 1970 1219 1995 Abstractionem
1238 1978 1300 2002 ergo
1319 1979 1379 2004 pro-

310 2008 444 2040 sequendo
463 2013 571 2030 necesse
595 2011 635 2031 est
652 2011 681 2030 ut
698 2006 879 2038 perveniamus
904 2006 936 2030 ad
955 2006 980 2030 id
999 2006 1070 2038 quod
1094 2006 1250 2031 transcendit
1273 2013 1380 2032 omnem

311 2043 424 2076 speciem
445 2050 473 2066 ac
491 2048 570 2065 omne
589 2049 679 2073 genus,
700 2048 794 2074 nempe
813 2041 844 2066 ad
863 2048 917 2066 ens.
938 2042 972 2066 At
989 2049 1035 2066 ens
1060 2041 1215 2066 considerari
1234 2046 1321 2074 potest
1338 2043 1379 2067 vel

311 2084 339 2103 ut
357 2079 484 2108 existens,
499 2077 539 2101 vel
559 2082 588 2100 ut
606 2084 657 2102 non
677 2076 803 2101 existens.
818 2076 956 2107 Quocirca,
977 2077 1012 2101 ait
1030 2077 1128 2109 Hegel,
1147 2077 1265 2103 existere
1283 2083 1309 2102 et
1327 2085 1379 2104 non

311 2117 428 2140 existere
446 2119 506 2139 sunt
525 2113 590 2137 duae
615 2112 769 2137 differentiae
794 2112 1003 2138 determinativae
1026 2113 1096 2138 illius
1115 2112 1222 2139 subiecti
1245 2114 1316 2145 quod
1335 2122 1380 2147 ap-

311 2151 422 2183 pellatur
441 2156 501 2179 ens;
517 2156 531 2172 a
550 2147 644 2180 quibus
659 2147 805 2172 differentiis
825 2147 846 2172 si
865 2147 957 2172 iterum
972 2155 1020 2180 per
1037 2148 1235 2174 abstractionem
1251 2149 1379 2181 praescin-

312 2186 403 2210 damus
422 2184 557 2210 habebitur
575 2190 621 2208 ens
639 2183 710 2215 quod
728 2187 767 2207 est
786 2190 833 2207 ens
846 2182 1008 2215 potentiale,
1029 2183 1055 2208 in
1074 2191 1127 2216 quo
1151 2191 1197 2209 ens
1215 2189 1241 2209 et
1264 2193 1315 2211 non
1335 2192 1381 2210 ens

312 2222 427 2254 (sumpta
446 2229 493 2254 pro
512 2219 619 2244 existere
643 2219 685 2243 vel
704 2226 756 2242 non
775 2218 899 2251 existere)
919 2217 1118 2250 identificantur,
1139 2227 1192 2244 non
1211 2227 1286 2246 secus
1306 2229 1335 2246 ac
1354 2221 1379 2245 in

312 2257 447 2290 speciebus
467 2254 627 2280 inferioribus
641 2253 721 2278 homo
734 2258 760 2278 et
778 2254 882 2278 brutum
895 2253 1083 2279 identificantur
1094 2255 1119 2279 in
1138 2263 1190 2280 uno
1203 2263 1298 2287 genere
1310 2257 1380 2289 quod

313 2298 352 2317 est
370 2292 472 2321 animal,
493 2296 619 2323 quatenus
639 2296 733 2322 nempe
752 2290 854 2320 animal,
874 2297 926 2314 non
941 2290 1046 2322 quidem
1061 2290 1202 2315 formaliter
1220 2293 1266 2317 sed
1285 2292 1381 2317 virtua-

313 2328 376 2358 liter,
396 2333 435 2352 est
453 2327 534 2351 homo
553 2330 578 2350 et
598 2325 710 2350 brutum.
729 2325 806 2357 Ergo,
820 2325 948 2349 concludit
966 2325 1062 2357 Hegel,
1081 2326 1145 2351 illud
1163 2333 1218 2351 esse
1233 2328 1380 2360 potentiale

313 2369 353 2388 est
370 2370 460 2388 revera
477 2362 597 2386 ultimum
616 2361 642 2385 in
660 2359 749 2384 ordine
768 2359 944 2385 abstractionis
963 2368 1010 2385 seu
1023 2361 1150 2394 analysis;
1166 2367 1191 2387 et
1205 2361 1263 2388 ideo
1275 2368 1315 2389 est
1328 2363 1380 2397 pri-

314 2406 387 2424 mum
410 2398 436 2423 in
455 2397 544 2422 ordine
567 2395 710 2429 synthetico
728 2403 774 2420 seu
794 2395 1001 2428 compositionis,
1020 2397 1124 2429 quando
1149 2405 1244 2431 nempe
1262 2399 1381 2424 addendo

315 2433 467 2459 differentias
486 2431 667 2464 componimus
687 2438 789 2462 genera,
809 2436 834 2456 et
853 2431 966 2463 species,
986 2437 1012 2456 et
1029 2431 1171 2458 individua:
1191 2433 1322 2466 primum,
1342 2435 1380 2460 in·

315 2477 407 2502 quam,
427 2474 482 2493 tum
501 2468 526 2492 in
545 2467 635 2491 ordine
653 2465 785 2491 idealitatis
809 2471 864 2491 tum
883 2466 908 2491 in
926 2466 1016 2491 ordine
1035 2468 1168 2500 realitatis,
1192 2469 1226 2494 ita
1248 2475 1277 2495 ut
1294 2470 1381 2495 omnia

315 2504 405 2529 idealia
424 2509 449 2528 et
467 2503 544 2528 realia
562 2507 623 2527 sunt
645 2509 735 2527 revera
757 2502 917 2528 evolutiones
936 2507 962 2527 et
980 2502 1214 2530 determinationes
1235 2504 1302 2531 illius
1321 2513 1380 2531 osse

315 2539 468 2573 potentialis.

369 2575 438 2607 Ergo
457 2574 483 2599 in
502 2577 641 2607 systemate
660 2572 816 2604 Hegeliano,
841 2574 911 2606 quod
930 2579 969 2599 est
987 2581 1077 2599 revera
1095 2574 1290 2608 Pantheismus,
1309 2576 1380 2602 iden-

315 2609 424 2636 tificatur
441 2610 506 2635 ordo
525 2607 696 2641 generationis
711 2615 770 2633 cum
792 2609 882 2634 ordine
901 2608 1064 2641 perfectionis
1083 2608 1144 2644 (qui
1163 2615 1250 2636 tamen
1268 2612 1302 2637 ita
1320 2617 1382 2637 sunt

315 2645 429 2679 oppositi
447 2650 476 2669 ut
490 2652 519 2669 se
538 2644 647 2668 invicem
662 2642 815 2678 destruant),
829 2651 859 2668 ac
873 2649 1061 2678 consequenter
1074 2646 1139 2670 ordo
1153 2647 1316 2679 ontologicus
1334 2655 1382 2673 seu

316 2681 436 2706 realitatis
455 2680 583 2705 derivatur
601 2678 675 2711 quasi
694 2685 724 2703 ex
743 2686 790 2703 sua
807 2687 868 2704 vera
886 2687 964 2704 causa
985 2679 1110 2706 efficiente
1129 2688 1159 2706 ex
1177 2681 1267 2707 ordine
1289 2682 1382 2715 logico,

316 2725 363 2742 seu
382 2715 530 2746 idealitatis,
549 2722 578 2739 ac
597 2714 708 2746 denique
732 2714 894 2739 concluditur
911 2721 957 2741 ens
970 2715 1118 2748 potentiale
1138 2716 1209 2749 prius
1228 2722 1317 2743 natura
1335 2725 1382 2743 seu

316 2752 432 2777 absolute
451 2759 511 2776 esse
528 2753 587 2775 ente
600 2748 699 2780 actuali,
716 2755 741 2774 et
755 2757 873 2775 non-ens
887 2749 958 2783 prius
977 2758 1036 2776 esse
1054 2754 1127 2776 ente.-
1141 2759 1236 2785 nempe
1254 2753 1384 2778 concludit

316 2787 466 2820 oppositum
480 2786 535 2811 eius
549 2785 620 2818 quod
639 2789 679 2809 est
691 2784 798 2810 omnino
810 2793 910 2816 verum,
925 2791 953 2810 ut
965 2786 1132 2819 probavimus
1152 2787 1209 2812 loco
1227 2787 1302 2813 citato
1321 2787 1384 2813 Per-1·

317 2822 487 2848 hermeneias.
512 2820 684 2846 Concedimus
709 2820 735 2844 in
758 2827 838 2845 sensu
860 2820 968 2846 relativo
993 2829 1119 2847 non-esse
1141 2823 1295 2855 praecedere
1313 2830 1382 2853 esse,

317 2858 343 2883 in
362 2858 393 2883 iis
407 2864 501 2890 nempe
515 2864 582 2889 quae
595 2859 706 2889 possunt
719 2862 774 2881 esse
793 2861 818 2881 et
832 2863 974 2886 non-essa·
988 2857 1035 2882 sed
1049 2857 1196 2889 negandum
1210 2862 1251 2882 est
1264 2858 1289 2883 in
1303 2866 1384 2884 sensu

317 2894 444 2919 absoluto.
464 2893 491 2918 ln
516 2892 565 2916 hoc
589 2890 658 2916 enim
683 2898 762 2916 sensu
779 2898 835 2917 esse
859 2891 988 2924 praecedit
1011 2899 1145 2922 non—esse,
1169 2893 1254 2925 quod,
1279 2893 1334 2920 sive
1352 2894 1385 2919 ait

317 2928 455 2962 potentiale
475 2928 530 2952 sive
548 2927 673 2954 nihilum,
693 2934 745 2951 non
769 2927 859 2953 dicitur
877 2926 926 2952 nisi
943 2935 991 2960 per
1003 2927 1121 2953 ordinem
1140 2928 1172 2953 ad
1185 2935 1249 2958 esse,
1263 2929 1296 2954 ad
1315 2929 1385 2962 quod

318 2971 373 2989 esse
380 2963 527 2996 potentiale
541 2967 628 2996 potest
640 2962 784 2995 pervenire,
795 2967 820 2987 et
829 2961 901 2987 cuius
916 2962 1027 2988 nihilum
1040 2968 1080 2988 est
1093 2963 1203 2996 negatio.
1215 2964 1282 2990 Hinc
1291 2964 1385 2997 princi-

319 2999 391 3032 pium
406 2999 528 3032 primum,
538 3005 591 3031 quo
601 3002 683 3022 totum
694 2997 782 3023 nititur
790 3002 905 3031 systema
917 2997 1087 3024 idealisticum
1102 2999 1276 3032 praecitatum,
1289 3008 1385 3033 nempe

320 3034 390 3067 quod
403 3041 458 3059 esse
471 3039 495 3059 et
509 3040 637 3059 non—esse
650 3038 711 3058 sunt
725 3034 791 3059 duae
805 3033 1030 3062 determinationes
1044 3034 1121 3064 entis,
1135 3042 1191 3063 seu.
1205 3039 1235 3060 ut
1248 3035 1303 3068 ipse
1318 3035 1385 3066 dicit,

319 3071 367 3094 τοῦ
379 3069 452 3102 sieri,
472 3068 652 3101 distinguimus
671 3067 722 3093 hoc
734 3069 827 3094 modo:
842 3068 934 3101 utique
947 3074 1008 3094 sunt
1021 3070 1087 3094 duae
1101 3069 1327 3096 determinationes
1341 3079 1384 3096 ao-

320 3105 369 3130 lius
387 3104 456 3130 entis
475 3104 544 3137 quod
564 3109 649 3137 potest
668 3111 725 3129 esse
743 3109 769 3130 et
787 3111 838 3129 non
853 3110 915 3133 esse,
931 3111 982 3129 nou
997 3110 1083 3131 autem
1097 3105 1165 3131 entis
1178 3105 1300 3134 absoluti,
1313 3106 1385 3139 quod

321 3140 475 3173 supponitur
484 3139 516 3164 ab
526 3142 585 3164 ente
594 3139 747 3171 potentiali,
757 3144 786 3164 ut
794 3147 872 3165 causa
881 3139 920 3164 aui
935 3144 990 3164 tum
1000 3140 1153 3173 exemplaris
1162 3146 1218 3166 tum
1228 3139 1350 3172 efficiens,
1361 3147 1387 3167 et

321 3176 360 3200 cui
370 3181 505 3208 propterea
518 3174 637 3199 convenit
647 3175 786 3200 necessitas
797 3174 900 3200 essendi
911 3182 970 3200 cum
980 3175 1098 3200 absoluta
1108 3180 1134 3200 et
1143 3176 1288 3202 necessaria
1297 3184 1385 3202 caren-

320 3211 354 3235 tia
369 3210 590 3235 determinationis
605 3210 636 3234 ad
650 3218 702 3235 non
717 3218 784 3236 esse.
793 3223 812 3229 —-
821 3210 977 3236 Addendum
989 3211 1061 3243 quod
1075 3218 1201 3237 non—esse
1215 3219 1266 3237 non
1276 3217 1316 3238 est
1325 3220 1384 3246 pro-

322 3246 376 3278 prie
386 3245 571 3275 determinatio,
583 3245 630 3270 sed
640 3245 741 3277 negatio
751 3245 982 3276 determinationi„
996 3246 1157 3280 proindeque
1166 3251 1206 3272 est
1215 3254 1262 3272 ena
1271 3247 1385 3273 rationis.

376 3280 421 3313 αα)
439 3281 513 3306 Unde
526 3281 553 3306 in
565 3281 738 3314 generatione
747 3286 794 3306 etc.
805 3281 841 3306 lta
853 3281 947 3306 codd.-
957 3281 1014 3306 PR:
1030 3282 1100 3307 unde
1111 3282 1174 3308 etin
1186 3282 1386 3316 generatione.—

322 3316 355 3340 B:
371 3316 440 3341 unde
459 3316 484 3341 in
503 3316 675 3349 generatione
692 3316 816 3342 scientiae
829 3319 936 3342 nostrae
948 3324 1050 3342 necesse
1062 3320 1107 3343 ‘est
1124 3324 1282 3350 cognoscere
1299 3317 1386 3352 magis

322 3358 466 3376 commune.
482 3351 554 3382 Quae
572 3351 663 3376 ultima
681 3351 756 3376 lectio
769 3351 894 3377 mendosa
905 3357 946 3376 est
963 3357 989 3377 et
1001 3360 1053 3377 non
1070 3352 1145 3378 infert
1157 3353 1298 3378 illationem
1311 3361 1386 3387 prae-

323 3386 409 3410 missis
428 3387 608 3419 adaequatam:
634 3394 686 3411 non
706 3386 774 3412 enim
798 3387 942 3420 quaesitum
961 3392 1001 3412 est
1023 3393 1111 3413 utrum
1129 3388 1155 3413 in
1173 3387 1279 3414 scientia
1299 3388 1386 3421 nequi-

323 3422 402 3446 renda
417 3429 523 3446 necesse
537 3422 569 3447 sit
582 3429 739 3454 cognoscere
753 3422 840 3456 magis
849 3430 986 3448 commune
998 3423 1085 3456 (quod
1096 3423 1263 3448 solummodo
1275 3424 1355 3450 codex
1365 3424 1386 3448 B

324 3456 420 3488 ponit),
440 3457 486 3481 sed
503 3462 589 3482 utrum
609 3464 714 3482 necesse
733 3457 766 3482 sit
785 3465 940 3490 cognoscere
959 3458 1046 3491 magis
1063 3465 1201 3484 commune
1219 3465 1266 3484 seu
1283 3458 1386 3484 univer-

325 3491 378 3515 sale
392 3492 470 3523 prius
484 3499 562 3523 quam
582 3492 668 3517 minus
686 3499 831 3518 commune.
851 3493 925 3518 Unde
939 3493 1087 3526 corrigenda
1101 3493 1175 3519 lectio
1192 3493 1268 3520 huius
1285 3494 1343 3520 cod.
1361 3499 1387 3519 et

325 3525 455 3550 retinenda
475 3526 549 3551 lectio
567 3527 608 3551 ed.
622 3527 715 3552 Pianae
729 3532 754 3552 et
765 3528 874 3552 aliorum
888 3529 971 3559 codd„
985 3536 1053 3561 quae
1065 3536 1187 3562 germana
1199 3534 1240 3554 est
1250 3534 1277 3554 et
1289 3536 1388 3555 vera.-

326 3559 390 3584 Cod.
403 3561 439 3585 D:
453 3569 554 3586 necesse
567 3562 646 3593 prius
663 3565 703 3587 est
726 3569 882 3595 cognoscere
900 3569 949 3588 etc.

895 220 1281 266 POSTERIORUM
1310 219 1740 256 ANALYTICORUM
1769 220 1863 256 LlB.
1897 222 1910 256 I

1433 306 1488 335 est
1507 299 1620 335 etiam
1640 299 1679 335 in
1697 299 1895 336 intellectu.
1918 301 1976 336 Ex
1992 300 2240 347 singularibus
2259 309 2388 338 autem
2403 313 2502 350 quae

1433 360 1519 388 sunt
1546 352 1583 388 in
1604 364 1728 399 sensu,
1755 365 1834 388 non
1862 361 1948 389 sunt
1967 353 2328 401 demonstrationes,
2355 355 2423 391 sed
2456 367 2502 392 ex

1431 405 1708 441 universalibus
1740 413 1908 452 tantum,
1938 418 2037 454 quae
2071 415 2158 443 sunt
2186 407 2223 443 in
2261 406 2458 445 intellectu.
2475 429 2500 436 —

1431 458 1500 494 Vel
1539 458 1744 495 dicendum
1786 459 1891 507 quod
1929 459 1967 496 in
2009 460 2114 496 omni
2157 460 2500 508 demonstratione,

1433 519 1581 559 oportet
1608 511 1713 559 quod
1740 512 1970 560 procedatur
2007 524 2052 549 ex
2079 513 2157 559 his,
2187 525 2286 561 quae
2320 521 2406 550 sunt
2434 526 2501 551 no-

1431 563 1527 600 tiora
1555 564 1685 612 quoad
1713 577 1801 611 ηοε,
1831 577 1910 601 non
1938 572 2067 602 tamen
2094 565 2344 613 singularibus
2365 566 2402 613 *,
2433 567 2501 604 sed

1430 617 1716 654 universalibus.
1739 618 1830 654 Non
1850 617 1952 654 enim
1967 618 2106 666 aliquid
2121 627 2245 667 potest
2258 619 2342 656 fieri
2360 619 2502 656 nobis*

1431 677 1578 716 notum,
1599 670 1670 706 nisi
1688 682 1757 718 per
1776 670 1814 706 id
1833 670 1940 718 quod
1959 678 2015 707 est
2033 671 2153 718 magis
2168 680 2307 709 notum
2327 673 2437 709 nobis
2456 678 2498 710 ⁷⁷.

1432 723 1676 771 Quandoque
1697 731 1825 760 autem
1846 723 1884 760 id
1902 723 2008 771 quod
2028 731 2084 760 est
2106 725 2226 772 magis
2245 733 2380 763 notum
2408 725 2499 775 qub-

1431 776 1483 812 ad
1508 788 1587 822 nos,
1609 784 1664 813 est
1693 776 1806 813 etiam
1835 776 1956 824 magis
1981 785 2115 813 notum
2142 778 2357 826 simpliciter
2382 787 2418 816 et
2443 791 2499 816 se-

1431 829 1595 866 cundum
1624 835 1800 866 naturam
1807 843 1821 874 ;
1845 830 1941 866 sieut
1967 830 2102 867 accidit
2129 830 2167 867 in
2201 831 2498 880 mathematicis,

1431 882 1469 918 in
1496 882 1650 930 quibus,
1670 890 1827 931 propter
1844 883 2138 920 abstractionem
2165 896 2189 920 a
2217 884 2395 932 materia,
2421 897 2501 922 non

1430 935 1527 972 fiunt
1554 935 1896 972 demonstrationes
1933 936 2004 973 nisi
2033 948 2078 973 ex
2109 937 2301 986 principiis
2335 937 2500 974 formali-

1431 989 1513 1025 bus.
1549 989 1598 1025 Et
1625 988 1664 1025 in
1691 989 1826 1025 talibus
1862 989 1960 1026 fiunt
1978 989 2340 1027 demonstrationes
2369 1003 2414 1027 ex
2442 989 2501 1028 his

1431 1053 1528 1089 quae
1557 1049 1644 1078 sunt
1671 1042 1819 1078 notiora
1845 1042 2070 1090 simpliciter.
2099 1045 2193 1080 Item
2210 1044 2242 1090 ²⁸,
2268 1044 2500 1092 quandoque

1426 1094 1468 1131 id
1488 1095 1592 1143 quod
1622 1102 1678 1131 est
1705 1095 1829 1132 notius
1849 1096 1979 1143 quoad
1998 1109 2068 1133 nos
2093 1109 2171 1136 non
2192 1105 2247 1134 est
2265 1097 2390 1134 notius
2410 1096 2498 1134 sim-

1484 1295 1526 1330 ββ)
1546 1297 1602 1322 Sed
1616 1298 1756 1322 dicendum
1771 1299 1842 1331 quod
1855 1303 1902 1323 etc.
1917 1299 1962 1323 Est
1982 1299 2057 1324 lectio
2071 1299 2158 1324 Piana.
2172 1300 2281 1330 Codices
2294 1300 2347 1333 boc
2361 1300 2419 1324 loco
2437 1306 2500 1325 sunt

1430 1332 1570 1357 discordes.
1584 1346 1604 1352 ·-
1621 1333 1686 1358 Cod.
1699 1334 1735 1358 A:
1754 1334 1802 1358 sed
1820 1333 1960 1359 dicendum
1979 1334 2052 1366 quod
2069 1335 2111 1360 hic
2129 1335 2248 1367 loquitur
2265 1335 2409 1360 secundum
2429 1335 2502 1368 quod

1430 1368 1459 1392 id
1477 1368 1549 1400 quod
1566 1371 1606 1393 est
1633 1368 1660 1393 in
1679 1376 1756 1394 sensu
1778 1372 1819 1394 est
1840 1370 1928 1394 notius
1952 1370 2042 1402 quoad
2054 1377 2109 1399 nos,
2128 1378 2159 1395 eo
2178 1371 2250 1403 quod
2267 1374 2307 1396 est
2330 1371 2501 1396 intellectu....

1431 1403 1479 1427 Ex
1496 1403 1676 1436 singularibus
1690 1407 1779 1433 autem
1794 1408 1938 1442 quqeasunt
1951 1403 2036 1434 sensu,
2053 1413 2104 1430 non
2117 1409 2180 1430 sunt
2200 1406 2439 1432 demonstrationes
2451 1411 2500 1432 etc.

1428 1438 1492 1462 —Bz
1507 1438 1555 1463 sed
1574 1438 1713 1463 dicendum
1733 1439 1862 1471 quod:...
1883 1440 1922 1464 Ibi·
1946 1443 2034 1465 autem
2053 1441 2196 1466 secundum
2216 1441 2288 1474 quod
2308 1441 2376 1466 illud
2396 1445 2436 1467 est
2455 1449 2501 1468 no-

1430 1473 1484 1498 tius
1502 1477 1551 1498 etc.
1560 1487 1580 1492 —
1589 1474 1610 1498 C
1623 1474 1684 1506 legit
1697 1479 1725 1499 ut
1743 1475 1902 1500 Pinum—D:
1916 1477 1963 1500 sed
1975 1475 2116 1501 dicendum
2135 1476 2233 1509 quod...
2248 1477 2288 1502 Ibi
2305 1481 2394 1502 autem
2409 1483 2500 1507 secun-

1431 1508 1493 1533 dum
1513 1509 1585 1540 quod
1598 1512 1638 1534 est
1656 1509 1744 1534 notius
1757 1515 1804 1534 etc.
1818 1510 1846 1535 ln
1860 1511 1976 1543 margine
1994 1516 2081 1536 tamen
2103 1511 2181 1536 habet
2195 1512 2325 1537 additum:
2338 1513 2368 1538 id
2379 1513 2464 1544 quod,·
2476 1517 2503 1538 et

1431 1543 1467 1568 sic
1479 1542 1508 1567 fit
1520 1543 1662 1569 conformis
1676 1544 1701 1568 in
1714 1545 1836 1569 omnibus
1851 1550 1906 1570 tum
1920 1546 1976 1570 cod.
1991 1546 2012 1571 C
2025 1551 2080 1571 tum
2096 1547 2217 1571 Pianae.-
2231 1547 2253 1571 E
2273 1547 2334 1579 legit
2353 1555 2406 1572 non
2425 1555 2501 1574 secus

1431 1587 1459 1603 ac
1479 1579 1557 1603 Pinna
1571 1584 1596 1604 et
1615 1580 1672 1604 cod.
1685 1580 1777 1605 C.·—G
1790 1580 1934 1605 item.·-l-l:
1952 1581 2000 1606 sed
2018 1581 2159 1615 dicendum
2176 1586 2216 1607 est
2234 1583 2306 1614 quod
2323 1582 2366 1608 hic
2384 1583 2503 1616 loquitur

1430 1615 1573 1639 secundum
1594 1615 1623 1639 id
1634 1615 1706 1648 quod
1721 1619 1760 1640 est
1773 1615 1799 1640 in
1815 1615 1956 1641 intellectu.
1971 1617 2019 1641 Ex
2029 1617 2211 1650 singularibus
2223 1621 2312 1643 autem
2326 1618 2435 1643 ete-1:
2453 1618 2503 1644 sed

1431 1650 1571 1675 dicendum
1590 1650 1663 1682 quod
1680 1650 1723 1675 hic
1740 1651 1885 1683 quuitur...
1898 1654 1938 1676 est
1953 1652 2042 1677 notius
2059 1652 2150 1684 quoad
2168 1659 2215 1677 nos
2234 1656 2260 1678 ει
2278 1653 2359 1678 etiam
2379 1653 2405 1678 in
2425 1653 2503 1679 intel-

1431 1686 1527 1710 lectu...
1543 1686 1590 1710 Ex
1606 1686 1787 1719 singularibus
1805 1690 1895 1712 autem
1914 1694 1983 1719 quae
2000 1691 2063 1712 sunt
2079 1694 2167 1716 sensu,
2184 1695 2235 1714 non
2254 1691 2317 1714 sunt
2336 1689 2503 1714 demonstra·-
2525 1716 2528 1720 ,

1432 1721 1516 1746 tiones
1541 1721 1660 1746 ete—K:
1684 1721 1733 1746 sed
1751 1722 1891 1747 dicendum
1914 1722 2012 1755 quod...
2037 1730 2068 1748 eo
2093 1723 2165 1755 quod
2183 1727 2222 1749 est
2241 1724 2268 1749 in
2289 1723 2430 1750 intellectu.
2455 1724 2504 1750 Et

1431 1756 1611 1789 singularibus
1629 1759 1718 1781 autem
1738 1761 1785 1781 etc.
1800 1771 1820 1775 —
1834 1758 1855 1782 L
1875 1757 1953 1782 habet
1971 1758 2107 1783 lectionem
2131 1759 2188 1783 cod.
2208 1759 2245 1790 D,
2270 1759 2317 1784 sed
2343 1759 2398 1784 sine
2418 1762 2503 1784 corr'e-

1432 1792 1516 1817 ctione
1534 1792 1780 1824 marginali.—-MO:
1798 1793 1847 1818 sed
1864 1793 2005 1819 dicendum
2024 1794 2097 1826 quod
2114 1794 2157 1819 hic
2174 1795 2294 1827 loquitur
2310 1795 2455 1820 secundun·
2471 1794 2507 1820 u

1433 1827 1504 1860 quod
1522 1830 1562 1852 est
1580 1827 1701 1852 etc.—N:
1720 1827 1768 1852 sed
1787 1828 1926 1854 dicendum
1946 1829 2018 1861 quod
2036 1829 2078 1854 hic
2090 1830 2209 1862 loquitur
2220 1830 2365 1856 secundum
2385 1830 2414 1856 id
2431 1830 2504 1863 quod

1432 1866 1473 1887 est
1491 1862 1623 1888 intellectu
1630 1869 1640 1892 ‚·
1658 1863 1694 1887 ibi
1711 1866 1801 1888 autem
1825 1865 1970 1889 secundum
1994 1864 2066 1897 quod
2089 1868 2129 1889 est
2147 1865 2173 1889 in
2193 1872 2282 1894 sensu,
2302 1866 2375 1898 quod
2396 1868 2436 1891 est
2454 1873 2502 1891 no-

1433 1898 1486 1923 tius
1505 1898 1594 1931 quoad
1612 1905 1671 1928 nos,
1691 1906 1721 1924 eo
1733 1899 1806 1931 quod
1821 1899 1899 1924 estin
1915 1899 2057 1925 intellectu.
2073 1900 2120 1925 Εκ-
2131 1900 2313 1933 singularibus
2325 1904 2414 1926 autem
2427 1906 2475 1926 etc.
2485 1913 2504 1922 -

1433 1933 1471 1964 Q:
1489 1933 1537 1959 sed
1553 1933 1635 1958 datur
1653 1934 1725 1966 quod
1742 1934 1785 1959 hic
1803 1935 1922 1966 quuitur
1940 1935 2011 1967 quod
2029 1935 2059 1960 id
2073 1935 2144 1967 quod
2162 1939 2202 1962 est
2220 1936 2247 1961 in
2261 1943 2338 1962 sensu
2357 1940 2396 1962 est
2415 1937 2504 1962 notius

1434 1969 1524 2001 quoad
1547 1975 1595 1994 nos
1613 1966 1640 1994 et
1656 1968 1738 1993 ctiam
1764 1969 1904 1995 intellectu.
1929 1970 1977 1995 Ex·
1999 1970 2181 2004 singularibus
2202 1975 2292 1996 autem
2315 1971 2438 1997 ete-R:
2457 1971 2506 1997 sed

1434 2004 1574 2029 dicendum
1594 2004 1666 2036 quod
1683 2004 1725 2029 hic
1743 2005 1906 2037 loquitur...
1924 2013 1956 2031 eo
1974 2006 2046 2040 quod
2059 2009 2100 2031 est
2112 2006 2245 2032 intellectu
2265 2004 2381 2042 (caetera
2393 2004 2502 2043 omittit)

1434 2040 1474 2065 vel
1493 2039 1633 2064 dicendum
1653 2044 1700 2064 etc.
1716 2054 1734 2059 —-
1748 2040 1780 2064 S:
1800 2041 1848 2065 sed
1866 2041 2006 2066 dicendum
2026 2041 2098 2073 quod
2116 2041 2158 2068 hic
2175 2041 2295 2074 loquitur
2312 2042 2456 2069 secundum
2475 2043 2506 2069 id

1434 2074 1506 2107 quod
1523 2077 1563 2100 est
1580 2075 1675 2108 (marg.
1695 2075 1767 2100 add-t
1790 2075 1818 2100 in
1837 2083 1914 2101 sensu
1937 2079 1977 2101 est
1995 2075 2084 2101 notius
2101 2083 2132 2101 εο
2151 2077 2223 2109 quod
2240 2074 2290 2114 est)
2311 2077 2338 2102 in
2363 2077 2504 2105 intellectu.

1434 2110 1474 2136 Hn'
1491 2113 1581 2135 autem
1603 2110 1751 2136 secundum·
1773 2111 1845 2143 quod
1864 2110 1962 2147 (marg.
1975 2111 2048 2137 add:
2067 2111 2097 2137 id
2114 2111 2200 2146 quod)
2219 2116 2260 2139 est
2283 2112 2373 2139 notius
2395 2118 2445 2139 etc.
2453 2113 2506 2140 -T

1434 2146 1442 2170 l
1477 2145 1496 2170 it
1514 2150 1543 2170 ut
1562 2146 1592 2170 L.

1445 2153 1530 2215 88γγ)
1549 2181 1610 2207 Non
1630 2181 1699 2206 enim
1718 2182 1822 2215 aliquid
1840 2185 1932 2215 potest
1942 2182 2009 2216 fieri
2027 2183 2101 2208 nobis
2119 2187 2225 2213 notum,
2247 2183 2299 2210 nisi
2312 2190 2365 2216 per
2387 2183 2417 2210 id
2434 2184 2507 2217 quod

1433 2220 1473 2242 est
1497 2216 1583 2250 magis
1608 2220 1699 2242 notum
1725 2218 1807 2243 nobis.
1822 2232 1842 2237 -
1859 2219 1941 2243 Codd.
1960 2219 2008 2243 ΑΗ
2033 2219 2156 2244 omittunt
2177 2219 2227 2244 hoc
2250 2219 2372 2244 ultimum
2391 2220 2473 2246 nobis.
2486 2233 2507 2240 -

1434 2253 1504 2277 Haec
1523 2259 1544 2277 s.
1558 2252 1677 2278 Thomae
1701 2253 1827 2278 sententia
1847 2254 1927 2278 veluti
1951 2253 2051 2279 axioma
2077 2259 2117 2279 est
2138 2254 2283 2286 retinenda,
2309 2260 2338 2280 ut
2356 2260 2457 2281 constat
2474 2262 2507 2281 ex

1433 2287 1565 2316 omnibus,
1579 2295 1646 2320 quae
1664 2288 1801 2322 hucusque
1819 2289 1926 2322 probata
1941 2294 2010 2314 sunt.
2029 2289 2176 2316 Notandum
2190 2295 2277 2315 tamen
2290 2291 2360 2323 quod
2375 2291 2408 2316 de
2420 2290 2506 2324 aliqua

1435 2323 1602 2348 conclusione
1621 2329 1707 2356 potest
1731 2324 1852 2357 cognosci
1871 2325 1913 2350 vel
1932 2325 1987 2350 sola
2005 2324 2062 2350 eius
2080 2325 2212 2351 connexio
2225 2333 2285 2352 cum
2303 2326 2444 2360 principio,
2462 2326 2505 2351 vel

1435 2358 1559 2384 connexio
1584 2363 1610 2384 et
1638 2359 1716 2384 simul
1740 2359 1828 2385 haberi
1852 2359 1946 2385 veritas
1967 2360 2050 2393 ipsius
2075 2361 2192 2394 principii
2217 2360 2272 2394 (Cf.
2291 2362 2351 2387 lect.
2369 2369 2393 2392 1,
2417 2369 2443 2387 n.
2463 2359 2511 2396 6).-

1435 2393 1521 2419 Prima
1537 2399 1577 2420 est
1590 2394 1703 2427 cognitio
1721 2395 1922 2428 consequentiae
1940 2395 2131 2427 conclusionum
2157 2397 2237 2423 altera
2254 2401 2296 2422 est
2313 2396 2425 2430 cognitio
2442 2403 2511 2431 emt—¹

1434 2429 1574 2462 sequenti-3,
1595 2437 1642 2455 seu
1661 2429 1773 2463 cognitio
1788 2431 1962 2456 conclusionis
1974 2431 2001 2456 in
2013 2431 2221 2465 seipsa-propter
2237 2430 2366 2459 notiorem
2379 2432 2506 2465 cognitio-

1435 2472 1497 2490 nem
1518 2464 1716 2498 principiorum,
1735 2473 1767 2492 ex
1779 2466 1874 2500 quibus
1887 2466 2060 2492 conclusionis
2078 2467 2172 2493 veritas
2185 2467 2302 2493 infertur.
2315 2467 2368 2493 Res
2386 2467 2509 2502 ειοιιιρῑο1

1434 2499 1482 2525 erit
1496 2500 1640 2526 manifesta.
1659 2501 1697 2526 Sit
1711 2500 1879 2534 syllogismus
1899 2501 2130 2528 demonstrativus:
2260 2513 2264 2517 -

1506 2573 1663 2598 Substantia
1680 2572 1855 2598 essentialiter
1872 2573 2020 2605 spiritualis
2037 2577 2078 2599 est
2096 2577 2195 2599 natura
2212 2581 2263 2599 sua
2281 2573 2453 2603 immortalis,-

1507 2607 1563 2633 Sed
1579 2607 1671 2633 anima
1689 2608 1807 2633 humana
1826 2611 1865 2634 est
1882 2608 2032 2634 substantia
2049 2609 2225 2634 essentialiter
2241 2609 2405 2642 spiritualis,-

1507 2643 1583 2676 Ergo
1600 2643 1692 2668 anima
1710 2643 1827 2668 humana
1845 2647 1885 2668 est
1903 2646 2002 2669 natura
2019 2651 2070 2669 sua
2088 2644 2256 2670 immortalis.

1435 2713 1529 2739 Procul
1545 2714 1624 2739 dubio
1642 2721 1721 2739 nemo
1739 2718 1826 2746 potest
1847 2713 1916 2739 hunc
1939 2714 2124 2748 syllogismum
2149 2722 2294 2748 proponere
2316 2720 2343 2741 et
2361 2715 2504 2749 praefatam

1437 2749 1632 2775 conclusionem
1650 2749 1746 2774 inferre
1764 2749 1813 2774 nisi
1832 2749 1959 2782 praesciat
1976 2749 2040 2783 quid
2058 2748 2214 2783 significetur
2232 2755 2258 2776 et
2269 2758 2318 2784 per
2335 2750 2452 2776 medium
2464 2759 2506 2779 aa·

1437 2790 1573 2819 sumptum
1590 2782 1766 2817 (Substantia
1784 2785 1960 2810 essentialiter
1971 2785 2145 2818 spiritualis).
2164 2790 2191 2810 et
2208 2785 2271 2819 quid
2283 2793 2332 2819 per
2349 2786 2506 2820 praemissas

1437 2819 1628 2854 propositiones
1647 2818 1820 2854 (Substantia
1839 2825 1915 2845 etc.—
1927 2820 1983 2846 Sed
2003 2820 2096 2846 anima
2114 2819 2182 2854 etc),
2201 2828 2231 2847 sc
2250 2820 2360 2854 denique
2379 2821 2429 2847 nisi
2448 2829 2507 2855 per·

1438 2855 1528 2890 spiciat
1551 2855 1669 2880 ordinem
1691 2863 1773 2880 nexus
1795 2855 1969 2881 conclusionis
1990 2854 2075 2882 illatae
2099 2863 2160 2881 cum
2181 2856 2361 2882 antecedente.
2384 2857 2508 2883 Attamen

1438 2896 1525 2925 potest
1542 2890 1597 2916 dari
1615 2890 1686 2924 quod
1705 2890 1799 2925 aliquis
1817 2890 1881 2916 sciat
1898 2891 1960 2924 quid
1973 2890 2130 2924 significetur
2147 2899 2194 2925 per
2212 2891 2327 2917 medium
2339 2897 2366 2918 et
2378 2892 2506 2926 praemia-

1438 2934 1494 2957 ευ,
1513 2931 1539 2952 ει
1556 2926 1655 2952 nesciat
1672 2931 1760 2952 utrum
1779 2925 1894 2952 medium
1908 2931 1933 2952 et
1945 2926 2089 2959 praemissa
2107 2926 2160 2952 aiut
2178 2926 2244 2952 sicut
2256 2925 2446 2960 significantur:
2462 2927 2507 2960 ita,

1438 2962 1464 2987 in
1483 2969 1545 2987 casu
1563 2967 1654 2987 nostm
1672 2965 1750 2992 esset,
1769 2961 1792 2986 si
1810 2960 1869 2995 quis
1889 2961 1922 2987 de
1940 2961 2027 2988 medio
2045 2962 2166 2987 retineret
2185 2962 2257 2996 quod
2275 2962 2419 2989 substantia
2430 2962 2506 2997 spiri-

1437 2997 1513 3023 tualis
1532 3001 1602 3022 esset
1620 2996 1758 3031 spiritualis
1776 3004 1807 3022 a
1825 3004 1858 3022 eo
1870 2997 2039 3023 solummodo
2057 2997 2130 3030 quod
2149 3002 2189 3023 est
2206 2997 2370 3030 simple-met
2381 2997 2441 3024 ideo
2453 3005 2508 3029 non

1439 3033 1582 3066 perciperet
1599 3037 1680 3057 totam
1698 3032 1833 3057 veritatem
1852 3032 1973 3062 maiort's‚
1996 3040 2091 3066 nempe
2109 3033 2181 3066 quod
2202 3032 2346 3059 substantia
2367 3033 2507 3067 spiritualia

1439 3068 1497 3094 ideo
1515 3067 1639 3094 asseritur
1657 3067 1823 3099 immortalis,
1840 3067 1902 3101 quia
1916 3075 1975 3093 cum
1999 3068 2143 3094 substantia
2161 3068 2271 3102 simplex
2289 3069 2330 3099 sit,
2349 3076 2402 3094 non
2495 3074 2507 3095 t

1438 3111 1484 3137 per
1502 3111 1540 3135 se,
1553 3103 1603 3128 hoc
1621 3108 1662 3128 est
1674 3110 1721 3136 pet
1739 3102 1892 3128 divisionem
1911 3103 2023 3136 partium
2041 3103 2162 3136 dissolvi,
2180 3108 2206 3129 ct
2223 3111 2284 3130 cum
2301 3103 2336 3129 sit
2353 3104 2394 3137 sp·
2409 3103 2415 3110 ”

1439 3138 1616 3172 independens
1640 3143 1680 3164 est
1697 3145 1712 3163 a
1730 3138 1836 3164 materia
1854 3143 1880 3164 et
1897 3138 1956 3164 ideo
1974 3146 2026 3164 non
2045 3143 2131 3172 potest
2150 3139 2235 3172 perire
2248 3146 2301 3172 per
2317 3138 2441 3171 accidens
2447 3146 2509 3173 ,h-

1439 3173 1609 3200 dissolutione
1630 3172 1758 3207 corporis,
1782 3173 1822 3198 cui
1841 3173 1908 3199 forte
1925 3179 1966 3199 est
1983 3173 2060 3200 unita.
2079 3174 2150 3207 Ergo
2171 3174 2216 3208 qui
2234 3174 2293 3200 talia
2311 3174 2412 3207 ignorat
2428 3174 2509 3209 hbe

1439 3209 1612 3243 cognitionem
1629 3209 1830 3242 consequentiae
1849 3209 2003 3243 syllogismi,
2023 3209 2070 3235 aed
2088 3217 2141 3235 non
2156 3209 2235 3236 habet
2251 3210 2426 3243 cognitionem
2439 3215 2506 3241 ⁴otm-

1439 3244 1572 3278 sequentis
1591 3243 1645 3280 (cf.
1658 3244 1724 3270 infra
1742 3244 1800 3270 lect.
1813 3251 1863 3275 xxv,
1878 3253 1904 3270 n.
1915 3243 1958 3279 5);
1978 3249 2004 3270 et
2021 3244 2080 3270 ideo
2099 3252 2152 3270 non
2169 3253 2231 3271 vere
2252 3245 2303 3271 scit
2312 3245 2506 3272 conclu-innan

1439 3281 1528 3306 illam:
1547 3279 1608 3314 quia
1626 3279 1700 3310 scire,
1713 3279 1818 3316 proprie
1837 3279 1942 3311 dictum,
1957 3285 1997 3306 est
2015 3287 2157 3313 cognosere
2170 3280 2365 3307 conclusionem
2375 3279 2439 3314 qnia,
2456 3283 2504 3310 m.

1440 3323 1487 3341 seu
1506 3315 1567 3348 quia
1585 3323 1646 3342 vera
1664 3320 1712 3346 est,
1725 3323 1772 3341 seu
1791 3314 1828 3340 sic
1847 3323 1914 3346 esse,
1927 3320 1956 3340 ut
1974 3315 2145 3347 concluditur,
2164 3316 2225 3349 quia
2243 3315 2359 3342 malunt
2377 3315 2429 3345 tale
2445 3322 2507 3347 esa·

1440 3351 1519 3376 scitur
1536 3355 1566 3376 ut
1583 3348 1748 3384 significatur,
1766 3355 1794 3376 et
1811 3350 1935 3384 principia
1952 3358 2015 3376 vera
2032 3358 2092 3376 esse
2108 3355 2299 3384 cognoscuntur
2316 3356 2394 3384 prout
2409 3357 2504 3384 propp-

1439 3385 1487 3411 sita
1506 3390 1574 3412 sunt.
1594 3385 1645 3417 Qui
1663 3393 1739 3412 secus
1758 3391 1838 3419 agunt
1860 3395 1874 3411 c
1885 3386 2014 3412 doctrinas
2032 3393 2161 3420 quasque,
2180 3386 2267 3420 inquit
2289 3385 2440 3415 Qum,
2459 3384 2505 3410 ὀθ-

1442 3431 1454 3444 »
1475 3421 1581 3447 tendere
1598 3426 1777 3455 praesumunt,
1819 3421 1871 3447 uod
1889 3429 1950 3447 cum
1969 3421 2093 3455 principia
2110 3421 2148 3447 sic
2165 3429 2226 3448 esse
2244 3426 2272 3449 ut
2289 3418 2432 3454 &anitium
2451 3427 2506 3446 non

1441 3465 1455 3482 ι
1476 3456 1569 3489 norint,
1583 3462 1772 3490 consequenter
1784 3429 1818 3483 ad
1834 3456 1879 3482 illa
1890 3456 2014 3491 principia
2032 3456 2172 3491 loquendo,
2190 3455 2436 3490 consequentiarum
2449 3459 2505 3481 tan-

1442 3501 1455 3515 »
1475 3497 1531 3517 turn
1544 3492 1676 3517 scientiam
1689 3492 1824 3526 acquirunt
1842 3497 1868 3517 et
1886 3492 2002 3523 tradunt;
2021 3491 2201 3518 conclusiones
2218 3499 2282 3517 vero
2298 3491 2370 3524 ipsas
2385 3490 2504 3522 incertas,

1442 3536 1455 3551 »
1476 3527 1542 3552 sicut
1555 3532 1580 3552 et
1593 3527 1717 3561 principia
1728 3527 1856 3553 sustinent
1867 3536 1880 3552 s
1897 3524 1942 3563 (ln
1953 3527 1964 3553 l
1976 3527 2086 3558 Foster„
2100 3534 2156 3560 cap.
2167 3534 2195 3558 u,
2204 3526 2230 3560 fl.
2240 3525 2376 3559 &inopia
2388 3529 2416 3552 ει
2422 3532 2504 3558 prae-

1441 3562 1535 3588 musas
1553 3562 1670 3588 notiores
1688 3565 1794 3597 oportet
1811 3569 1866 3588 esse
1878 3561 1958 3598 etc).

2529 571 2574 592 ‘az
2590 576 2620 592 ex
2633 571 2697 599 sing.

2527 627 2539 637 .

2528 652 2541 673 b
2547 632 2595 657 pto
2609 626 2685 648 omitt.
2697 633 2742 648 ao-

2542 659 2571 674 ns.

2617 689 2651 715 ’rt

2527 1053 2538 1063 *
2556 1059 2614 1075 aco:
2634 1052 2742 1080 quando-

2527 1085 2573 1107 que
2586 1085 2652 1101 νει-ο.
