2788 4204
81 650 94 659 ⁶
108 649 171 670 Lect.
187 654 236 675 seq.

85 701 93 710 ·
112 701 176 722 Lect.
191 700 295 727 praeced.

84 727 191 784 {¹³¹1c2213:
201 764 211 769 -
220 759 233 774 ρ
240 760 245 774 ,
252 758 298 780 ..0-

85 781 140 801 sunt.

86 1023 94 1031 '
109 1021 166 1047 Cap.
177 1026 199 1040 v.
208 1031 217 1035 -
226 1019 297 1041 Com-

86 1051 157 1068 ment.
166 1046 235 1068 s.Th.
246 1046 296 1066 lect.

84 1079 132 1094 vm.

85 1335 95 1345 '
110 1333 180 1355 Num.
194 1341 216 1359 4.

88 1654 137 1676 ⁸Cf.
145 1655 244 1680 lectam,
252 1654 299 1675 n.8.

88 1765 95 1772 ·
106 1763 170 1784 Lect.
179 1768 298 1787 x11=,n.1o.

89 1870 97 1878 '
106 1868 183 1890 Etiam
194 1875 220 1889 ex
229 1868 299 1890 codd.

84 2002 95 2012 ⁸
118 2001 154 2022 Cf.
177 2002 226 2022 lect.
243 2006 298 2027 xm,

27 2035 33 2040 ·
85 2034 108 2049 n.
119 2028 157 2049 cit.

519 340 554 365 0„
580 325 756 367 ostquam
771 316 1026 364 Philosophus
1046 312 1248 361 assignavit
1274 311 1384 348 ratio-

538 375 669 407 hnem
703 369 853 406 unitatis
888 375 923 404 et
957 365 1181 404 diversitatis
1214 364 1384 401 scientia-

524 397 562 454 ’1
581 436 665 460 rum
695 435 739 459 ex
767 428 871 471 parte
901 419 1046 468 generis
1072 417 1244 464 subiecti,
1275 425 1312 454 et
1340 429 1386 453 ex

527 481 683 526 ‘parte
715 473 1009 524 principiorum,
1043 471 1105 508 hic
1139 472 1185 508 de
1219 470 1385 519 utrisque

322 530 573 579 prosequitur.
604 530 652 565 Et
678 528 815 576 primo,
839 526 884 563 de
905 524 1081 562 subiectis
1107 524 1153 560 de
1174 522 1312 573 quibus
1333 530 1388 559 est

324 583 493 628 scientia;
514 581 704 627 secundo,
735 579 782 616 de
810 578 1019 627 principiis;
1040 577 1108 614 ibi:
1142 577 1287 614 Eadem
1321 588 1388 612 au-

324 642 395 673 tem
410 635 597 684 principia
620 641 687 669 etc.
703 633 723 653 *
748 632 858 668 Circa
877 632 1045 679 primurn
1066 629 1388 667 considerandum

325 695 380 725 est
403 687 508 736 quod
528 698 641 734 supra
659 686 679 706 '¹‘
700 685 794 722 duas
815 685 1051 722 conditiones
1070 690 1250 732 posuerat
1268 683 1308 703 ³²*
1327 694 1388 730 ge-

324 741 434 787 neris,
455 739 559 788 quod
581 746 635 775 est
664 738 877 775 subiectum
906 737 1099 783 scientiae;
1129 747 1294 785 quarum
1313 748 1390 772 una

326 801 380 830 est
407 800 447 829 ut
476 798 728 840 componatur
757 803 802 827 ex
829 791 979 840 primis,
1009 790 1081 827 alia
1114 796 1169 826 est
1195 797 1237 826 ut
1263 796 1390 837 partes

326 854 361 883 et
387 845 584 894 passiones
613 844 685 881 sint
714 844 794 880 eius
821 857 891 893 per
918 857 970 881 se.
1001 845 1177 890 Quarum
1207 842 1390 879 conditio-

324 911 416 936 num
445 910 521 934 una
551 897 655 934 deest
683 897 722 934 in
749 897 807 934 his
826 910 924 946 quae
949 904 1036 934 sunt
1059 910 1081 933 a
1101 897 1271 941 fortuna3
1302 895 1391 944 quia

324 964 402 988 non
432 951 610 988 eveniunt
632 962 702 999 per
721 962 772 997 se,
794 951 862 988 sed
889 963 959 1000 per
978 950 1165 995 accidens,
1187 957 1224 986 et
1241 955 1392 997 praeter

324 1004 584 1050 intentionem,
605 1011 647 1040 ut
664 1004 848 1052 probatur
865 1004 904 1041 in
924 1005 957 1041 ΙΙ
977 1003 1226 1051 Physicorum
1245 1002 1276 1039 ³¹³.
1306 1002 1391 1038 Alia

323 1070 416 1095 vero
446 1057 612 1094 conditio
642 1057 749 1094 deest
775 1057 814 1093 in
837 1058 895 1094 his
928 1069 1027 1106 quae
1051 1068 1120 1105 per
1144 1068 1299 1093 sensum
1329 1068 1391 1092 co-

324 1117 577 1158 gnoscuntur,
611 1122 711 1159 quae
745 1117 832 1147 sunt
868 1110 992 1159 prima
1026 1110 1065 1146 in
1102 1116 1232 1147 nostra
1266 1109 1392 1157 cogni-

324 1164 437 1201 tione.
465 1164 514 1200 Et
533 1163 619 1200 ideo
639 1163 766 1212 primo
787 1163 950 1201 ostendit
968 1169 986 1184 ‘¹‘
1014 1163 1120 1212 quod
1141 1162 1294 1199 scientia
1314 1174 1394 1199 non

325 1224 380 1253 est
409 1229 544 1253 eorum
564 1229 663 1265 quae
696 1223 783 1253 sunt
802 1229 825 1254 a
843 1217 1012 1261 fortuna3
1038 1215 1207 1253 secundo
1230 1215 1393 1252 ostendit

324 1270 429 1319 quod
457 1282 536 1306 non
566 1276 621 1306 est
641 1282 775 1306 eorum
795 1283 893 1319 quae
919 1277 1200 1317 cognoscuntur
1212 1281 1282 1317 per
1309 1281 1392 1306 sen-

325 1335 427 1369 sum;
457 1322 524 1360 ibi:
553 1324 690 1371 Neque
710 1335 784 1372 per
809 1335 959 1360 sensum
988 1328 1041 1359 est
1066 1322 1163 1359 scire
1184 1322 1204 1343 ²¹³
1224 1330 1292 1358 etc.

381 1388 415 1412 2.
437 1376 536 1412 Dicit
556 1388 644 1424 ergo
664 1377 802 1425 primo,
823 1376 929 1425 quod
954 1375 1253 1413 demonstrativa
1272 1374 1393 1411 scien-

324 1429 375 1466 tia
403 1442 482 1466 non
515 1437 640 1478 potest
673 1442 755 1466 esse
786 1429 832 1466 de
868 1442 913 1465 eo
943 1428 1049 1477 quod
1078 1436 1133 1465 est
1165 1440 1188 1464 a
1220 1428 1391 1474 fortuna,

326 1482 432 1532 quod
461 1489 515 1518 est
541 1494 610 1531 per
638 1482 814 1519 accidens
850 1481 1042 1518 eveniens.
1079 1482 1128 1518 Et
1155 1482 1230 1518 hoc
1256 1481 1395 1530 probat

327 1535 390 1572 sic.
423 1535 561 1571 Omnis
590 1535 830 1584 syllogismus
859 1534 1182 1572 demonstrativus
1214 1541 1279 1571 aut
1306 1546 1393 1582 pro-

328 1588 426 1625 cedit
454 1600 499 1624 ex
526 1588 850 1637 propositionibus
879 1588 1111 1635 necessariis,
1141 1595 1205 1624 aut
1234 1599 1279 1624 ex
1305 1599 1393 1636 pro-

325 1640 577 1691 positionibus
605 1653 704 1690 quae
733 1649 820 1679 sunt
847 1654 962 1679 verae
982 1649 1024 1679 ut
1042 1642 1260 1690 frequenter
1273 1641 1304 1677 *.
1335 1641 1394 1677 Ex

326 1694 650 1743 propositionibus
685 1702 813 1732 autem
842 1694 1064 1733 necessariis
1098 1695 1268 1743 sequitur
1304 1706 1394 1730 con-

327 1747 443 1784 clusio
472 1747 700 1795 necessaria,
730 1756 903 1798 utsupra
921 1748 1160 1798 *probatum
1183 1754 1249 1785 est.
1280 1748 1329 1784 Et
1348 1747 1394 1783 si-

326 1800 462 1837 militer
490 1813 535 1837 ex
563 1802 888 1851 propositionibus
910 1814 1008 1851 quae
1037 1808 1124 1838 sunt
1150 1813 1266 1838 verae
1299 1800 1395 1837 sicut

326 1854 551 1903 frequenter,
565 1855 733 1904 sequitur
753 1855 895 1892 etiam*
909 1854 1102 1893 conclusio
1119 1867 1216 1904 quae
1233 1861 1289 1891 est
1302 1866 1396 1891 vera

324 1914 366 1944 ut
394 1907 625 1956 frequenter;
654 1910 716 1945 vel
736 1908 830 1945 forte
858 1909 972 1947 etiam
1005 1907 1231 1956 necessaria,
1261 1919 1395 1944 secun-

327 1960 420 1998 dum
455 1961 560 2009 quod
594 1974 639 1999 ex
668 1962 898 2010 contingenti
932 1969 1058 2012 potest
1085 1961 1192 2011 sequi
1221 1972 1395 1998 necessa-

326 2013 436 2061 rium,
458 2022 499 2051 ut
532 2027 577 2051 ex
606 2016 699 2052 falso
727 2028 863 2052 verum
883 2017 913 2052 ³¹².
949 2017 1162 2064 Nunquam
1192 2021 1321 2051 autern
1351 2025 1396 2050 ex

380 2172 407 2204 αι)
424 2172 459 2197 Et
472 2172 531 2197 ideo
540 2172 632 2204 primo
647 2172 792 2197 ostendit.—
804 2172 839 2197 lta
854 2172 931 2197 editio
941 2172 1020 2196 Piana
1030 2180 1090 2197 cum
1105 2171 1190 2202 codd„
1200 2179 1231 2196 ex
1241 2171 1337 2203 quibus
1351 2171 1396 2195 ad-

326 2207 411 2232 dimus
425 2207 530 2240 primo‚
546 2207 617 2240 quod
636 2207 661 2232 in
677 2208 767 2232 eadem
783 2208 856 2232 deest
874 2207 994 2233 editione.
1010 2221 1030 2225 -
1045 2207 1109 2232 Cod.
1124 2207 1159 2231 A:
1174 2206 1266 2239 primo
1280 2206 1397 2231 ostendit

325 2243 396 2276 quod
414 2250 504 2268 eorum
524 2250 591 2276 quae
609 2246 672 2268 sunt
690 2250 707 2268 a
719 2243 836 2276 fortuna
851 2251 902 2268 non
918 2246 1008 2275 potest
1026 2250 1082 2268 esse
1101 2242 1211 2267 scientia
1229 2242 1395 2267 demonstra-

326 2279 382 2303 tiva
387 2286 395 2308 ‚·
408 2279 531 2309 secundo,
544 2278 660 2304 ostendit
673 2278 745 2311 quod
759 2286 810 2303 non
822 2281 913 2310 potest
927 2285 982 2303 esse
994 2285 1086 2304 eorum
1101 2283 1163 2307 etc.;
1178 2277 1214 2303 N:
1229 2278 1301 2310 quod
1313 2278 1396 2303 scien-

326 2314 365 2339 tia
383 2322 435 2339 non
455 2318 495 2339 est
506 2314 703 2348 fortuitorum5
721 2314 836 2339 secundo
856 2319 904 2339 etc.

380 2348 406 2382 β)
425 2350 516 2382 Neque
531 2353 570 2374 est
588 2350 850 2374 necessarium-lta
863 2350 946 2380 codd„
962 2357 1016 2374 exc.
1031 2349 1060 2379 B,
1075 2348 1120 2381 qui
1134 2356 1188 2373 om.
1202 2349 1281 2373 verba
1295 2348 1350 2373 Sed
1369 2348 1398 2373 id

326 2392 411 2417 usque
430 2386 462 2409 ad
481 2392 595 2417 sequens
614 2385 682 2410 sicut
692 2386 853 2418 frequenter
872 2385 1004 2415 inclusive,
1024 2389 1048 2409 et
1067 2384 1104 2414 M,
1125 2384 1169 2416 qui
1188 2392 1241 2409 om.
1256 2391 1340 2416 neque
1358 2387 1398 2408 est

327 2421 512 2445 necessarium.
534 2421 564 2445 P:
585 2427 637 2444 non
661 2422 701 2445 est
719 2420 919 2446 necess.·-1tem
938 2427 998 2444 cum
1019 2419 1094 2444 codd.
1114 2419 1236 2452 legimus,
1257 2426 1340 2452 neque
1358 2422 1398 2444 est

328 2454 394 2488 (ΗΟ
414 2463 467 2480 om.
480 2454 535 2489 est)
555 2455 623 2480 sicut
642 2455 741 2487 (GHM,
757 2456 800 2487 ut)
813 2457 986 2489 frequenter,
1006 2455 1053 2479 sed
1068 2455 1167 2480 accidit
1179 2458 1209 2479 ut
1223 2455 1248 2480 in
1258 2455 1396 2487 pauciori-

327 2491 383 2515 bus.
398 2491 433 2515 P:
453 2498 535 2523 neque
552 2490 623 2523 quod
642 2497 733 2515 verum
753 2494 783 2515 ut
793 2492 965 2524 frequenter,
988 2490 1035 2515 sed
1053 2490 1152 2516 accidit
1171 2490 1197 2515 in
1213 2490 1396 2522 paucIoribus.

380 2527 407 2559 γ)
431 2526 506 2551 Unde
528 2526 566 2551 sic
590 2526 666 2551 docet
691 2531 739 2551 etc.
753 2540 773 2545 -
788 2526 899 2550 AMNO:
930 2526 1004 2550 Unde
1027 2526 1095 2551 sicut
1120 2526 1211 2556 docet5
1236 2526 1298 2556 EQ:
1322 2526 1398 2551 Unde

329 2561 404 2586 docet
411 2568 419 2590 ,¹
438 2562 522 2591 codd„
542 2569 595 2586 exc.
610 2561 672 2585 GH:
692 2561 768 2586 docet
787 2561 822 2586 ibi
840 2561 923 2586 Arist.
930 2568 939 2590 ‚·
958 2561 978 2586 P
996 2569 1049 2586 om.
1066 2561 1110 2586 ibi.

382 2595 406 2629 δ)
426 2597 486 2622 Nisi
506 2597 676 2628 impediatur.
693 2609 711 2614 —
727 2596 800 2626 Quae
820 2597 845 2621 in
864 2596 914 2621 hoc
937 2604 1047 2620 numero
1070 2597 1218 2628 perstringit
1237 2604 1258 2621 s.
1269 2596 1396 2627 Thomas,

329 2632 360 2657 ab
380 2632 472 2657 eodem
487 2632 592 2664 copiose
607 2632 767 2656 declarantur
781 2633 807 2656 in
821 2632 924 2656 Comm.
939 2639 1017 2664 super
1032 2632 1051 2656 11
1067 2631 1110 2656 lib.
1126 2631 1340 2665 Hysia—Lech
1350 2639 1396 2656 vnt

328 2666 423 2698 definit,
443 2667 671 2692 Necessarium...
690 2668 761 2700 quod
775 2667 801 2692 in
821 2667 864 2692 sui
878 2670 977 2692 natura
990 2667 1076 2695 habet,
1091 2667 1164 2698 quod
1177 2674 1229 2691 non
1241 2667 1329 2699 possit
1343 2675 1395 2692 non

328 2710 398 2728 esse.-
417 2704 492 2735 eique
510 2703 649 2735 opponitur
668 2703 824 2736 contingens
839 2705 868 2727 ut
879 2703 1047 2736 frequenter,
1066 2702 1138 2734 quod
1156 2707 1242 2734 potest
1261 2710 1312 2727 non
1332 2709 1397 2728 esse.

328 2738 403 2763 Unde
428 2739 507 2763 reiicit
525 2738 674 2771 opinionem
700 2739 838 2763 dicentium
858 2738 928 2770 quod
952 2738 1128 2762 necessarium
1153 2738 1186 2762 sit
1209 2737 1234 2762 id
1253 2737 1325 2770 quod
1344 2745 1395 2762 non

328 2773 406 2799 habet
425 2774 656 2806 impedimentum5
678 2774 830 2806 contingens
849 2781 911 2798 vero
929 2778 958 2797 ut
977 2773 1134 2805 frequenter,
1152 2773 1225 2805 quod
1238 2776 1329 2804 potest
1348 2773 1397 2798 im-

323 2809 416 2841 pediri
435 2810 460 2834 n'n
476 2809 662 2841 paucioribus.-
681 2817 754 2839 nam,
769 2809 846 2838 addit,
861 2808 910 2833 hoc
923 2808 995 2841 quod
1008 2811 1048 2833 est
1066 2808 1162 2833 habere
1181 2808 1396 2840 impedimentum

328 2845 369 2869 vel
393 2852 444 2869 non
463 2845 572 2873 habere,
597 2847 637 2869 est
658 2845 824 2877 contingens.
849 2844 957 2869 Natura
983 2846 1073 2868 autem
1102 2851 1154 2868 non
1182 2846 1268 2875 parat
1287 2844 1397 2876 impedi-

329 2883 445 2905 mentum
464 2880 489 2905 ei
506 2879 578 2912 quod
597 2887 649 2904 non
666 2883 756 2912 potest
773 2887 824 2905 non
845 2886 908 2908 esse,
923 2879 986 2912 quia
1004 2881 1073 2904 esset
1090 2879 1398 2914 superfluum—Deinde

328 2915 386 2940 lect.
400 2923 440 2946 xv,
456 2916 616 2948 distinguens
631 2915 807 2940 necessarium
822 2914 972 2939 absolutum
991 2922 1038 2939 seu
1053 2922 1068 2939 a
1082 2915 1160 2948 priori
1179 2920 1205 2939 et
1222 2915 1397 2939 necessarium

329 2949 523 2984 hypotheticum
543 2958 590 2975 seu
609 2958 623 2975 a
641 2950 777 2984 posteriori
798 2950 841 2982 (de
860 2950 955 2983 quibus
974 2949 1072 2974 mentio
1097 2954 1136 2974 est
1155 2950 1181 2974 in
1199 2949 1249 2974 hoc
1267 2950 1397 2982 numero),

328 2985 392 3011 haec
410 2986 502 3011 habet:
522 2995 536 3010 ‹
548 2986 694 3011 Necessitas
714 2994 781 3019 quae
801 2986 929 3018 dependet
944 2993 974 3010 ex
989 2985 1073 3010 causis
1093 2985 1229 3017 prioribus,
1249 2990 1290 3010 est
1307 2993 1397 3010 neces-

331 3030 344 3043 »
361 3023 422 3047 sitas
441 3022 568 3052 absoluta,
587 3027 615 3046 ut
634 3026 703 3054 patet
722 3029 752 3046 ex
771 3020 918 3046 necessario
933 3021 1004 3053 quod
1023 3021 1151 3053 dependet
1163 3028 1194 3046 ex
1208 3021 1329 3046 materia:
1344 3021 1396 3046 ani-

331 3066 344 3079 »
361 3058 412 3082 mal
438 3058 506 3082 enim
532 3065 591 3082 esse
617 3057 782 3089 corruptibile
807 3062 846 3081 est
870 3056 1046 3081 necessarium
1072 3056 1205 3086 absolute;
1230 3057 1397 3088 consequitur

331 3101 344 3114 »
361 3093 429 3117 enim
449 3093 480 3117 ad
499 3092 548 3117 hoc
568 3093 639 3125 quod
659 3098 699 3117 est
718 3093 811 3117 animal
832 3099 891 3116 esse
910 3092 1085 3124 compositum
1105 3099 1135 3116 ex
1155 3092 1296 3116 contrariis.
1322 3092 1396 3116 Simi-

331 3136 344 3150 »
360 3129 417 3153 liter
435 3129 512 3153 etiam
531 3128 602 3160 quod
621 3127 698 3152 habet
716 3128 897 3152 necessitatem
911 3135 942 3151 ex
955 3134 1033 3151 causa
1051 3126 1152 3151 formali
1167 3132 1208 3152 est
1220 3127 1396 3152 necessarium

332 3173 344 3185 t
361 3164 487 3194 absolute,
503 3164 568 3188 sicut
586 3163 718 3188 hominem
737 3171 797 3188 esse
816 3163 976 3192 rationalem,
994 3167 1038 3187 aut
1056 3162 1212 3195 triangulum
1231 3162 1326 3188 habere
1344 3167 1397 3188 tres

332 3209 344 3221 »
361 3199 470 3232 angulos
490 3199 611 3231 aequales
631 3198 734 3223 duobus
760 3198 848 3229 rectis;
868 3197 938 3231 quod
962 3197 1092 3222 reducitur
1111 3197 1137 3222 in
1156 3196 1331 3223 definitionem
1353 3198 1397 3223 tri-

332 3244 344 3256 »
361 3235 454 3266 anguli.
473 3234 506 3259 Et
525 3234 641 3259 similiter
666 3234 737 3266 quod
756 3233 834 3258 habet
852 3233 1033 3258 necessitatem
1053 3240 1083 3258 ex
1108 3240 1186 3258 causa
1209 3231 1334 3262 efficiente
1357 3238 1398 3258 est

333 3279 344 3291 »
361 3270 535 3294 necessarium
554 3269 681 3299 absolute,
697 3270 763 3294 sicut
781 3269 957 3294 necessarium
971 3273 1012 3293 est
1030 3276 1089 3293 esse
1102 3269 1296 3293 alternationem
1315 3269 1397 3294 noctis

333 3314 345 3327 ι
360 3310 385 3329 et
404 3306 451 3330 diei
471 3310 575 3338 propter
595 3310 696 3329 mot-um
714 3305 815 3329 solis.-
826 3304 903 3334 Quod
917 3308 1004 3328 autem
1023 3303 1101 3329 habet
1119 3303 1300 3329 necessitatem
1319 3304 1351 3329 ab
1366 3312 1398 3329 eo

333 3349 346 3362 »
363 3341 433 3373 quod
452 3346 491 3365 est
514 3341 643 3373 posterius
662 3340 688 3365 in
707 3347 778 3370 esse,
799 3345 839 3364 est
858 3340 1032 3365 necessarium
1051 3347 1082 3364 ex
1106 3339 1252 3364 conditione
1273 3339 1316 3364 vel
1335 3347 1397 3372 sup—

333 3384 346 3398 »
362 3377 502 3408 positione;
527 3381 555 3400 ut
574 3381 635 3409 puta
658 3376 679 3400 si
705 3375 814 3406 dicatur,
841 3382 943 3400 necesse
966 3378 1006 3400 est
1030 3375 1080 3400 hoc
1098 3382 1167 3404 esse,
1189 3375 1214 3400 si
1231 3375 1280 3400 hoc
1305 3374 1399 3401 debeat

334 3421 346 3433 »
355 3411 432 3444 fieri]-
451 3416 476 3436 et
501 3410 647 3436 huiusmodi
671 3411 812 3436 necessitas
832 3415 872 3435 est
891 3418 921 3435 ex
945 3409 1008 3441 fine,
1027 3415 1053 3435 et
1076 3418 1107 3435 ex
1125 3410 1210 3435 forma
1228 3411 1253 3435 in
1271 3415 1398 3443 quantum

335 3455 347 3468 »
362 3451 400 3470 est
419 3445 476 3471 finis
496 3447 675 3478 generationis.
688 3459 707 3466 —-
722 3446 853 3476 Quaerere
876 3446 952 3478 igitur
974 3451 1060 3470 utrum
1085 3446 1110 3470 in
1135 3445 1214 3470 rebus
1239 3445 1398 3471 naturalibus

335 3490 348 3503 »
364 3482 396 3505 sit
421 3482 595 3506 necessarium
619 3482 769 3515 simpliciter
783 3486 826 3506 aut
845 3489 875 3506 ex
895 3481 1081 3515 suppositione,
1095 3480 1157 3506 nihil
1177 3481 1246 3506 aliud
1260 3486 1300 3506 est
1319 3488 1398 3514 quam

336 3525 349 3538 ²
365 3524 497 3548 quaerere,
510 3522 597 3541 utrum
617 3518 641 3541 in
660 3517 739 3542 rebus
754 3516 913 3542 naturalibus
927 3516 1068 3541 necessitas
1082 3517 1226 3541 inveniatur
1243 3524 1274 3542 ex
1292 3514 1343 3542 fine
1356 3521 1399 3541 aut

335 3560 348 3574 ι
366 3559 395 3575 ex
414 3553 526 3576 materia.
539 3561 551 3575 »

387 3586 490 3611 Reiecta
507 3588 629 3620 opinione
653 3588 790 3612 dicentium
814 3588 1007 3619 generationem
1027 3594 1113 3612 rerum
1133 3586 1287 3612 naturalium
1307 3593 1399 3619 prove-

906 234 1292 273 POSTERIORUM
1319 231 1751 268 ANALYTICORUM
1779 232 1874 268 LIB.
1906 232 1918 267 1

1439 310 1764 360 propositionibus
1802 323 1901 360 quae
1936 319 2023 348 sunt
2050 323 2165 348 verae
2197 319 2240 348 ut
2273 312 2509 361 frequenter,

1442 364 1871 413 sequitur*propositio
1900 376 1999 413 quae
2030 371 2084 400 est
2110 377 2203 401 vera
2230 371 2272 401 ut
2299 365 2338 402 in
2356 366 2511 414 paucio-

1440 417 1562 464 ribus;
1592 417 1681 465 quia
1708 424 1930 466 sequeretur
1947 418 2053 467 quod
2082 417 2289 466 aliquando
2306 419 2512 468 *proposi-

2540 373 2548 381 '
2568 372 2644 395 Codd.
2656 385 2666 389 -
2679 380 2704 395 r:
2717 380 2755 395 se-

2539 401 2643 426 quetur,·
2662 406 2681 425 Q
2705 406 2755 422 om.

2541 427 2548 434 ·
2564 431 2589 447 A:
2602 426 2666 453 quod
2674 432 2754 448 omnes

2552 458 2624 479 p.;n:
2635 453 2699 480 quod
2705 459 2756 474 am-

1441 469 1563 507 tiones
1593 477 1718 507 essent
1744 482 1858 507 verae
1893 477 1929 506 et
1958 470 2151 507 conclusio
2181 471 2288 517 falsa,
2323 471 2429 520 quod
2458 479 2513 508 est
2536 458 2636 506 iae...

1443 523 1693 572 impossibile,
1722 531 1763 560 ut
1791 525 1940 572 supra*
1956 530 2152 561 ostensum
2174 532 2239 561 est.
2269 525 2438 561 Necesse
2459 532 2514 561 est

1444 588 1533 624 ergo
1553 577 1659 625 quod
1675 576 1868 613 conclusio
1884 577 2091 624 syllogismi
2113 577 2401 614 demonstrativi
2415 578 2477 615 vel
2492 578 2513 599 *
2541 583 2552 594 ⁶

1444 629 1489 666 sit
1509 630 1732 676 necessaria,
1748 630 1811 666 vel
1827 629 1872 666 sit
1888 630 1908 651 ³²
1922 642 2015 667 vera
2030 630 2125 667 sicut
2141 631 2366 680 frequenter.
2384 630 2461 667 Sed
2476 630 2514 667 id

1444 682 1550 731 quod
1571 689 1626 719 est
1644 695 1667 719 a
1685 683 1836 719 fortuna
1850 695 1976 732 neque
1998 690 2053 719 est
2072 683 2328 721 necessarium
2343 682 2372 730 β,
2389 695 2514 732 neque

1446 743 1501 772 est
1521 735 1617 772 sicut
1635 736 1866 785 frequenter,
1888 737 1955 772 sed
1979 736 2114 773 accidit
2136 744 2178 773 ut
2197 737 2236 774 in
2255 737 2514 785 paucioribus,

1445 795 1486 825 ut
1500 788 1539 825 in
1554 789 1586 825 II
1602 789 1852 837 Physicorum
1865 789 1885 810 *
1894 788 2089 837 probatur.
2101 789 2203 837 Ergo
2215 789 2515 827 demonstrativa

1446 841 1602 878 scientia
1622 853 1702 878 non
1717 848 1843 890 potest
1858 853 1941 878 esse
1957 841 2004 878 de
2021 854 2068 878 eo
2083 843 2189 890 quod
2210 849 2265 878 est
2284 855 2306 879 a
2326 842 2487 879 fortuna.

1502 895 1536 931 3.
1567 895 1637 931 Est
1655 901 1783 931 autem
1813 894 2136 931 considerandum
2164 894 2271 943 quod
2291 896 2338 932 de
2357 895 2416 932 his
2435 895 2517 945 qui-

1447 949 1537 986 dem
1558 948 1578 969 *
1597 960 1697 996 quae
1730 953 1816 984 sunt
1844 947 1939 984 sicut
1966 947 2194 996 frequenter,
2224 948 2406 996 contingit
2434 960 2516 985 esse

1448 1001 1835 1047 demonstrationem,
1864 1000 1903 1037 in
1922 1008 2110 1049 quantum
2138 1001 2177 1038 in
2206 1001 2259 1038 eis
2288 1007 2344 1038 est
2375 1001 2517 1050 aliquid

1447 1054 1689 1092 necessitatis.
1720 1053 1990 1090 Necessarium
2019 1061 2160 1101 autem,
2185 1061 2227 1090 ut
2255 1054 2389 1092 dicitur
2415 1054 2454 1091 in
2483 1055 2515 1090 II

1446 1108 1696 1156 Physicorum
1719 1107 1755 1155 ²³,
1785 1107 1890 1144 aliter
1907 1107 1949 1127 ³¹⁶*
1979 1114 2034 1144 est
2061 1107 2100 1144 in
2134 1107 2382 1154 naturalibus,
2417 1119 2516 1156 quae

1448 1169 1535 1199 sunt
1561 1173 1654 1198 vera
1679 1167 1722 1197 ut
1749 1161 1964 1209 frequenter
1982 1161 2012 1207 *,
2036 1167 2071 1197 et
2099 1160 2283 1198 deficiunt
2310 1161 2349 1197 in
2376 1160 2516 1197 minori

1447 1221 1571 1264 parte3
1593 1221 1629 1251 et
1657 1213 1761 1250 aliter
1788 1213 1827 1250 in
1855 1213 2074 1262 disciplinis,
2094 1213 2191 1251 idest
2208 1214 2249 1251 in
2265 1215 2283 1233 ⁶
2303 1214 2515 1251 mathema-

1447 1268 1540 1315 ticis,
1561 1280 1659 1317 quae
1689 1273 1776 1303 sunt
1795 1279 1948 1315 semper
1965 1279 2068 1304 vera.
2090 1267 2195 1304 Nam
2215 1267 2253 1304 in
2275 1266 2479 1316 disciplinis
2497 1268 2517 1288 *

1449 1329 1504 1358 est
1532 1320 1735 1357 necessitas
1763 1332 1788 1356 a
1814 1321 1959 1369 priori;
1987 1320 2026 1356 in
2046 1320 2281 1357 naturalibus
2309 1320 2474 1357 autem*
2492 1332 2517 1358 a

1443 1374 1646 1423 posteriori
1664 1374 1784 1422 (quod
1806 1380 1937 1410 tamen
1953 1373 1973 1394 *
1989 1380 2044 1410 est
2058 1372 2162 1422 prius
2177 1374 2391 1411 secundum
2410 1380 2518 1410 natu-

1448 1429 1563 1473 ram),
1585 1426 1724 1463 scilicet
1742 1439 1764 1463 a
1790 1426 1867 1463 fine
1889 1434 1924 1463 et
1943 1427 2067 1464 forma
2084 1427 2115 1463 *.
2132 1427 2243 1464 Unde
2264 1426 2318 1463 sic
2337 1427 2449 1464 docet
2467 1426 2519 1465 ibi

1448 1479 1667 1516 Aristoteles
1685 1484 1700 1506 ⁷
1719 1479 1921 1517 ostendere
1943 1486 2102 1528 propter
2129 1480 2230 1529 quid,
2250 1487 2293 1517 ut
2311 1479 2342 1517 si
2360 1481 2435 1517 hoc
2455 1481 2519 1518 de-

1449 1534 1537 1570 beat
1557 1545 1651 1579 esse,
1666 1539 1759 1581 puta
1778 1532 1884 1581 quod
1903 1533 2005 1570 oliva
2019 1540 2230 1580 generetur,
2247 1545 2403 1571 necesse
2424 1540 2479 1570 est
2499 1534 2519 1556 *

1448 1587 1524 1623 hoe
1541 1586 1804 1634 praeexistere,
1821 1584 1961 1622 scilicet
1979 1597 2115 1623 semen
2135 1586 2274 1632 olivae;
2291 1598 2371 1623 non
2390 1593 2519 1624 autem

1450 1652 1495 1676 ex
1523 1638 1670 1676 semine
1699 1638 1823 1676 olivae
1852 1645 2054 1686 generatur
2081 1638 2183 1681 oliya
2212 1651 2257 1676 ex
2280 1639 2519 1687 necessitate,

1449 1693 1538 1742 quia
1565 1699 1689 1741 potest
1717 1691 1893 1740 impediri
1916 1692 2108 1740 generatio
2126 1693 2147 1714 *
2164 1704 2234 1741 per
2252 1691 2419 1742 aliquam
2439 1704 2521 1730 cor-

1450 1746 1678 1795 ruptionem.
1709 1745 1821 1782 Unde
1842 1744 1873 1781 si
1892 1745 1959 1782 fiat
1987 1745 2261 1783 demonstratio
2282 1758 2328 1782 ex
2348 1758 2394 1783 eo
2415 1746 2521 1795 quod

1450 1807 1505 1836 est
1523 1799 1626 1848 prius
1655 1799 1694 1836 in
1715 1798 1973 1846 generatione,
2003 1811 2083 1835 non
2112 1799 2315 1837 concludet
2341 1800 2361 1820 ¹²
2382 1811 2428 1836 ex
2455 1811 2520 1836 ne-

1450 1853 1639 1898 cessitate;
1661 1851 1747 1902 *nisi
1779 1851 1874 1888 forte
1907 1851 2140 1901 accipiamus
2172 1853 2248 1890 hoc
2282 1852 2410 1902 ipsum
2438 1864 2520 1890 esse

1449 1905 1724 1951 necessarium,
1755 1916 1888 1942 semen
1917 1905 2043 1942 olivae
2061 1912 2103 1942 ut
2121 1906 2338 1955 frequenter
2356 1917 2439 1943 esse
2459 1917 2521 1954 ge-

1450 1959 1666 1996 nerativum
1686 1957 1810 1995 olivae
1831 1959 1863 2005 *,
1885 1958 1974 2008 quia
1992 1958 2068 1995 hoc
2087 1958 2174 1996 facit
2201 1959 2416 1997 secundum
2432 1971 2521 2008 pro-

1448 2012 1648 2061 prietatem
1675 2023 1769 2048 suae
1798 2018 1967 2059 naturae,
1998 2011 2070 2049 nisi
2098 2011 2330 2062 impediatur
2342 2009 2367 2050 ὃ.

1450 2171 1506 2195 nire
1524 2177 1555 2195 ex
1568 2171 1722 2195 necessitate
1736 2170 1867 2200 materiae,
1881 2177 1904 2195 s.
1914 2169 2032 2196 Thomas
2046 2178 2108 2196 cum
2121 2171 2262 2196 Aristotele
2274 2171 2416 2204 respondet
2429 2172 2526 2198 directe

1450 2206 1482 2230 ad
1501 2206 1660 2238 propositam
1680 2206 1868 2238 quaestionem,
1890 2206 2021 2238 sapienter
2039 2206 2206 2238 concludens,
2220 2206 2246 2231 in
2264 2206 2344 2232 rebus
2364 2206 2525 2233 naturalibus

1450 2248 1510 2266 esse
1529 2241 1635 2274 quidem
1650 2242 1831 2266 necessitatem
1851 2248 1882 2266 ex
1894 2246 1967 2274 parte
1980 2241 2116 2274 materia03
2131 2246 2247 2267 attamen
2261 2241 2329 2267 hanc
2343 2243 2526 2268 necessitatem

1451 2277 1538 2302 inesse
1557 2277 1678 2302 materiae
1697 2284 1750 2301 non
1767 2281 1797 2301 ut
1815 2277 1922 2302 materia
1941 2282 1990 2308 est,
2004 2277 2051 2302 sed
2070 2284 2101 2302 ex
2119 2276 2204 2302 forma
2216 2283 2264 2302 seu
2283 2284 2314 2302 ex
2333 2275 2393 2309 fine,
2406 2278 2451 2311 qui
2465 2285 2526 2311 pro·

1451 2312 1507 2345 prie
1526 2317 1567 2336 est
1584 2313 1649 2337 ratio
1667 2312 1797 2345 praefatae
1815 2313 1984 2338 necessitatis.
2003 2312 2168 2345 proindeque
2186 2313 2208 2337 si
2226 2310 2285 2338 finis
2303 2313 2462 2339 obtinendus
2475 2318 2525 2345 est,

1452 2348 1559 2372 materia
1572 2352 1612 2372 est
1627 2348 1774 2372 necessario
1788 2347 1917 2380 ponenda,
1935 2352 1962 2373 et
1974 2348 2085 2381 qualiter
2099 2356 2114 2373 a
2126 2346 2179 2373 fine
2190 2348 2351 2381 posmlatur3
2364 2353 2390 2375 at
2402 2349 2424 2375 si
2438 2356 2453 2375 ι
2466 2347 2526 2375 finis

1451 2383 1658 2416 consequutione
1675 2383 1875 2416 praescinditur,
1896 2383 2018 2409 materiae
2037 2383 2179 2409 necessitas
2197 2383 2270 2409 nulla
2288 2389 2337 2410 est.
2362 2384 2443 2418 Igitur
2460 2383 2526 2411 haee

1452 2419 1573 2444 materiae
1591 2419 1733 2443 necessitas
1753 2426 1805 2444 non
1825 2424 1865 2443 est
1883 2418 2017 2450 absoluta,
2037 2419 2084 2444 sed
2104 2426 2134 2444 ex
2153 2418 2334 2453 suppositione
2352 2418 2419 2450 finis,
2438 2427 2491 2445 non
2509 2427 2526 2446 a

1451 2454 1538 2486 priori,
1558 2454 1606 2478 sed
1623 2462 1639 2479 a
1657 2454 1804 2487 posteriori.
1825 2463 1838 2476 α
1850 2454 1891 2479 Sic
1910 2462 1972 2486 ergo
1990 2459 2061 2488 patet
2079 2454 2151 2488 quod
2167 2454 2194 2479 in
2211 2453 2291 2480 rebus
2310 2454 2470 2480 naturalibus
2484 2460 2526 2481 est

1452 2497 1466 2511 2
1481 2489 1659 2514 necessarium
1678 2497 1709 2514 ex
1727 2490 1914 2522 suppositione,
1933 2490 2000 2515 sicut
2019 2494 2045 2515 et
2063 2490 2089 2515 in
2107 2490 2187 2515 rebus
2201 2488 2390 2521 artificialibu53
2410 2491 2458 2516 sed
2471 2498 2525 2516 non

1453 2533 1466 2548 »
1482 2524 1517 2549 ita
1535 2525 1607 2558 quod
1625 2525 1651 2550 id
1669 2525 1741 2558 quod
1759 2530 1800 2550 est
1818 2525 1995 2550 necessarium
2013 2525 2047 2550 sit
2065 2525 2132 2550 nictit
2149 2524 2216 2556 finis,
2231 2525 2293 2558 quia
2309 2526 2335 2551 id
2349 2526 2421 2559 quod
2433 2533 2525 2551 neees-

1452 2568 1466 2584 »
1481 2560 1578 2585 sarium
1598 2565 1638 2585 est
1656 2561 1760 2593 ponitur
1779 2568 1810 2586 ex
1828 2565 1900 2593 parte
1914 2561 2045 2592 materiae,
2059 2561 2107 2586 sed
2125 2568 2156 2586 ex
2174 2565 2247 2594 parte
2265 2559 2323 2586 finis
2342 2561 2446 2594 ponitur
2459 2561 2525 2586 rufio

1453 2604 1466 2618 ›
1482 2595 1653 2620 necessitatis.
1667 2595 1725 2620 Non
1743 2596 1813 2620 enim
1826 2595 1935 2622 dicimus
1954 2596 2026 2628 quod
2041 2596 2218 2621 necessarium
2231 2596 2266 2622 sit
2278 2603 2338 2621 esse
2351 2596 2431 2621 talem
2444 2595 2524 2622 finem

1454 2641 1466 2653 ι
1484 2629 1568 2664 (puta
1586 2637 1678 2656 secare
1695 2631 1807 2664 lignum,
1827 2631 1868 2656 vel
1887 2631 1995 2656 domum
2013 2630 2194 2665 construere),
2209 2630 2271 2664 quia
2287 2631 2395 2656 materia
2412 2630 2471 2657 talis
2483 2636 2526 2656 est

1454 2676 1465 2688 »
1483 2665 1516 2697 (e.
1530 2673 1557 2699 g.
1576 2673 1660 2696 serra,
1680 2666 1722 2691 vel
1739 2666 1868 2698 1apides);
1888 2667 1934 2691 sed
1949 2666 2034 2699 potius
2054 2671 2157 2691 econtn
2171 2666 2233 2699 quia
2250 2664 2311 2691 finis
2325 2671 2352 2691 et
2362 2666 2447 2692 forma
2464 2666 2524 2692 talis

1453 2711 1466 2724 >
1482 2700 1568 2726 futura
1586 2706 1634 2731 est,
1653 2708 1762 2726 necesse
1780 2706 1821 2726 est
1835 2701 1970 2726 materiam
1985 2709 2045 2726 esse
2058 2701 2147 2727 talem.
2165 2701 2199 2726 Et
2213 2701 2250 2726 sic
2264 2702 2406 2728 necessitas
2420 2702 2525 2735 9φηίωὲ

1453 2745 1467 2760 »
1483 2736 1515 2761 ad
1529 2736 1672 2766 materiam,
1687 2737 1734 2761 sed
1752 2736 1818 2761 ratio
1837 2737 1997 2762 necessitatis
2016 2737 2048 2762 ad
2066 2735 2154 2762 finem.
2167 2745 2181 2760 s
2195 2737 2262 2762 Hinc
2274 2737 2384 2770 planum
2397 2742 2438 2763 est
2451 2737 2524 2771 quod

1452 2771 1477 2796 in
1496 2770 1546 2796 hoc
1566 2779 1675 2796 numero
1699 2771 1768 2797 addit
1782 2779 1808 2796 s.
1817 2771 1935 2798 Thomas
1948 2772 1980 2797 de
1994 2773 2141 2799 necessario
2154 2779 2169 2798 a
2185 2773 2329 2805 posteriori,
2344 2773 2441 2798 scilicet
2452 2772 2526 2806 quod

1451 2809 1491 2832 est
1505 2807 1584 2839 prius
1602 2807 1746 2832 secundum
1759 2810 1902 2832 naturam.-
1920 2807 2061 2833 necessisse
2076 2808 2146 2832 enim
2163 2808 2213 2832 ista
2226 2807 2252 2833 in
2266 2808 2345 2837 rebus
2363 2808 2524 2835 naturalibus

1451 2850 1483 2867 ex
1496 2840 1547 2867 fine
1561 2842 1714 2872 desumitur,
1725 2843 1769 2875 qui
1783 2845 1823 2868 est
1829 2843 1926 2876 forma
1937 2843 2041 2875 speciei,
2051 2848 2081 2868 ut
2094 2842 2159 2869 infra
2173 2844 2199 2868 in
2213 2841 2264 2868 hoc
2278 2844 2336 2876 ipso
2351 2843 2401 2869 loc.
2415 2843 2526 2877 Hyrie.

1452 2877 1555 2907 dicitur;
1567 2877 1635 2910 finis
1653 2883 1740 2903 autem
1758 2880 1799 2903 est
1812 2878 1992 2910 principium,
2013 2885 2064 2903 non
2084 2879 2191 2912 quidem
2209 2879 2332 2908 actionis,
2347 2879 2396 2904 sed
2412 2879 2523 2906 ratioci-

1451 2913 1575 2942 nationis,
1591 2913 1653 2945 quia
1671 2920 1689 2938 a
1700 2913 1759 2946 fine
1778 2913 1920 2946 incipimus
1938 2914 2100 2940 ratiocinari
2118 2914 2151 2939 de
2169 2913 2203 2939 iis
2221 2921 2290 2947 quae
2303 2917 2367 2940 sunt
2380 2913 2418 2940 ad
2427 2914 2523 2948 finem.

1506 2948 1647 2981 Reliquum
1666 2953 1706 2973 est
1723 2953 1752 2973 ut
1770 2956 1838 2981 quae
1856 2949 1997 2982 Angelicus
2015 2949 2066 2974 hoc
2084 2949 2144 2974 loco
2161 2949 2242 2982 tangit
2260 2949 2293 2975 de
2311 2949 2479 2977 similitudine
2498 2954 2526 2976 et

1451 2983 1595 3009 differentia
1618 2984 1683 3008 inter
1706 2985 1888 3009 necessitatem
1906 2985 1932 3009 in
1950 2985 2063 3021 scientiis
2087 2984 2249 3010 naturalibus
2273 2989 2300 3010 et
2322 2984 2523 3018 metaphysicis,

1451 3024 1621 3052 exponantur.
1640 3019 1677 3044 Ea
1696 3024 1782 3044 autem
1796 3020 1923 3045 declarata
1937 3019 2064 3045 habemus
2084 3028 2099 3045 a
2118 3028 2140 3045 s.
2151 3021 2263 3050 Doctore
2277 3021 2303 3045 in
2317 3021 2409 3046 eadem
2423 3021 2524 3046 lect-xv

1451 3062 1530 3087 super
1548 3055 1567 3079 11
1582 3054 1705 3088 Physic.:
1721 3064 1735 3078 «
1749 3055 1845 3088 Aliquo
1860 3056 1948 3086 modo,
1963 3055 2057 3088 inquit,
2073 3056 2191 3081 similiter
2204 3056 2332 3081 invenitur
2346 3056 2524 3082 necessarium

1453 3099 1466 3113 s
1482 3090 1507 3114 in
1526 3090 1639 3115 scientiis
1658 3090 1876 3121 demonstrativis,
1896 3096 1921 3115 et
1940 3091 1965 3116 in
1985 3091 2015 3116 iis
2032 3099 2099 3126 quae
2118 3096 2275 3124 generantur
2289 3091 2434 3116 secundum
2449 3096 2525 3117 natu—

1453 3135 1467 3149 »
1482 3133 1546 3151 ram.
1566 3125 1696 3151 Invenitur
1715 3126 1784 3151 enim
1803 3126 1829 3151 in
1847 3126 1961 3152 scientiis
1980 3126 2190 3152 demonstrativis
2209 3127 2387 3152 necessarium
2405 3134 2422 3152 a
2434 3127 2522 3160 priori,

1453 3170 1466 3185 s
1482 3161 1550 3186 sicut
1568 3161 1590 3186 si
1609 3161 1725 3187 dicamus
1744 3162 1824 3194 quod,
1839 3162 1900 3195 quia
1918 3160 2032 3187 definitio
2045 3162 2107 3188 recti
2121 3162 2209 3196 anguli
2223 3166 2264 3189 est
2278 3162 2345 3194 talis,
2359 3169 2469 3188 necesse
2482 3166 2524 3192 eat

1453 3205 1467 3220 »
1482 3196 1639 3229 triangulum
1659 3204 1718 3222 esse
1737 3197 1824 3227 talem,
1844 3197 1941 3223 scilicet
1959 3197 2054 3223 habere
2072 3203 2125 3223 tres
2144 3197 2254 3231 angulos
2278 3197 2400 3231 aequales
2419 3196 2525 3224 duabu

1453 3241 1467 3256 s
1482 3232 1567 3257 rectis.
1586 3232 1625 3257 Ex
1642 3232 1688 3258 illo
1706 3239 1769 3265 ergo
1787 3233 1874 3266 priori,
1889 3232 1960 3266 quod
1979 3233 2120 3258 assumitur
2137 3237 2166 3258 ut
2183 3232 2346 3266 principium,
2360 3232 2479 3267 provedt
2491 3231 2524 3258 ek

1454 3278 1466 3290 ι
1482 3268 1636 3293 necessitate
1650 3268 1790 3293 conclusio.
1810 3268 1861 3293 Sed
1874 3276 1926 3293 non
1941 3269 2059 3302 sequitur
2073 3273 2186 3300 econtra,
2199 3268 2222 3293 si
2241 3269 2375 3294 conclusio
2387 3273 2437 3300 est,
2448 3266 2524 3303 'quod

1454 3313 1466 3326 ›
1482 3303 1636 3336 principium
1655 3303 1701 3334 sit;
1721 3303 1782 3336 quia
1800 3303 1940 3336 aliquando
1958 3311 1990 3329 ex
2007 3303 2080 3330 falsis
2098 3303 2318 3337 propositionibus
2337 3308 2424 3338 potest
2440 3302 2522 3337 syllo-

1453 3349 1466 3362 ι
1481 3338 1560 3371 gisari
1579 3339 1711 3364 conclusio
1725 3345 1787 3365 vera
1800 3337 1852 3372 (cf.
1866 3339 1925 3365 lect.
1934 3346 1988 3370 xm,
2003 3347 2029 3365 n.
2046 3338 2098 3374 ιο).
2117 3340 2168 3364 Sed
2181 3344 2270 3365 tamen
2284 3339 2404 3373 sequitur
2412 3338 2522 3372 quodsi

1453 3384 1466 3397 ι
1483 3374 1615 3399 conclusio
1633 3382 1686 3399 non
1704 3379 1753 3401 est.
1767 3375 1840 3408 quod
1858 3382 1944 3408 neque
1962 3374 2117 3408 principium
2135 3375 2311 3408 praemissum
2329 3375 2376 3406 ιίις
2394 3373 2457 3408 qn'u
2473 3372 2522 3399 fi}-

1454 3420 1466 3433 ι
1483 3417 1543 3434 sum
1562 3417 1696 3443 nunquam
1709 3410 1876 3443 syllogizatur
1893 3410 1942 3435 nisi
1961 3418 1991 3435 ex
2004 3410 2071 3436 falso
2084 3410 2136 3442 (Cf.
2148 3410 2210 3436 ibid.
2225 3415 2251 3436 et
2263 3410 2322 3436 lect.
2333 3417 2447 3440 mma·
2456 3408 2526 3442 1).-

1453 3455 1466 3468 »
1481 3445 1533 3470 Sed
1551 3445 1577 3470 in
1596 3445 1627 3470 iis
1646 3453 1714 3478 quae
1727 3444 1793 3471 fiunt
1805 3450 1913 3479 propter
1925 3445 2021 3479 aliquid
2040 3446 2170 3478 (propter
2180 3445 2294 3479 finem),
2308 3445 2364 3472 sive
2376 3443 2521 3471 nandum

1454 3489 1467 3504 »
1483 3485 1565 3506 artem
1580 3481 1635 3505 sive
1651 3481 1794 3506 secundum
1808 3486 1940 3512 naturam,
1953 3488 1969 3506 e
1983 3486 2072 3507 contra
2084 3488 2115 3506 se
2127 3480 2214 3507 habet.
2229 3480 2297 3511 Quin.
2307 3480 2330 3509 ti
2342 3478 2403 3510 fini&
2411 3479 2465 3505 ‘fit
2475 3483 2522 3504 ⁸1²1

1454 3526 1467 3539 ι
1484 3520 1532 3547 est,
1547 3522 1655 3541 necesse
1669 3522 1709 3541 est
1723 3516 1794 3549 quod
1814 3521 1854 3541 eat
1866 3522 1925 3542 ante
1940 3515 2020 3542 finem
2033 3515 2150 3543 sunu-um
2163 3523 2224 3541 esse
2238 3520 2283 3542 aut
2295 3522 2370 3547 σακε
2383 3514 2405 3541 ni
2418 3521 2482 3540 vero
2495 3513 2521 3539 id

1455 3561 1467 3574 »
1483 3551 1555 3584 quod
1574 3556 1613 3576 est
1631 3556 1691 3576 ante
1709 3550 1788 3577 finem
1806 3559 1858 3577 non
1874 3556 1922 3582 est,
1934 3558 2020 3585 neque
2033 3550 2091 3577 finis
2105 3551 2165 3583 erit3
2184 3551 2251 3576 sicut
2263 3551 2290 3576 in
2303 3549 2522 3580 dommum,

1454 3595 1468 3610 s
1484 3586 1506 3611 si
1520 3593 1573 3611 non
1592 3586 1625 3611 sit
1643 3587 1790 3618 conclusio,
1804 3594 1856 3612 non
1875 3587 1923 3612 erit
1940 3586 2104 3620 principium.
2122 3587 2164 3612 Sic
2182 3586 2259 3619 igitur
2270 3589 2341 3619 petet
2357 3585 2430 3619 quod
2445 3585 2522 3610 iniis

2541 530 2718 558 'Lem-xxvmn.
2736 542 2756 552 .-

2540 556 2574 578 Su
2592 562 2620 578 ra
2643 564 2671 578 ex
2686 563 2714 579 co
2733 557 2757 579 d.

2587 583 2610 604 el
2622 589 2670 605 om.
2684 590 2707 605 Α.

2544 637 2551 645 ”
2566 635 2606 657 Sit
2617 642 2666 657 om.
2679 642 2702 658 o.

2643 684 2658 718 β

2546 799 2553 806 ·
2569 798 2625 820 Loe.
2640 798 2680 820 cit.

2546 957 2656 985 'Quidem
2664 963 2761 984 oman.

2544 1115 2763 1175 §assess-

2544 1170 2563 1179 ··
2573 1169 2651 1191 Ahter
2659 1176 2709 1192 om.
2717 1177 2741 1193 Α.

2545 1197 2553 1205 ·
2562 1196 2598 1219 cf.
2605 1197 2705 1225 lectam,
2711 1197 2760 1225 n.8,

2545 1231 2595 1249 not.
2611 1223 2635 1255 ξ.

2546 1260 2554 1268 ·
2569 1258 2596 1280 In
2610 1264 2660 1281 om.
2669 1265 2692 1281 Α.

2543 1285 2555 1296 ⁸
2563 1291 2586 1307 nt
2596 1285 2621 1307 ιἰι
2630 1285 2762 1308 mathema-

2545 1311 2599 1333 ticis
2608 1313 2653 1333 est.

2545 1338 2639 1360 *Auem
2646 1344 2676 1360 ex
2681 1338 2760 1366 codd„

2546 1370 2597 1386 exc.
2609 1370 2647 1386 so.

2547 1392 2556 1400 ·
2571 1390 2666 1419 Quod...
2677 1391 2763 1420 soma

2547 1424 2602 1466 9¹:2²}
2608 1423 2651 1467 καὶ
2665 1443 2764 1473 soma.

2646 1485 2664 1511 Υ

2549 1540 2557 1548 ·
2572 1537 2617 1560 En
2629 1545 2659 1560 ex
2678 1538 2748 1561 codd.
