2788 4204
345 233 420 270 326

406 311 467 341 νῦν
494 310 653 342 ἐκλείπει·
681 310 717 341 ἐκ
742 303 779 341 δὲ
804 307 931 342 τούτου
957 308 998 340 τὸ
1022 305 1170 338 καθόλου
1194 304 1232 338 ἂν
1258 303 1409 361 ἐγένετο·

403 353 510 387 ἐΩσπ
497 367 529 399 :p
556 353 612 386 οὖν
636 353 795 409 λέγομεν,
823 353 863 385 τὸ
880 355 913 385 τί
933 353 1024 385 ἐστιν
1049 346 1174 382 εἰδέναι
1200 347 1313 382 ταυτό
1339 350 1412 382 ἐστι

410 401 467 431 καὶ
498 399 558 431 διαὶ
587 401 620 430 τί
651 399 755 430 ἐστιν.
789 399 898 430 Τοῦτο
928 392 956 428 δ
987 395 1007 432 ἦ
1036 396 1150 432 ἁπλῶς
1179 396 1237 426 καὶ
1267 406 1314 437 μη
1345 396 1412 427 τῶν

412 443 636 498 ὑπαρχόντων
664 454 717 483 τι,
745 441 766 478 ἦ
792 443 858 474 τῶν
889 439 1133 495 ὑπαρχόντων,
1168 439 1235 471 οἷον
1267 438 1320 471 ὅτι
1352 433 1413 470 δύο

411 487 518 532 ὀρθαί·
539 487 559 524 ἦ
581 487 635 519 ὅτι
659 487 771 540 μεῖζον
797 485 817 522 ἦ
845 486 1005 518 ἔλαττον.
1026 484 1104 516 “Ovi
1129 495 1189 527 μεν
1217 482 1272 515 οὖν
1295 482 1415 516 πάντα

412 533 459 565 τοὶ
482 532 676 575 ζητούμενα
701 530 803 575 μέσου
827 529 969 573 ζήτησίς
995 530 1082 570 ἐστι,
1108 523 1225 565 δῆλον.

406 683 554 710 SYNOPSIS.
575 698 609 702 —
631 690 654 708 1.
675 681 887 718 Argumentum
903 687 930 709 et
945 680 1048 708 divisio
1063 680 1149 708 huius
1164 679 1282 707 secundi
1304 678 1378 707 libri.
1394 695 1414 700 -

345 729 372 750 2.
391 721 528 758 Aequalis
547 721 576 748 in
591 720 716 748 scientiis
730 727 772 748 est
790 730 929 749 numerus
944 720 1149 765 quaestionum
1171 726 1199 748 et
1213 729 1315 747 eorum
1338 728 1413 756 quae

344 761 484 790 sciuntur:
507 762 543 789 de
564 762 649 788 rebus
670 761 746 788 enim
770 761 936 797 quaerimus
957 767 989 788 ut
1011 761 1046 788 de
1072 760 1141 796 ipsis
1162 759 1288 788 sciamus
1302 768 1377 796 quae
1396 769 1414 788 a

343 801 429 830 nobis
450 801 628 838 ignorantur.
645 802 682 828 Et
701 801 769 838 quia
784 808 917 846 quatuor·
930 807 997 829 sunt
1018 809 1092 837 quae
1115 800 1151 828 de
1170 801 1256 828 rebus
1275 799 1413 834 sciuntur,

343 841 409 869 ideo
426 847 550 877 quatuor
571 847 637 868 sunt
651 841 687 869 de
704 842 790 868 rebus
809 840 993 887 quaestiones
1007 840 1037 868 in
1056 839 1189 875 scientiis,
1209 849 1315 876 nempe
1335 839 1412 877 quia,

339 886 465 925 propter
479 881 556 918 quid,
572 890 609 908 an
624 881 662 908 sit
676 888 704 909 et
718 881 787 918 quid
801 881 838 909 sit
851 890 906 909 res.
925 882 972 909 Ad
987 881 1039 909 has
1060 880 1245 917 quaestiones
1266 879 1413 908 reducitur

343 920 485 958 quidquid
507 927 549 948 est
570 921 730 958 quaeribile
743 921 788 949 vel
809 921 916 949 scibile.
933 938 952 942 -
969 921 994 949 3.
1017 921 1207 949 Declarantur
1228 919 1413 965 quaestiones

343 970 418 998 quae
432 967 555 997 possunt
569 961 666 989 referri
676 961 713 989 ad
724 961 942 989 enunciationes
956 961 1142 997 compositas.
1154 962 1190 988 Et
1204 960 1299 997 primo
1315 961 1414 997 quoad

343 1000 543 1038 quaestionem
565 1001 672 1038 quia.—
682 1010 711 1046 4.
728 1001 840 1029 Deinde
855 1002 955 1038 quoad
976 1001 1177 1038 quaestionem
1194 1006 1320 1038 propter
1334 1000 1412 1038 quid,

343 1050 418 1078 quae
439 1041 568 1078 sequitur
589 1041 790 1078 quaestionem
812 1042 878 1078 quia
893 1047 944 1076 est,
959 1050 1010 1069 seu
1024 1050 1061 1069 an
1077 1041 1113 1069 sit
1131 1041 1289 1069 secundum
1305 1041 1382 1085 quid.
1394 1057 1413 1061 -

345 1082 371 1109 5.
387 1082 576 1110 Declarantur
591 1081 776 1118 quaestiones
799 1090 873 1118 quae
888 1088 1010 1126 possunt
1025 1081 1122 1109 referri
1143 1082 1181 1109 ad
1195 1080 1413 1109 enunciationes

343 1121 495 1157 simplices.
518 1122 554 1149 Et
574 1121 669 1158 primo
685 1122 783 1158 quoad
805 1121 1007 1158 quaestionem
1026 1130 1062 1149 an
1077 1121 1123 1155 sit,
1139 1130 1190 1149 seu
1205 1121 1272 1158 quia
1286 1126 1329 1149 est
1343 1121 1411 1149 sim-

338 1161 474 1199 pliciter,
496 1162 534 1190 ad
555 1170 644 1198 quam
666 1161 796 1198 sequitur
817 1161 948 1198 quaestio
971 1161 1040 1198 quid
1061 1166 1140 1189 est.-
1151 1162 1178 1189 6.
1195 1161 1413 1189 Coordinantur

342 1201 486 1238 praefatae
513 1201 710 1238 quaestiones,
734 1210 808 1238 quae
830 1202 886 1230 hoc
907 1202 1014 1229 habent
1042 1210 1200 1230 commune
1221 1202 1303 1238 quod
1324 1210 1412 1238 quae-

626 1464 940 1515 “determinare
956 1463 1002 1500 de
1017 1462 1215 1522 principiis
1233 1462 1326 1499 eius.
1344 1463 1413 1499 Est

687 1525 816 1554 autem
840 1517 979 1566 duplex
998 1516 1230 1565 principium
1251 1515 1411 1553 demon-

687 1570 828 1608 strativi
845 1569 1066 1619 syllogismi,
1083 1569 1225 1606 scilicet
1239 1569 1411 1606 medium

345 1627 425 1663 eius
446 1633 482 1663 et
498 1625 646 1674 primae
661 1623 943 1684 propositiones
958 1622 1329 1660 indemonstrabiles.
1346 1622 1412 1659 Di-

104 1689 211 1716 'Codd-
222 1695 271 1711 exc
287 1695 317 1711 1³0
342 1679 484 1717 viditur
507 1691 596 1726 ergo
619 1678 714 1715 liber
737 1678 805 1714 iste
830 1677 871 1714 in
894 1677 988 1714 duas
1007 1684 1149 1726 partes.
1170 1676 1209 1713 in
1228 1676 1354 1725 prima
1374 1677 1410 1722 ³¹²,

104 1722 161 1741 oqr:
171 1706 229 1744 inp.
235 1718 317 1744 parte.

99 2230 108 2239 ·
123 2229 208 2251 Partes
219 2236 267 2252 om.
278 2236 313 2252 sr.

98 2442 110 2454 “
124 2442 188 2465 Lect.
203 2449 252 2471 seq.

102 2658 111 2667 ¹
119 2662 176 2682 noo
184 2663 232 2678 om.
239 2657 317 2678 enim.

99 2689 127 2705 o:
139 2684 260 2711 proponit.

344 1732 570 1771 determinat
589 1732 635 1769 de
657 1730 872 1779 cognitione
889 1730 1032 1768 medii
1024 1743 1064 1767 ιιι
1079 1729 1411 1767 demonstrationi-

343 1788 432 1833 bus3
449 1787 487 1823 in
503 1786 682 1832 secunda,
703 1786 751 1822 de
769 1784 988 1845 cognitione
1003 1783 1216 1833 primarum
1235 1783 1411 1832 proposi-

342 1840 535 1886 tionum0‘3
552 1839 620 1876 ibi.
636 1840 696 1876 De
709 1838 905 1888 princzpiis
919 1843 1044 1875 autem
1060 1837 1335 1886 qualiterfiunt
1351 1849 1412 1874 co-

341 1894 476 1945 gnita*
489 1902 557 1930 etc.
571 1892 672 1940 Quia
683 1892 837 1929 enimin
846 1891 973 1951 primo
985 1891 1080 1928 libro
1090 1888 1108 1919 Ρ
1118 1891 1292 1928 habitum
1304 1898 1359 1927 est
1368 1891 1411 1912 *²¹*

342 1949 448 1998 quod
462 1947 590 1984 omnis
601 1945 772 1984 doctrina
788 1953 824 1982 et
834 1945 960 1982 omnis
975 1944 1175 1994 disciplina
1188 1944 1231 1981 fit
1243 1956 1288 1981 ex
1303 1956 1411 1993 prae-

343 2001 514 2038 existenti
539 2000 771 2048 cognitione3
800 1999 840 2036 in
869 1997 1257 2037 demonstrationibus
1281 2006 1411 2036 autern

343 2055 507 2104 cognitio
517 2053 772 2091 conclusionis
783 2052 987 2113 acquiritur
995 2064 1064 2101 per
1073 2052 1228 2101 aliquod
1239 2052 1411 2090 medium

342 2117 378 2146 et
396 2121 465 2157 per
481 2108 625 2157 primas
643 2106 928 2166 propositiones
948 2105 1327 2151 indemonstrabiles;
1354 2117 1411 2142 re-

341 2164 495 2200 siduum
515 2169 594 2198 erat
617 2160 843 2208 investigare
873 2159 1034 2220 qualiter
1061 2159 1131 2196 ista
1160 2158 1410 2196 innotescant.

394 2216 524 2253 Prima
544 2222 673 2252 autem
688 2226 776 2264 pars
796 2213 1001 2252 dividitur
993 2225 1032 2250 ιιι
1057 2213 1151 2250 duas
1170 2220 1296 2262 partes
1314 2213 1351 2234 *·
1343 2212 1412 2249 .in

339 2270 480 2319 prima,
501 2269 703 2316 investigat
730 2267 823 2317 quid
851 2266 897 2304 sit
924 2267 1125 2304 medium
1117 2279 1157 2303 111
1176 2266 1411 2303 demonstra-

340 2323 525 2369 tionibus;
547 2322 586 2359 in
605 2323 772 2359 secunda
800 2328 905 2370 parte
925 2321 1081 2370 inquirit
1098 2320 1299 2370 quomodo
1319 2319 1412 2356 illud

341 2377 513 2414 medium
542 2375 654 2412 nobis
687 2375 917 2420 innotescat;
947 2373 1018 2411 ibi·
1057 2373 1253 2416 Quomodo
1286 2378 1411 2411 autem

341 2430 442 2480 quod
468 2429 559 2478 quid
584 2434 638 2466 est
663 2428 867 2466 ostenditur
893 2429 914 2449 *
943 2434 1011 2464 etc.

397 2483 499 2531 Quia
516 2495 610 2520 vero
631 2481 835 2519 medium
827 2494 867 2518 ιιι
891 2479 1281 2519 demonstrationibus
1307 2492 1412 2517 assu-

342 2537 458 2574 mitur
486 2536 535 2574 ad
563 2535 704 2585 aliquid
730 2535 1049 2572 innotescendum
1082 2535 1129 2572 de
1162 2546 1241 2583 quo
1265 2540 1414 2582 poterat

343 2603 424 2627 esse
453 2589 638 2628 dubitatio
666 2588 729 2625 vel
762 2588 954 2637 quaestio,
988 2588 1076 2626 ideo
1112 2587 1210 2624 circa
1242 2587 1411 2646 primum

344 2644 421 2681 duo
443 2643 550 2681 facit:
571 2642 697 2692 primo
714 2641 853 2679 enim*
854 2670 864 2687 ‚
879 2641 989 2690 ponit
1003 2652 1207 2678 numerum
1223 2640 1413 2690 quaestio-

342 2710 458 2743 num;
488 2696 675 2747 secundo,
706 2707 751 2732 ex
779 2694 870 2744 ipsis
898 2694 1185 2744 quaestionibus
1213 2693 1415 2741 investigat

341 2750 594 2801 propositum,
612 2744 818 2787 ostendens
846 2748 1848 2854 qualiter———ffi—
1033 2747 1277 2797 quaestiones
1299 2746 1413 2796 perti-

396 2918 424 2954 α)
440 2919 482 2944 De
495 2918 647 2952 cognitione
658 2917 812 2950 primarum
827 2921 903 2942 etc.-
914 2916 985 2941 Haec
1000 2916 1114 2941 secunda
1127 2923 1188 2948 pars
1207 2914 1284 2940 huius
1304 2913 1412 2939 secundi

343 2955 399 2980 libri
414 2955 501 2988 incipit
514 2954 623 2979 lectione
637 2961 676 2982 xx,
691 2960 759 2985 quae
773 2953 850 2977 etiam
864 2957 904 2977 est
916 2951 1017 2976 ultima.
1031 2952 1098 2976 Hinc
1112 2951 1145 2976 de
1157 2951 1205 2976 hac
1216 2955 1297 2983 parte,
1308 2949 1357 2974 hoc
1372 2954 1412 2974 est

343 2992 375 3016 de
395 2991 481 3016 medio
501 2988 743 3019 demonstrationis,
765 2988 850 3020 deque
869 2988 924 3012 eius
944 2987 1104 3022 cognitione,
1123 2987 1262 3011 universus
1285 2993 1354 3019 pene
1372 2990 1412 3010 est

343 3026 474 3051 secundus
484 3025 549 3050 liber
558 3024 736 3050 Posteriorum
747 3023 970 3056 analyticorum.—-
951 3023 1013 3047 -Ει
1024 3026 1095 3047 notet
1108 3022 1220 3047 novitius
1230 3022 1332 3054 quaein
1343 3021 1413 3054 prin—

343 3062 409 3095 cipio
429 3061 504 3086 huius
524 3061 640 3086 lectionis
655 3059 781 3088 dicuntur,
792 3059 844 3083 duo
859 3066 954 3091 nempe
967 3065 1027 3083 esse
1039 3057 1163 3091 principia
1176 3056 1412 3088 demonstrationis,

343 3098 440 3122 scilicet
453 3096 643 3130 propositiones
662 3094 824 3120 immediatas
843 3099 869 3119 et
887 3102 934 3127 per
952 3101 981 3118 se
999 3098 1082 3123 notas,
1103 3098 1128 3118 et
1147 3093 1274 3124 medium;
1295 3093 1341 3118 sed
1360 3100 1412 3117 non

343 3133 436 3158 eodem
455 3133 535 3157 modo
548 3137 574 3157 et
587 3131 637 3156 sub
653 3130 744 3156 eadem
758 3130 865 3154 ratione.
884 3130 950 3155 Nam
965 3129 1156 3162 propositiones
1175 3129 1339 3154 immediatae
1352 3132 1414 3153 sunt

343 3169 465 3201 principia
484 3166 720 3196 demonstrationis,
736 3165 796 3198 quia
810 3170 871 3190 sunt
885 3165 1080 3198 quodammodo
1094 3172 1187 3190 causae
1199 3163 1338 3190 efficientes
1352 3171 1413 3188 con—

344 3203 468 3229 clusionis
488 3204 694 3233 demonstratae,
713 3207 738 3227 et
757 3209 815 3227 eam
834 3201 942 3234 proinde
960 3200 1101 3225 virtualiter
1119 3200 1262 3231 continent;
1281 3207 1314 3224 eo
1331 3199 1413 3224 ferme

343 3240 423 3264 modo
442 3246 495 3272 quo
515 3238 630 3269 effectus,
637 3243 786 3271 antequam
805 3237 968 3270 producatur,
984 3237 1010 3261 in
1029 3244 1076 3261 sua
1095 3243 1173 3261 causa
1191 3219 1334 3260 virtualiter
1352 3243 1413 3260 con-

342 3275 437 3300 tinetur
456 3274 506 3307 (Cf.
520 3274 564 3298 lib.
579 3274 596 3304 1,
610 3274 667 3299 lect.
682 3281 718 3303 111,
733 3282 760 3299 ιι.
778 3273 811 3305 ι).
830 3273 864 3297 At
878 3272 994 3297 medium
1013 3279 1065 3296 non
1084 3279 1161 3296 causa
1176 3270 1289 3296 efficiens
1304 3275 1345 3296 est
1357 3271 1413 3295 ullo

343 3311 431 3341 modo,
450 3310 497 3335 sed
508 3309 645 3343 formalis.
665 3309 735 3334 Sicut
754 3309 824 3333 enim
842 3315 935 3332 omnes
954 3308 1120 3340 quaestiones
1139 3307 1183 3339 (de
1207 3307 1302 3340 quibus
1322 3306 1414 3332 dicitur

344 3354 369 3370 ιι.
385 3346 409 3378 2)
428 3346 578 3370 ordinantur
597 3345 629 3370 ad
648 3352 727 3370 unam
752 3344 931 3377 quaestionem
950 3343 1015 3376 quid
1033 3346 1073 3368 εει
1090 3350 1145 3374 res;
1165 3343 1198 3368 ita
1216 3342 1305 3368 omnia
1328 3341 1413 3367 media

344 3381 460 3414 quaesita
478 3381 637 3405 reducuntur
656 3380 687 3405 ad
707 3379 821 3405 medium
841 3379 912 3412 quod
925 3379 990 3411 quid
1003 3381 1056 3409 εει,
1078 3378 1175 3403 scilicet
1189 3378 1221 3403 ad
1236 3378 1412 3411 quaerendam

344 3416 513 3449 quidditatem
533 3423 579 3440 seu
599 3416 739 3440 essentiam
758 3415 794 3440 rei
814 3416 907 3445 scitae,
922 3419 952 3439 ut
966 3414 1090 3447 probatur
1108 3422 1134 3439 ιι.
1148 3413 1164 3438 8
1184 3418 1210 3438 et
1228 3421 1319 3446 seqq„
1334 3417 1413 3446 atque

343 3451 436 3476 iterum
455 3451 546 3476 dicitur
565 3452 589 3475 in
609 3451 734 3484 principio
749 3450 864 3476 lectionis
882 3449 1024 3482 sequentis.
1045 3449 1179 3480 Quidditas
1199 3454 1285 3474 autem
1305 3456 1352 3474 seu
1371 3456 1413 3473 es-

345 3488 426 3511 sentia
445 3495 497 3511 non
516 3486 598 3520 esstcit
610 3494 675 3517 rem,
693 3486 767 3511 cuius
786 3491 826 3511 est
845 3485 965 3515 essentia,
985 3485 1032 3510 sed
1051 3485 1198 3510 constituit:
1219 3485 1412 3510 constitutivum

346 3527 430 3546 autem
450 3523 485 3546 rei
505 3527 544 3546 est
562 3529 656 3552 causa,
677 3529 724 3546 seu
743 3522 837 3546 melius
856 3521 928 3546 ratio
941 3520 1073 3561 formalit-
1087 3520 1124 3545 rei
1144 3521 1233 3552 ipsius.

399 3555 423 3589 β)
446 3557 515 3587 Quia
534 3557 602 3582 enim
622 3561 698 3581 etc.·-
707 3557 740 3581 B:
757 3557 827 3587 Quia
846 3556 915 3581 enim
935 3559 965 3581 ut
984 3555 1010 3580 in
1024 3555 1117 3588 primo
1135 3555 1220 3584 libro5
1239 3555 1411 3580 CDEFHIKN

346 3592 429 3617 OST:
445 3595 474 3617 ut
488 3592 514 3616 in
530 3592 664 3624 principio
683 3592 757 3620 libri:
771 3591 810 3616 G:
827 3592 853 3616 in
868 3591 1004 3623 principio
1023 3591 1101 3616 huius
1120 3591 1196 3620 1ibri5
1210 3591 1244 3616 L:
1266 3591 1292 3615 in
1313 3590 1412 3623 (marg.

924 229 1311 268 POSTERIORUM
1339 228 1770 266 ANALYTICORUM
1799 229 1893 266 LIB.
1925 230 1957 266 II

1533 307 1620 338 enim
1643 314 1690 338 est
1717 308 1807 349 quod
1834 318 1920 339 nunc
1944 307 2068 347 deficit;
2095 319 2131 340 ex
2154 309 2202 340 his
2226 316 2334 341 autem
2364 311 2541 343 universale

1533 352 1644 393 utique
1668 352 1788 383 factum
1812 360 1867 384 est.
1891 352 1979 384 Sicut
2001 353 2097 393 igitur
2119 353 2269 393 diximus,
2285 356 2375 396 quod
2391 356 2471 397 quid
2494 363 2542 388 est

1535 396 1612 427 scire
1636 397 1723 427 idem
1746 404 1792 428 est
1816 404 1846 428 et
1870 404 1999 438 propter
2022 398 2101 439 quid
2117 405 2172 429 est.
2196 399 2268 429 Hoc
2291 406 2400 430 autem
2423 407 2479 431 aut
2494 408 2541 432 est

1535 440 1729 481 simpliciter,
1748 448 1778 472 et
1794 452 1860 472 non
1878 452 1991 472 eorum
2007 453 2089 483 quae
2105 442 2215 473 insunt
2233 443 2371 484 aliquid3
2388 451 2443 476 aut
2458 455 2540 486 quae

1536 485 1656 524 insunt,
1673 493 1709 516 ut
1724 486 1879 527 quoniam
1896 487 1961 517 duo
1986 487 2060 518 recti
2076 494 2161 526 sunt,
2178 494 2233 518 aut
2251 488 2407 539 quoniam
2425 489 2540 528 maius,

1538 537 1593 561 aut
1604 530 1760 571 quoniam
1772 530 1879 561 minus
1892 538 1947 562 est.
1964 532 2062 569 Quod
2075 532 2206 573 quidem
2223 532 2319 572 igitur
2333 533 2443 564 omnia
2459 544 2541 575 quae

1537 582 1744 616 quaeruntur,
1768 575 1866 606 medii
1889 576 2033 617 quaestio
2057 576 2130 616 sint,
2154 577 2360 608 manifestum
2384 585 2440 608 est.

1468 686 1535 707 runt
1550 679 1679 708 medium
1695 681 1762 716 (hoc
1776 686 1819 708 est
1833 679 1978 708 rationem
1993 681 2054 709 eius
2069 682 2106 710 de
2121 692 2180 719 quo
2203 683 2377 720 quaeritur);
2399 693 2461 712 non
2476 683 2541 721 qui-

1468 720 1535 747 dem
1550 720 1710 748 formaliter
1731 721 1784 748 sub
1806 719 1920 748 ratione
1937 721 2034 756 medii,
2049 723 2100 750 sed
2115 723 2347 752 concomitanter
2360 724 2413 752 sub
2429 723 2541 752 ratione

1468 759 1619 788 communi
1647 769 1698 788 cur
1718 759 1771 788 ita
1779 769 1825 788 res
1846 769 1876 788 se
1898 760 1993 788 habet.
2009 777 2028 782 —
2043 771 2070 798 7.
2093 762 2286 797 Quaestiones
2314 764 2381 801 quia
2402 769 2445 792 est
2465 770 2495 792 et
2516 763 2542 792 si

1468 805 1511 828 est
1525 799 1662 828 differunt
1679 799 1753 828 sicut
1774 800 1804 828 in
1818 806 1899 836 parte
1920 805 1949 827 et
1969 800 2150 837 simpliciter·
2173 802 2242 839 quia
2255 802 2350 839 prima
2371 803 2483 840 quaerit
2504 804 2541 832 de

1468 849 1530 868 esse
1550 840 1600 868 tali
1615 849 1666 868 seu
1680 841 1841 868 secundum
1863 838 1943 877 quid,
1959 841 2048 869 altera
2068 848 2166 870 autem
2188 843 2224 870 de
2245 851 2308 870 esse
2329 842 2506 879 simpliciter.
2521 859 2542 865 -

1467 880 1495 908 8.
1508 881 1652 908 Probatur
1666 880 1767 917 quod
1761 889 1791 908 ιιι
1806 880 1943 908 omnibus
1958 881 2178 927 quaestionibus
2196 882 2342 919 quaeritur
2353 882 2483 911 medium
2497 883 2543 911 vel

1466 928 1503 948 an
1518 920 1568 954 sit,
1591 919 1664 948 sicut
1684 919 1715 948 in
1736 920 1907 957 quaestione
1927 920 1996 956 quia
2016 927 2045 949 et
2065 922 2091 949 si
2111 927 2170 956 εει,·
2190 922 2235 950 νει
2256 922 2326 959 quid
2346 923 2399 957 sit,
2421 922 2494 951 sicut
2510 922 2541 951 in

1467 959 1686 997 quaestionibus
1709 965 1835 998 propter
1863 959 1932 998 quid
1953 967 1981 989 et
2001 961 2079 998 quid.
2106 963 2182 990 Nam
2203 961 2233 990 in
2259 962 2342 990 omni
2370 962 2541 999 quaestione

1467 1000 1623 1028 scientifica
1644 999 1811 1037 quaerimus
1832 1001 1925 1030 scire.-
1946 1001 1997 1029 sed
2018 1001 2091 1029 scire
2112 1011 2173 1030 non
2194 1002 2325 1035 habetur
2346 1002 2402 1031 nisi
2420 1003 2540 1040 quando

1467 1040 1652 1077 cognoscitur
1673 1049 1769 1076 causa,
1791 1050 1866 1077 quae
1885 1049 1928 1070 est
1945 1041 2018 1069 ratio
2034 1048 2062 1069 et
2077 1042 2205 1070 medium
2228 1041 2269 1070 rei
2284 1042 2380 1071 scitae.
2395 1059 2414 1064 -
2429 1052 2456 1080 9.
2479 1044 2541 1070 Du-

1467 1080 1548 1108 bium
1569 1080 1699 1109 incidens
1721 1081 1757 1108 de
1778 1081 1877 1109 medio
1891 1082 1973 1119 quod
1993 1088 2036 1109 est
2050 1081 2181 1110 definitio
2195 1082 2379 1118 passionis.—
2393 1092 2437 1111 10.
2460 1083 2540 1111 Con-

1467 1120 1598 1149 firmatur
1619 1120 1692 1149 ratio
1707 1121 1782 1149 facta
1796 1122 1929 1158 exemplo
1945 1130 1979 1149 ex
1993 1122 2079 1150 rebus
2094 1121 2277 1150 sensibilibus
2287 1123 2416 1151 duct0.-
2431 1132 2440 1150 1
2451 1132 2474 1151 1.
2485 1124 2541 1151 Re-

1467 1162 1627 1197 spondetur
1654 1160 1756 1189 tacitae
1784 1161 1957 1190 obiectioni:
1980 1168 2008 1190 et
2029 1161 2213 1190 concluditur
2238 1163 2320 1200 quod
2347 1162 2378 1191 in
2403 1162 2541 1192 omnibus

1467 1201 1687 1238 quaestionibus
1708 1201 1872 1230 scientificis
1893 1209 1936 1230 est
1957 1201 2089 1239 quaestio
2111 1202 2208 1230 medii.

1467 1310 1584 1340 neant
1602 1304 1650 1341 ad
1664 1303 1838 1341 medium
1853 1304 2261 1341 demonstrationum*
2264 1304 2359 1351 ;ibi:
2384 1305 2578 1347 Quaeri--

1468 1368 1553 1393 mus
1571 1362 1696 1393 autem
1717 1369 1803 1394 cum
1830 1358 2094 1406 quaeramus*
2113 1365 2182 1395 etc.
2199 1379 2223 1386 -
2241 1334 2352 1395 C’irca
2371 1358 2541 1407 primurn

1468 1409 1538 1446 tria
1565 1409 1668 1446 facit:
1688 1411 1827 1459 primo,
1859 1418 2057 1448 enumerat
2074 1411 2334 1470 quaestiones;
2357 1412 2539 1460 secundo,

1467 1462 1684 1500 manifestat
1703 1464 1936 1512 compositas
1964 1465 2227 1514 quaestiones;
2248 1465 2318 1502 ibi:
2345 1466 2440 1502 Cum
2461 1466 2541 1514 qui-

1467 1516 1552 1552 dem
1585 1516 1686 1553 enim
1707 1522 1833 1553 utrum
1856 1518 1928 1554 hoc
1949 1518 1969 1539 *
1988 1525 2071 1565 etc.;
2091 1518 2217 1566 tertio,
2239 1518 2448 1568 simplices;
2469 1519 2539 1556 ibi:

1473 1569 1668 1611 Quaedam
1697 1575 1823 1607 autem
1851 1570 1926 1607 alio
1955 1571 2108 1608 modo*
2127 1578 2197 1608 etc.

1525 1634 1558 1660 2.
1589 1622 1691 1660 Dicit
1710 1635 1800 1671 ergo
1818 1623 1944 1673 primo
1965 1624 2071 1674 quod
2090 1624 2259 1684 aequalis
2279 1631 2336 1662 est
2357 1637 2542 1663 numerus

1468 1676 1739 1725 quaestionum
1755 1678 1977 1714 eteorum*
1995 1690 2094 1738 quae
2110 1678 2291 1715 sciuntur.
2310 1678 2430 1716 Cuius
2445 1677 2579 1716 ratio·

1469 1737 1535 1777 est,
1552 1729 1643 1779 quia
1657 1730 1814 1768 scientia
1830 1738 1885 1768 est
1906 1731 2071 1779 cognitio
2086 1743 2155 1780 per
2174 1731 2542 1770 demonstrationem

1469 1783 1663 1843 acquisita.
1695 1784 1843 1821 Eorum
1872 1792 2001 1822 autem
2030 1793 2181 1834 oportet
2209 1797 2279 1834 per
2306 1785 2542 1823 demonstra-

1468 1836 1612 1874 tionem
1634 1837 1892 1885 cognitionem
1912 1838 2107 1887 acquirere
2126 1843 2153 1886 ⁷,
2171 1851 2271 1888 quae
2295 1846 2382 1876 ante
2405 1839 2544 1876 fuerint

1467 1890 1612 1938 ignota.
1640 1897 1676 1927 et
1701 1891 1748 1928 de
1768 1892 1827 1928 his
1846 1892 2090 1952 quaestiones
2114 1892 2291 1939 facimus,
2313 1904 2412 1942 quae
2435 1892 2543 1941 igno-

1469 1955 1609 1982 ramus.
1639 1944 1751 1982 Unde
1769 1945 1951 1994 sequitur
1979 1945 2084 1994 quod
2110 1958 2155 1983 ea
2183 1957 2282 1995 quae
2308 1953 2544 1995 quaeruntur

1468 1998 1541 2034 sint
1569 1998 1744 2047 aequalia
1763 2010 1927 2036 numero
1951 1998 2010 2036 his
2034 2011 2133 2048 quae
2162 1999 2343 2037 sciuntur.
2355 1999 2544 2046 Quatuor

1468 2058 1598 2088 autem
1618 2059 1705 2088 sunt
1718 2064 1817 2102 quae
1832 2060 2079 2102 quaeruntur,
2099 2052 2242 2090 scilicet
2269 2052 2370 2101 quia,
2384 2058 2545 2102 propter

1468 2105 1572 2153 quid,
1602 2105 1636 2142 εἰ
1661 2111 1716 2142 εει
1742 2112 1778 2142 et
1810 2106 1901 2155 quid
1927 2111 1998 2143 est.-
2022 2106 2072 2143 ad
2095 2118 2194 2156 quae
2223 2113 2389 2156 quatuor
2411 2106 2542 2144 reduci

1467 2165 1593 2207 potest
1611 2158 1799 2208 quidquid
1819 2166 1875 2196 est
1902 2159 2110 2208 quaeribile
2138 2160 2202 2197 vel
2229 2159 2372 2197 scibile.
2394 2159 2543 2198 Dividit

1468 2219 1597 2249 autem
1612 2212 1651 2249 in
1667 2214 1680 2249 I
1702 2214 1738 2250 T
1733 2214 1962 2261 opzcorum
1979 2213 2224 2262 quaestiones
2238 2213 2320 2250 sive
2330 2213 2374 2235 ⁸²*
2389 2213 2542 2262 proble-
2570 2225 2580 2262 ζ

1468 2273 1572 2303 mata
1600 2266 1707 2303 ahter
1733 2279 1774 2303 ln
1802 2274 1978 2316 quatuor,
1998 2279 2098 2317 quae
2127 2279 2261 2304 omnla
2290 2267 2543 2316 comprehen-

1469 2319 1609 2357 duntur
1623 2320 1694 2357 sub
1709 2332 1787 2357 una
1806 2321 1976 2358 harum*
1995 2320 2278 2370 quaestionum,
2291 2332 2390 2369 quae
2407 2319 2543 2357 dicitur
2570 2337 2580 2346 ·

1468 2372 1642 2423 quaestio
1678 2373 1778 2422 quia.
1815 2374 1909 2411 Non
1942 2373 2046 2411 enirn
2074 2374 2127 2411 ibi
2151 2374 2172 2395 *
2199 2373 2361 2411 intendit
2393 2373 2464 2411 nisi
2493 2373 2541 2411 de
2568 2385 2580 2397 ·

1468 2426 1757 2476 quaestionibus
1786 2426 1836 2464 ad
1863 2440 1960 2477 quas
1989 2427 2183 2465 dialectice
2207 2427 2228 2448 *
2255 2426 2479 2487 disputatur.

1525 2481 1559 2517 3.
1589 2479 1739 2518 Deinde
1759 2492 1848 2517 curn
1868 2480 1973 2518 dicit:
2000 2482 2096 2519 Cum
2116 2480 2265 2540 quidem
2290 2480 2390 2518 enim
2415 2486 2542 2518 utrum

1467 2534 1539 2570 hoc
1549 2540 1618 2571 etc.
1623 2533 1856 2580 ,manifestat
1868 2534 2085 2593 propositas
2099 2533 2356 2583 quaestiones,
2365 2542 2401 2571 et
2414 2533 2541 2583 primo

1469 2587 1713 2636 compositas.
1734 2587 1795 2624 Ad
1824 2587 1932 2624 cuius
1960 2587 2192 2634 evidentiam
2219 2587 2577 2625 considerandum.

1469 2647 1525 2677 est
1542 2640 1660 2689 quod,
1686 2651 1774 2676 curn
1794 2640 1951 2677 scientia
1980 2652 2059 2678 non
2070 2640 2126 2677 sit
2144 2640 2215 2677 nisi
2234 2640 2354 2677 veri*
2362 2669 2372 2688 ,
2400 2651 2539 2678 verum

1468 2700 1597 2730 autern
1625 2693 1893 2741 significetur*
1914 2694 2040 2731 solum
2067 2705 2138 2742 per
2157 2692 2467 2730 enunciationem
2483 2694 2539 2741 **,

1468 2753 1619 2795 oportet
1634 2747 1757 2783 solam
1778 2746 2088 2785 enunciationem
2109 2759 2191 2784 esse
2211 2746 2397 2795 scibilem,
2419 2753 2455 2784 et
2473 2759 2543 2796 per

1465 2921 1549 2939 aman.
1569 2914 1698 2947 praemitt.
1718 2914 1764 2946 ut)
1778 2914 1930 2947 principio,
1950 2919 1976 2940 et
1993 2914 2138 2945 om.11·bri,·
2156 2914 2197 2939 M:
2213 2917 2243 2940 ut
2262 2914 2288 2940 ἰη
2304 2914 2441 2948 principio
2454 2914 2543 2947 primi

1465 2950 1540 2979 1ibri;
1559 2950 1596 2980 Q.
1615 2950 1642 2975 in
1658 2950 1794 2982 principio
1813 2950 1916 2975 1ἰὸνί.-
1928 2951 2015 2976 Placet
2034 2950 2109 2976 lectio
2128 2950 2185 2975 cod.
2201 2950 2241 2980 M,
2260 2950 2287 2975 in
2302 2950 2439 2983 principt'o
2452 2950 2541 2983 primi

1465 2985 1534 3010 libri.
1539 2998 1558 3006 —-
1567 2985 1692 3018 Legimus
1707 2985 1772 3011 infra
1786 2993 1846 3011 cum
1857 2986 1914 3011 cod.
1926 2987 1960 3011 L:
1973 2989 2000 3011 ct
2011 2986 2098 3011 omnis
2113 2985 2256 3018 disciplina
2266 2986 2297 3019 (P
2307 2991 2334 3011 et
2347 2986 2389 3011 alii
2399 2986 2475 3012 codd.
2485 2993 2541 3012 om.

1465 3020 1563 3055 omnis)
1578 3028 1608 3046 ex
1623 3021 1666 3046 lib.
1677 3021 1694 3052 1,
1710 3021 1768 3046 lect.
1778 3029 1796 3052 1,
1812 3029 1837 3046 n.
1845 3029 1870 3055 9.
1877 3022 2038 3047 —Praeterea
2051 3021 2127 3046 codd.
2138 3021 2204 3055 (exc.
2215 3021 2274 3054 DG)
2285 3021 2388 3052 habent,
2399 3026 2424 3046 et
2433 3021 2541 3055 adopta-

1466 3064 1535 3087 mus,
1545 3057 1696 3089 acquiritur
1709 3064 1762 3089 per
1773 3062 1830 3088 etc.;
1846 3057 1880 3082 P:
1894 3057 2042 3090 accipitur,
2056 3057 2095 3082 G:
2107 3060 2321 3089 comparatur.—
2330 3040 2450 3090 Deriique
2464 3057 2540 3082 codd.

1465 3099 1574 3117 omnes.
1588 3093 1704 3125 qualiter
1721 3092 1772 3118 ista
1792 3093 1959 3118 innotescant
1978 3092 2026 3125 (G,
2046 3093 2207 3134 notescunt„
2228 3092 2262 3117 P.
2280 3095 2486 3126 cognoscantur.

1519 3128 1546 3162 γ)
1563 3128 1747 3161 Cognitionem
1766 3128 1906 3161 acquirere
1925 3133 1973 3154 etc.
1980 3129 2046 3153 —-L:
2065 3128 2223 3160 accipere.-
2203 3128 2314 3154 -Codd.
2328 3128 2395 3161 (exc.
2408 3128 2458 3161 Τ).
2476 3131 2541 3154 ante

1457 3163 1588 3196 suerum,-
1601 3163 1639 3188 Τ.
1654 3167 1718 3189 ante
1723 3164 1874 3197 juerant
1884 3164 2086 3195 Demonstratio,
2096 3169 2126 3189 ut
2139 3163 2199 3189 alibi
2214 3162 2397 3197 diximus(lib.
2407 3163 2426 3196 1,
2437 3163 2540 3195 lecnw,

1467 3203 1521 3224 not.
1535 3198 1579 3233 π),
1599 3203 1639 3224 est
1657 3199 1860 3224 instrumentum
1884 3200 1956 3233 quod
1975 3207 2028 3224 non
2047 3206 2078 3224 ex
2103 3198 2250 3224 conditione
2273 3199 2310 3224 rei
2330 3198 2422 3230 scitae,
2443 3199 2490 3224 sed
2509 3206 2540 3224 ex

1466 3234 1613 3260 conditione
1632 3234 1727 3260 mentis
1746 3240 1850 3260 nostrae
1868 3235 2016 3268 requiritur.
2035 3235 2061 3260 Si
2081 3234 2150 3260 enim
2169 3234 2314 3260 intellectus
2333 3239 2435 3265 noster,
2453 3239 2484 3260 ut
2501 3235 2540 3260 ia-

1465 3270 1584 3296 tellectus
1603 3270 1742 3312 angelicus,
1762 3278 1809 3303 per
1827 3271 1974 3303 simplicem
1991 3270 2154 3296 intuitionem
2173 3277 2216 3295 res
2235 3274 2414 3303 cognosceret,
2429 3277 2482 3295 non
2500 3269 2540 3295 ἰιι-

1467 3306 1564 3339 digeret
1582 3306 1723 3336 ratiocinio,
1737 3306 1803 3331 sicut
1821 3311 1847 3331 et
1865 3314 1917 3331 non
1937 3306 2052 3340 indigent
2070 3306 2163 3338 angeli.
2183 3305 2352 3331 Ratiocinatio
2374 3310 2462 3331 autem
2480 3305 2540 3334 ideo

1466 3342 1615 3373 instituitur,
1633 3342 1695 3375 quia
1718 3342 1822 3375 cognito
1844 3341 1983 3375 principio,
2003 3342 2136 3375 ignoratur
2154 3341 2288 3368 conclusio
2307 3348 2375 3374 quae
2393 3341 2488 3366 virtute
2511 3341 2539 3365 ιιι

1466 3377 1592 3418 principio
1611 3377 1764 3408 continetur,
1779 3382 1805 3402 et
1822 3385 1890 3411 quae
1909 3378 1934 3403 in
1948 3382 2035 3403 actum
2053 3382 2158 3402 nostrae
2175 3376 2326 3410 cognitionis
2346 3376 2480 3401 deducitur
2491 3382 2538 3409 per

1466 3413 1550 3445 ipsam
1569 3413 1798 3444 ratiocInationem,
1811 3412 1862 3438 hoc
1881 3418 1921 3438 est
1939 3420 1986 3446 per
2004 3412 2203 3446 applicationem
2221 3411 2406 3445 principiorum
2425 3411 2457 3436 ad
2476 3418 2538 3436 oon·

1467 3449 1617 3479 elusionem,
1639 3457 1719 3482 quam
1738 3449 1805 3474 scire
1822 3449 1955 3475 volumus.
1976 3449 2056 3474 Recte
2080 3455 2143 3481 ergo
2162 3448 2253 3474 dicitur
2277 3447 2349 3480 quod
2371 3450 2474 3488 oportet
2491 3453 2539 3478 per

1466 3485 1714 3510 demonstrationem
1733 3484 1867 3517 acquirere
1886 3484 2059 3517 cognitionem
2078 3491 2170 3509 eorum
2188 3491 2256 3517 quae
2275 3488 2334 3508 ante
2351 3482 2446 3508 fuerint
2463 3481 2538 3514 igno-

1466 3525 1521 3545 rata
1542 3520 1592 3552 (Cf.
1607 3520 1635 3545 P.
1650 3520 1674 3551 1,
1689 3528 1735 3553 qu.
1752 3527 1803 3551 xW,
1822 3520 1894 3546 artic.
1907 3527 1958 3551 vn,
1979 3527 2024 3553 qu.
2038 3524 2117 3551 mu,
2136 3519 2206 3544 artic.
2220 3527 2261 3550 ιιι;
2281 3518 2291 3543 1
2313 3518 2414 3543 Contra
2441 3517 2536 3547 Gens,

1466 3563 1521 3588 cap.
1536 3562 1605 3585 ινιι;
1625 3555 1684 3586 QQ.
1698 3555 1790 3589 Dispp.
1806 3555 1847 3581 De
1860 3556 1981 3586 ueritate,
1997 3563 2042 3589 qu.
2055 3562 2088 3580 xv
2107 3538 2149 3580 rDe
2162 3554 2267 3580 ratione
2279 3552 2413 3586 superiora·
2430 3554 2457 3578 ει
2471 3551 2537 3585 inse-

1465 3590 1546 3621 riori,
1566 3591 1636 3616 artic.
1649 3591 1682 3623 1).

2592 1324 2650 1344 roo:
2672 1318 2773 1341 dauon·

2567 1346 2704 1368 ειναιίοιιιε.

2569 1381 2665 1404 sssum.
2679 1381 2703 1404 6.

2567 1537 2579 1549 ⁸
2593 1536 2666 1560 Num.
2676 1543 2698 1566 3.

2567 1591 2579 1603 '
2593 1590 2666 1613 Num.
2679 1597 2701 1620 5.

2591 1697 2612 1715 1:
2629 1698 2688 1715 em·
2700 1698 2729 1715 o:
2749 1692 2788 1714 εἰσ

2582 2253 2590 2262 ·
2604 2257 2631 2275 L:
2646 2253 2678 2274 et.

2595 2341 2629 2358 n:
2648 2335 2759 2358 tatarum.

2594 2390 2627 2407 uu
2641 2390 2690 2407 οιιι.
2703 2384 2744 2407 ibt.

2569 2439 2579 2449 ‘
2593 2438 2696 2461 Dialect.
2705 2443 2755 2460 om.
2762 2444 2787 2460 ι..

2569 2614 2630 2638 ‘.Ct'
2639 2614 2651 2637 1
2666 2615 2786 2644 Pernen,

2569 2646 2622 2668 lect.
2630 2652 2662 2674 m,
2673 2650 2723 2669 not.
2737 2643 2761 2674 t.

2570 2679 2666 2700 ϊιιοι
2687 2677 2785 2706 signifi-

2569 2706 2648 2727 catur.

2569 2730 2655 2780 leci-'viu
2656 2730 2787 2787 ,inffa-
