2788 4204
45 487 56 498 ⁴
69 486 144 508 Codd.
154 497 163 502 -
174 492 199 507 P:
211 485 257 506 sci-

47 513 109 535 licet.

46 859 57 869 ⁸
72 864 120 879 uri:
139 857 245 884 aliquod.

47 1017 58 1027 ⁴
72 1022 86 1036 1.
92 1023 97 1036 :
113 1014 201 1041 aliquo.

49 1123 59 1133 ⁸
74 1128 99 1143 A:
115 1127 164 1142 om.
179 1119 246 1141 enim.

50 1368 59 1378 ’⁴'
111 1374 116 1388 ε
143 1365 263 1387 subtracto

49 1393 133 1414 medio.

50 1421 61 1431 “
75 1420 128 1441 Hoc
142 1426 170 1441 ex
185 1419 263 1444 codd.,

51 1453 99 1468 exc.
115 1453 139 1468 ο.

287 235 360 281 342

286 313 331 351 sit
350 312 456 362 quod
482 311 574 361 quid
603 318 669 348 est.
696 311 744 347 Et
763 308 984 346 huiusmodi
1003 306 1234 344 necessitatis
1263 305 1357 343 ratio

288 375 343 404 est
372 366 472 415 quia,
495 365 657 414 acceptis
686 363 865 400 omnibus
898 373 996 410 quae
1024 360 1292 409 praedicantur
1319 359 1358 396 in

288 433 334 457 eo
355 420 461 469 quod
481 419 584 467 quid,
606 419 709 455 nullo
732 416 923 461 derelicto,
946 415 1022 451 iam
1043 414 1082 451 id
1101 413 1206 462 quod
1226 413 1358 450 inven-

286 482 369 511 tum
390 481 456 519 est,
473 480 623 520 oportet
638 483 720 508 esse
740 469 936 517 quoddam
957 467 1209 513 individuum,
1226 467 1323 504 idest
1338 468 1358 488 ’Β

287 527 523 565 individuam
559 525 745 561 rationem
779 522 860 559 talis
894 521 968 567 rei3
1001 521 1052 557 ita
1080 520 1221 557 scilicet
1253 520 1358 568 quod

288 593 367 617 non
394 579 559 627 indigeat
586 575 753 614 ulteriori
780 575 966 612 divisione
996 574 1046 611 ad
1073 575 1149 611 hoc
1169 575 1273 623 quod
1293 587 1359 623 ap-

287 633 503 683 proprietur
530 631 618 667 huic
647 629 711 666 rei.

343 688 378 724 8.
409 684 556 723 Deinde
593 695 680 720 cum
711 680 816 718 dicit:
852 681 927 717 Sed
956 680 1200 730 syllogismus
1234 686 1359 718 tamen

289 752 363 777 non
384 740 477 776 inest
499 745 581 783 etc.‚
608 735 771 773 excludit
793 735 1028 784 praedictam
1053 734 1299 771 solutionem:
1326 742 1362 771 et

289 792 377 831 dicit
396 791 499 840 quod
520 789 697 838 quamvis
717 800 873 825 neeesse
898 788 959 835 sit,
980 787 1182 837 praedictis
1202 789 1361 825 existen·

288 847 399 891 tibus,
412 844 551 892 aliquid
564 843 834 880 *individuum
847 842 941 888 fieri,
954 842 1048 879 sicut
1063 841 1277 891 expositum
1294 850 1360 889 est,

289 908 417 936 tamen
427 895 440 918 ⁰
459 897 652 947 praedicta
665 897 730 934 via
754 909 833 933 non
849 903 905 932 est
919 895 1167 944 syllogistica;
1183 896 1362 945 quamvis

290 964 518 1000 cognoscere
540 951 650 987 faciat
668 951 770 998 quod
786 949 877 997 quid
894 955 949 986 est
960 962 1029 998 per
1048 950 1164 986 alium
1184 950 1360 987 modum.

289 1007 338 1043 Et
356 1006 430 1042 hoc
445 1017 524 1042 non
544 1012 599 1041 est
614 1003 899 1050 inconveniens,
912 1003 1050 1040 scilicet
1069 1003 1173 1052 quod
1189 1004 1330 1052 aliquid
1343 1005 1363 1025 ’²

289 1059 362 1095 alio
391 1058 511 1096 modo
547 1057 808 1094 manifestetur
836 1069 954 1105 quam
988 1069 1057 1106 per
1085 1058 1361 1107 syllogismum.

290 1113 353 1148 Ille
371 1112 472 1148 enim
490 1113 509 1133 ³¹*
525 1111 590 1160 qui
610 1111 725 1148 utitur
749 1110 978 1157 inductione,
997 1123 1075 1148 non
1095 1113 1232 1161 probat
1251 1113 1363 1160 syllo-

290 1165 428 1213 gistice,
465 1165 532 1202 sed
567 1173 697 1202 tamen
725 1164 866 1213 aliquid
896 1165 1122 1203 manifestat.
1153 1166 1270 1213 Quod
1299 1178 1365 1203 au-

290 1227 367 1255 tem
388 1219 446 1255 ille
476 1219 541 1267 qui
559 1231 629 1268 per
649 1219 876 1256 divisionem
897 1218 946 1255 ad
967 1219 1228 1257 definitionem
1248 1226 1256 1240 ¹
1280 1232 1364 1269 per-

289 1272 404 1319 venit,
426 1285 504 1309 non
529 1273 639 1309 faciat
667 1272 942 1321 syllogismum,
973 1274 1137 1310 ostendit
1155 1285 1224 1322 per
1242 1273 1364 1321 quod-

293 1326 382 1363 dam
403 1326 535 1363 simile.
554 1326 594 1363 Si
615 1326 716 1363 enim
733 1326 934 1363 inducatur
954 1327 1147 1363 conclusio
1168 1339 1213 1363 ex
1228 1327 1365 1364 maiori

291 1379 563 1428 propositione,
577 1381 765 1417 subtracta
782 1379 909 1416 media
923 1380 953 1426 *a
967 1387 1003 1416 et
1018 1381 1250 1418 concludens
1266 1381 1364 1418 dicat

292 1433 399 1482 quod
412 1434 488 1470 hoc
499 1434 519 1455 *
534 1446 689 1471 necesse
716 1441 771 1470 est
789 1433 897 1481 sequi
917 1445 962 1469 ex
982 1434 1213 1482 praemissis,
1228 1435 1363 1484 poterit

293 1598 363 1619 certo
382 1594 509 1626 colligitur
528 1601 558 1618 ex
577 1593 648 1617 hisce
665 1592 823 1617 variantibus
850 1592 1017 1624 lectionibus,
1036 1594 1107 1626 quod
1126 1594 1189 1619 alias
1208 1595 1364 1626 notavimus,

292 1637 387 1661 nempe
401 1637 486 1661 neque
499 1629 620 1653 versione
635 1628 784 1658 Boeffliana,
800 1635 886 1660 neque
901 1630 1018 1662 antiqua,
1034 1637 1101 1662 quae
1115 1629 1224 1655 habetur
1236 1630 1262 1655 in
1277 1631 1364 1662 Piana,

292 1672 371 1689 usum
391 1664 552 1689 ⁵.Thomam
572 1664 661 1694 fuisse,
682 1663 727 1688 sed
747 1663 858 1695 propria.

346 1698 370 1731 0)
395 1700 492 1724 Tamen
508 1700 651 1732 praedicta
666 1699 710 1723 via
729 1699 908 1730 etc.—Codd.‚
925 1708 978 1725 exc.
994 1701 1101 1731 ABNQ:
1115 1701 1163 1726 sed
1181 1705 1279 1730 tamen,
1298 1707 1328 1727 ut
1339 1702 1366 1726 in

292 1740 375 1765 textu,
391 1733 480 1760 Ἀλλὰ
500 1731 677 1769 συλλογισμὸς
693 1731 775 1768 ὅμως
790 1734 850 1759 AN:
871 1736 926 1765 sed,
940 1744 993 1760 om.
1009 1739 1113 1766 tamem,-
1131 1737 1167 1762 13:
1186 1741 1274 1763 tamen
1284 1745 1367 1770 prae-

294 1771 366 1796 dicta
385 1771 428 1796 via
447 1771 671 1805 manifestationis
677 1778 686 1800 ,·
706 1770 744 1800 Q:
765 1771 830 1797 haec
849 1775 937 1797 tamen
954 1772 1098 1804 praedicta
1116 1778 1165 1798 etc.

864 227 1251 267 POSTERIORUM
1277 227 1710 266 ANALYTICORUM
1738 229 1832 265 LIB.
1864 229 1896 265 11

1412 307 1644 356 interrogare
1673 308 1924 357 respondens,
1945 314 2103 357 propter
2131 309 2223 357 quid
2245 309 2291 346 sit
2317 322 2491 348 necessa-

1414 361 1529 398 rium:
1551 362 1655 410 quod
1675 374 1755 398 non
1777 362 1913 399 accidit
1927 368 1940 382 ’‘
1955 361 1993 398 in
2009 362 2236 410 syllogistica
2250 364 2490 412 probatione.

1413 415 1525 452 Unde
1555 415 1637 452 talis
1665 415 1807 452 modus
1836 415 2128 463 argumentandi
2156 428 2236 452 non
2261 424 2316 453 est
2343 417 2492 465 syllogi-

1414 468 1540 505 sticus.
1571 470 1627 505 Ita
1655 468 1769 506 etiam
1798 468 1839 506 in
1861 469 2030 506 terminis
2059 469 2229 506 divisivis
2258 482 2337 507 non
2355 471 2400 507 fit
2418 471 2492 519 syl-

1414 521 1610 569 logismus,
1627 522 1716 571 quia
1744 534 1898 571 semper
1926 531 2039 560 restat
2067 522 2310 572 interrogatio
2333 530 2495 572 propter

1415 576 1514 623 quid.
1545 577 1642 612 Puta
1680 575 1711 612 si
1744 575 1878 624 aliquis
1911 577 2047 614 volens
2082 577 2279 614 notificare
2315 578 2406 626 quid
2441 582 2496 614 est

1414 630 1539 675 homo,
1561 628 1720 677 accipiat
1743 641 1813 677 per
1839 629 1944 667 viam
1975 630 2172 668 divisionis
2197 631 2302 680 quod
2330 631 2451 668 horno
2473 631 2493 652 ²¹²
2522 636 2531 644 ‘
2546 635 2624 657 ΗΘΜ
2639 642 2688 658 0¹¹¹·
2706 642 2736 658 ⁸¹³

2521 668 2631 684 nutum.

1417 690 1472 719 est
1488 683 1508 703 ³¹²
1527 682 1673 719 animal
1691 683 1851 719 mortale
1878 684 1997 731 bipes,
2026 685 2089 721 vel
2108 685 2250 721 habens
2267 685 2395 733 pedes,
2414 684 2495 721 sine
2521 693 2532 705 ⁸
2546 693 2592 714 Est
2609 699 2709 715 om-uu-
2725 705 2736 710 -

1409 736 1564 785 pennis,·
1592 736 1642 773 ad
1669 736 1879 784 quamlibet
1902 737 2184 786 appositionem
2209 738 2494 787 praedictorum

1416 789 1553 839 poterit
1587 789 1860 826 convenienter
1893 790 2025 838 quaeri
2051 797 2212 839 propter
2238 792 2329 840 quid
2355 792 2402 828 sit
2429 804 2494 829 ne-

1418 855 1534 880 cesse.
1557 843 1621 879 Ille
1646 843 1749 880 enirn
1779 843 1844 891 qui
1863 843 1913 880 ad
1932 844 2256 882 manifestandum
2277 845 2383 893 quod
2403 845 2496 894 quid

1418 904 1474 933 est
1499 904 1669 943 conatur,
1685 909 1765 934 non
1786 897 1911 934 solum
1930 899 1949 919 ’¹‘
1971 897 2080 944 dicet,
2097 898 2163 934 sed
2184 897 2299 935 etiam
2318 898 2497 948 probabit

1417 963 1486 1000 per
1520 950 1770 997 divisionem,
1807 951 2021 988 secundum
2054 951 2159 1000 quod
2194 951 2275 1000 ipse
2305 951 2494 1001 opinatur,

1418 1004 1523 1053 quod
1552 1017 1670 1041 omne
1698 1004 1806 1052 quod
1835 1012 1890 1041 est
1916 1005 1964 1042 sit
1991 1006 2151 1042 mortale
2181 1013 2246 1043 aut
2264 1005 2493 1043 immortale.

1418 1059 1467 1095 Et
1481 1058 1660 1107 quamvis
1680 1057 1790 1095 detur
1805 1058 1909 1107 quod
1929 1071 1999 1108 per
2012 1059 2112 1096 hanc
2132 1059 2362 1097 divisionem
2376 1059 2497 1109 possit

1419 1113 1681 1150 demonstrare
1699 1113 1718 1133 *²
1733 1112 1991 1161 propositum,
2012 1120 2142 1150 tamen
2162 1126 2241 1151 non
2264 1121 2319 1150 est
2338 1126 2495 1151 necesse

1419 1166 1524 1215 quod
1554 1166 1647 1203 ratio
1668 1165 1721 1202 sic
1741 1166 1920 1203 conclusa
1940 1166 1986 1203 sit
2005 1166 2197 1213 definiti03
2219 1167 2309 1216 quia
2334 1167 2429 1204 forte
2450 1180 2496 1204 ea

1420 1233 1465 1258 ex
1493 1220 1633 1269 quibus
1658 1227 1805 1257 constat
1833 1220 1928 1257 ratio
1957 1220 2050 1268 talis,
2071 1233 2150 1258 non
2169 1220 2438 1270 praedicantur
2456 1221 2496 1258 in

1420 1287 1467 1312 eo
1482 1274 1588 1323 quod
1603 1274 1695 1322 quid
1711 1281 1778 1320 est,
1789 1275 1852 1311 vel
1868 1274 2056 1311 excedunt
2071 1275 2321 1312 substantiam
2338 1274 2495 1312 definiti.

1421 1328 1500 1365 Sed
1528 1328 1636 1365 etsi*
1659 1328 1852 1376 contingat
1879 1328 1985 1377 quod
2004 1328 2086 1365 talis
2115 1329 2208 1366 ratio
2238 1329 2284 1366 sit
2311 1328 2495 1376 definitio,

1420 1394 1499 1419 non
1527 1389 1657 1419 tamen
1684 1394 1755 1431 per
1782 1382 2045 1430 syllogismum
2080 1383 2264 1432 probatur
2298 1382 2405 1431 quod
2433 1382 2499 1419 de-

1420 1435 1541 1473 finitio
1570 1436 1627 1483 sit,
1655 1443 1698 1472 ut
1725 1448 1772 1473 ex
1801 1448 1916 1485 supra
1944 1435 2051 1474 dictis
2078 1445 2193 1486 patet.

1474 1595 1492 1628 ι)
1512 1595 1567 1621 Per·
1581 1595 1738 1621 divisionem
1756 1595 1795 1620 ad
1814 1595 2004 1628 definitionem.
2014 1609 2034 1614 —
2043 1595 2068 1621 Ο
2081 1603 2135 1620 om.
2150 1602 2218 1628 pem
2232 1595 2375 1621 CEFMOT
2389 1601 2415 1621 et
2427 1604 2497 1630 pan.

1418 1631 1533 1656 ADlNS:
1557 1631 1596 1656 ad
1613 1631 1784 1660 divisionem,
1806 1631 1853 1656 sed
1873 1639 1994 1656 erronee:
2017 1631 2087 1667 unde
2107 1631 2133 1656 in
2152 1631 2246 1656 notatis
2266 1631 2342 1656 codd.
2361 1631 2428 1657 bene
2440 1640 2498 1658 eor-

1420 1667 1510 1700 rigitur
1524 1666 1549 1691 in
1565 1666 1754 1700 definitionem.
1770 1666 1795 1697 Q
1807 1674 1861 1691 om.
1874 1667 1913 1692 ad
1927 1666 2023 1700 defin-t
2041 1667 2078 1692 L:
2092 1667 2130 1692 ad
2143 1668 2182 1692 vel
2198 1666 2364 1692 divisionem.

1474 1703 1500 1735 κ)
1522 1702 1602 1733 Quod
1615 1710 1668 1728 non
1682 1702 1783 1728 accidit
1796 1707 1873 1727 etc.—-
1888 1702 2231 1733 ABCDEFGIKLMNOQS
2249 1710 2304 1728 om.
2319 1710 2388 1732 non3
2406 1702 2499 1728 BCEG

1421 1738 1527 1763 KLMS:
1544 1738 1666 1767 accidat5
1686 1738 1731 1763 Fi:
1751 1738 1882 1770 accipian
1897 1739 1935 1763 H:
1957 1738 2029 1770 quod
2047 1738 2165 1768 accidat,
2185 1746 2238 1764 non
2263 1741 2352 1764 autem
2373 1738 2399 1764 in
2414 1738 2499 1773 syllo-

1420 1773 1518 1808 gistica
1531 1774 1651 1807 probare
1657 1781 1666 1804 ;
1684 1774 1721 1802 B:
1741 1774 1767 1799 in
1787 1774 1956 1808 syllogistica
1970 1774 2164 1807 propositione.

2522 726 2537 741 A
2551 726 2575 747 p.
2586 726 2618 742 m.
2633 726 2681 742 om.
2692 721 2736 742 vel.

2522 905 2534 916 ⁸
2547 905 2636 927 codd.:
2641 905 2738 934 fortae-

2524 932 2559 953 sis
2571 938 2618 954 non
2628 931 2711 954 solum.

2522 1123 2534 1135 ⁸
2553 1129 2603 1145 rm:
2629 1123 2725 1146 demon-

2537 1150 2607 1172 trad.

2523 1335 2533 1347 “
2548 1340 2574 1356 c:
2587 1334 2660 1356 etiam
2673 1334 2710 1360 σὺ
2723 1340 2739 1356 n

2526 1365 2548 1384 et
2555 1367 2580 1390 p.
2588 1367 2653 1383 ma:
2667 1361 2698 1383 εἰ.
