2548 4192
903 224 971 289 'IN
1003 253 1040 289 S.
1063 252 1304 290 THOMAM
1331 254 1655 300 AQUINATEM

262 336 349 367 Haec
373 334 484 365 eadem
507 333 601 363 habet
623 333 730 363 Lucas
759 332 915 363 Tudensis
937 331 970 362 in
994 332 1155 368 chronico,
1172 332 1261 372 quod

195 387 294 411 aetate
305 379 451 410 Thomae
462 377 679 408 elucubrabat:
693 377 868 417 eademque
881 383 983 406 narrat
999 377 1180 406 Vincentius
1190 376 1263 406 Bel-

195 424 372 457 lovacensis
388 433 425 453 ex
441 423 534 452 Petro
550 421 739 452 Comestore
757 421 934 460 desumpta,
951 420 983 450 in
1000 421 1137 460 Speculo
1154 420 1263 450 histor.

193 470 275 500 libro
288 468 342 506 VI,
352 467 453 507 capite
463 476 546 496 xcm.
559 465 620 496 Sed
633 465 680 495 his
693 465 843 495 omnibus
859 465 980 495 cautior
988 465 1186 502 Thomas,ea
1196 464 1264 505 qui-

193 514 269 544 dem
292 513 361 553 ipsa
383 511 476 541 refert
491 510 589 540 veluti
609 510 647 540 ab
667 509 734 539 aliis
749 516 900 546 enarrata,
917 519 983 539 non
1000 509 1162 549 adprobat.
1181 509 1265 539 Hinc

191 557 301 588 mirari
325 554 560 597 quammaxime
585 554 668 584 subit
683 554 893 584 Franciscum
917 554 1085 584 Bivarium
1110 553 1143 583 in
1167 553 1264 584 Com-

194 601 355 633 mentariis
370 601 402 630 in
418 600 467 629 Ft.
485 599 578 629 Lucii
592 599 712 629 Dextri
727 599 898 628 chronicon
920 597 1025 639 (anno
1045 598 1165 628 Christi
1183 597 1263 639 III)

195 646 328 677 scribere
347 644 505 685 potuisse:
526 643 679 673 Sanctum
702 643 853 673 Ihomam
873 643 1053 682 approbare
1071 643 1156 683 quod
1173 643 1267 672 multi

194 691 306 722 dicunt
323 689 409 730 quod
431 687 581 719 Herodes
605 689 731 718 interim
751 687 1079 717 accusatus.Romam
1105 688 1186 717 ierit.

260 735 299 766 V.
326 733 482 771 Quinimo
506 732 539 762 in
563 731 756 762 eiuscemodi
780 731 929 769 historiis,
956 741 1037 772 quae
1067 731 1264 770 ferebantur,

195 779 336 810 fabulam
360 785 390 809 et
413 777 581 808 falsitatem
609 776 752 806 olfecisse
777 782 831 806 aut
855 776 1096 815 deprehendisse
1120 783 1265 806 sanctum

193 824 369 854 Doctorem
389 822 494 862 gravia
509 828 583 851 sunt
599 820 723 851 indicia.
749 822 795 850 Ac
810 820 914 860 primo
935 820 1116 850 incendium
1133 822 1263 851 navium

198 868 341 904 Tharsis‚
359 867 475 908 quibus
499 866 571 896 vehi
595 866 767 895 debuerant
790 866 896 906 Magi,
922 865 1011 905 quod
1033 864 1066 894 in
1091 865 1264 895 Commen-

193 912 273 944 tario
297 912 330 942 in
345 911 542 942 Matthaeum
561 916 766 947 memoratur,
783 909 1040 949 praetermissum
1057 916 1103 940 est
1121 911 1153 939 in
1171 909 1264 939 Sum-

194 967 247 988 ma
272 957 468 997 theologica,
495 965 594 996 quam
611 954 755 984 extremis
779 953 860 984 vitae
877 953 967 983 annis
991 953 1115 984 doctior
1138 953 1264 984 effectus

193 1003 338 1034 Thomas
362 999 566 1031 elucubravit.

197 1047 200 1050 ⁴
263 1047 403 1077 Causam
415 1045 503 1074 illam
516 1042 685 1080 dilationis,
693 1043 769 1082 quia
782 1046 954 1072 accusatus
964 1041 1114 1072 Herodes
1128 1042 1263 1072 Romam

195 1093 244 1122 ire
257 1091 383 1127 debuit,
402 1093 623 1119 commentum
638 1093 731 1116 vocat
742 1086 898 1116 Baronius
915 1086 954 1114 ad
970 1095 1092 1116 annum
1107 1085 1223 1116 Christi
1240 1085 1263 1122 I,

193 1145 284 1166 num.
295 1144 350 1174 49,
361 1134 490 1163 omnino
507 1131 686 1172 confictum.
700 1130 831 1160 Falsum
850 1130 882 1159 id
898 1139 965 1159 esse
981 1129 1024 1159 ait
1041 1130 1166 1169 Iosephi
1180 1130 1264 1160 testi-

193 1180 320 1210 monio:
337 1190 352 1206 a<
364 1177 498 1208 Constat
520 1175 641 1216 quippe
660 1174 802 1204 eiusdem
823 1173 1008 1204 auctoritate
1023 1171 1079 1215 (ex
1095 1174 1175 1204 libro
1191 1173 1263 1203 XVI

195 1237 211 1252 >
233 1221 402 1263 Antiquit.,
415 1220 508 1260 capit.
522 1230 576 1257 vn,
587 1229 641 1248 vxn
658 1225 688 1249 et
701 1217 746 1260 lx)
762 1218 926 1248 Herodem
943 1224 1087 1258 tempore
1098 1217 1199 1257 Regni
1215 1217 1264 1248 sui

194 1281 210 1296 ι
232 1268 368 1299 Romam
392 1266 439 1296 bis
462 1264 662 1295 concessisse.
679 1263 787 1293 Primo
807 1262 938 1303 quidem
962 1272 1024 1292 non
1049 1268 1220 1293 accusatus
1243 1273 1263 1292 a

195 1325 210 1341 ›
222 1308 319 1354 filiis,
340 1310 405 1349 sed?
417 1309 525 1350 potius
548 1307 616 1347 ipse
639 1312 853 1338 accusaturus
864 1307 969 1347 filios,
994 1306 1070 1337 illuc
1094 1317 1126 1336 se
1150 1313 1263 1337 contu-

172 1356 285 1388 ›rlitt
304 1355 443 1395 indeque
458 1353 491 1383 in
514 1351 726 1383 Palaestinam
740 1361 891 1381 reversus.
903 1373 926 1381 ..
946 1350 1133 1382 Caesaream
1156 1351 1188 1381 in
1204 1351 1262 1381 ho-

195 1414 211 1429 »
233 1410 346 1432 norem
370 1397 512 1430 Caesaris
527 1395 691 1427 dedicavit.
711 1407 725 1422 »
745 1396 833 1426 Haec
856 1405 931 1425 vero
952 1395 1038 1426 iuxta
1062 1395 1263 1435 chronologi-

193 1456 248 1478 cos
270 1443 389 1476 Usserii
413 1442 551 1474 calculos
575 1440 775 1480 contigerunt
798 1450 883 1470 anno
904 1450 941 1470 10
961 1447 992 1470 et
1012 1451 1043 1470 11
1064 1447 1135 1470 ante
1159 1450 1264 1471 aeram

191 1490 372 1530 vulgarem:
402 1501 417 1516 «
434 1486 533 1524 Quod
556 1492 637 1515 certe
660 1491 820 1524 tempuS...
838 1484 975 1524 tempori
999 1484 1109 1515 natalis
1132 1485 1264 1515 Domini

195 1547 211 1563 ι
233 1533 332 1574 aptari
364 1542 431 1562 non
455 1537 569 1571 potest.
594 1530 635 1560 Et
663 1529 767 1560 multo
801 1528 907 1559 minus
931 1530 1094 1569 posterior
1124 1529 1263 1560 eiusdem

195 1591 211 1607 »
231 1579 369 1610 Romam
397 1576 574 1612 adventus,
602 1573 692 1604 cuius
717 1574 802 1603 idem
825 1573 979 1613 Iosephus
1007 1572 1148 1615 (ibidem
1180 1574 1265 1614 capi-

194 1636 210 1652 ι
233 1630 263 1655 te
277 1620 345 1664 xm)
370 1619 526 1658 meminit,
544 1625 580 1649 ut
602 1625 683 1648 recte
706 1617 840 1648 intuenti
860 1618 972 1648 veritas
996 1628 1029 1648 se
1053 1625 1124 1648 ante
1153 1618 1265 1649 oculos

196 1680 211 1696 n
235 1667 335 1698 offert.
354 1678 369 1693 »
403 1665 495 1695 Hanc
518 1673 686 1694 romanam
713 1662 850 1692 Herodis
881 1662 1112 1703 profectionem
1136 1664 1263 1693 tertiam

193 1718 287 1743 vocat
319 1709 485 1747 Usserius,
511 1718 547 1738 ac
570 1707 670 1747 illigat
694 1717 768 1738 cum
791 1717 878 1737 anno
910 1713 1022 1737 octavo
1050 1712 1126 1737 ante
1153 1717 1264 1737 aeram

193 1757 375 1798 vulgarem,
393 1764 428 1784 ac
445 1753 512 1783 sine
536 1751 634 1782 dubio
652 1751 747 1782 etiam
766 1758 838 1782 ante
855 1761 967 1781 verum
983 1750 1100 1782 Christi
1117 1751 1263 1782 natalem.

261 1801 406 1840 Ineptam
437 1797 552 1827 vidisse
575 1796 739 1826 Thomam
763 1806 891 1826 causam
914 1795 1015 1833 hanc,
1040 1805 1076 1826 ex
1109 1796 1266 1836 praedicta

193 1844 391 1886 profectione
421 1851 554 1872 romana
586 1846 768 1879 sumptam,
804 1840 920 1880 colligo
958 1850 995 1870 ex
1028 1840 1264 1880 comparatione

191 1889 293 1930 ipsius
319 1886 551 1918 Commentarii‘
583 1885 615 1914 in
649 1885 850 1915 Matthaeum
876 1894 951 1914 cum
981 1884 1114 1915 Summa
1148 1885 1264 1915 theolo-

191 1935 278 1976 gica.
305 1934 394 1964 Loco
418 1930 523 1970 priore
556 1929 614 1959 ait:
634 1929 716 1959 Item
732 1928 805 1969 fuit
827 1934 1020 1969 occupatus,
1047 1930 1124 1969 quia
1149 1930 1265 1961 citatus

181 1977 257 2020 suit
279 1978 402 2009 Romae
417 1978 588 2005 accusatus
604 1983 624 2004 a
639 1975 717 2004 suis.
741 1973 795 2004 Ait
818 1983 893 2003 vero
916 1973 1090 2013 posteriore
1114 1973 1146 2003 in
1170 1974 1262 2004 loco:

197 2023 252 2055 Vel
274 2023 350 2064 quia
373 2021 493 2051 dicitur
515 2019 642 2048 interim
671 2023 843 2049 accusatus
870 2018 1006 2049 Romam
1035 2019 1167 2049 venisse.
1193 2020 1263 2049 Mo-

158 2095 161 2098 .
191 2068 251 2099 dus
275 2073 322 2098 est
335 2062 501 2106 loquendi,
517 2062 573 2103 qui
591 2062 756 2093 Thomam
771 2062 887 2092 indicat
909 2062 1110 2093 historiolam
1133 2063 1264 2104 quidem

189 2113 228 2144 ab
252 2111 320 2142 aliis
335 2115 492 2140 narratam
515 2106 642 2137 recitare
667 2117 699 2137 se
714 2107 864 2144 voluisse,
890 2107 945 2137 sed
963 2107 1104 2147 ineptam
1128 2117 1163 2138 ac
1183 2108 1262 2138 falso

190 2157 304 2187 dilatae
328 2152 550 2186 Innocentium
574 2151 661 2181 caedi
694 2151 884 2191 adplicatam
908 2151 974 2181 sine
998 2151 1097 2182 dubio
1126 2152 1262 2183 novisse.

188 2202 264 2232 Non
287 2200 330 2230 ita
354 2204 444 2229 caute
467 2203 539 2226 ante
562 2195 756 2236 Aquinatem
775 2196 939 2236 scripserat
961 2196 1060 2236 Hugo
1091 2196 1130 2226 de
1153 2203 1262 2227 sancto

191 2245 315 2277 Charo:
342 2242 496 2278 Distulit,
526 2240 691 2281 inquiens,
711 2246 785 2280 post
808 2251 930 2271 annum
959 2245 990 2270 et
1012 2246 1153 2281 quatuor
1174 2241 1264 2272 dies:

189 2290 265 2331 quia
290 2286 478 2319 intermedio
502 2290 643 2325 tempore
664 2285 800 2315 Romam
825 2284 995 2326 profectus
1018 2290 1065 2315 est
1092 2291 1263 2316 accusatus

189 2345 210 2365 a
223 2334 308 2376 filiis
323 2333 400 2363 suis.
424 2330 483 2361 His
500 2339 581 2370 quae
605 2330 749 2368 narrabat
771 2328 868 2359 fidem
884 2329 1029 2359 tribuisse
1052 2329 1176 2360 videtur
1191 2330 1260 2360 ille:

189 2385 222 2410 at
243 2377 398 2419 Aquinas,
423 2375 552 2411 dicitur,
579 2373 631 2411 ait,
658 2373 719 2404 fide
743 2373 832 2404 omni
857 2384 914 2404 sua
942 2373 1185 2413 prudentissime
1210 2385 1261 2404 su-

190 2432 313 2463 spensa.
331 2422 407 2451 Post
429 2418 623 2459 Aquinatem
643 2418 750 2448 miuus
773 2418 868 2448 ctiam
887 2425 998 2448 cautus
1018 2418 1163 2448 eamdem
1188 2429 1261 2449 cau-

190 2477 259 2498 sam
282 2472 386 2496 narrat
408 2463 558 2494 Nicolaus
583 2462 621 2492 de
645 2463 744 2503 Lyra:
764 2463 840 2492 Fuit
862 2462 1012 2493 Herodes
1035 2463 1204 2502 impeditus
1222 2463 1262 2493 ab

191 2511 404 2551 exequutione
427 2508 523 2538 huius
537 2506 635 2548 facti,
662 2508 737 2547 quia
761 2508 878 2538 citatus
902 2513 948 2537 est
972 2507 1015 2537 ad
1041 2507 1174 2537 Curiam
1198 2507 1260 2538 Ro-

191 2565 322 2586 manam
346 2554 389 2584 ad
411 2552 598 2593 petitionem
631 2561 764 2582 suorum
785 2551 982 2592 filiorum...
1003 2551 1120 2581 Eundo
1152 2557 1260 2582 autem

189 2600 338 2636 Romam,
357 2603 388 2628 et
406 2595 602 2627 remanendo
626 2597 658 2626 in
682 2595 795 2633 Curia,
812 2601 843 2626 et
858 2595 1022 2627 redeundo
1046 2596 1078 2625 in
1102 2595 1259 2626 Iudaeam

190 2644 338 2685 apposuit
361 2651 483 2673 annum
501 2645 531 2670 et
553 2641 704 2680 amplius.

256 2687 370 2719 Paucis
392 2685 494 2716 verbis
519 2694 613 2715 causa
631 2684 684 2714 illa
707 2684 746 2714 ab
762 2684 921 2725 Aquinate
945 2683 1091 2722 indicata,
1108 2684 1260 2714 verisimi-

189 2732 285 2763 liores
308 2732 376 2772 ipse
399 2730 563 2761 dilationis
581 2729 718 2760 rationes
742 2728 879 2765 adducit,
895 2739 975 2769 quas
991 2728 1110 2768 promit
1134 2738 1170 2758 ex
1193 2731 1260 2759 Au-

189 2777 330 2817 gustino,
355 2775 470 2815 ineptis
494 2773 643 2815 falsisque
667 2772 805 2803 historiis
838 2773 970 2803 minime
1001 2772 1132 2803 innixas.
1159 2773 1262 2803 Verba

191 2821 259 2851 eius
282 2819 514 2860 descripsimus.
533 2817 703 2858 Augustini
720 2825 827 2848 autem
842 2818 936 2848 verba
951 2824 1025 2847 sunt
1040 2817 1090 2847 De
1105 2827 1261 2848 consensu

191 2865 478 2905 Evangelistarum
502 2865 582 2895 libro
607 2863 645 2900 ΙΙ,
672 2862 773 2902 capite
794 2870 841 2893 xx:
862 2877 877 2891 «
897 2862 929 2892 Si
953 2861 1014 2892 hoc
1038 2871 1113 2901 ergo
1138 2869 1260 2900 movet,

195 2922 210 2936 »
233 2908 348 2939 omitto
373 2907 485 2945 dicere,
501 2913 578 2950 quot
597 2912 627 2937 et
650 2908 780 2947 quantis
798 2906 1058 2947 occupationibus
1081 2906 1164 2946 regia
1188 2917 1262 2937 cura

194 2965 210 2981 >
232 2952 366 2983 distendi
390 2954 539 2992 potuerit,
557 2959 588 2983 et
603 2961 668 2992 per
679 2951 842 2991 plurimos
864 2952 933 2981 dies
949 2951 987 2980 ab
1010 2950 1064 2980 illa
1086 2950 1262 2981 intentione

194 3010 209 3024 ιι
232 2996 283 3026 vel
306 2996 402 3026 averti
433 2997 567 3027 omnino
599 2995 650 3025 vel
679 2995 836 3035 impediri.
867 2996 979 3035 Neque
1012 2995 1098 3024 enim
1134 3005 1262 3025 enume-

195 3053 209 3067 »
233 3042 304 3071 rari
313 3045 451 3080 possunt
466 3050 595 3078 causae,
619 3039 735 3080 quibus
759 3039 820 3070 hoc
843 3039 982 3079 potuerit
1005 3039 1162 3069 accidere:
1183 3050 1262 3080 quas

194 3097 209 3112 >›
232 3092 339 3116 tamen
363 3084 479 3114 multas
503 3092 534 3115 et
556 3094 686 3124 magnas
710 3093 776 3114 esse
800 3083 952 3124 potuisse,
970 3093 1066 3113 nemo
1090 3083 1133 3113 ita
1156 3093 1262 3114 rerum

195 3142 210 3157 »
232 3129 447 3159 humanarum
478 3129 658 3169 inexpertus
682 3134 747 3165 est,
780 3135 816 3158 ut
839 3134 894 3158 aut
920 3134 1013 3167 neget
1047 3134 1102 3158 aut
1130 3127 1261 3158 dubitet.

195 3187 210 3201 2
234 3173 336 3204 Cuius
360 3172 445 3202 enim
469 3172 653 3211 cogitationi
676 3169 752 3201 non'
767 3179 920 3209 occurrat,
946 3182 1044 3212 quam
1069 3173 1170 3202 multa
1194 3173 1261 3202 alia

193 3230 207 3245 »
231 3217 427 3248 terribiliora
443 3217 520 3256 Regi
536 3215 673 3247 nuntiari
697 3216 858 3255 potuerint
877 3226 932 3246 seu
951 3226 1022 3246 vera
1040 3226 1094 3246 seu
1120 3216 1196 3246 falsa
1205 3214 1272 3246 ?..

194 3275 209 3290 2
233 3262 276 3293 Ut
293 3271 367 3301 ergo
384 3261 460 3291 haec
477 3261 634 3297 omittam,
651 3260 730 3290 illud
747 3260 833 3291 dico:
854 3267 965 3300 postea
981 3270 1078 3300 quam
1095 3260 1174 3290 nihil
1197 3261 1261 3290 He-

194 3319 209 3334 »
233 3306 302 3337 rodi
326 3306 421 3345 Magi
444 3305 679 3342 nuntiaverunt,
697 3314 771 3334 eum
789 3305 912 3334 credere
935 3304 1087 3344 potuisse,
1103 3304 1175 3333 illos
1190 3303 1261 3344 fal-

194 3363 209 3378 s
233 3351 297 3381 laci
319 3350 432 3380 stellae
455 3350 575 3380 visione
598 3349 754 3388 deceptos,
772 3349 934 3378 erubuisse
958 3348 996 3377 ad
1021 3358 1053 3377 se
1073 3348 1192 3386 redire:
1217 3354 1262 3377 at-

193 3407 209 3422 »
233 3405 296 3436 que
320 3394 362 3425 ita
385 3404 475 3431 eum,
507 3393 620 3423 timore
645 3392 796 3432 depulso,
822 3393 860 3422 ab
884 3391 1074 3432 inquirendo
1100 3401 1135 3421 ac
1158 3401 1261 3431 perse-

194 3452 209 3467 »
232 3439 361 3480 quendo
385 3448 485 3478 puero
510 3437 674 3478 quievisse.
695 3448 709 3463 ›

260 3482 442 3514 Interfectos
458 3487 531 3522 post
547 3482 667 3511 Matris
685 3481 915 3521 purgationem
935 3478 1069 3509 infantes
1090 3478 1260 3518 Augustini

192 3527 346 3558 sententia
369 3533 424 3557 est.
443 3526 563 3557 Causas
586 3525 660 3555 istas
684 3524 846 3564 prolixiori
869 3523 1021 3563 temporis
1045 3522 1187 3553 dilationi
1210 3533 1260 3552 ac-

192 3572 344 3602 comodat
367 3578 492 3601 sanctus
524 3570 687 3600 Thomas:
707 3569 867 3609 hodieque
899 3574 973 3598 sunt
995 3566 1051 3596 viri
1083 3567 1185 3604 docti,
1205 3567 1260 3607 qui

190 3615 309 3646 Mariae
332 3615 566 3656 purgationem,
591 3621 621 3645 et
644 3623 725 3655 quae
748 3613 780 3643 in
804 3612 925 3653 templo
949 3611 1098 3650 accidere,
1115 3617 1188 3651 post
1207 3621 1260 3641 an-

2214 268 2389 294 CCCXXXlX

1322 343 1401 363 num
1425 340 1456 364 et
1481 333 1618 374 amplius
1645 333 1801 364 differunt.
1828 334 1876 364 Ex
1900 334 2035 374 Iosepho
2059 342 2189 366 noverat
2220 336 2362 377 Aquinas
2380 361 2389 377 ,

1321 384 1478 408 extremos
1501 378 1583 408 vitae
1603 388 1703 408 annos
1728 379 1890 409 Herodem
1906 378 1986 409 inter
2009 378 2146 417 dissidia,
2166 386 2196 411 et
2219 380 2388 421 angustias,

1321 432 1475 462 curasque
1500 432 1630 462 magnas
1654 422 1762 462 egisse.
1784 423 1881 453 Haud
1904 433 1978 453 vero
2003 423 2234 463 diligentiorem
2256 424 2391 457 instituit

1320 466 1584 506 perquisitionem
1607 466 1646 497 de
1670 472 1830 507 tempore,
1858 477 1924 508 quo
1948 467 2045 497 vitam
2069 475 2142 507 post
2164 475 2276 499 natum
2300 470 2390 501 Chri-

1321 517 1406 540 stum
1430 511 1613 550 protraxerit
1630 512 1695 541 Rex
1719 511 1863 542 Iudaeus.
1884 514 1996 542 Annos
2016 512 2126 553 utique
2150 513 2255 553 plures
2279 524 2390 545 nume-

1320 555 1430 585 rabant
1451 555 1609 586 Eusebius
1635 556 1873 593 Caesariensis,
1903 556 2105 596 Epiphanius
2128 563 2158 587 et
2181 556 2249 587 alii:
2275 559 2391 599 quibus

1321 605 1416 629 enam
1440 599 1640 630 consentiunt
1667 607 1806 630 recentes
1829 607 1954 631 nostrae
1978 600 2086 631 aetatis
2109 611 2176 631 non
2200 602 2292 642 pauci
2317 603 2390 633 scri-

1320 650 1436 683 ptores.

1702 733 1897 770 CAPUT
1927 735 2008 770 ΙΙΙ.

1320 829 1442 852 Ioannem
1461 828 1651 859 Evangelistam
1672 829 1770 854 nubere
1788 831 1918 854 volentem
1941 831 1983 855 vel
2003 830 2079 855 etiam
2098 838 2225 864 sponsum
2250 832 2276 856 in
2294 832 2390 865 nuptiis

1392 863 1477 888 Canae
1497 864 1610 889 Galileae
1642 865 1719 889 refert
1737 871 1840 889 sanctus
1859 865 1984 890 Thomas.
2013 866 2137 898 Historia,
2160 875 2341 900 quaecumque
2360 876 2390 893 ea

1391 898 1430 929 sit,
1446 899 1609 931 expenditur:
1623 907 1689 931 quae
1708 900 1734 924 id
1748 908 1830 924 unum
1845 901 1929 933 prodit
1948 901 2044 925 nubere
2057 901 2131 926 illurn
2150 902 2277 927 voluisse:
2293 903 2388 928 eidem-

1391 941 1443 965 que
1462 934 1614 959 addiderunt
1632 935 1672 959 alii
1693 934 1838 968 nuptiaru'm
1859 936 2066 960 celebrationem.
2080 938 2150 962 Haec
2163 938 2211 962 sibi
2230 943 2290 963 nota
2308 938 2389 964 fuisse

1390 969 1483 994 indicat
1501 970 1631 1002 Aquinas:
1657 970 1807 1003 cautiusque
1826 971 1913 995 scribit
1937 971 1962 995 in
1981 972 2089 996 Summa
2106 973 2258 1006 theologica.
2284 974 2388 998 Utrum-

1391 1011 1442 1036 que
1467 1005 1606 1037 permittit:
1631 1013 1660 1030 ac
1689 1005 1854 1030 nihilominus
1881 1007 1980 1031 loannis
2007 1007 2190 1039 virginitatem,
2211 1017 2290 1041 quam
2309 1010 2390 1035 sancti

1390 1039 1478 1064 Patres
1498 1046 1523 1064 et
1541 1040 1599 1073 ipse
1617 1042 1807 1072 commendant,
1822 1042 1943 1066 sustineri
1961 1050 2040 1075 posse
2055 1044 2174 1068 ostendit.

1320 1130 1342 1160 I.
1399 1128 1560 1168 mperitiae
1592 1129 1723 1159 vertitur
1744 1130 1916 1170 Aquinati,
1945 1131 2032 1171 quod
2066 1131 2223 1172 aliquibus
2255 1133 2287 1163 in
2310 1134 2389 1164 locis

1399 1179 1519 1203 enarret
1549 1173 1704 1203 Ioannem
1728 1175 1914 1214 Apostolum
1939 1181 1970 1205 et
1999 1175 2242 1216 Evangelistam
2267 1178 2385 1208 nubere

1319 1218 1457 1248 voluisse
1479 1227 1514 1247 ac
1534 1217 1602 1247 imo
1619 1228 1775 1257 sponsum
1791 1218 1887 1248 fuisse
1911 1219 1943 1248 in
1967 1219 2085 1258 nuptiis
2108 1219 2213 1251 Canae
2237 1221 2384 1253 Galileae.

1319 1263 1410 1292 Hanc
1425 1268 1518 1292 vocat
1531 1262 1696 1292 Baronius
1706 1263 1745 1292 ad
1760 1273 1881 1293 annum
1893 1263 2008 1293 Christi
2025 1263 2222 1303 trigesimum
2236 1266 2387 1305 primum,

1319 1317 1408 1337 num.
1433 1307 1472 1336 30
1490 1313 1519 1336 et
1534 1306 1723 1347 insequenti,
1740 1307 1905 1338 historiam
1932 1310 2190 1346 commentitiam,
2216 1320 2319 1350 nuper
2334 1321 2388 1341 ex-

1318 1352 1492 1392 cogitatam
1518 1361 1558 1381 ac
1581 1351 1762 1381 ridiculam.

1385 1396 1488 1427 Verba
1503 1395 1650 1426 Thomae
1666 1402 1740 1426 sunt
1755 1395 1787 1425 in
1803 1396 2009 1436 Expositione
2027 1397 2170 1438 prologi,
2188 1397 2388 1439 Hieronymo

1318 1440 1476 1480 adscripti,
1493 1441 1524 1470 in
1548 1440 1765 1481 Evangelium
1797 1440 1950 1471 Ioannis:
1972 1454 1986 1468 <‹
2010 1441 2162 1471 Ioannem
2185 1442 2225 1472 de
2249 1444 2388 1482 nuptiis,

1321 1498 1335 1512 »
1359 1486 1513 1517 volentem
1539 1485 1668 1522 nubere,
1687 1486 1812 1516 vocavit
1833 1486 1940 1515 Deus:
1959 1486 1997 1515 ab
2020 1485 2081 1515 illis
2105 1485 2222 1516 scilicet
2248 1487 2387 1526 nuptiis,

1322 1543 1336 1557 »
1359 1530 1398 1560 ad
1422 1540 1500 1570 quas
1525 1536 1571 1559 est
1593 1529 1742 1560 invitatus
1766 1529 1852 1571 lesus
1869 1539 1944 1560 cum
1968 1529 2129 1569 discipulis
2149 1530 2225 1568 suis,
2243 1531 2297 1561 ubi
2319 1542 2390 1562 mu-

1322 1586 1336 1601 »
1360 1574 1436 1605 tavit
1459 1584 1576 1614 aquam
1599 1573 1632 1603 in
1655 1574 1777 1604 vinum.
1799 1586 1813 1601 »
1847 1573 1933 1604 Cum
1965 1575 2148 1605 Ptolomaeo
2179 1575 2218 1605 de
2246 1576 2336 1606 Luca
2360 1583 2391 1607 et

1319 1618 1491 1649 Bernardo
1517 1618 1673 1648 Guidonis
1696 1618 1729 1648 in
1753 1618 1813 1648 alia
1831 1618 2058 1649 Dissertatione
2078 1618 2116 1660 (l
2120 1619 2153 1656 V,
2169 1629 2239 1659 cap.
2255 1618 2302 1661 111)
2326 1620 2390 1651 sive

1320 1663 1551 1693 Admonitione
1568 1663 1805 1693 adnotavimus:
1825 1663 1990 1693 Postillam
2006 1663 2088 1693 hanc
2103 1674 2120 1693 a
2135 1671 2243 1694 sancto
2260 1665 2390 1695 Thoma

1319 1709 1493 1747 scriptam,
1520 1708 1660 1737 maxime
1682 1717 1780 1747 super
1803 1708 1941 1747 quinque
1965 1708 2118 1747 capitula,
2135 1709 2222 1748 stylo
2235 1710 2391 1749 proprio:

1320 1752 1485 1782 residuum
1511 1761 1585 1782 vero
1609 1751 1672 1782 dici
1691 1757 1901 1791 reportatum,
1923 1753 1990 1792 ipso
2010 1753 2147 1792 legente,
2165 1762 2185 1782 a
2193 1752 2308 1794 fratre
2327 1753 2388 1784 Re-

1318 1796 1454 1837 ginaldo
1476 1797 1562 1826 socio
1588 1797 1672 1833 eius,
1701 1801 1731 1826 et
1748 1802 1861 1836 postea
1886 1796 1925 1826 ab
1949 1798 2016 1836 ipso
2039 1797 2180 1827 Doctore
2207 1803 2386 1828 correctum

1320 1846 1351 1871 et
1373 1841 1595 1881 approbatum.
1621 1840 1783 1879 Sponsum
1799 1840 1831 1870 in
1856 1841 1974 1880 nuptiis
1999 1841 2105 1871 Canae
2121 1841 2259 1871 Galileae
2276 1841 2390 1872 diserte

1319 1885 1470 1916 hocloco
1495 1886 1647 1915 Ioannem
1671 1885 1813 1915 enuntiat
1836 1885 2050 1915 sanctissimus
2075 1886 2206 1916 Doctor.

1387 1930 1422 1959 In
1446 1937 1559 1970 quarto
1585 1929 1817 1960 Sententiarum
1833 1929 1925 1967 libro,
1938 1929 2008 1960 dist.
2023 1940 2136 1967 xxvm,
2160 1940 2214 1970 qu.
2230 1940 2240 1959 1
2252 1953 2261 1968 ,
2286 1937 2341 1961 art.
2357 1941 2390 1960 1v

1318 1973 1464 2014 inquirit:
1489 1974 1604 2004 Utrum
1625 1983 1807 2011 consensus,
1824 1975 1878 2014 qui
1884 1973 1970 2015 facit
1991 1975 2242 2011 matrimonium,
2258 1976 2300 2005 sit
2315 1985 2387 2005 con-

1317 2028 1431 2049 sensus
1454 2019 1486 2048 in
1512 2019 1675 2049 carnalem
1699 2019 1858 2059 copulam.
1883 2019 2059 2058 Negantem
2083 2018 2270 2049 sententiam
2292 2026 2387 2050 tenet.

1319 2063 1410 2093 Hanc
1442 2062 1475 2092 in
1505 2070 1693 2102 argumento
1726 2062 1907 2103 prolusorio
1937 2063 2000 2093 Sed
2030 2068 2163 2100 contra,
2198 2063 2308 2093 suadet
2339 2063 2388 2093 his

1318 2107 1438 2137 verbis:
1463 2108 1584 2138 Nullus
1607 2109 1806 2138 consentiens
1829 2109 1860 2137 in
1882 2108 2045 2138 carnalem
2070 2107 2216 2147 copulam
2234 2113 2280 2138 est
2295 2109 2388 2148 virgo

1318 2157 1422 2182 mente
1446 2157 1475 2182 et
1499 2160 1614 2182 carne:
1635 2152 1692 2182 sed
1713 2152 1824 2182 beatus
1843 2152 1982 2182 Ioannes
1999 2152 2209 2192 Evangelista
2223 2157 2299 2191 post
2314 2162 2386 2182 con-

1316 2206 1444 2227 sensum
1476 2197 1650 2237 nuptialem
1685 2201 1731 2226 est
1759 2197 1851 2236 virgo
1885 2201 1988 2226 mente
2020 2201 2050 2226 et
2078 2204 2192 2226 carne:
2219 2206 2298 2236 ergo
2323 2206 2385 2226 non

1316 2242 1474 2271 consensit
1497 2242 1528 2270 in
1553 2241 1717 2271 carnalem
1741 2241 1900 2280 copulam.
1925 2241 2027 2270 Verba
2050 2240 2114 2278 illa,
2131 2250 2303 2270 consensus
2326 2251 2387 2271 nu-

1311 2286 1440 2325 ptialis,
1471 2285 1562 2315 initas
1592 2285 1630 2315 ab
1655 2285 1772 2315 Ioanne
1796 2285 1922 2324 nuptias
1947 2284 2095 2314 indicant.
2125 2284 2267 2314 Huiusce
2291 2295 2387 2325 quae-

1316 2329 1426 2360 stionis
1450 2336 1674 2369 argumentum
1697 2329 1890 2369 amplissime
1914 2335 2080 2368 pertractat
2106 2329 2220 2359 Comes
2241 2329 2388 2359 Didacus

1315 2374 1434 2404 Rubini
1455 2373 1488 2403 in
1512 2373 1728 2404 dissertatione
1743 2373 1890 2413 Bergomi
1913 2383 1998 2403 anno
2020 2374 2097 2414 1751
2127 2373 2210 2414 typis
2231 2373 2312 2403 edita
2332 2374 2387 2403 ad-

1315 2428 1424 2448 versus
1448 2417 1563 2448 clariss.
1588 2418 1643 2448 Io:
1665 2418 1828 2448 Andream
1852 2418 1986 2448 Iricum.

1383 2463 1452 2492 Hac
1467 2463 1505 2492 de
1521 2472 1554 2492 re
1569 2462 1632 2502 agit
1646 2462 1778 2492 demum
1794 2469 1919 2492 sanctus
1937 2462 2059 2492 Doctor
2069 2462 2110 2492 11³
2125 2462 2190 2500 11³³,
2202 2472 2233 2502 q.
2245 2472 2387 2500 CLxxxw,

1317 2513 1372 2537 art.
1388 2517 1420 2536 1v
1444 2507 1483 2536 ad
1513 2514 1545 2536 1:
1573 2520 1587 2534 «
1602 2506 1783 2537 Dicendum
1797 2506 1887 2547 quod
1904 2506 2063 2547 perfectio
2087 2516 2154 2536 non
2179 2506 2285 2536 solum
2309 2517 2386 2546 pau—

1319 2564 1333 2578 »
1353 2550 1491 2590 pertatis,
1515 2551 1571 2581 sed
1594 2551 1689 2581 etiam
1712 2552 1934 2588 continentiae,
1959 2550 2139 2580 introducta
2162 2557 2208 2580 est
2224 2560 2279 2589 per
2296 2550 2385 2581 Chri-

1319 2608 1333 2623 »
1352 2602 1505 2626 stum....
1535 2596 1576 2626 Et
1599 2605 1638 2625 ne
1662 2595 1754 2625 alicui
1778 2605 1848 2635 spes
1872 2594 2072 2634 perveniendi
2097 2595 2136 2624 ad
2159 2594 2385 2634 perfectionem

1319 2652 1332 2666 »
1353 2640 1531 2678 tolleretur,
1555 2639 1726 2679 assumpsit
1749 2640 1792 2670 ad
1809 2639 2019 2680 perfectionis
2041 2644 2159 2669 statum
2185 2639 2279 2669 etiam
2302 2639 2385 2677 illos,

1319 2697 1334 2711 2>
1353 2694 1435 2724 quos
1466 2684 1585 2714 invenit
1616 2685 1819 2714 matrimonio
1853 2685 1986 2714 iunctos.
2019 2684 2093 2713 Non
2124 2691 2231 2713 autem
2263 2689 2387 2723 poterat

1319 2741 1333 2756 »
1352 2729 1472 2769 absque
1494 2728 1608 2758 iniuria
1638 2727 1705 2758 fieri
1735 2728 1825 2769 quod
1853 2728 1910 2758 viri
1938 2738 2051 2758 uxores
2081 2728 2274 2765 desererent;
2304 2727 2385 2757 sicut

1319 2786 1334 2800 »
1354 2774 1473 2813 absque
1496 2772 1610 2803 iniuria
1632 2772 1726 2803 fiebat
1747 2773 1836 2813 quod
1855 2783 1966 2802 omnes
1983 2772 2103 2802 divitias
2123 2771 2382 2811 derelinquerent.

1319 2830 1333 2844 ⁷»
1354 2818 1395 2848 Et
1417 2817 1489 2847 ideo
1510 2818 1655 2854 Petrum,
1672 2827 1769 2857 quem
1785 2817 1905 2847 invenit
1920 2817 2122 2846 matrimonio
2146 2817 2299 2852 iunctum,
2318 2825 2384 2845 non

1319 2874 1333 2888 ⁷»
1353 2862 1507 2901 separavit
1531 2862 1568 2892 ab
1593 2869 1704 2892 uxore:
1734 2861 1888 2891 Ioannem
1913 2868 2018 2891 tamen
2043 2861 2196 2891 volentem
2222 2860 2340 2889 nubere
2362 2869 2382 2889 a

1319 2918 1333 2932 ιο
1354 2908 1472 2947 nuptiis
1495 2907 1665 2936 revocavit.
1680 2918 1693 2931 »
1714 2906 1788 2942 Quo
1813 2905 1845 2935 in
1868 2906 1940 2935 loco
1965 2905 2175 2934 animadverte
2200 2903 2309 2933 Ioanni
2329 2903 2383 2933 tri-

1316 2951 1372 2981 bui
1395 2951 1594 2981 voluntatem
1617 2950 1774 2980 nubendi:
1799 2949 1890 2980 initas
1915 2950 1954 2979 ab
1978 2959 2016 2979 eo
2041 2948 2165 2987 nuptias
2189 2957 2255 2977 non
2275 2947 2346 2977 dici.

1385 2995 1421 3025 11.
1446 2995 1614 3031 Historiae,
1636 3004 1717 3034 quae
1737 2994 1903 3031 ferebatur,
1918 2993 2052 3023 narratio
2070 2992 2215 3022 Thomae
2230 2991 2383 3021 innititur.

1318 3039 1549 3079 Quaecumque
1572 3049 1646 3068 vero
1671 3049 1706 3068 ea
1731 3038 1780 3075 sit,
1805 3048 1902 3067 unam
1922 3037 2027 3077 prodit
2040 3037 2171 3066 Ioannis
2188 3036 2381 3066 voluntatem

1317 3083 1476 3114 nubendi:
1498 3083 1624 3122 nuptias
1648 3089 1820 3113 contractas
1844 3092 1909 3111 non
1934 3080 2086 3121 exprimit.
2112 3081 2147 3110 In
2165 3079 2382 3120 praefatione,

1317 3138 1383 3157 non
1407 3127 1588 3167 Augustini,
1613 3127 1667 3157 sed
1690 3126 1798 3156 incerti
1821 3125 1972 3162 auctoris,
1997 3135 2094 3165 quam
2118 3131 2191 3164 post
2214 3125 2383 3154 Erasmum

1317 3172 1532 3202 Lovanienses
1555 3178 1586 3201 et
1608 3176 1733 3201 ascetae
1755 3170 1982 3200 Sammauraei
2012 3168 2220 3208 praefixerunt
2242 3167 2382 3207 genuino

1317 3215 1460 3246 eiusdem
1487 3215 1626 3245 Africani
1651 3214 1788 3245 doctoris
1819 3214 1907 3253 operi
1936 3214 1968 3243 in
1991 3214 2205 3253 Evangelium
2229 3212 2381 3248 Ioannis,

1316 3260 1393 3289 haec
1416 3259 1587 3289 habentur:
1612 3259 1678 3289 Iste
1701 3263 1747 3288 est
1769 3259 1918 3294 Ioannes,
1941 3268 2032 3298 quem
2048 3258 2206 3287 Dominus
2220 3256 2260 3286 de
2269 3256 2382 3295 flucti-

1317 3313 1403 3343 vaga
1427 3304 1611 3342 nuptiarum
1637 3307 1820 3342 tempestate
1843 3303 1975 3332 vocavit.

1383 3346 1612 3376 Adnotandum
1635 3346 1787 3386 proponit
1810 3346 1979 3375 Baronius:
2004 3345 2058 3375 Sic
2075 3345 2292 3384 Augustinum
2313 3341 2383 3385 (aut

1316 3391 1415 3420 aliurn
1439 3388 1615 3431 auctorem)
1639 3390 1758 3420 dixisse
1782 3395 1927 3419 vocatum
1944 3399 1964 3419 a
1981 3390 2099 3428 nuptiis
2126 3389 2287 3425 loannem,
2315 3397 2378 3417 non

1316 3434 1401 3475 quod
1433 3444 1504 3464 cum
1534 3443 1668 3463 uxorem
1703 3434 1864 3470 duxisset,
1900 3443 1970 3463 eam
2002 3433 2187 3472 reliquerit;
2214 3432 2271 3462 sed
2297 3431 2382 3472 quod

1317 3488 1387 3508 eam
1406 3487 1545 3517 prorsus
1569 3487 1631 3507 non
1661 3478 1827 3516 acceperit.
1851 3476 1993 3507 Priorem
2017 3486 2144 3506 sensum
2173 3483 2278 3506 tuetur
2298 3476 2380 3516 Ray-

1316 3522 1456 3552 mundus
1480 3521 1707 3561 Capisucchius
1731 3520 1942 3551 controversia
1964 3531 2017 3550 xm
2040 3520 2119 3551 inter
2143 3520 2276 3550 Selectas
2292 3520 2381 3550 theo-

1315 3566 1432 3606 logicas
1456 3566 1578 3595 Romae
1601 3575 1685 3595 anno
1715 3566 1796 3606 1670
1819 3564 1902 3605 typis
1926 3564 2041 3595 editas:
2066 3571 2098 3595 at
2119 3574 2229 3595 vereor
2259 3563 2292 3594 id
2313 3563 2381 3593 aliis

1315 3610 1419 3640 virum
1443 3609 1662 3640 doctissimum
1684 3619 1910 3649 persuasurum
1933 3618 2010 3639 esse.
