2548 4192
924 263 1662 314 ntsTHOMffluAQMNJMEM

187 339 221 370 in
237 338 320 370 calce
338 338 408 369 libri
431 339 670 370 Sententiarum
691 340 794 380 quarti
818 341 972 372 editiones
995 342 1152 373 exhibent.
1176 344 1258 374 Nae-

186 393 245 414 vos
268 393 381 413 omnes
409 383 449 413 ad
477 383 719 424 quatuordecim
748 385 851 424 capita
879 393 1005 417 revocat
1033 397 1058 417 s.
1076 388 1258 418 Antoninus

186 427 220 458 in
243 427 376 458 Summa
399 434 479 468 part.
502 427 560 465 IV,
585 427 678 458 titulo
702 438 749 466 x1,
774 429 875 469 capite
891 440 955 461 vm.

254 471 316 503 Sed
338 472 419 502 hanc
443 471 682 502 Sententiarum
705 473 795 503 Petri
815 474 990 505 Lombardi
1012 475 1183 505 lectionem
1202 485 1258 507 seu

187 515 452 556 explanationem,
475 526 558 556 quae
581 516 614 546 in
637 516 754 547 scholis
778 527 796 547 a
819 518 1028 550 baccalaureis
1049 526 1080 550 et
1103 520 1258 559 magistris

187 569 295 590 coram
323 560 524 591 audientibus
554 560 747 599 habebatur,
778 571 844 592 non
872 563 915 593 ita
945 563 1161 603 accipiendam
1192 574 1258 595 esse

186 604 402 635 animadverto
427 614 462 635 ac
490 604 516 635 si
540 604 654 644 scripta
675 615 732 636 sua
761 615 797 636 ex
825 607 1033 647 quaternione
1061 608 1258 639 auditoribus

186 648 412 689 discipulisque
427 649 584 680 traderent
599 649 660 689 ipsi
682 659 717 680 ac
734 650 894 682 dictarent.
911 652 1036 682 Morem
1057 652 1156 683 alium
1172 654 1258 693 apud

185 698 305 723 veteres
320 692 392 723 illos
410 693 570 733 vigentem
593 693 704 734 pandit
727 704 819 734 saepe
837 695 983 727 laudatus
999 697 1173 727 Echardus.
1197 698 1257 728 Le-

187 736 307 767 ctiones
321 736 467 768 videlicet
482 747 565 776 suas,
589 738 654 768 iam
677 749 806 769 summo
824 740 930 770 studio
949 741 1035 781 prius
1052 741 1256 781 compositas,

185 781 358 812 memoriae
382 781 546 812 mandatas
575 782 776 822 proferebant
799 793 817 813 a
840 792 1007 824 suggestu,
1037 795 1153 826 easque
1177 786 1256 817 exci-

185 825 314 865 piebant
337 835 374 856 ex
390 836 444 856 ore
462 826 593 858 dicentis
617 827 862 870 redigebantque
883 829 916 859 in
932 830 1064 870 scripta,
1093 829 1148 870 qui
1165 830 1257 861 celeri

185 869 226 899 ad
249 869 451 901 scribendum
470 871 550 902 inter
573 872 732 902 auditores
755 883 853 905 manu
876 874 1032 905 valebant.
1057 875 1256 914 Haec‘porro

185 913 302 953 scripto
318 922 447 955 excepta
467 925 564 955 opera
589 916 773 948 dicebantur
787 919 982 958 Repertata:
1000 918 1128 959 quibuS,
1145 925 1257 959 utpote

185 957 381 999 frequentius
400 959 602 999 imperfectis,
626 959 703 991 fides
727 971 804 992 non·
816 962 1000 1000 habebatur,
1024 963 1127 993 donec
1142 963 1181 993 ab
1200 973 1257 994 au-

186 1009 271 1033 ctore
295 1003 476 1043 diligentius
506 1004 666 1044 recognita
689 1015 725 1036 ac
753 1006 835 1036 serio
859 1007 1025 1037 emendata
1050 1006 1191 1037 fuissent.
1222 1007 1257 1037 ld

185 1056 286 1086 genus
309 1047 434 1088 scripta,
458 1058 496 1078 ex
519 1058 573 1078 ore
597 1048 661 1079 divi
680 1049 828 1080 Thomae
851 1050 982 1081 dicentis
999 1060 1016 1080 e
1032 1057 1182 1090 suggestu
1206 1061 1256 1081 ex-

186 1097 276 1130 cepta
296 1092 335 1121 ab
358 1092 437 1129 aliis,
455 1093 493 1122 ab
513 1092 692 1132 eodemque
708 1095 919 1132 postmodum
936 1101 1073 1125 correcta
1097 1101 1128 1125 et
1143 1094 1257 1134 adpro-

184 1135 267 1172 bata,
290 1135 443 1166 hactenus
465 1145 531 1166 non
548 1145 650 1175 pauca
672 1138 933 1168 memoravimus.
957 1139 1029 1169 Mos
1048 1138 1186 1179 denique
1204 1138 1258 1169 ille

183 1178 318 1209 invaluit
333 1186 379 1217 ut,
395 1189 478 1220 quae
500 1179 533 1210 in
557 1181 765 1220 quaternione
789 1182 975 1222 scripserant
998 1182 1191 1213 baccalaurei
1206 1183 1257 1213 vel

184 1222 344 1262 magistri,
375 1233 412 1254 ea
441 1224 576 1264 legendo
611 1225 768 1256 traderent
795 1226 1012 1257 auditoribus:
1047 1226 1256 1267 eiusdemque

184 1267 283 1298 moris
303 1267 336 1298 in
355 1268 528 1299 Academia
550 1268 715 1300 Parisiensi
744 1276 872 1310 tempus
900 1276 990 1301 notat
1012 1270 1177 1301 Echardus
1200 1281 1256 1301 an-

184 1321 265 1342 num
285 1313 378 1351 1452.
404 1312 630 1351 Cave-tamen,
655 1313 913 1345 Commentarios
929 1315 968 1344 de
984 1314 1101 1356 quibus
1120 1314 1256 1354 agimus,

165 1355 376 1396 Reponaros
404 1357 443 1387 ab
471 1357 539 1387 aliis
563 1357 730 1389 existimes.
771 1359 860 1398 Ipsos
889 1358 1024 1389 confecit
1061 1359 1257 1400 proprioque

183 1400 268 1441 stylo
291 1401 415 1441 scripsit
437 1401 596 1442 Aquinas,
628 1409 700 1433 ante
729 1403 946 1442 magisterium
969 1403 1135 1434 inchoatos
1168 1414 1256 1435 com-

183 1444 352 1486 pletosque
374 1452 448 1486 post
470 1446 612 1478 lauream
635 1454 794 1487 receptam
817 1447 1011 1479 doctoratus.

566 1555 870 1593 CAPUTIL

181 1649 324 1676 Dissidium
346 1655 433 1675 ortum
462 1655 549 1676 contra
573 1650 664 1676 fratres
693 1650 884 1676 Praedicatores
915 1651 1033 1684 aliosque
1057 1652 1257 1678 Mendicantium

253 1685 365 1711 Ordines
384 1685 410 1711 in
430 1685 568 1711 Academia
587 1686 738 1711 Parisiensi:
758 1686 995 1720 compositumque.
1020 1687 1205 1713 Commentarii
1224 1689 1257 1713 ab

252 1721 382 1754 Aquinate
400 1721 427 1746 in
445 1721 589 1747 Sententiae
608 1721 749 1747 elucubrati
768 1727 881 1755 tempus.

183 1809 207 1841 l.
311 1808 332 1838 d
356 1806 539 1837 Sententias
561 1806 775 1846 explanandas
800 1807 833 1837 in
856 1807 1083 1839 Parisiensibus
1107 1809 1257 1840 Saniaco-

311 1850 380 1882 baei
404 1850 551 1881 coenobii
579 1850 696 1880 scholis
725 1851 906 1892 designatus
930 1852 1074 1893 Aquinas
1097 1863 1116 1883 a
1140 1854 1258 1885 Ioanne

180 1895 386 1929 ‘rheumnico
405 1894 535 1926 Ordinis
555 1894 727 1934 Magistro,
755 1902 859 1935 partes
888 1896 1020 1936 implere
1051 1898 1157 1938 coepit
1185 1909 1258 1929 suas

181 1947 267 1972 anno
289 1942 387 1977 1252,
409 1949 475 1980 quo
493 1939 645 1969 lectorem
668 1949 724 1970 seu
748 1940 990 1972 baccalaureum
1012 1941 1158 1973 biblicum
1183 1943 1256 1983 egit.

181 1985 370 2027 insequente
385 1993 471 2014 anno
492 1984 586 2022 1253,
601 1983 634 2014 in
658 1991 810 2015 consueta
824 1985 1004 2016 studiorum
1019 1986 1257 2026 instauratione,

180 2030 403 2061 baccalaureus
422 2028 662 2059 Sententiarum
689 2028 827 2067 effectus,
849 2029 1105 2069 explanationem
1124 2031 1257 2063 Senten-

181 2075 301 2106 tiarum
318 2073 401 2105 Petri
418 2073 591 2103 Lombardi
614 2082 778 2113 aggressus
795 2081 842 2104 est
865 2073 898 2103 in
922 2074 1030 2105 schola
1050 2075 1151 2106 fratris
1168 2076 1256 2107 Eliae

179 2118 310 2150 Bruneti
334 2117 618 2156 Petragoricensis,
648 2117 704 2158 qui
728 2118 906 2149 secundum
929 2119 1098 2159 magisterii
1122 2121 1256 2159 gradum

180 2163 373 2194 decurrebat.
398 2161 453 2192 Ait
474 2171 550 2192 vero
574 2161 780 2193 Ptolomaeus
804 2162 843 2193 de
868 2163 970 2193 Luca:
1002 2163 1092 2195 Venit
1113 2165 1257 2196 Parisios

179 2207 342 2245 Thomas,
367 2207 421 2238 ubi
444 2206 536 2247 infra
559 2207 762 2247 trigesimum
785 2217 909 2238 annum
925 2207 1108 2240 Sententias
1131 2210 1212 2250 legit
1226 2216 1257 2241 et

179 2257 370 2283 conventum
388 2253 420 2282 in
438 2251 600 2292 theologia
615 2252 683 2282 sive
698 2252 859 2282 licentiam
877 2253 1005 2292 recepit.
1029 2253 1128 2294 Infra
1144 2259 1252 2285 autem

178 2297 402 2338 magisterium
432 2300 574 2336 quatuor
602 2295 701 2326 libros
723 2295 810 2337 fecit
832 2306 932 2336 super
955 2296 1147 2329 Sententias.
1178 2299 1254 2337 Quo

178 2340 252 2371 loco
267 2340 432 2371 historiam
453 2340 618 2370 detruncat
632 2339 685 2370 ille
715 2340 887 2381 reticetque
913 2341 1056 2380 dissidia,
1081 2353 1163 2383 quae
1179 2350 1255 2374 tunc

177 2385 331 2425 temporis
355 2391 533 2425 eruperant.
566 2384 628 2414 Res
656 2384 699 2415 ita
727 2395 759 2415 se
783 2385 904 2415 habuit.
936 2386 1048 2416 Danda
1077 2397 1136 2427 pro
1165 2397 1254 2418 more

179 2429 332 2470 Aquinati
356 2430 484 2460 licentia
509 2428 611 2459 fuerat
634 2438 718 2459 anno
748 2431 831 2468 1254
846 2430 878 2459 in
895 2430 1077 2461 scholarum
1100 2431 1253 2462 instaura-

178 2473 277 2510 tione,
302 2479 338 2504 ut
360 2483 419 2513 pro
443 2473 584 2503 secundo
607 2472 736 2504 ineunte
761 2474 851 2503 stadii
871 2474 1042 2514 theologici
1066 2485 1151 2506 anno
1175 2476 1253 2506 Sen-

179 2518 316 2554 tentias,
348 2524 514 2558 tamquam
537 2517 702 2556 magister,
731 2518 832 2557 legere
856 2525 887 2548 et
910 2518 1076 2558 explanare
1100 2527 1251 2559 pergeret.

180 2561 366 2599 Quominus
395 2571 471 2591 vero
503 2566 693 2592 conventum
724 2562 792 2602 ipse
821 2562 855 2592 in
884 2563 1044 2604 theologia
1076 2565 1251 2604 reciperet,

179 2615 340 2647 suumque
363 2606 562 2646 principium
589 2606 732 2637 solemne
758 2607 791 2636 in
815 2607 894 2637 aula
923 2608 1095 2647 episcopali
1123 2609 1254 2640 haberet

178 2659 286 2681 coram
303 2650 454 2680 omnibus
469 2649 659 2680 Academiae
675 2650 842 2690 magistris,
859 2658 927 2682 orta
942 2651 1069 2682 dissidia
1086 2652 1237 2684 fecerunt.

243 2695 452 2725 Praecedente
476 2704 560 2724 anno
582 2695 662 2725 1253
680 2701 825 2735 tempore
849 2695 1128 2736 Quadragesimae,
1143 2698 1253 2728 turbae

177 2739 217 2770 ab
231 2738 351 2770 eisdem
361 2738 558 2769 Academicis
573 2746 680 2770 motae
694 2739 758 2769 iam
773 2739 898 2770 fuerant
913 2747 1023 2770 contra
1042 2740 1150 2771 fratres
1160 2742 1252 2772 Prae-

177 2783 342 2819 dicatores‚
360 2794 396 2814 ac
412 2783 437 2813 si
451 2783 573 2822 legibus
589 2783 780 2814 Academiae
799 2784 928 2814 subesse
943 2785 1081 2823 nollent;
1099 2786 1252 2827 eiectique

177 2835 253 2858 sunt
275 2829 374 2868 gradu
391 2838 451 2858 suo
468 2827 696 2859 Bonus-homo
720 2828 808 2859 Brito
832 2835 863 2859 et
878 2829 963 2858 Elias
979 2829 1148 2868 Brunetus,
1171 2838 1251 2861 tam-

177 2872 235 2902 etsi
250 2873 360 2903 aulam
384 2882 477 2903 suam
501 2872 685 2903 habuissent
708 2880 914 2913 regerentque
937 2873 1062 2904 scholas
1085 2882 1252 2916 tamquam

178 2916 329 2956 magistri,
353 2917 405 2946 ille
428 2917 619 2954 intraneam,
644 2924 823 2947 extraneam
846 2917 921 2948 iste:
951 2918 1095 2960 adeoque
1119 2920 1252 2959 Hugoni

179 2959 324 2997 Metensi,
348 2960 403 3001 qui
427 2960 602 2991 Sententias
626 2961 742 3001 legerat
765 2961 798 2991 in
821 2962 930 2992 schola
947 2962 1171 3001 Bonhotninis,
1196 2974 1250 2994 eo-

180 3003 254 3033 dem
277 3013 362 3034 anno
387 3005 467 3034 1253
488 3005 638 3044 denegata
662 3006 788 3036 licentia
810 3016 845 3036 ac
869 3006 964 3037 etiam
983 3007 1130 3038 Thomae
1150 3008 1250 3049 Aqui—

179 3047 243 3078 nati
268 3057 353 3084 anno
376 3048 562 3088 insequente
591 3051 683 3088 1254.

247 3091 423 3122 Dissidium
450 3092 536 3123 auxit
569 3093 672 3123 editus
700 3104 719 3123 a
747 3094 922 3125 Guillelmo
951 3095 991 3125 de
1010 3096 1250 3127 Sancto-amore

178 3135 303 3166 libellus
322 3142 430 3166 contra
450 3135 557 3166 fratres
576 3137 808 3168 Praedicatores
832 3139 974 3180 aliosque
1000 3141 1250 3171 Mendicantium

178 3180 324 3217 Ordines,
342 3180 527 3219 inscriptus:
551 3181 603 3211 De
619 3183 776 3221 periculis
795 3184 1039 3214 novissimorum
1059 3190 1248 3225 temporum.

177 3224 206 3254 Is
222 3231 287 3254 erat
309 3225 364 3254 abs
388 3224 447 3254 soli
476 3225 587 3254 natalis
609 3225 732 3265 oppido
755 3228 842 3266 apud
860 3228 1025 3268 Sequanos
1046 3236 1250 3269 nuncupatus

175 3269 217 3299 de
239 3269 502 3305 Sancto-amore,
528 3268 712 3300 Canonicus
734 3270 982 3308 Bellovacensis‚
1002 3272 1035 3302 in
1054 3283 1140 3303 sacra
1165 3274 1250 3303 Pari-

175 3313 269 3343 siensi
294 3313 454 3343 Facultate
474 3313 586 3343 doctor
608 3313 788 3354 theologus.
814 3315 849 3345 In
866 3316 933 3346 eius
950 3316 1095 3356 Operum
1112 3317 1250 3348 editione

176 3357 316 3388 Parisina
340 3357 414 3387 anni
445 3358 525 3387 1632
550 3357 664 3388 dicitur
678 3368 696 3388 e
711 3359 919 3389 celeberrima
934 3361 1038 3391 Domo
1055 3361 1251 3392 Sorbonica:

178 3402 268 3442 quod
292 3402 413 3441 oppido
443 3401 559 3432 falsum
587 3409 676 3432 notat
699 3402 835 3433 Carolus
864 3403 1028 3443 Duplessis
1057 3404 1249 3444 Dargentre‚

179 3445 373 3476 Sorbonicus
397 3446 509 3476 doctor
532 3453 562 3476 et
575 3445 754 3486 Episcopus
768 3447 960 3485 Tutelensis,
985 3454 1075 3478 tomo
1100 3449 1112 3478 1
1130 3449 1168 3478 de
1184 3449 1250 3478 No-

178 3489 316 3520 vissimis
335 3490 510 3527 erroribus,
530 3497 695 3530 propterea
710 3491 798 3531 quod
814 3490 847 3520 in
863 3501 949 3521 sacra
967 3491 1128 3522 Facultate
1151 3493 1249 3531 magi—

179 3534 311 3564 sterium
333 3535 396 3564 iarn
421 3534 608 3565 obtinuisset
631 3534 837 3571 Guillelmus,
861 3540 1032 3575 antequam
1056 3535 1250 3567 Sorbonicae

178 3578 304 3609 Domus
321 3578 543 3619 fundamenta
567 3579 652 3609 iacta
676 3584 789 3610 essent.
820 3579 972 3610 Erectum
992 3579 1113 3620 quippe
1132 3580 1248 3610 Sorbo-

179 3622 288 3653 uicum
311 3623 523 3664 Gymnasium
553 3633 639 3654 anno
668 3625 749 3654 1252
773 3623 867 3654 refert
889 3624 1052 3654 Echardus
1075 3624 1109 3654 in
1131 3624 1248 3664 Elogio

2291 289 2388 315 CLXV

1315 346 1441 377 loannis
1467 348 1610 388 Aegidii;
1640 349 1784 390 illudque
1813 350 1947 390 dignum
1976 352 2062 383 addit
2091 353 2384 396 animadversione,

1315 390 1438 421 scholas
1461 392 1566 432 plures
1590 393 1719 424 diversis
1742 394 1774 424 in
1797 394 1876 425 locis
1900 405 1978 426 aevo
2001 396 2057 427 illo
2081 398 2219 437 patuisse
2243 400 2385 440 Parisiis,

1314 435 1487 466 saeculares
1503 436 1589 475 alias,
1601 437 1676 468 alias
1691 438 1773 469 intra
1789 439 1944 470 coenobia
1960 441 2163 480 regularium,
2174 442 2291 483 quibus
2308 445 2385 475 Uni-

1313 479 1442 509 versitas
1472 481 1653 512 Parisiensis
1684 483 1896 514 coalescebat:
1931 485 2132 526 maximeque
2156 487 2332 518 celebritate
2355 496 2386 520 et

1313 529 1466 554 vetustate
1499 524 1642 556 floruisse
1659 527 1803 557 scholam
1831 528 1979 558 ecclesiae
2007 539 2063 560 seu
2090 530 2215 561 claustri
2238 532 2386 563 ecclesiae

1314 567 1511 607 episcopalis,
1527 579 1625 610 quarn
1641 577 1702 601 tres
1718 571 1861 602 eiusdem
1884 572 2040 604 Canonici
2067 574 2118 604 vel
2133 575 2172 605 ab
2188 575 2226 605 iis
2250 575 2385 607 instituti

1313 611 1452 651 magistri
1475 614 1633 653 regebant.
1663 615 1816 646 loannem
1844 617 2028 648 Launoium
2051 619 2183 649 consule
2206 619 2245 650 de
2261 619 2385 651 Scholis

1313 655 1535 687 celebrioribus
1559 658 1660 698 capite
1683 670 1744 697 th,
1768 660 1901 691 articulo
1917 671 1947 691 v.

1380 700 1554 732 Guillelmo
1582 703 1736 742 pervicaci
1758 704 1826 735 viro
1855 705 2064 737 adhaerebant
2087 706 2162 737 Odo
2193 707 2232 738 de
2255 707 2384 748 Duaco,

1312 744 1462 775 Nicolaus
1486 746 1632 777 Decanus
1656 748 1695 778 de
1717 748 1815 779 Barro
1835 759 1930 789 super
1947 750 2075 788 Albam,
2097 750 2295 782 Christianus
2313 753 2384 784 Bel-

1311 788 1486 820 lovacensis
1515 790 1631 831 aliique
1661 792 1820 831 magistri:
1851 793 1998 834 factoque
2026 794 2172 834 agmine,
2201 806 2237 826 ex
2262 798 2383 828 Acade-

1312 832 1394 863 miae
1410 834 1530 873 gremio
1546 834 1654 866 fratres
1668 836 1899 878 Praedicatores
1919 838 2062 878 aliosque
2078 839 2292 871 Mendicantes
2308 842 2384 881 pelli

1313 877 1463 908 curabant
1491 878 1566 909 totis
1589 879 1717 910 viribus.
1742 880 1892 918 Extingui
1921 882 1980 912 sub
2010 883 2195 914 Innocentio
2225 885 2311 925 Papa
2339 886 2383 917 lv

1313 928 1419 952 exorta
1441 921 1480 952 lis
1503 932 1570 952 non
1586 923 1708 963 potuit:
1734 925 1909 965 eademque
1925 926 2026 956 delata
2040 927 2080 956 ad
2095 927 2311 960 Alexandrum
2328 930 2383 969 1v,

1313 975 1398 995 anno
1428 967 1510 1005 ¹254
1533 966 1670 997 electum
1693 975 1965 1010 coronatumque,
1990 980 2065 1000 cum
2087 971 2194 1002 libello
2218 972 2383 1004 Guillelmi

1313 1009 1351 1039 de
1375 1009 1627 1041 Sancto-amore.
1658 1011 1767 1042 Plures
1790 1013 1848 1042 hac
1872 1013 1911 1043 de
1935 1023 1984 1050 re,
2013 1024 2092 1055 quas
2115 1015 2201 1046 idem
2228 1017 2382 1049 Summus

1312 1052 1458 1084 Pontifex
1481 1054 1579 1084 edidit
1598 1054 1862 1094 Constitutiones‚
1878 1064 2020 1096 prostant
2041 1065 2131 1089 tomo
2149 1060 2160 1089 Ι
2177 1060 2304 1091 Bullarii
2322 1062 2383 1093 Or-

1312 1096 1394 1126 dinis
1410 1097 1677 1136 Praedicatorum,
1701 1100 1832 1140 egregiis
1856 1101 2026 1132 illustratae
2042 1103 2126 1133 notis
2142 1104 2180 1134 ab
2198 1105 2383 1137 doctissimo

1311 1141 1380 1171 viro
1403 1141 1570 1172 Antonino
1593 1142 1765 1174 Bremond.
1790 1144 1838 1174 Ex
1853 1144 1902 1174 his
1925 1145 2079 1185 integram
2096 1157 2131 1177 ac
2151 1148 2304 1179 sinceram
2322 1150 2383 1181 hu-

1311 1184 1398 1215 iusce
1421 1185 1540 1216 dissidii
1565 1186 1746 1217 concinnari
1770 1188 1955 1227 historiam,
1979 1200 2015 1220 ac
2038 1200 2131 1230 saepe
2154 1201 2221 1222 non
2244 1192 2382 1233 integrae

1311 1228 1385 1259 fidei
1409 1229 1553 1270 redargui
1582 1241 1618 1261 ac
1641 1231 1758 1262 revinci
1788 1232 1957 1263 Bullaeum
1980 1243 2094 1273 posse,
2118 1235 2174 1275 qui
2202 1237 2382 1269 Parisiensis

1312 1273 1530 1304 Universitatis
1552 1274 1728 1306 Historiam
1744 1276 1877 1317 scripsit,
1892 1277 2053 1309 verissime
2068 1278 2214 1310 laudatus
2230 1281 2383 1313 Bremon-

1312 1318 1371 1348 dus
1395 1318 1625 1350 animadvertit.

1385 1362 1465 1393 Suas
1497 1363 1614 1394 interea
1644 1363 1795 1396 lectiones
1823 1365 1950 1406 publice
1982 1368 2228 1408 persequebatur
2258 1376 2384 1401 sanctus

1311 1406 1473 1445 Thomas,
1497 1407 1670 1449 ipsumque
1692 1409 1783 1440 initio
1807 1410 1882 1440 anni
1911 1412 2004 1449 1256,
2020 1411 2075 1452 qui
2099 1412 2208 1443 tertius
2240 1413 2384 1454 inceptus

1312 1451 1481 1491 magisterii
1496 1462 1598 1483 annus
1615 1463 1682 1483 esse
1698 1453 1859 1492 debuerat,
1877 1455 2038 1486 licentiam
2055 1456 2229 1487 obtinuisse
2245 1458 2284 1488 ab
2301 1458 2384 1489 Can-

1312 1496 1438 1527 cellario
1455 1497 1597 1528 dubitare
1621 1507 1687 1528 non
1707 1498 1816 1529 sinunt
1830 1499 1998 1530 Alexandri
2015 1500 2057 1531 1V
2080 1501 2199 1532 litterae
2215 1502 2255 1531 ad
2278 1502 2386 1542 ipsum

1312 1541 1402 1571 datae
1434 1551 1454 1571 v
1479 1541 1552 1572 idus
1577 1543 1706 1580 martii,
1726 1543 1937 1584 Pontificatus
1954 1554 2042 1575 anno
2065 1545 2226 1583 secundo,
2246 1546 2384 1586 vulgaris

1312 1595 1401 1615 aerae
1423 1586 1503 1616 1256
1521 1586 1604 1626 stylo
1628 1596 1725 1617 novo.
1743 1587 1847 1618 Verba
1869 1595 1960 1619 sunt:
1987 1602 2000 1617 α
2013 1589 2205 1620 Delectabile
2221 1590 2314 1620 nobis
2339 1597 2386 1622 est

1315 1642 1330 1656 »
1347 1629 1463 1660 auditu
1487 1630 1657 1671 percipere,
1681 1632 1771 1672 quod
1794 1638 1824 1662 te
1843 1632 1876 1662 in
1895 1632 1943 1662 his
1967 1640 2156 1673 promptum
2174 1634 2278 1665 reddis
2295 1641 2326 1666 et
2339 1635 2384 1666 vi-

1315 1686 1329 1701 »
1352 1673 1459 1713 gilem,
1474 1684 1556 1715 quae
1580 1675 1730 1715 pietatem
1754 1676 1918 1707 continent
1942 1677 1993 1707 vel
2021 1677 2148 1718 sapiunt
2172 1678 2383 1719 honestatem,

1315 1730 1330 1745 ι
1353 1725 1449 1758 prout
1463 1725 1605 1758 patenter
1619 1719 1815 1759 agnoscitur,
1835 1721 1925 1761 quod
1944 1721 2059 1752 dilecto
2084 1721 2151 1752 filio
2167 1722 2278 1763 fratri
2305 1724 2384 1755 Tho-

1315 1775 1329 1790 »
1352 1772 1425 1792 mae
1447 1763 1487 1793 de
1508 1764 1636 1803 Aquino
1660 1764 1788 1794 Ordinis
1812 1765 2086 1805 Praedicatorum,
2102 1767 2171 1797 viro
2190 1767 2302 1808 utique
2325 1778 2382 1798 no-

1314 1818 1329 1833 »
1352 1806 1470 1837 bilitate
1493 1807 1615 1847 generis
1639 1814 1670 1838 et
1697 1818 1827 1838 morum
1852 1809 2017 1840 honestate
2047 1811 2222 1851 conspicuo
2253 1822 2288 1842 ac
2316 1812 2383 1843 the-

1315 1863 1330 1878 »
1353 1860 1483 1881 saurum
1519 1851 1659 1882 litteralis
1690 1853 1836 1883 scientiae
1872 1863 1927 1894 per
1961 1854 2019 1884 Dei
2052 1855 2185 1894 gratiam
2217 1863 2382 1895 assecuto,

1315 1907 1329 1922 »
1353 1895 1465 1926 dedisti
1491 1896 1651 1926 licentiam
1676 1896 1708 1926 in
1732 1897 1911 1938 theologica
1935 1898 1960 1928 F
1963 1899 2096 1929 acultate
2121 1900 2266 1938 docendi,
2283 1901 2383 1940 prius-

1315 1952 1329 1966 »
1352 1949 1450 1980 quam
1469 1940 1545 1971 illuc
1569 1947 1694 1971 nostrae
1716 1941 1836 1972 litterae
1868 1943 2083 1982 pervenirent,
2107 1954 2186 1984 quas
2210 1944 2265 1975 tibi
2290 1955 2385 1986 super

1315 1997 1329 2011 »
1353 1983 1414 2015 hoc
1438 1984 1613 2025 specialiter
1635 1985 1850 2016 mittebamus.
1874 1986 1958 2023 Quia
1981 1997 2056 2017 vero
2081 1988 2257 2019 condecens
2281 1995 2328 2019 est
2349 1995 2385 2020 ut

1315 2040 1329 2055 »
1353 2028 1538 2059 huiusmodi
1563 2029 1739 2069 negotium,
1763 2040 1782 2060 a
1804 2037 1835 2061 te
1858 2030 2056 2062 laudabiliter
2077 2031 2275 2071 inchoatum,
2300 2033 2384 2064 festi—

1315 2085 1329 2099 »
1353 2083 1432 2103 num
1456 2073 1568 2104 habeat
1592 2073 1712 2104 exitum
1728 2081 1759 2105 et
1778 2074 1920 2113 felicem;
1941 2076 2145 2116 devotionem
2161 2083 2250 2107 tuam
2270 2084 2385 2108 attente

1315 2129 1328 2143 ›
1351 2118 1527 2157 rogandam
1558 2118 1708 2149 duximus
1731 2126 1763 2150 et
1790 2120 2003 2158 monendam,
2028 2130 2084 2160 per
2113 2121 2299 2161 Apostolica
2329 2122 2385 2154 tibi

1314 2173 1328 2188 ι
1351 2162 1466 2202 scripta
1490 2163 1696 2201 mandantes,
1720 2170 1877 2204 quatenus
1910 2164 2060 2195 eumdem
2084 2165 2212 2195 fratrem
2235 2166 2268 2196 in
2296 2176 2385 2206 prae-

1313 2218 1327 2232 »
1352 2206 1433 2237 dicta
1452 2207 1614 2238 Facultate
1633 2207 1696 2238 cito
1715 2207 1810 2238 facias
1829 2209 1999 2249 regiminis
2013 2209 2131 2240 habere
2140 2211 2350 2250 principium.
2363 2223 2378 2239 »

1310 2251 1426 2282 Habita
1450 2251 1567 2282 scilicet
1590 2252 1740 2289 licentia,
1765 2262 1848 2292 opus
1873 2253 1985 2284 deinde
2009 2260 2074 2284 erat
2102 2260 2137 2284 ut
2160 2253 2193 2284 in
2217 2254 2289 2285 aula
2318 2255 2382 2295 epi-

1310 2295 1429 2335 scopali
1447 2296 1589 2326 solemne
1606 2297 1658 2327 sui
1681 2297 1850 2337 regiminis
1867 2298 2065 2338 principium
2094 2307 2203 2329 coram
2225 2299 2382 2339 magistris

1309 2339 1456 2378 haberet,
1487 2340 1544 2381 qui
1575 2350 1706 2371 munere
1737 2341 1930 2372 baccalaurei
1959 2341 2107 2380 functus,
2131 2343 2172 2373 ad
2197 2343 2382 2375 Sententias

1308 2384 1467 2423 legendas,
1491 2391 1657 2425 tamquam
1680 2385 1838 2425 magister,
1862 2386 2120 2426 promovebatur.
2142 2387 2218 2417 Non
2236 2387 2383 2419 habitum

1309 2429 1347 2458 ab
1380 2428 1539 2469 Aquinate
1572 2429 1671 2459 hocce
1702 2429 1864 2469 regiminis
1896 2430 2110 2471 principium,
2134 2431 2382 2472 quamplurimis

1308 2473 1558 2513 repugnantibus
1581 2474 1796 2512 Academicis,
1821 2484 1904 2515 quos
1927 2474 1960 2505 in
1984 2482 2106 2515 partem
2136 2482 2268 2506 traxerat
2292 2476 2382 2507 Guil-

1308 2517 1423 2548 lelmus
1440 2518 1479 2548 de
1497 2517 1749 2557 Sancto-amore,
1766 2518 1917 2550 discimus
1934 2529 1970 2549 ex
1991 2519 2134 2550 eiusdem
2158 2520 2283 2551 Summi
2299 2521 2382 2552 Pon-

1309 2561 1534 2600 tificisBulla,
1557 2563 1732 2604 Anagniae
1765 2563 1836 2594 data
1859 2573 1899 2594 xv
1922 2563 1987 2595 kal.
2013 2565 2084 2594 iulii
2107 2562 2180 2607 (die
2219 2575 2255 2606 17
2280 2564 2381 2608 iunii)

1307 2607 1518 2647 Pontificatus
1540 2617 1627 2637 anno
1649 2608 1790 2638 secundo
1814 2605 1947 2650 (Christi
1972 2606 2080 2651 1256),
2096 2609 2151 2639 ubi
2168 2609 2244 2639 haec
2263 2609 2380 2640 haben-

1308 2658 1373 2682 tur:
1403 2651 1489 2688 Quid
1506 2651 1636 2691 plura?
1657 2652 1820 2683 Praedicti
1852 2653 2004 2693 magistri
2026 2658 2057 2683 et
2079 2653 2242 2684 scholares
2270 2654 2381 2685 huius-

1308 2695 1394 2726 modi
1431 2696 1657 2735 concordiam,
1696 2697 1835 2728 stimulis
1872 2697 2053 2728 discordiae
2085 2699 2379 2738 circumscriptam,

1308 2738 1422 2782 (quam
1449 2741 1537 2770 bono
1561 2740 1647 2780 pacis
1670 2751 1689 2771 a
1712 2740 1858 2772 fratribus
1882 2741 2152 2772 Praedicatoribus
2170 2742 2282 2772 initam
2306 2753 2381 2773 cum

1307 2784 1534 2815 Parisiensibus
1557 2785 1713 2825 magistris
1737 2786 1884 2816 rescindit
1903 2796 1939 2816 ea
1956 2785 2194 2817 Constitutione
2217 2785 2377 2829 Pontifex)

1307 2829 1490 2866 observare,
1510 2830 1593 2860 sicut
1615 2831 1806 2870 accepimus,
1823 2840 1886 2860 non
1907 2836 2067 2861 curarunt
2072 2838 2086 2868 ,·
2101 2831 2176 2868 illis,
2194 2832 2250 2871 qui
2268 2831 2379 2862 volunt

1298 2874 1450 2915 fratrum
1475 2875 1617 2914 ipsorum
1647 2875 1797 2908 lectiones
1826 2885 1866 2905 ac
1893 2875 2124 2914 disputationes
2152 2880 2183 2905 et
2206 2875 2377 2915 praedica—

1307 2920 1409 2949 tiones
1431 2918 1564 2956 audire,
1586 2928 1644 2949 nec
1663 2929 1726 2949 non
1751 2920 1826 2956 illis,
1844 2920 1899 2959 qui
1926 2919 2034 2950 dilecti
2050 2919 2120 2960 filii
2137 2919 2263 2960 fratris
2296 2920 2377 2950 1710-

1306 2973 1379 2993 mae
1401 2963 1441 2994 de
1462 2964 1590 3003 Aquino
1615 2964 1787 2994 voluerunt
1810 2965 1963 2994 interesse
1979 2964 2153 3004 principio,
2173 2973 2208 2994 se
2231 2965 2377 3003 nequiter

1306 3008 1503 3047 opponendo.

1373 3051 1457 3082 Hinc
1480 3052 1513 3082 in
1537 3051 1659 3082 Italiam
1683 3052 1723 3082 ad
1746 3052 1918 3082 Summum
1937 3051 2124 3082 Pontificem
2143 3052 2305 3091 Anagniae
2324 3051 2376 3082 de-

1305 3103 1433 3135 gentem
1457 3106 1489 3126 se
1513 3096 1649 3127 contulit
1671 3097 1824 3137 Aquinas.
1847 3097 1987 3127 Aderant
2017 3096 2113 3126 etiam
2140 3096 2288 3126 Albertus
2311 3097 2377 3127 Ma-

1305 3150 1387 3179 gnus
1402 3147 1432 3171 et
1447 3147 1572 3171 sanctus
1588 3141 1825 3171 Bonaventura:
1838 3150 2109 3181 communemque
2131 3150 2206 3171 cum
2231 3140 2377 3171 fratribus

1305 3184 1483 3215 Minoribus
1507 3195 1635 3215 causam
1665 3185 1832 3215 adversum
1860 3185 2048 3215 Parisienses
2081 3185 2248 3224 magistros
2280 3185 2377 3215 maxi-

1305 3239 1421 3269 meque
1445 3229 1656 3260 Guillelmum
1679 3229 1718 3259 de
1741 3229 1980 3259 Sancto-amore
2014 3236 2138 3260 strenue
2162 3229 2377 3269 propugnavit

1305 3273 1459 3303 Thomas.
1478 3273 1603 3303 Eodem
1626 3283 1711 3303 anno
1745 3274 1826 3303 1256
1851 3273 1901 3304 die
1928 3275 1942 3303 5
1969 3273 2107 3304 octobris
2137 3273 2200 3303 lata
2222 3273 2376 3303 sententia

1305 3324 1352 3347 est
1375 3324 1484 3347 contra
1506 3317 1651 3347 libellum
1673 3318 1725 3347 De
1741 3318 1898 3357 periculis
1922 3319 2166 3348 novissimorum
2186 3323 2374 3356 temporum.

1305 3361 1364 3391 Die
1394 3361 1430 3390 18
1461 3361 1605 3391 eiusdem
1628 3361 1745 3391 mensis
1777 3361 1868 3401 plura
1899 3362 2007 3401 legatis
2039 3361 2235 3400 theologicae
2263 3361 2374 3391 Facul—

1305 3405 1375 3436 tatis
1398 3404 1590 3443 Parisiensis,
1615 3405 1670 3445 qui
1694 3405 1860 3444 negotium
1883 3406 1969 3445 apud
1992 3406 2164 3435 Summum
2187 3403 2375 3435 Pontificem
2394 3441 2396 3446 ᾗ

1305 3449 1457 3487 agebant,
1490 3447 1571 3478 facta
1601 3449 1765 3479 mandata:
1797 3449 1994 3489 alterumque
2025 3456 2107 3487 erat,
2136 3449 2222 3489 quod
2243 3448 2375 3489 fratres

1304 3493 1548 3523 Praedicatores
1571 3498 1602 3523 et
1624 3494 1771 3523 Minores
1789 3493 1923 3523 Parisiis
1945 3493 2115 3533 degentes,
2146 3494 2321 3533 magistros
2344 3498 2375 3524 et

1304 3537 1468 3566 auditores
1483 3546 1593 3566 eorum
1614 3541 1644 3566 et
1661 3537 1844 3576 specialiter
1861 3547 1901 3567 ac
1924 3538 2111 3568 nominatim
2134 3537 2266 3577 fratres
2296 3538 2374 3568 Tko-

1304 3590 1389 3610 mam
1413 3581 1453 3610 de
1475 3581 1602 3620 Aquino
1618 3580 1658 3611 de
1684 3580 1806 3611 Ordine
1828 3581 2091 3612 Praedicatorum
2116 3586 2147 3612 et
2168 3581 2375 3612 Bonaventu-

1305 3634 1375 3654 ram
1399 3625 1440 3654 de
1466 3624 1589 3655 Ordine
1611 3626 1798 3664 Minorum,
1826 3625 1972 3656 doctores
2004 3626 2185 3666 theologiae
2213 3636 2255 3657 ex
2284 3630 2373 3664 tunc,
