2788 4204
70 734 82 744 ⁴
96 739 137 756 ro:
152 733 182 755 ei.

69 948 80 958 ⁶
94 954 109 970 n
119 955 124 971 :
135 949 234 978 poterit.

66 1103 81 1116 ⁸
94 1109 125 1125 m.
133 1112 139 1127 ε
153 1104 195 1125 sit.

65 1207 160 1230 ‘Etiam
167 1214 196 1230 ex
203 1209 273 1231 codd.
275 1225 282 1237 ‚

65 1240 119 1258 exc.
134 1240 157 1257 o.

1188 277 1298 314 CAP.
1328 278 1380 326 v,

312 362 411 398 quae
445 350 683 388 continentur
710 353 780 389 sub
815 353 942 402 aliquo
972 355 1186 392 communi:
1216 356 1382 404 alioquin

312 415 384 440 nec
403 403 585 442 inducens
613 406 750 454 poterit
769 418 813 443 ex
842 407 1090 455 singularibus
1109 409 1272 457 acceptis
1292 422 1380 447 con-

313 457 466 494 cludere
481 458 707 507 universale,
724 472 795 496 nec
810 460 984 497 dividens
1000 473 1046 497 ex
1062 462 1273 499 remotione
1289 475 1380 512 qua-

312 511 492 548 rumdam
516 511 681 561 partium
704 513 843 561 poterit
871 514 1097 551 concludere
1118 516 1242 553 aliam.
1272 517 1381 553 Patet

312 563 422 612 igitur
450 566 554 614 quod
582 565 776 614 inducens,
807 567 903 604 facta
932 567 1147 605 inductione
1176 569 1282 618 quod
1311 570 1380 606 So-

314 625 433 668 crates
462 626 587 655 currat
614 626 650 655 et
678 620 784 657 Plato
814 628 851 657 et
880 620 1034 668 Cicero,
1065 634 1143 659 non
1176 629 1301 670 potest
1333 634 1379 660 ex

312 671 534 708 necessitate
564 673 788 710 concludere
817 674 923 721 quod
950 674 1075 711 omnis
1103 676 1223 712 homo
1244 684 1377 722 currat,

312 724 383 761 nisi
398 726 506 762 detur
521 725 591 762 sibi
603 727 622 747 '¹‘
642 739 665 763 a
680 731 932 776 respondente
948 728 1052 777 quod
1067 729 1156 765 nihil
1171 729 1274 766 aliud
1289 741 1378 766 con-

311 777 474 815 tineatur
492 779 562 815 sub
582 780 740 817 homine
764 793 882 829 quam
903 781 972 818 ista
991 794 1090 830 quae
1110 781 1260 819 inducta
1280 790 1376 820 sunt.

313 831 492 868 Similiter
519 832 633 870 etiam
661 845 732 870 nec
760 834 944 881 dividens,
969 835 999 871 si
1026 835 1246 884 probaverit
1273 837 1378 884 quod

311 885 387 922 hoc
415 886 626 923 coloratum
655 899 734 924 non
762 887 808 924 sit
828 889 956 925 album
986 900 1057 925 nec
1084 888 1279 937 pallidum,
1300 901 1376 926 non

310 941 465 987 potest*
486 951 532 976 ex
550 941 772 978 necessitate
787 942 1013 979 concludere
1028 942 1133 990 quod
1152 942 1197 979 sit
1215 943 1377 990 nigrum,

311 991 382 1028 nisi
417 991 526 1029 detur
561 993 632 1029 sibi
664 1006 686 1030 a
721 995 974 1043 respondente
1008 995 1114 1042 quod
1150 995 1241 1032 nihil
1278 995 1380 1032 aliud

312 1044 547 1082 contineatur
573 1047 645 1083 sub
675 1048 843 1085 colorato
872 1048 943 1084 nisi
981 1059 1025 1084 ea
1053 1060 1151 1096 quae
1184 1056 1380 1097 assumpta

311 1106 399 1134 sunt
416 1098 456 1135 in
476 1099 672 1136 divisione.
690 1101 739 1136 Et
752 1101 841 1149 quia
860 1100 1170 1148 investigantibus
1189 1102 1280 1150 quid
1295 1102 1379 1138 est*

310 1151 435 1196 homo,
452 1159 603 1200 oportet
617 1153 788 1201 accipere
813 1166 892 1190 non
906 1155 1031 1190 solum
1051 1165 1182 1202 genus,
1198 1154 1304 1202 quod
1323 1162 1380 1191 est

310 1203 463 1250 animal,
494 1205 560 1241 sed
590 1205 704 1242 etiam
721 1207 740 1227 ’Β
765 1206 1034 1252 differentiam3
1059 1207 1214 1243 ulterius
1242 1207 1280 1243 in
1308 1219 1378 1244 suo

310 1258 487 1306 exemplo
504 1258 676 1307 procedit
689 1260 806 1307 quod,
824 1260 855 1296 si
874 1272 991 1297 omne
1006 1259 1148 1296 animal
1169 1267 1232 1296 aut
1246 1260 1378 1307 gressi—

309 1310 383 1347 bile
404 1318 460 1348 est
487 1319 552 1348 aut
579 1312 798 1360 aquaticum
817 1318 844 1359 ¹,
876 1319 912 1349 et
938 1312 1096 1361 accipiat
1120 1313 1224 1361 quod
1244 1313 1377 1361 homo,

259 1414 262 1415 ⁷
309 1363 398 1413 quia
432 1377 512 1403 non
540 1373 596 1402 est
632 1366 850 1414 aquaticum
884 1365 1046 1412 animal,
1080 1365 1126 1402 sit
1153 1374 1275 1403 totum
1303 1367 1378 1404 hoc

58 2275 73 2289 ⁴
89 2275 149 2300 Vere
161 2282 211 2300 om.
225 2283 256 2300 η.

308 1417 414 1465 quod
430 1426 486 1455 est
514 1418 655 1455 animal
682 1418 886 1466 gressibile,
908 1431 987 1456 non
1008 1431 1059 1455 ex
1072 1419 1292 1456 necessitate
1321 1432 1378 1457 se-

307 1470 434 1518 quitur
453 1483 499 1507 ex
518 1471 642 1518 dictis;
672 1472 739 1509 sed
768 1479 919 1521 oportet
936 1472 1043 1521 quod
1061 1473 1136 1509 hoc
1160 1473 1273 1516 etiam
1289 1485 1376 1522 sup-

306 1531 426 1573 ponat
462 1524 594 1562 datum
632 1525 703 1562 sibi
731 1538 754 1561 a
783 1526 1056 1574 respondente,
1096 1526 1235 1562 scilicet
1271 1527 1374 1575 quod

307 1577 448 1614 animal
464 1578 694 1615 sufficienter
709 1579 898 1616 dividatur
911 1591 980 1628 per
999 1579 1189 1627 gressibile
1211 1587 1246 1616 et
1256 1592 1375 1628 aqua-

305 1630 436 1668 ticum.
466 1632 516 1668 Et
543 1631 632 1680 quia
660 1633 892 1681 quandoque
920 1644 988 1682 per
1015 1633 1141 1682 plures
1170 1632 1375 1671 divisiones

305 1684 524 1733 proceditur
548 1686 598 1723 ad
626 1685 892 1735 accipiendum?
910 1686 1015 1735 quod
1035 1685 1126 1734 quid
1146 1694 1202 1722 est
1220 1687 1376 1724 alicuius

306 1737 376 1784 rei,
406 1737 505 1785 ideo,
534 1739 752 1788 praemissis
781 1740 928 1776 duabus
957 1739 1206 1777 divisionibus
1234 1740 1272 1777 in
1305 1753 1375 1778 suo

307 1792 496 1841 exemplo,
518 1793 645 1830 subdit
671 1792 776 1841 quod
805 1793 895 1830 nihil
924 1792 1050 1830 differt
1076 1792 1181 1840 quod
1209 1793 1262 1830 sic
1289 1806 1376 1843 pro-

307 1844 463 1882 cedatur
490 1845 528 1882 in
557 1846 683 1883 multis
707 1854 772 1883 aut
799 1846 838 1883 in
856 1846 997 1894 paucis.
1028 1846 1178 1882 Eadem
1198 1847 1300 1883 enirn
1322 1856 1378 1884 est

306 1897 401 1934 ratio
431 1898 470 1935 in
488 1898 680 1936 omnibus.
701 1900 751 1936 Et
770 1899 822 1935 sic
841 1900 861 1918 ⁴*
877 1899 1030 1936 ulterius
1057 1899 1245 1936 concludit
1272 1901 1376 1948 quod

304 1951 557 2000 procedentes
580 1965 649 2001 per
666 1952 772 1989 viam
801 1951 1008 1999 divisionis,
1039 1952 1152 1989 etiam
1174 1954 1194 1974 ²¹²
1214 1952 1311 1990 circa
1332 1967 1376 1991 ea

305 2015 405 2052 quae
434 2005 614 2054 contingit
633 2005 854 2055 syllogizari,
875 2019 954 2043 non
976 2013 1132 2042 utuntur
1150 2007 1375 2054 probatione

305 2058 543 2107 syllogistica.

363 2112 395 2148 5.
423 2112 572 2150 Deinde
602 2125 691 2150 cum
720 2112 823 2150 dicit:
858 2113 958 2155 Quid
983 2113 1082 2149 enim
1105 2113 1281 2160 prohihet
1305 2114 1376 2150 hoc

303 2175 437 2202 verum
475 2174 567 2213 etc.,
610 2166 754 2203 inducit
796 2166 891 2203 duas
930 2166 1094 2203 rationes
1131 2166 1304 2215 proprias
1342 2167 1375 2203 ei

304 2218 410 2266 quod
429 2219 520 2268 quid
541 2227 608 2257 est.
626 2220 801 2267 Quarum
820 2220 944 2269 prima
965 2226 1031 2266 est,
1052 2219 1140 2268 quia
1160 2231 1239 2256 non
1258 2232 1374 2256 omne

304 2272 411 2321 quod
438 2285 531 2310 vere
561 2275 581 2295 *
610 2273 849 2323 praedicatur
882 2274 929 2311 de
958 2273 1106 2321 aliquo,
1139 2272 1377 2321 praedicatur

302 2324 343 2362 in
363 2338 410 2363 eo
430 2327 535 2375 quod
556 2326 647 2375 quid
668 2335 739 2373 est,
761 2339 837 2370 ⁴nec
856 2326 1041 2375 significat
1060 2326 1260 2363 essentiam
1282 2326 1372 2363 eius.

305 2378 346 2416 Si
379 2391 468 2428 ergo
508 2380 618 2418 detur
651 2380 756 2429 quod
788 2392 857 2430 per
892 2380 998 2417 viam
1037 2380 1232 2417 divisionis
1271 2380 1374 2416 suffi-

303 2533 356 2551 non
370 2525 455 2556 habet,
471 2526 531 2558 quia
550 2525 582 2550 ab
595 2533 649 2550 uno
664 2530 689 2550 et
703 2530 762 2550 ente
781 2525 933 2550 declinando
946 2525 971 2549 in
986 2525 1111 2549 incertum
1130 2525 1226 2558 pergin
1241 2530 1372 2549 etconse-

303 2567 422 2595 quenter,
445 2561 494 2586 nisi
518 2561 658 2594 utrobique
674 2566 843 2594 vsupponatur
861 2569 954 2585 omnes
973 2566 1059 2593 partes
1084 2566 1201 2593 acceptas
1220 2567 1294 2591 esse,
1317 2568 1371 2584 non

302 2598 422 2630 sequitur
441 2597 588 2623 necessario
613 2598 748 2622 intentum.
765 2597 814 2629 (Et
832 2596 882 2621 hoc
901 2597 980 2620 modo
999 2596 1117 2628 exposuit
1135 2604 1157 2620 s.
1166 2596 1283 2620 Thomas
1309 2595 1372 2620 divi-

303 2633 405 2658 sionem
423 2633 450 2657 in
466 2633 516 2657 hoc
530 2633 602 2663 loco,
618 2638 643 2657 et
656 2632 849 2657 similitudinem
865 2632 931 2656 inter
944 2631 1098 2656 divisionem
1111 2636 1137 2656 et
1150 2631 1344 2664 inductionem).
1354 2645 1374 2650 -

303 2668 450 2699 Postremo,
469 2668 536 2693 inter
549 2675 641 2693 omnes
661 2673 687 2692 et
705 2668 848 2700 quemlibet
860 2667 954 2692 horum
969 2674 1141 2700 processuum
1160 2671 1186 2691 et
1198 2666 1373 2692 inductionem

302 2704 368 2729 haec
387 2709 426 2729 est
445 2704 602 2733 similitudo,
622 2704 693 2736 quod
707 2711 840 2735 nunquam
861 2711 876 2728 a
894 2703 971 2735 priori
987 2703 1146 2735 proceditur.
1166 2708 1192 2727 et
1210 2709 1315 2734 semper
1328 2709 1373 2734 pe-

302 2740 365 2764 titur
382 2739 544 2772 principium,
559 2739 581 2763 si
594 2747 641 2772 per
659 2747 739 2764 unam
753 2739 795 2763 vel
815 2739 921 2763 alteram
939 2738 1008 2762 viam
1027 2738 1120 2771 aliquis
1139 2742 1246 2762 conetur
1264 2737 1374 2770 probare

303 2775 341 2799 rei
360 2775 467 2799 alicuius
487 2773 670 2799 definitionem.

358 2811 384 2835 Si
404 2811 463 2843 quis
483 2815 570 2835 autem
589 2810 703 2842 primum
723 2814 748 2834 et
766 2809 910 2834 secundum
929 2809 1038 2833 modum
1057 2816 1196 2841 processus
1217 2808 1315 2833 divisivi
1336 2808 1373 2832 in-

303 2844 393 2870 timius
412 2845 565 2876 consideret,
587 2846 670 2877 magis
690 2845 780 2870 dixerit
798 2852 937 2878 processus
957 2845 1123 2869 disiunctivos
1143 2852 1222 2877 quam
1242 2844 1373 2868 divisivos.

304 2880 455 2905 Assumitur
474 2881 543 2905 enim
562 2880 588 2904 in
606 2881 674 2905 hanc
692 2880 802 2904 formam
822 2880 980 2912 propositio:
996 2880 1073 2904 homo
1092 2882 1140 2904 aut
1153 2883 1193 2904 est
1210 2879 1312 2903 animal
1330 2886 1374 2903 ra-

303 2916 404 2941 tionale
421 2919 470 2940 aut
489 2916 653 2945 irrationale,
667 2916 734 2940 utin
753 2915 877 2947 exemplis
897 2915 1013 2939 adductis
1030 2915 1118 2939 videre
1137 2921 1189 2939 est:
1205 2922 1273 2947 quae
1292 2914 1374 2939 forma

305 2956 346 2976 est
363 2951 468 2983 proprie
493 2951 650 2975 disiunctiva.
677 2951 704 2975 In
723 2950 799 2975 tertio
823 2956 909 2975 autem
935 2950 1018 2974 forma
1043 2956 1175 2982 assumpta
1201 2950 1373 2981 (animalium

303 2986 381 3011 aliud
398 2989 438 3011 est
456 2986 577 3014 volatile,
597 2985 673 3010 aliud
691 2986 857 3018 aquaticum,
877 2985 952 3009 aliud
974 2985 1127 3017 gressibile)
1146 2990 1186 3010 est
1207 2993 1254 3018 per
1268 2993 1374 3009 enume-

304 3021 432 3046 rationem
446 3021 566 3053 partium,
581 3026 607 3045 et
621 3021 679 3045 ideo
698 3026 738 3045 est
756 3021 898 3045 formaliter
916 3020 1032 3044 divisiva.
1052 3021 1110 3051 Qua
1128 3021 1160 3044 de
1175 3028 1252 3045 causa
1271 3028 1294 3045 s.
1303 3020 1374 3044 Tho-

305 3064 371 3087 mas,
390 3056 496 3081 intuitus
515 3057 586 3088 quod
605 3056 631 3080 in
650 3056 775 3080 divisione
794 3061 834 3080 est
853 3055 986 3088 proprium
1006 3060 1031 3080 et
1050 3055 1158 3080 formale
1175 3056 1265 3087 ipsius,
1284 3060 1310 3079 et
1328 3063 1374 3088 per

304 3092 377 3125 quod
396 3099 411 3116 a
429 3092 599 3116 disiunctione
617 3091 758 3116 formaliter
778 3091 948 3123 distinguitur,
963 3090 1054 3123 accipit
1069 3099 1127 3116 eam
1146 3092 1171 3115 in
1189 3091 1266 3115 tertio
1285 3098 1375 3121 sensu,

304 3128 351 3160 qui
370 3132 410 3152 est
428 3127 554 3151 formalis.

359 3161 382 3196 ε)
402 3163 457 3187 Aut
475 3162 635 3195 aquaticum,
649 3165 676 3186 et
689 3161 804 3193 accipiat
823 3166 899 3185 etc.-
912 3162 949 3185 A:
968 3163 1017 3185 aut
1035 3161 1144 3193 aquale;
1162 3161 1206 3185 FI:
1226 3160 1360 3192 accipiunt
1366 3167 1375 3189 ,·

305 3198 342 3223 K:
363 3198 510 3230 accipitur:
532 3198 568 3222 B:
587 3197 767 3222 accidit-H:
786 3199 834 3220 aut
851 3197 1003 3228 aquaticum
1024 3194 1084 3229 (cet.
1099 3195 1163 3228 om.)
1182 3196 1284 3220 animal
1302 3196 1374 3227 quod

304 3234 342 3259 sit
358 3236 442 3258 totum
459 3233 527 3258 idest
541 3233 612 3265 quod
625 3232 661 3257 sit
674 3232 776 3256 animal
789 3232 939 3264 gressibile,·
953 3232 989 3255 L:
1004 3235 1052 3256 aut
1065 3232 1216 3263 aquaticum
1233 3230 1293 3263 (cet.
1307 3230 1371 3264 om.)

305 3269 379 3302 quod
397 3269 432 3294 sit
450 3271 535 3293 totum
555 3268 604 3292 hoc
622 3273 679 3298 etc.;
700 3268 735 3297 Q:
755 3270 782 3291 et
799 3267 914 3298 accipiat
931 3267 994 3299 quia
1007 3267 1084 3292 homo
1099 3274 1151 3291 non
1167 3269 1206 3290 est
1219 3266 1372 3297 aquaticum

304 3305 409 3330 animal
427 3304 476 3329 hoc
494 3303 566 3336 quod
588 3306 628 3328 est
645 3302 781 3336 gressibile
795 3302 909 3331 animal,
929 3309 981 3326 non
1001 3309 1038 3327 ex
1057 3307 1114 3331 etc.;
1130 3306 1177 3326 cet.
1193 3301 1282 3325 codd.:
1302 3301 1374 3333 quod

308 3341 393 3368 homo,
409 3339 472 3372 quia
487 3346 538 3363 non
552 3341 592 3363 est
609 3338 762 3370 aquaticum
777 3337 878 3362 animal
893 3335 914 3370 (l
927 3345 980 3361 om.
993 3337 1115 3370 animal),
1129 3336 1200 3368 quod
1213 3336 1249 3360 sit
1264 3334 1304 3366 (A,
1319 3343 1371 3360 non

304 3375 353 3407 sit)
373 3378 457 3400 totum
477 3373 526 3405 (G,
546 3373 727 3407 manifestum)
747 3372 875 3398 hoa-P:
894 3372 980 3402 homo,
995 3372 1041 3404 qui
1055 3379 1106 3396 non
1126 3375 1166 3396 est
1182 3371 1285 3395 animal
1303 3371 1374 3403 quod

307 3414 348 3436 est
365 3410 532 3443 aquaticum,
552 3409 588 3434 sit
606 3412 690 3434 totum
709 3408 766 3433 hoc.
792 3408 916 3439 Legimus
936 3415 996 3432 cum
1020 3407 1110 3438 codd„
1136 3411 1262 3438 expuncto
1285 3411 1372 3430 tamen

306 3446 380 3479 quod
398 3451 457 3471 ante
475 3445 517 3475 sit,
538 3445 597 3477 quia
616 3444 711 3469 inutilis
730 3443 846 3476 repetitio

361 3481 387 3516 ζ)
409 3481 484 3511 Quae
502 3481 603 3505 obiecta
621 3482 690 3508 sunt,
710 3486 748 3504 ex
766 3486 796 3503 eo
816 3483 863 3503 etc.
877 3478 1058 3502 -Mendosam
1078 3477 1214 3501 lectionem
1239 3475 1317 3500 habet
1336 3476 1371 3499 F:

307 3524 375 3550 quae
394 3517 495 3542 obiecta
513 3519 575 3541 sunt
588 3523 618 3540 eo
637 3515 709 3548 quod
727 3514 791 3547 quid
809 3517 849 3538 est
868 3517 894 3538 et
913 3513 951 3538 ita
965 3520 1018 3544 per
1035 3512 1246 3544 consequentiam
1265 3511 1373 3535 divisio-

305 3560 367 3577 nem
379 3553 489 3586 saciant
507 3552 535 3576 id
554 3557 602 3576 etc.
616 3564 635 3571 ›-
649 3551 715 3575 Cum
735 3549 879 3579 codicibus,
899 3556 952 3573 exc.
968 3549 1005 3578 Q,
1024 3547 1134 3580 legimus
1153 3546 1224 3580 quod
1242 3546 1307 3578 quid
1325 3549 1371 3574 est,

307 3588 377 3613 iuxta
391 3593 487 3612 textum
502 3594 637 3619 graecum,
657 3583 681 3610 ἐν
697 3586 733 3619 τῷ
747 3582 771 3609 τί
785 3582 847 3614 ἐστι,
858 3589 884 3609 et
898 3588 1013 3608 nostram
1026 3583 1186 3610 versionem:
1200 3582 1219 3606 P
1234 3589 1287 3605 om.
1302 3585 1373 3606 est.—

305 3623 354 3648 AN
374 3632 427 3649 om.
442 3623 494 3652 ita;
509 3623 542 3648 L:
553 3630 606 3655 per
623 3627 797 3654 consequens;
812 3620 848 3650 Q:
863 3623 889 3645 et
908 3619 946 3644 ita
963 3618 1088 3643 addendo
1106 3618 1144 3642 ad
1158 3617 1312 3642 divisionem
1325 3617 1372 3650 sa-

1410 279 1562 316 LECT.
1593 279 1645 316 IV

2422 286 2492 333 341

1438 357 1576 394 cienter
1606 359 1789 408 probetur
1806 360 1910 408 quod
1938 366 2060 397 toturn
2078 362 2168 408 hoc,
2193 362 2331 400 scilicet
2358 364 2497 402 animal

1436 412 1637 458 gressibile,
1666 425 1758 450 vere
1783 413 2019 461 praedicetur
2039 415 2059 436 ²¹²
2083 415 2130 451 de
2149 416 2320 462 homine;
2346 429 2424 454 non
2442 426 2495 455 ta-

1436 476 1527 501 men
1555 473 1710 514 propter
1737 467 1812 503 hoc
1841 466 1908 503 erit
1939 467 2144 516 probatum
2173 469 2277 516 quod
2302 464 2494 518 praedice-

1435 524 1494 554 tur
1513 519 1560 555 de
1581 531 1627 555 eo
1646 519 1685 556 in
1705 531 1751 556 eo
1771 520 1876 568 quod
1904 520 1994 568 quid
2024 529 2088 568 est,
2109 522 2171 558 vel
2199 523 2371 559 ostendat
2390 524 2495 570 quod

1435 571 1525 618 quid
1549 580 1628 608 erat
1648 585 1745 620 esse,
1775 572 1870 610 idest
1897 574 2001 621 quod
2030 574 2264 611 demonstrat
2292 576 2493 614 essentiam

1435 624 1488 660 rei
1518 625 1549 661 *.

1488 678 1523 714 6.
1546 678 1762 714 Secundam
1783 678 1967 716 rationem
1991 680 2099 728 ponit
2129 679 2196 716 ibi:
2215 681 2388 729 Amplius
2406 682 2496 730 quid

1426 731 1604 778 prohibet
1628 737 1695 767 aut
1720 743 1909 780 apponere
1933 740 2001 769 etc.
2019 734 2039 754 *
2059 733 2231 770 Essentia
2251 734 2351 770 enim
2372 734 2493 771 cuius—

1433 783 1522 819 libet
1550 783 1603 820 rei
1631 785 1840 821 declaratur
1866 798 1935 833 per
1962 785 2085 834 aliqua
2114 794 2229 833 certa,
2258 787 2395 835 quibus
2422 800 2494 824 nec

1433 836 1574 873 addere
1603 845 1751 886 oportet
1780 850 1851 874 nec
1878 839 2045 875 subtrahi
2072 840 2103 875 ²²².
2134 839 2235 876 Nihil
2259 848 2386 877 autem
2405 853 2492 889 pro-

1433 890 1536 926 hibet
1563 890 1656 938 quin
1683 891 1742 927 ille
1770 891 1835 938 qui
1862 891 2032 940 procedit
2058 904 2127 940 per
2152 892 2256 929 viam
2286 893 2490 940 divisionis,

1434 950 1498 979 aut
1523 950 1691 992 apponat
1718 943 1859 992 aliquid
1887 956 2001 992 supra
2029 956 2073 981 ea
2102 957 2198 992 quae
2227 946 2417 983 sufficiunt
2444 947 2492 984 ad

1434 996 1714 1033 ostendendum
1742 997 1844 1044 quod
1869 998 1959 1044 quid
1984 1003 2055 1043 est,
2085 1006 2149 1034 aut
2181 999 2325 1036 auferat
2352 999 2492 1047 aliquid

1435 1060 1569 1085 eorum
1597 1061 1695 1097 quae
1725 1049 1773 1086 ad
1801 1050 1876 1085 hoc
1909 1057 1995 1086 sunt
2028 1051 2259 1098 necessaria,
2288 1060 2351 1089 aut
2380 1053 2492 1090 etiarn

1434 1101 1538 1149 quod
1567 1101 1870 1150 supergrediatur
1895 1104 1958 1139 vel
1987 1104 2142 1140 excellat
2159 1105 2179 1125 *
2198 1105 2398 1142 essentiam
2427 1106 2491 1152 rei,

1433 1161 1565 1202 utpote
1585 1155 1615 1191 si
1634 1155 1679 1191 sit
1708 1155 1949 1192 communius
1975 1154 2090 1204 quam
2109 1156 2190 1205 ipsa
2218 1170 2291 1204 res;
2318 1158 2423 1206 quod
2450 1159 2494 1196 fit

1434 1207 1528 1243 dum
1556 1208 1827 1244 subtrahuntur
1854 1208 2085 1245 differentiae
2108 1210 2272 1257 ultimae,
2292 1211 2428 1259 quibus
2448 1223 2494 1248 ea

1434 1272 1532 1308 quae
1561 1267 1647 1297 sunt
1680 1261 1900 1298 communia
1933 1263 2202 1299 contrahuntur
2228 1263 2258 1300 *.
2287 1264 2396 1301 Unde
2424 1277 2493 1312 per

1434 1313 1661 1351 divisionem
1695 1326 1775 1351 non
1801 1315 1983 1363 probatur
2011 1315 2238 1352 sufficienter
2265 1317 2369 1364 quod
2402 1317 2492 1366 quid

1434 1375 1499 1404 est.
1521 1368 1570 1404 Et
1588 1368 1662 1404 hoc
1692 1375 1748 1404 est
1775 1368 1881 1416 quod
1897 1369 1916 1389 *
1932 1368 2131 1415 concludit,
2153 1369 2257 1416 quod
2284 1370 2321 1406 in
2348 1370 2411 1407 via
2439 1370 2492 1408 di-

1431 1420 1588 1457 visionis
1621 1421 1969 1470 praetermittuntur
1995 1422 2208 1470 praedictae
2238 1423 2492 1470 conditiones;

1431 1481 1472 1510 ut
1499 1474 1638 1511 scilicet
1655 1474 1694 1511 id
1717 1474 1822 1522 quod
1851 1475 2097 1523 concluditur,
2117 1475 2359 1524 praedicetur,
2380 1476 2419 1513 in
2447 1489 2493 1514 eo

1431 1527 1537 1575 quod
1571 1527 1662 1576 quid
1693 1536 1767 1575 est,
1798 1535 1835 1564 et
1863 1529 1969 1577 quod
1996 1541 2067 1565 nec
2101 1528 2257 1565 excedat
2289 1541 2358 1566 nec
2388 1541 2494 1566 exce-

1432 1580 1552 1617 datur.

1483 1646 1520 1681 7.
1542 1633 1690 1670 Deinde
1711 1645 1798 1669 cum
1819 1633 1922 1670 dicit:
1948 1634 2140 1683 Contingit
2155 1640 2279 1670 autem
2298 1634 2442 1671 solvere
2455 1636 2493 1672 in

1430 1687 1644 1735 accipiendo
1666 1694 1746 1733 etc„
1759 1687 1920 1724 excludit
1934 1687 2143 1735 quamdam
2158 1687 2384 1724 solutionem
2401 1689 2432 1725 *.
2445 1689 2495 1725 Et

1431 1740 1567 1788 primo,
1591 1739 1771 1788 proponit
1798 1753 1902 1786 eam3
1923 1740 2104 1788 seeundo,
2135 1740 2333 1777 excludit*
2351 1741 2491 1789 ipsam;

1430 1793 1497 1830 ibi:
1519 1793 1592 1830 Sed
1612 1793 1854 1843 syllogismus
1878 1799 2000 1830 tamen
2018 1795 2037 1814 ’¹‘
2053 1802 2121 1831 etc.
2142 1794 2241 1831 Dicit
2256 1806 2345 1842 ergo
2364 1794 2490 1842 primo

1430 1847 1535 1894 quod
1564 1846 1742 1894 contingit
1769 1848 1917 1884 solvere
1947 1859 1991 1883 ea
2019 1859 2116 1895 quae
2145 1847 2292 1884 obiecta
2320 1855 2416 1893 sunt,
2447 1859 2492 1884 ex

1431 1912 1477 1936 eo
1506 1899 1520 1926 ζ
1548 1900 1654 1948 quod
1682 1900 1814 1948 aliquis
1847 1900 1945 1937 dicat
1972 1900 2075 1948 quod
2104 1900 2307 1937 dividendo
2337 1900 2493 1948 accipiat

1430 1953 1560 1990 omnia
1576 1965 1672 2002 quae
1687 1953 1952 2002 praedicantur
1966 1953 2003 1990 in
2023 1966 2069 1989 eo
2085 1953 2189 2001 quod
2204 1953 2294 2002 quid
2311 1961 2376 1999 est;
2393 1953 2493 1990 etita

1429 2019 1498 2055 per
1526 2006 1835 2055 consequentiam
1864 2007 1912 2044 ad
1939 2006 2164 2044 divisionem
2192 2007 2302 2043 faciat
2328 2006 2367 2042 id
2387 2006 2491 2054 quod

1430 2059 1554 2108 primo
1571 2060 1784 2106 intenditur,
1799 2068 1841 2097 ut
1859 2060 1998 2097 scilicet
2018 2060 2217 2096 constituat
2232 2059 2490 2096 definitionem

1431 2113 1704 2161 significantem
1725 2113 1826 2161 quod
1849 2114 1938 2161 quid
1963 2118 2026 2158 est,
2048 2120 2084 2149 et
2112 2113 2201 2149 nihil
2222 2113 2405 2161 relinquat
2429 2125 2491 2149 eo-

1432 2179 1516 2202 rum
1536 2179 1634 2214 quae
1655 2166 1893 2215 requiruntur
1920 2167 1967 2204 ad
1988 2166 2259 2203 definiendum.
2281 2167 2329 2202 Et
2348 2165 2378 2202 si
2396 2166 2491 2202 haec

1431 2219 1508 2256 duo
1538 2220 1657 2267 faciat,
1679 2219 1816 2256 scilicet
1841 2220 1946 2268 quod
1966 2220 2105 2266 omnia,
2136 2232 2232 2268 quae
2262 2219 2394 2268 accipit
2421 2231 2490 2267 per

1431 2273 1669 2320 divisionem,
1681 2273 1945 2322 praedicentur
1959 2273 1997 2310 in
2012 2286 2057 2309 eo
2074 2273 2177 2322 quod
2192 2272 2293 2321 quid,
2311 2281 2346 2309 et
2361 2271 2490 2308 omnia

1430 2326 1649 2363 huiusmodi
1673 2327 1809 2364 cadant
1835 2326 1873 2363 in
1903 2326 2098 2373 divisione,
2115 2326 2164 2363 ita
2191 2325 2295 2374 quod
2315 2326 2404 2362 nihil
2425 2325 2488 2361 de-

1431 2380 1486 2426 sit,
1505 2379 1760 2416 necessarium
1790 2387 1844 2416 est
1867 2380 1972 2428 quod
2000 2380 2067 2417 id*
2087 2379 2191 2428 quod
2220 2387 2275 2415 est
2293 2379 2488 2416 inventum

1426 2525 1481 2550 ciat
1496 2525 1525 2549 id
1543 2524 1900 2555 etc.—BCDEKMNOQST:
1921 2524 1992 2557 quod
2012 2524 2103 2556 primo
2122 2523 2284 2548 intenditur.-
2303 2531 2383 2556 quam
2402 2523 2489 2548 lectio-

1428 2568 1489 2585 nem
1509 2560 1701 2592 adoptavimus‚
1721 2565 1812 2593 utpote
1837 2568 1904 2592 quae
1923 2561 2004 2592 magis
2024 2559 2164 2584 conformis
2184 2560 2217 2584 sit
2235 2559 2311 2583 textui
2330 2559 2487 2589 Aristotelis,

1429 2592 1580 2629 αἰτούμενον
1595 2592 1625 2620 τὸ
1640 2596 1753 2628 πρῶτον,
1764 2596 1929 2627 postulatum
1939 2595 2039 2627 primo.
2054 2596 2166 2627 Antiqua
2179 2595 2264 2619 versio
2278 2594 2303 2618 in
2317 2594 2404 2618 Plana:
2423 2600 2490 2626 quae

1420 2632 1497 2664 fiunt
1510 2631 1605 2663 prius;
1629 2631 1675 2655 sed
1694 2636 1763 2655 recte
1786 2639 1808 2655 s.
1823 2630 1954 2655 Thomas:
1978 2630 2048 2663 quod
2067 2630 2157 2662 primo
2175 2630 2334 2658 intendam,-
2352 2629 2489 2655 Boethius:

1428 2666 1576 2699 quaesitum
1590 2666 1685 2698 prius,·
1698 2670 1723 2690 et
1741 2666 1775 2690 ita
1793 2670 1882 2690 noster
1896 2666 1975 2690 codex
1991 2666 2146 2698 Raffasinus.
2160 2665 2192 2689 P:
2213 2665 2325 2689 intendit
2330 2673 2339 2694 ‚·
2354 2664 2387 2688 F:
2401 2662 2489 2689 ostem

1429 2702 1583 2727 ditum-A:
1602 2701 1780 2734 definitionem
1799 2701 1994 2734 assignantem,·
2013 2701 2046 2725 E:
2067 2701 2142 2734 defin.
2158 2708 2215 2725 cum
2230 2700 2436 2733 significantem,·
2449 2699 2486 2724 0:

1429 2737 1507 2771 defin.
1517 2737 1719 2769 praedicantem
1735 2737 1761 2761 in
1776 2744 1806 2761 eo
1826 2737 1897 2769 quod
1909 2742 1990 2761 etc..-
2003 2736 2072 2766 FlQ:
2088 2736 2153 2760 nihil
2164 2736 2343 2767 relinquatur;
2357 2735 2393 2760 G:
2409 2735 2489 2760 relin-

1447 2773 1528 2797 uitur.

1428 2781 1444 2805 q
1482 2807 1510 2841 η)
1521 2807 1705 2833 Necessarium
1720 2810 1759 2832 est
1771 2807 1842 2839 quod
1856 2807 1884 2831 id
1893 2812 1966 2831 etc.—
1975 2807 2081 2831 Codd.—
2090 2806 2124 2830 P:
2139 2805 2313 2830 necessarium
2328 2808 2367 2830 est
2381 2805 2410 2830 id
2418 2804 2489 2837 quod

1429 2846 1468 2868 est
1487 2843 1620 2868 inventum
1640 2843 1675 2868 sit
1694 2843 1765 2875 quod
1783 2843 1838 2874 (F1:
1853 2842 1888 2867 sit
1902 2842 1930 2866 id
1944 2842 2023 2874 quod)
2040 2841 2103 2873 quid
2125 2844 2180 2869 est;
2198 2841 2236 2864 M:
2256 2840 2430 2864 necessarium
2449 2842 2488 2864 est

1430 2879 1500 2910 quod
1514 2879 1543 2903 id
1557 2879 1628 2910 quod
1641 2881 1680 2903 est
1695 2879 1719 2902 in
1734 2885 1763 2902 eo
1777 2878 1848 2909 quod
1861 2877 1925 2909 quid
1938 2880 1977 2902 est
1992 2877 2124 2901 inventum
2137 2877 2172 2901 sit
2186 2876 2256 2908 quod
2270 2875 2334 2907 quid
2347 2878 2413 2899 est.·-
2422 2874 2488 2899 Infra

1430 2922 1451 2938 s.
1461 2914 1578 2938 Thomas
1592 2914 1679 2938 habet:
1696 2914 1768 2937 nullo
1783 2913 1915 2940 derelicto,
1931 2912 1983 2936 iam
1999 2912 2028 2936 id
2041 2917 2088 2936 etc.
2103 2912 2158 2936 Iam
2174 2911 2277 2943 ponitur
2289 2918 2304 2934 a
2314 2918 2335 2935 s.
2346 2910 2448 2934 Thoma
2457 2917 2488 2934 ex

1429 2954 1499 2974 textu
1522 2957 1614 2981 graeco
1638 2946 1700 2979 ἦδη;
1719 2956 1786 2980 quae
1801 2948 1875 2972 lectio
1888 2947 2011 2980 probatur
2027 2947 2179 2971 Casaubono
2196 2946 2276 2977 (Opp.
2286 2946 2371 2974 Arist„
2382 2945 2458 2969 Tom.
2469 2945 2486 2974 Ι,

1429 2993 1486 3017 pag.
1505 2984 1589 3008 132-
1602 2985 1721 3008 Aureliae
1739 2983 1910 3013 Allobrogum
1928 2981 2005 3014 1605)
2025 2987 2050 3006 et
2063 2981 2217 3010 Du—-Vallio‚
2233 2981 2283 3012 Op.
2299 2981 2339 3004 cit.
2354 2987 2412 3012 pag.
2428 2978 2486 3004 236.

1430 3020 1555 3044 Eamdem
1571 3020 1706 3043 lectionem
1722 3018 1826 3051 praebet
1841 3018 1940 3047 Pacius,
1959 3017 2031 3042 cuius
2045 3017 2130 3041 versio
2144 3015 2283 3049 generatim
2302 3015 2435 3039 adhibetur
2455 3014 2486 3039 ab

1429 3054 1500 3079 hisce
1510 3054 1675 3079 Auctoribus.
1683 3055 1779 3078 Verum
1795 3054 1820 3077 in
1834 3053 1882 3077 alia
1896 3053 2075 3085 Opp.Aristot.
2091 3052 2130 3076 ed.
2138 3052 2255 3076 Aureliae
2269 3050 2401 3079 Allobrog.
2413 3048 2486 3082 1607,

1429 3098 1489 3114 cum
1509 3089 1668 3114 Praefatione
1688 3089 1803 3113 eiusdem
1823 3088 1888 3112 Pacii
1908 3087 1959 3121 (cui
1978 3087 2084 3119 proinde
2104 3095 2134 3111 ex
2152 3086 2333 3111 inadvertentia
2352 3085 2486 3109 tribuimus

1429 3125 1454 3149 in
1478 3125 1691 3157 praecedentibus
1717 3124 1864 3148 versionem
1887 3124 2024 3151 adnexam,
2049 3129 2114 3154 quae
2138 3127 2176 3146 est
2194 3121 2289 3145 Nicolai
2313 3120 2431 3150 Gruchii,
2450 3120 2487 3144 uti

2522 422 2533 433 ⁸
2538 428 2641 450 Autronio,
2648 431 2653 445 t
2659 429 2736 451 prae-

2522 448 2624 471 dicatur.

2520 644 2530 652 “’
2547 642 2582 664 Cf.
2593 643 2645 665 lect.
2656 649 2732 670 praec.

2520 676 2569 694 not.
2583 670 2605 700 ζ.

2521 749 2528 757 ·
2541 747 2628 769 Codd.-
2637 755 2656 769 P:
2666 748 2733 776 Quae

2520 774 2575 795 talis
2586 776 2628 796 est.
2643 774 2731 796 Essen-

2519 801 2553 821 tia
2568 801 2635 822 enim.

2519 854 2528 863 '¹
2543 859 2551 874 1
2559 860 2564 875 ε
2580 853 2697 876 ami-ahi.

2519 1116 2530 1127 ⁶
2541 1122 2582 1138 ao:
2598 1116 2702 1138 excedat.

2519 1280 2527 1288 '
2541 1285 2729 1305 nocuerint-uoq:

2519 1305 2695 1327 subtrahuntur.
2718 1313 2730 1328 s

2519 1331 2572 1352 hab.
2587 1332 2630 1353 lac.

2519 1383 2590 1431 LlEst
2600 1385 2664 1412 quod
2681 1391 2730 1408 om.

2519 1700 2545 1721 'r
2555 1706 2638 1722 erron.:
2645 1701 2731 1723 conclu·

2519 1726 2616 1748 sionem.
2632 1727 2667 1749 cf.
2677 1734 2700 1749 n.
2712 1734 2730 1750 1.

2518 1759 2530 1770 ⁸
2552 1759 2647 1781 Codd.-
2660 1767 2672 1781 Ρ
2693 1767 2729 1782 er-

2519 1791 2581 1807 ron.:
2592 1786 2715 1808 concludit.

2519 1812 2528 1821 ·
2542 1812 2613 1834 Num.
2628 1819 2677 1840 seq.

2615 1915 2631 1945 ζ

1429 3164 1549 3184 monetur
1568 3159 1593 3183 in
1620 3159 1725 3191 Indice)
1744 3159 1864 3191 recipitur
1887 3158 1961 3182 lectio
1980 3155 2052 3187 εῗδει,
2076 3165 2142 3189 quae
2166 3161 2205 3181 est
2230 3157 2306 3180 etiam
2324 3156 2390 3179 Edit.
2409 3154 2486 3179 Basil.
2532 3153 2536 3159 “

1428 3203 1486 3227 pag.
1500 3194 1546 3223 8ο,
1562 3195 1605 3219 lin.
1621 3194 1661 3227 39.
1682 3194 1814 3218 Praeterea
1833 3194 1858 3217 in
1877 3194 1994 3217 versione
2014 3192 2111 3216 Boethii
2131 3197 2155 3216 et
2174 3196 2262 3215 nostra
2274 3191 2375 3222 ponitur
2393 3190 2485 3222 specie.

1428 3230 1491 3254 Item
1511 3229 1594 3253 Waitz
1615 3230 1672 3253 loco
1690 3226 1736 3259 ἤδη
1757 3229 1833 3252 habet
1847 3225 1905 3252 ε’ἷδει
1920 3228 2045 3259 (specie),
2060 3232 2136 3259 atque
2149 3227 2173 3251 in
2191 3227 2334 3251 Comment.
2349 3226 2395 3249 ait:
2412 3235 2425 3247 ‹
2437 3225 2487 3249 Le-

1431 3275 1443 3286 »
1460 3265 1571 3288 ctionem
1591 3260 1662 3294 ε’ἷόει,
1683 3271 1761 3296 quam
1787 3264 1862 3287 etiam
1886 3263 2035 3287 Brandisius
2055 3263 2096 3294 (in
2115 3262 2156 3286 ed.
2177 3262 2285 3286 Boruss.
2304 3261 2404 3285 Foster.
2425 3260 2486 3284 reti-

1431 3308 1444 3321 2·
1460 3303 1537 3324 netur
1555 3296 1614 3331 ἤδη)
1638 3299 1755 3330 probavit
1774 3299 1799 3322 in
1818 3298 1912 3322 Variet.
1932 3298 1991 3322 lect.
2003 3298 2122 3327 Ariston,
2146 3304 2228 3329 quum
2250 3293 2296 3327 ἤδη
2316 3296 2412 3320 alienae
2431 3303 2487 3319 cor-

1430 3344 1443 3357 »
1459 3335 1578 3359 rectionis
1598 3334 1711 3366 speciem
1730 3333 1835 3363 habeat,
1856 3333 1954 3357 Boethii
1974 3338 1998 3357 et
2016 3338 2065 3357 vet.
2085 3333 2159 3363 intp.,
2179 3331 2250 3356 cuius
2276 3331 2355 3355 codex
2375 3330 2485 3355 Gothan.

1430 3379 1443 3392 »
1459 3375 1527 3394 certe
1545 3374 1628 3393 totum
1648 3369 1734 3392 locum
1753 3369 1832 3392 talem
1858 3367 1959 3392 exhibet
1977 3368 2080 3400 qualem
2100 3375 2147 3391 nos
2167 3367 2293 3396 dedimus,
2312 3366 2487 3390 auctoritatem

1430 3414 1442 3427 »
1458 3404 1538 3429 secuti
1557 3403 1724 3436 praetulimus
1737 3413 1749 3425 i·
1771 3403 1829 3434 (Ed.
1844 3403 1893 3432 cit„
1908 3411 1965 3435 pag.
1982 3402 2053 3432 388).
2071 3402 2228 3434 Philoponus
2247 3401 2286 3425 bis
2301 3401 2402 3425 adducit
2419 3401 2487 3425 hunc

1428 3440 1573 3464 Aristotelis
1593 3444 1698 3468 textum,
1718 3443 1743 3462 et
1761 3438 1800 3462 bis
1819 3438 1913 3462 omittit
1931 3443 1986 3462 tum
2004 3434 2058 3469 ἤδη,
2078 3442 2132 3461 tum
2156 3434 2228 3461 ε’ἱδειι
2248 3433 2346 3470 ἄτομον
2365 3434 2428 3469 γὰρ,
2447 3436 2487 3460 in-

1428 3475 1493 3507 quit,
1507 3473 1546 3498 δεῖ
1558 3467 1622 3498 εἶναι
1638 3474 1696 3505 (Ed.
1709 3473 1759 3503 cit.,
1769 3481 1827 3505 pag.
1844 3472 1948 3504 203—4).
1961 3473 2114 3504 Anonymus
2128 3472 2187 3503 (Ed.
2202 3472 2251 3501 cit„
2262 3479 2319 3504 pag.
2334 3470 2394 3503 263)
2410 3471 2487 3495 habet

1427 3507 1484 3541 ἤδη.
1504 3511 1532 3533 Β.
1547 3510 1669 3533 Albertus
1688 3509 1772 3540 Magn.
1792 3513 1932 3539 utrumque
1956 3508 2040 3539 ponit:
2062 3517 2073 3529 ‹
2086 3507 2113 3531 Id
2132 3508 2156 3531 in
2177 3515 2229 3539 quo
2248 3507 2339 3531 ultimo
2358 3511 2407 3531 stat
2428 3506 2488 3537 (di-

1431 3556 1443 3568 ,
1460 3545 1555 3576 visio),
1576 3545 1626 3568 iam
1646 3549 1746 3576 oportet
1765 3551 1823 3567 esse
1842 3543 1998 3567 individuum
2018 3543 2072 3566 sive
2091 3542 2242 3566 indivisibile
2260 3542 2354 3574 specie,
2371 3542 2420 3566 hoc
2439 3547 2487 3572 est,

1430 3591 1442 3603 s
1459 3580 1602 3604 secundum
1621 3579 1747 3608 formam,
1767 3579 1837 3611 quod
1862 3578 2001 3602 formaliter
2018 3577 2125 3602 ulterius
2145 3585 2196 3601 non
2215 3578 2297 3609 possit
2315 3577 2391 3602 dividi
2409 3587 2422 3599 »
2443 3577 2488 3608 (ln

1428 3616 1448 3640 ll
1462 3616 1574 3646 Foster„
1587 3614 1673 3639 Tract.
1687 3614 1722 3645 11,
1743 3621 1799 3646 cap.
1813 3621 1855 3643 111,
1875 3621 1932 3646 pag.
1948 3611 2008 3644 620,
2023 3613 2072 3638 col.
2086 3612 2118 3646 ι).
2137 3613 2171 3638 Ut
2189 3618 2218 3637 ut
2235 3620 2277 3637 res
2296 3613 2342 3642 sit,
2362 3613 2387 3637 id
2405 3619 2488 3636 unum
