2788 4204
200 343 215 372 ζ

104 396 116 407 ¹⁵
130 401 190 419 AuQ:
211 394 287 421 requi-

102 423 195 442 runtur.

104 453 116 463 ¹*
131 451 204 473 Codd.
215 463 224 467 -
234 457 259 472 γε
271 456 315 478 po—

105 478 146 499 nit.

107 505 117 515 ⁸
132 504 202 525 Num.
217 510 266 530 seq.

107 611 114 617 ”
131 614 242 629 cntoosr:
258 613 313 628 con-

105 636 196 659 struat,·
215 640 247 655 ι-Ίι
276 640 314 654 co-

103 662 212 699 gnoscat.

116 688 127 698 ⁸
149 687 185 708 Cf.
203 687 211 707 1
227 686 313 712 Perrh„

105 715 155 735 lect.
168 720 198 737 iv,
210 719 232 733 n.
241 719 260 734 2.

105 741 114 751 *⁸
125 740 198 761 Codd.
206 751 215 755 -
225 746 244 760 r:
253 745 314 766 quae

103 767 181 793 primo
196 766 269 793 accip.

103 829 113 839 δ
124 828 159 848 Cf.
168 802 219 848 lecii.
228 832 311 854 praec..

103 860 125 875 n.
137 860 155 881 5.

103 929 113 939 ·
129 928 164 949 ef.
174 928 212 954 ib„
229 933 250 948 n.
262 927 284 948 6.

101 1137 107 1144 “
126 1134 182 1155 Tria
194 1140 241 1155 om.
251 1140 278 1155 121.

99 1188 108 1197 ⁸
124 1188 193 1209 Num.
209 1194 240 1208 to.

97 1404 103 1411 ·
115 1402 303 1428 Codd.,exc.oQ.-

96 1435 120 1450 p:
141 1429 282 1450 observetur.
293 1442 303 1445 -

96 1455 169 1476 Codd.
180 1462 227 1477 om.
238 1462 303 1483 prae-

95 1482 143 1502 ced.
160 1484 202 1502 est.

94 1509 134 1529 Ἀι
143 1508 246 1535 aliquod,
255 1515 303 1529 om.

94 1534 133 1555 ad.
148 1546 158 1550 -
174 1541 197 1556 r:
209 1535 302 1562 proble-

95 1563 167 1582 mam.

92 1587 103 1598 ¹*
119 1587 153 1608 Cf.
168 1587 188 1608 ΙΙ
205 1588 302 1615 Topico-

92 1619 149 1635 rum.

92 1671 103 1681 '⁴
123 1677 165 1692 Au:
190 1677 217 1692 ea
243 1678 304 1699 quae

92 1696 248 1724 disputantur.

92 1724 112 1733 '⁸
121 1724 207 1746 Codd.-
217 1732 220 1744 ι
230 1730 301 1752 :pro-

90 1749 197 1771 blemata.
212 1762 221 1766 -
236 1757 262 1772 Νι
278 1751 301 1772 in

88 1782 172 1824 fizncf.
188 1803 219 1824 ιν
231 1804 300 1831 Topi-

90 1835 174 1851 corum.

88 1932 97 1942 ⁸
111 1938 138 1952 A:
155 1933 196 1952 est.

87 1988 97 1997 ⁸
107 1987 189 2013 codd.,
198 1994 298 2010 exeun.-

88 2020 113 2034 p:
123 2014 208 2041 aliquis
218 2014 284 2036 homo
291 2022 299 2039 ,-

90 2046 118 2060 εκ
133 2040 184 2061 hab.
196 2041 238 2061 lac.
254 2053 264 2057 -
281 2048 298 2066 Q

90 2073 137 2087 om.
148 2067 233 2094 primo.

88 2199 98 2208 ⁴
108 2199 175 2225 Quod
184 2206 211 2220 ex
219 2200 296 2227 codd.,

88 2231 137 2246 exc.
152 2232 173 2247 n.

88 2305 183 2327 ‘met

183 2355 196 2380 0

87 2625 228 2645 *ADEFILMNS
242 2628 294 2652 etp.

86 2657 117 2672 m.
127 2657 154 2672 x:
170 2653 193 2672 et
206 2657 267 2678 resp.

83 2732 94 2742 ¹*
108 2730 172 2751 ldest
191 2737 238 2752 om.
252 2737 272 2752 A.
285 2743 295 2747 -

87 2757 123 2779 Cf.
134 2758 183 2779 lect.
195 2764 256 2784 x1‚n.
265 2764 285 2779 2.

85 2812 132 2833 *AN
143 2818 189 2833 om.
200 2813 255 2834 ila.-
263 2818 293 2833 nn

86 2844 134 2860 om.
147 2839 222 2860 etiam.

344 255 416 291 382

342 332 582 381 requiruntur
610 330 623 356 ζ
651 330 699 366 ad
729 327 932 365 divisiones
961 321 1209 380 definiti,·hic
1238 319 1401 356 ostendit

343 398 440 435 quae
475 383 686 421 secundum
720 381 772 418 rei
800 380 996 416 veritatem
1031 381 1269 424 requlrantur
1291 374 1322 409 ²³.
1355 373 1401 430 Et

341 439 484 488 primo,
505 436 683 485 proponit
704 437 723 455 '³‘
742 433 846 482 quod
866 430 1037 474 intendit3
1068 427 1249 472 secundo,
1279 437 1400 462 mani-

342 493 449 528 festat
466 489 724 539 propositum;
753 486 819 522 ibi:
847 486 917 520 Est
933 489 1056 520 autem
1076 483 1211 518 horum
1233 491 1349 516 unum
1367 479 1397 514 *.

341 544 440 581 Dicit
459 555 547 590 ergo
566 542 690 590 primo
705 539 809 588 quod
825 538 872 574 ad
894 538 967 573 hoc
987 535 1091 584 quod
1111 533 1243 581 aliquis
1264 540 1400 591 consti-

341 605 420 634 tuat
439 598 458 618 '¹‘
487 595 700 638 terminum,
731 592 826 628 idest
854 589 1115 627 definitionem
1132 588 1186 633 *ἦ
1206 599 1276 635 per
1293 597 1398 644 viam

342 649 545 694 divisionis,
575 647 643 683 tria
671 651 820 693 oportet
848 642 1105 679 considerare:
1136 651 1301 698 quorum
1325 651 1398 687 pri-

341 716 448 739 mum
478 708 547 747 est,
566 708 608 736 ut
636 711 680 735 ea
710 709 807 746 quae
832 695 1065 744 accipiuntur
1083 695 1113 738 ³³,
1133 693 1399 742 praedicentur

340 756 378 792 in
403 768 448 791 eo
468 753 567 802 quod
583 751 673 800 quid
690 756 758 795 est;
782 749 993 785 secundum
1015 755 1069 784 est
1086 752 1111 791 η,
1133 754 1175 783 ut
1203 746 1398 782 ordinetur

339 808 429 857 quid
458 807 502 843 sit
519 805 685 854 primum
707 811 742 839 et
761 802 852 850 quid
871 801 1081 838 secundum
1099 801 1136 845 *ς
1158 799 1308 835 tertium
1329 807 1395 846 est,

339 861 442 909 quod
469 858 699 906 accipiantur
727 855 856 891 omnia
884 867 982 903 quae
1010 853 1197 902 pertinent
1222 852 1270 889 ad
1291 853 1396 901 quod

338 913 429 962 quid
457 919 528 958 est,
558 918 594 946 et
621 909 710 946 nihil
741 920 875 944 eorum
903 906 1220 956 praetermittatur
1241 907 1271 942 ³³.

390 978 425 1013 7.
437 963 584 1001 Deinde
601 975 687 999 cum
704 962 807 998 dicit:
819 963 889 997 Est
900 967 1024 997 autem
1034 961 1169 996 horum
1182 971 1299 995 unum
1310 966 1394 1005 etc.,

335 1018 547 1055 manifestat
572 1015 821 1064 propositum.
853 1016 902 1051 Et
931 1014 1079 1063 primo,
1110 1012 1273 1049 ostendit
1301 1024 1395 1060 quo-

335 1071 453 1108 modo
473 1070 541 1107 tria
564 1068 755 1118 praedicta
782 1075 943 1116 possunt
970 1066 1181 1111 observari;
1210 1067 1394 1113 secundo,

335 1123 496 1161 ostendit
515 1122 619 1171 quod
638 1121 828 1170 praedicta
847 1121 915 1157 tria
928 1123 947 1142 ⁴²·
968 1121 1170 1157 observata
1190 1119 1394 1164 sufficiant;

333 1177 400 1214 ibi:
421 1177 667 1225 Manifestum
688 1180 741 1211 est
757 1180 881 1211 autem
895 1173 994 1210 ξ*εἰη
1013 1173 1123 1210 Circa
1136 1172 1306 1222 primum
1326 1173 1395 1210 tria

333 1230 428 1267 facit.
441 1229 570 1266 Primo
586 1228 748 1277 ostendit
762 1228 961 1276 quomodo
979 1227 1203 1264 observetur
1211 1226 1393 1275 primurn:

331 1291 369 1320 et
397 1283 484 1320 dicit
515 1283 618 1331 quod
650 1293 770 1318 unum
803 1281 942 1317 horum
973 1281 1138 1327 (scilicet
1165 1280 1270 1329 quod
1299 1280 1394 1317 acci-

330 1336 480 1385 piantur
515 1348 558 1372 ea
592 1347 689 1384 quae
723 1334 988 1383 praedicantur
1021 1334 1059 1371 in
1093 1346 1139 1370 eo
1173 1334 1276 1382 quod
1305 1334 1397 1382 quid

331 1392 399 1435 est)
434 1389 656 1426 observatur
681 1389 717 1435 ³³⁶,
746 1388 871 1436 primo
901 1387 1058 1436 quidem
1088 1399 1157 1435 per
1183 1387 1259 1423 hoc
1288 1387 1393 1435 quod

330 1443 448 1479 homo
468 1449 591 1491 potest
609 1442 788 1478 inducere
817 1440 1057 1489 syllogismos
1087 1439 1192 1488 quod
1219 1439 1259 1476 id
1287 1441 1392 1489 quod

331 1496 532 1532 assumitur
564 1495 664 1541 insit,
704 1494 798 1531 sicut
826 1507 915 1531 cum
945 1494 1155 1542 disputatur
1183 1493 1231 1530 ad
1257 1494 1276 1514 ²³*
1303 1506 1391 1542 pro-

331 1549 456 1586 blema
493 1549 540 1586 de
577 1548 768 1585 accidente
797 1549 835 1593 *3
871 1548 1059 1594 secundo,
1093 1554 1134 1583 ut
1171 1547 1393 1584 ostendatur

330 1602 434 1650 quod
451 1601 688 1650 praedicatur
706 1601 744 1637 in
765 1613 811 1637 eo
833 1601 936 1649 quod
961 1600 1065 1649 quid,
1090 1612 1160 1649 per
1179 1612 1224 1636 ea
1252 1600 1391 1649 quibus

330 1655 538 1703 disputatur
563 1655 582 1675 *
609 1655 657 1692 ad
684 1655 885 1703 problema
904 1655 946 1675 ²¹⁸*
976 1654 1023 1691 de
1052 1665 1190 1701 genere
1212 1654 1290 1691 κῃ.

383 1710 416 1745 8.
431 1707 619 1758 Secundo,
632 1708 694 1744 ibi:
709 1708 895 1745 Ordinare
908 1713 1033 1744 autem
1043 1708 1139 1744 sicut
1147 1712 1291 1755 oportet
1305 1714 1389 1754 etc.,

329 1761 540 1798 manifestat
555 1761 753 1809 quomodo
770 1762 995 1798 observetur
1009 1760 1234 1807 secundum,
1251 1760 1391 1798 scilicet

329 1814 452 1851 debita
481 1814 666 1851 ordinatio
694 1814 875 1863 partium;
906 1822 942 1851 et
971 1814 1058 1851 dicit
1087 1814 1191 1863 quod
1211 1821 1302 1851 tunc
1330 1827 1390 1851 or-

328 1867 502 1904 dinantur
518 1876 644 1916 partes
664 1867 893 1904 definitionis
908 1868 1003 1904 sicut
1022 1875 1183 1916 oportet,
1204 1867 1234 1904 si
1255 1868 1390 1917 aliquis

325 1921 449 1969 primo
470 1921 627 1969 accipiat
645 1921 683 1958 id
703 1921 807 1970 quod
837 1929 892 1958 est
909 1921 1097 1970 primum;
1119 1930 1155 1959 et
1179 1922 1255 1958 hoc
1284 1921 1352 1958 erit
1370 1922 1390 1943 *

326 1974 356 2011 si
389 1974 521 2022 aliquis
553 1975 572 1995 '¹‘
600 1974 725 2023 primo
755 1974 912 2023 accipiat
944 1975 982 2012 id
1011 1975 1117 2024 quod
1146 1975 1390 2024 consequitur

326 2027 374 2064 ad
407 2028 478 2064 alia
511 2028 698 2076 posterius
735 2036 907 2077 accepta,
938 2036 974 2065 et
1010 2041 1089 2065 non
1127 2042 1148 2066 e
1184 2041 1385 2066 converso,

326 2082 411 2117 Hoc
440 2081 540 2117 enim
570 2089 626 2118 est
654 2082 896 2118 communius
926 2089 962 2118 et
984 2082 1100 2130 prius.
1131 2083 1303 2119 Necesse
1332 2090 1388 2120 est

324 2141 451 2170 autem
472 2134 612 2183 aliquid
631 2134 850 2172 huiusmodi
871 2135 989 2184 accipi
1008 2135 1047 2172 in
1067 2135 1287 2172 definitione
1307 2143 1387 2173 tan-

324 2200 439 2236 quam
467 2200 596 2235 genus,
622 2195 712 2236 puta
741 2201 828 2225 cum
856 2188 990 2226 dicitur
1015 2190 1120 2238 quod
1140 2190 1160 2210 *
1180 2190 1300 2226 homo
1330 2197 1387 2227 est

323 2241 461 2277 animal
475 2241 666 2288 gressibile
681 2242 798 2291 bipes.
813 2242 851 2279 Si
867 2242 969 2278 enim
986 2250 1042 2279 est
1055 2242 1250 2290 gressibile
1266 2243 1386 2292 bipes,

323 2301 378 2330 est
406 2294 556 2341 animal,
577 2295 644 2331 sed
665 2296 684 2316 '³‘
703 2308 782 2332 non
802 2308 822 2332 e
843 2308 1043 2333 converso.
1071 2297 1172 2333 Cum
1193 2308 1283 2344 ergo
1309 2296 1386 2334 iam

323 2347 580 2396 acceperimus
600 2348 738 2385 animal
753 2346 766 2369 θ
780 2357 961 2398 tanquam
980 2349 1162 2398 primum,
1179 2349 1282 2387 idem
1302 2362 1385 2387 mo-

324 2401 394 2437 dus
422 2401 684 2439 observandus
719 2410 775 2439 est
808 2403 846 2440 in
875 2403 1112 2440 ordinatione
1149 2403 1383 2441 inferiorum.

323 2453 537 2502 Accipietur
570 2455 670 2492 enim
703 2456 810 2504 quasi
843 2456 1055 2493 secundum
1090 2457 1128 2493 in
1163 2457 1384 2495 definitione

322 2507 413 2543 illud
442 2507 546 2556 quod
574 2509 784 2546 secundum
820 2509 1006 2546 rationem
1034 2510 1286 2558 praemissam
1316 2511 1386 2548 erit

322 2560 489 2608 primum
518 2561 613 2598 inter
636 2561 765 2598 omnia
793 2562 1006 2611 sequentia;
1037 2571 1073 2600 et
1093 2563 1262 2601 similiter
1290 2565 1385 2602 acci-

322 2613 446 2661 pietur
476 2614 626 2651 tertium
660 2615 699 2652 id
734 2616 837 2664 quod
873 2624 929 2653 est
960 2616 1129 2664 primum
1168 2625 1342 2666 respectu
1362 2619 1382 2638 ⁶

321 2667 553 2714 habitorum,
584 2668 678 2705 idest
712 2669 1040 2718 consequentium.
1077 2671 1239 2719 Semper
1267 2671 1382 2716 enim,

322 2727 468 2769 remoto
494 2721 693 2770 superiori,
723 2722 813 2764 illud
842 2723 947 2772 quod
968 2730 1024 2759 est
1042 2723 1227 2771 habitum,
1248 2723 1344 2761 idest
1366 2724 1386 2745 *

321 2773 538 2811 immediate
559 2787 808 2824 consequens,
826 2776 894 2813 erit
912 2775 1081 2825 primum
1101 2776 1276 2813 omnium
1292 2777 1382 2814 alio-

321 2837 416 2863 rum.
447 2828 496 2864 Et
522 2827 571 2864 ita
589 2829 609 2849 ’¹‘
638 2836 693 2865 est
712 2829 826 2866 etiam
850 2829 888 2866 in
909 2829 1088 2866 omnibus
1108 2829 1206 2876 aliis,
1235 2838 1327 2878 puta
1346 2830 1383 2867 in

371 2961 395 2993 ζ)
409 2961 483 2991 Quae
501 2969 553 2986 non
567 2962 741 2994 requiruntur
754 2967 832 2987 etc.-
841 2963 932 2993 codd.,
942 2970 996 2988 exc.
1010 2963 1046 2988 B:
1059 2970 1127 2995 quae
1141 2971 1193 2988 non
1208 2964 1385 2996 requiruntur

320 2995 373 3029 (G,
392 2997 603 3032 consequuntur)
620 3005 671 3029 per
689 2997 831 3023 divisiones
850 2998 986 3031 definienti
1005 2996 1084 3031 (GN,
1103 2999 1219 3031 definiti,·
1238 3000 1271 3031 Η,
1291 3000 1383 3033 defini-

319 3031 410 3066 tioni).
430 3033 500 3057 Haec
519 3033 594 3057 lectio
613 3033 699 3065 quoad
713 3040 820 3058 sensum
839 3033 932 3058 melior
944 3034 1021 3058 Pinna
1035 3034 1144 3059 videtur.
1158 3035 1194 3059 B:
1209 3042 1262 3067 per
1275 3035 1383 3060 divisio-

319 3074 375 3092 nem
396 3068 422 3092 in
442 3068 601 3101 definitione.

370 3102 397 3134 η)
418 3103 568 3128 Secundum
587 3106 627 3128 est
645 3107 694 3128 etc.
706 3117 725 3122 —
739 3104 810 3128 Haec
829 3103 904 3128 lectio
923 3104 998 3128 codd.
1017 3105 1116 3135 BHOQ
1135 3111 1260 3130 consonat
1278 3114 1382 3138 praece-

318 3138 451 3167 dentibus,
467 3146 578 3171 quorum
588 3138 708 3170 primum
727 3142 774 3169 est,
789 3144 814 3163 et
826 3139 1008 3171 sequentibus,
1028 3141 1136 3165 tertium
1151 3144 1198 3166 est.
1213 3142 1236 3166 G
1251 3141 1309 3166 hab.
1325 3143 1381 3171 lac.;

318 3173 350 3197 F:
362 3174 409 3198 sed
424 3172 558 3206 (corrupte
571 3182 619 3207 pro
632 3173 792 3208 secundum)
809 3178 838 3199 ut
857 3175 926 3203 ord.;
945 3175 986 3199 alii
1000 3176 1084 3200 codd.:
1098 3177 1240 3201 secundum
1261 3180 1290 3202 ut
1308 3178 1381 3202 ordi-

319 3211 411 3237 nem-,-
425 3209 457 3233 P:
471 3209 588 3234 secundo
601 3213 631 3234 ut
643 3210 811 3234 ordinetur.—
818 3210 859 3234 BF
862 3210 883 3234 1:
898 3214 924 3235 et
938 3210 1003 3243 quid
1015 3211 1051 3235 sit
1064 3212 1221 3241 secundum;
1236 3213 1266 3237 N.
1280 3221 1333 3238 om.
1346 3216 1381 3238 et.

371 3242 394 3275 ὓ)
417 3245 481 3269 Cum
501 3251 565 3277 ergo
585 3245 638 3269 iam
657 3245 835 3277 acceperimus
854 3245 955 3270 animal
974 3251 1021 3270 etc.
1034 3261 1055 3266 —
1067 3247 1123 3272 FGl
1141 3255 1194 3272 om.
1213 3247 1275 3273 iam.
1292 3262 1312 3268 -—
1331 3248 1381 3274 Pro

318 3279 424 3309 animal,
444 3280 515 3312 quod
530 3280 550 3304 C
564 3288 626 3311 om„
639 3280 802 3310 AFLMNQS
816 3286 841 3305 et
855 3289 876 3306 s-
890 3289 926 3306 m.
940 3281 962 3305 D
981 3281 1076 3307 habent
1093 3283 1195 3316 aliquid
1200 3291 1210 3314 ‚·
1225 3283 1260 3308 E:
1279 3284 1382 3317 aliquid

318 3313 467 3340 huiusmodi
473 3323 483 3345 ,·
501 3315 525 3340 1:
543 3316 607 3346 AB3
625 3317 661 3342 K:
679 3316 727 3341 ab:
746 3324 824 3348 supra
841 3317 875 3341 ab
899 3317 1018 3341 scribitur
1035 3318 1149 3348 animal,
1173 3324 1198 3344 et
1217 3326 1296 3352 supra
1314 3319 1380 3352 hoc,

916 242 1298 284 POSTERIORUM
1326 237 1755 276 ANALYTICORUM
1784 236 1878 272 LlB.
1910 236 1942 271 11

1456 323 1590 365 quarto
1618 323 1655 352 et
1677 316 1716 352 in
1735 316 1754 336 '2
1783 314 1927 364 quinto,
1949 313 1979 350 si
2003 321 2058 350 tot
2077 320 2252 361 oporteat
2278 321 2406 362 partes
2435 315 2528 353 defi-

1456 369 1607 406 nitionis
1637 381 1731 405 esse.

1509 435 1545 470 9.
1564 422 1708 467 Tertio,
1725 421 1793 458 ibi:
1819 420 1929 462 Quod
1946 425 2071 456 autem
2091 420 2185 455 haec
2204 419 2332 456 omnia
2350 421 2425 458 sint
2442 430 2525 470 etc.,

1454 475 1679 521 manifestat,
1711 474 1870 523 qualiter
1901 473 2022 522 possit
2053 472 2205 509 tertium
2239 474 2448 512 observari.
2478 477 2528 512 Et

1454 529 1542 565 dicit
1566 529 1671 577 quod
1700 527 1945 564 manifestum
1972 526 2041 563 erit
2059 527 2190 563 omnia
2215 539 2314 575 quae
2337 528 2527 576 pertinent

1453 582 1502 618 ad
1531 582 1632 630 quod
1658 581 1749 629 quid
1775 586 1830 617 est
1855 579 1974 628 accipi
2003 580 2042 616 in
2067 580 2289 617 definitione
2310 582 2524 619 secundum

1453 636 1615 671 modum
1646 646 1762 682 supra
1783 635 1802 654 ’¹‘
1832 634 1988 680 dictum,
2009 645 2055 669 ex
2083 634 2158 669 hoc
2186 634 2326 671 scilicet
2347 636 2388 656 *³²
2419 636 2525 684 quod

1454 688 1662 724 dividendo
1683 687 1838 736 aliquod
1866 699 1987 734 genus
2015 686 2223 735 accipimus
2243 688 2386 737 primas
2406 690 2487 726 eius
2505 690 2525 711 *

1453 741 1695 787 differentias,
1713 742 1783 777 sub
1805 741 1943 789 quibus
1964 739 2130 778 divisum
2150 739 2414 782 universaliter
2434 756 2523 780 con-

1451 795 1610 840 tinetur;
1646 794 1742 831 sicut
1767 794 1874 843 quod
1905 794 1924 814 *
1951 806 2070 831 omne
2098 794 2239 831 animal
2269 804 2325 832 est
2351 797 2427 833 hoc
2460 798 2523 834 vel

1451 848 1553 894 illud,
1574 855 1666 896 puta
1682 848 1863 884 rationale
1887 848 1949 884 vel
1974 847 2201 894 irrationale,
2219 856 2255 885 et
2278 849 2487 898 accipimus
2503 852 2523 872 ²¹²

1451 902 1558 950 quod
1576 902 1668 938 illud
1685 903 1704 923 ’²‘
1724 902 1830 950 quod
1849 901 2082 939 intendimus
2103 901 2275 949 definire,
2302 910 2358 940 est
2373 904 2415 924 Η
2434 904 2522 951 hoc,
2554 919 2560 926 ·

1449 963 1542 1004 puta
1562 955 1755 992 rationale.
1786 956 1835 992 Et
1859 954 1997 994 iterum
2026 954 2259 1002 accipiemus
2278 956 2354 993 hoc
2381 964 2522 1005 totum,

1451 1009 1590 1045 scilicet
1618 1009 1759 1045 animal
1788 1009 2000 1055 rationale,v
2013 1015 2050 1044 et
2070 1008 2288 1046 dividemus
2307 1010 2435 1058 ipsum
2454 1023 2524 1060 per

1451 1062 1681 1099 differentias
1708 1062 1904 1111 proprias3
1935 1061 2003 1100 sed
2032 1062 2188 1111 quando
2217 1063 2295 1100 iam
2324 1065 2523 1101 deveneri-

1450 1128 1537 1153 mus
1552 1118 1572 1135 “
1591 1115 1646 1153 adv
1669 1116 1844 1153 ultimam
1871 1115 2137 1162 differentiam,
2167 1115 2246 1153 iam
2275 1130 2354 1154 non
2379 1118 2449 1155 erit
2468 1118 2523 1156 di—

1449 1170 1580 1206 videre
1600 1182 1670 1218 per
1688 1170 1780 1206 alias
1803 1169 2035 1207 differentias
2063 1169 2282 1218 specificas:
2309 1171 2378 1208 sed
2397 1172 2522 1209 statim

1448 1223 1582 1260 ultima
1602 1223 1814 1260 differentia
1833 1223 1972 1269 addita,
1989 1223 2075 1269 hoc,
2091 1223 2200 1260 euius
2213 1224 2386 1262 definitio
2407 1238 2522 1274 quae-

1449 1277 1552 1323 ritur,
1573 1276 1611 1315 in
1631 1278 1735 1314 nullo
1757 1276 1905 1314 differet
1924 1284 1933 1297 ¹
1952 1275 2079 1326 specie
2099 1289 2122 1313 a
2139 1277 2254 1314 simul
2271 1283 2358 1324 toto,
2384 1278 2481 1316 idest
2498 1292 2522 1316 a

1449 1330 1594 1367 ratione
1623 1338 1850 1378 congregata
1879 1331 1926 1367 ab
1948 1330 2128 1368 omnibus
2147 1328 2320 1379 partibus
2339 1329 2521 1381 acceptis3

1448 1383 1544 1420 sieut
1570 1384 1691 1420 homo
1712 1396 1792 1421 non
1821 1384 1970 1421 differet
1998 1385 2125 1434 specie
2155 1385 2203 1421 ab
2233 1385 2360 1434 aliquo
2382 1398 2520 1424 eorum

1448 1436 1496 1474 de
1525 1437 1663 1485 quibus
1690 1437 1932 1485 praedicatur
1959 1438 2101 1477 animal
2132 1437 2314 1475 rationale
2347 1441 2519 1478 mortale.

1507 1502 1564 1527 10.
1581 1490 1731 1527 Deinde
1751 1503 1841 1528 curn
1862 1491 1966 1528 dicit:
1981 1492 2233 1541 Manifestum
2248 1493 2348 1530 enim
2367 1499 2424 1530 est
2436 1495 2520 1542 etc.,

1446 1544 1612 1581 ostendit
1639 1543 1746 1593 quod
1779 1544 1849 1581 tria
1876 1545 2071 1593 praedicta
2099 1546 2303 1583 observata
2331 1547 2522 1585 sufficiant

1446 1597 1494 1634 ad
1515 1597 1796 1643 definiendum,
1818 1598 1907 1647 quia
1936 1598 2108 1636 definitio
2133 1611 2260 1648 neque
2279 1601 2519 1649 superfluum

1446 1663 1572 1700 neque
1593 1651 1823 1688 diminutum
1839 1651 1996 1689 habebit
2016 1653 2048 1689 ³⁸.
2070 1652 2188 1699 Quod
2204 1660 2332 1690 autern
2356 1666 2434 1691 non
2453 1655 2520 1704 ap4

1445 1712 1611 1753 ponatur
1629 1705 1771 1754 aliquid
1790 1706 1876 1754 plus
1896 1717 2014 1754 quarn
2035 1706 2184 1753 debeat,
2198 1706 2444 1745 manifestum
2464 1715 2522 1746 est

1445 1770 1515 1807 per
1541 1758 1710 1808 primum
1740 1758 1855 1796 trium
1883 1759 2168 1808 praedictorum
2195 1761 2232 1806 *3
2262 1761 2352 1810 quia
2380 1761 2521 1799 scilicet

1445 1821 1599 1862 accepta
1636 1820 1723 1850 sunt
1751 1813 1877 1850 solum
1907 1825 1952 1850 ea
1980 1825 2080 1862 quae
2107 1813 2377 1862 praedicantur
2403 1815 2444 1852 in
2471 1828 2519 1853 eo

1444 1867 1546 1913 quod
1576 1867 1667 1915 quid
1698 1874 1735 1903 et
1766 1866 1854 1903 talia
1886 1879 2043 1904 necesse
2073 1875 2153 1904 erat
2187 1867 2372 1917 accipere.
2407 1869 2520 1912 Simi.

1443 1919 1526 1956 liter
1545 1920 1659 1957 etiarn
1680 1920 1925 1958 manifestum
1946 1928 2003 1958 est
2022 1920 2128 1970 quod
2156 1921 2247 1958 nihil
2276 1922 2416 1960 deficit.
2442 1924 2521 1960 Aut

1444 1973 1546 2010 enim
1568 1973 1588 1994 *
1609 1973 1791 2011 deficeret
1813 1986 1950 2022 genus,
1980 1982 2046 2012 aut
2064 1974 2288 2013 differentia.
2315 1976 2394 2013 Sed
2413 1977 2520 2026 quod

1443 2038 1563 2074 genus
1583 2039 1661 2064 non
1677 2028 1696 2048 *
1716 2027 1879 2074 deficiat,
1895 2035 1999 2076 patet
2018 2040 2065 2065 ex
2084 2029 2256 2066 secundo
2276 2029 2390 2067 trium
2410 2033 2519 2079 praev'

1444 2080 1633 2118 dictorum
1657 2081 1688 2118 ³³³.
1718 2083 1932 2130 Acceptum
1962 2089 2019 2118 est
2038 2081 2142 2119 enim
2169 2082 2340 2131 primum
2369 2083 2408 2121 id
2437 2083 2518 2121 sitne

1443 2145 1520 2182 quo
1541 2146 1619 2171 non
1644 2142 1732 2171 sunt
1752 2135 1834 2180 alia,
1857 2143 1894 2172 et
1912 2135 2017 2184 quod
2036 2136 2057 2158 '¹'
2074 2142 2201 2185 potest
2220 2148 2303 2173 esse
2324 2136 2406 2174 sine
2425 2137 2519 2186 aliis,

1443 2195 1479 2224 et
1497 2187 1573 2224 hoc
1593 2195 1649 2225 est
1667 2201 1799 2236 genus.
1822 2189 1870 2226 Et
1899 2201 1987 2226 curn
2016 2201 2157 2237 genere
2185 2197 2319 2239 postea
2338 2198 2519 2240 acceptae

1442 2248 1530 2278 sunt
1545 2241 1792 2280 differentiae.
1806 2242 1884 2280 Sed
1895 2243 2001 2291 quod
2017 2242 2251 2281 differentiae
2267 2256 2405 2282 omnes
2419 2244 2520 2283 sint,⁸

1441 2303 1638 2344 acceptae,
1667 2303 1771 2345 patet
1797 2309 1867 2345 per
1895 2295 2046 2334 tertium
2074 2297 2358 2346 praedictorum
2385 2297 2517 2347 trium3

1441 2348 1530 2397 quia
1550 2361 1629 2386 non
1644 2350 1808 2399 amplius
1823 2357 1950 2399 potest
1968 2349 2087 2400 accipi
2101 2351 2291 2400 posterior
2305 2351 2519 2390 differentia

1440 2410 1528 2450 post
1546 2402 1648 2440 illam
1669 2403 1777 2440 cuius
1795 2403 1961 2441 diximus
1981 2416 2059 2442 non
2074 2416 2159 2442 esse
2173 2404 2287 2442 aliam
2304 2405 2324 2426 ⁸
2341 2405 2518 2443 differem

1440 2455 1549 2503 tiam;
1565 2456 1655 2505 quia
1669 2457 1745 2494 iarn
1762 2465 1986 2506 sequeretur
2000 2458 2104 2508 quod
2119 2458 2298 2496 ultimum
2314 2467 2517 2509 acceptum

1440 2509 1567 2547 adhuc
1595 2509 1763 2548 differret
1791 2511 2004 2548 differentia
2030 2512 2235 2558 essentiali,
2267 2525 2356 2550 curn
2385 2521 2516 2551 tamen

1441 2563 1583 2600 dictum
1613 2563 1679 2610 sit,
1709 2565 1815 2613 quod
1848 2577 1927 2602 non
1961 2564 2122 2603 differat.
2154 2565 2335 2604 Similiter
2355 2568 2374 2586 '²'
2398 2566 2514 2604 etiam

1440 2629 1486 2653 ex
1513 2617 1732 2666 praemissis
1754 2619 1774 2639 *
1802 2625 1906 2667 patet
1933 2619 2039 2667 quod
2073 2631 2151 2656 non
2190 2619 2457 2657 intermittatur
2470 2621 2513 2642 *²¹

1439 2670 1565 2719 aliqua
1593 2670 1805 2708 differentia
1834 2671 1872 2708 in
1901 2671 2043 2718 medio,
2060 2685 2129 2720 per
2148 2672 2223 2709 hoc
2243 2672 2388 2710 scilicet
2407 2674 2513 2723 quod

1440 2735 1594 2772 semper
1613 2723 1849 2772 accipiuntur
1875 2724 2023 2773 primae
2046 2724 2293 2763 differentiae.
2324 2726 2436 2764 Unde
2457 2739 2514 2765 re-

1439 2776 1619 2826 linquitur
1647 2777 1753 2826 quod
1772 2777 1935 2815 sufficiat
1957 2777 2027 2817 tria
2045 2779 2239 2828 praedicta
2259 2780 2307 2818 ad
2327 2779 2512 2831 definien-

1439 2830 1533 2867 dum
1563 2830 1771 2867 observari.

1438 2966 1479 2991 vel
1490 2966 1596 2998 aliquis.
1610 2980 1629 2985 —-
1642 2966 1715 2991 Idem
1731 2966 1756 2991 in
1771 2966 1860 2998 codd.,
1874 2974 1929 2992 exc.
1944 2966 2095 2998 BGFOQS,
2113 2967 2287 3000 multipliciter
2303 2959 2456 3001 corrupmm
2474 2969 2512 2995 1ο-

1436 3002 1512 3034 gitur.
1523 3003 1542 3026 Α
1553 3009 1560 3026 :
1574 3000 1634 3026 dein
1649 3002 1733 3032 idem‚·
1743 3002 1764 3026 E
1774 3010 1836 3031 om.;
1848 3002 1882 3027 HI
1893 3007 1918 3027 et
1933 3010 1958 3035 p.
1966 3010 2002 3027 m.
2012 3003 2096 3028 CDK:
2111 3003 2197 3033 diem
2207 3004 2242 3028 L:
2258 3004 2299 3029 vel
2309 3002 2368 3029 de‘m
2377 3003 2513 3038 (deini’),·

1438 3037 1478 3061 M:
1492 3037 1588 3062 deinde
1593 3044 1601 3066 ,’
1615 3037 1636 3062 N
1651 3045 1676 3070 p.
1691 3045 1740 3062 m.:
1753 3038 1778 3062 si
1791 3037 1900 3068 deinde:
1913 3037 1951 3063 T:
1962 3038 2082 3070 primum
2097 3039 2219 3064 ordinem
2234 3040 2366 3065 secundus
2381 3040 2484 3065 modus.
2493 3053 2511 3061 -

1436 3072 1528 3103 Codd„
1543 3079 1596 3097 exc.
1610 3073 1635 3097 Μ
1648 3078 1674 3098 et
1693 3081 1714 3098 s.
1728 3081 1764 3098 m.
1779 3073 1815 3098 N:
1835 3073 2032 3099 observandi.—
2041 3074 2080 3100 0:
2095 3074 2121 3099 in
2137 3075 2322 3101 observatione
2336 3075 2512 3109 inferiorum,-

1436 3107 1458 3132 1:
1478 3108 1504 3133 in
1525 3108 1667 3138 divtsione;
1686 3109 1723 3138 Q:
1743 3109 1770 3133 in
1789 3109 1894 3134 ordine.
2277 3133 2280 3136 .

1489 3143 1508 3177 ι)
1529 3144 1559 3168 In
1575 3144 1647 3169 nullo
1660 3143 1767 3178 differet
1780 3150 1828 3169 etc.
1838 3158 1857 3163 -
1866 3145 1903 3170 G:
1918 3145 1945 3170 in
1965 3146 2038 3171 nullo
2052 3145 2143 3180 differt
2157 3153 2174 3171 a
2188 3153 2239 3171 sua
2255 3146 2342 3178 specie
2356 3149 2414 3172 tota
2427 3146 2511 3179 idas-tf

1435 3183 1483 3204 cet.
1498 3179 1585 3210 codd.,
1600 3187 1654 3204 exc.
1668 3180 1732 3210 OQ:
1750 3187 1768 3205 a
1782 3180 1862 3205 simu!
1881 3180 1921 3213 (l,
1944 3180 2034 3214 sibiP)
2054 3184 2119 3207 toto.
2139 3182 2225 3212 Quam
2245 3182 2382 3207 lectionem
2401 3182 2511 3216 :dopn-

1435 3222 1495 3239 mus
1514 3215 1571 3240 loco
1590 3215 1625 3241 P:
1644 3222 1662 3240 a
1679 3222 1728 3240 suo
1746 3218 1812 3240 toto.
1833 3215 1880 3240 Hic
1899 3216 1967 3241 enim
1987 3224 2009 3241 s.
2019 3216 2138 3242 Thomas
2164 3217 2242 3242 refert
2259 3222 2286 3242 et
2304 3217 2413 3250 explicat
2430 3217 2510 3243 verb·

1435 3254 1527 3280 textus,
1547 3255 1575 3275 ut
1593 3255 1662 3283 patet
1680 3258 1710 3275 ex
1730 3249 1878 3276 immediate
1898 3252 1998 3282 additis,
2018 3252 2087 3277 idest
2105 3260 2122 3277 a
2141 3253 2248 3278 ratione
2261 3256 2427 3286 congregata
2445 3258 2508 3279 etc:

1435 3290 1518 3310 textus
1537 3291 1623 3311 autem
1642 3286 1720 3312 habet
1732 3294 1750 3311 a
1763 3286 1844 3312 simu!
1862 3289 1929 3316 toto,
1949 3289 1997 3313 τοῦ
2015 3286 2139 3314 συνόλου.
2154 3288 2195 3314 0:
2213 3296 2231 3314 a
2249 3288 2329 3314 simul
2346 3291 2420 3319 utra,-
2439 3289 2476 3320 Q:
2490 3295 2509 3314 a

1435 3323 1491 3346 toto
1509 3328 1567 3347 suo.
1774 3338 1775 3341 =

1336 3434 1488 3462 ...->.>t«-...

2558 327 2565 335 ·
2580 326 2606 348 In
2632 333 2680 349 om.
2698 334 2772 350 tum:

2556 359 2590 374 es.

2553 646 2562 656 ⁸
2573 645 2644 668 Num.
2652 647 2674 672 6,
2685 651 2707 669 et
2715 649 2768 671 lect.

2552 676 2768 725 l'fffeii-›Pssffet‘daff

2552 725 2642 775 Lxfiiu'f.
2649 734 2676 749 ex
2687 729 2767 757 codd.,

2554 807 2561 814 '
2574 806 2645 833 Quod
2652 813 2680 828 ex
2690 813 2767 835 onon:

2552 833 2582 854 al.
2597 833 2666 855 codd.
2682 834 2748 861 quia.

2552 863 2563 875 ⁸*
2573 864 2649 886 Codd.
2661 876 2671 882 ·
2685 871 2710 887 P:
2724 870 2768 888 ao-

2552 890 2725 940 “F‘ZZTW

2663 924 2672 940 ι
2737 925 2766 941 α

2552 949 2580 964 co
2599 944 2622 966 d.

2551 970 2574 983 '⁵’
2581 971 2668 994 Codd.-
2673 977 2696 993 κ
2703 975 2767 995 eue-

2553 1128 2560 1137 ·
2571 1127 2656 1152 codd..
2665 1134 2715 1150 exc.
2725 1134 2764 1150 on.

2550 1154 2767 1204 ..zzz-...2⁸

2547 1666 2556 1675 ·
2581 1664 2618 1687 Cf.
2642 1665 2653 1687 1
2673 1665 2763 1694 Perta„

2546 1692 2599 1714 lect.
2609 1698 2641 1719 ιν,
2652 1698 2704 1715 na.

2549 1771 2744 1801 'Nn.7,80t9.

2546 1993 2558 2005 '¹
2573 1992 2642 2016 Enim
2655 2000 2705 2016 om.
2717 2001 2739 2016 Α.
2749 2006 2759 2012 -

2547 2026 2568 2042 r:
2579 2019 2682 2052 adela,-
2691 2027 2714 2043 u:
2725 2021 2763 2044 de*

2540 2046 2618 2095 ‘echini
2626 2079 2675 2096 om.
2683 2081 2760 2097 erton.

2546 2103 2760 2150 &aalma

2546 2155 2673 2208 Ε’ὅὶζῖὶ,
2681 2181 2753 2204 «κω.

2547 2212 2600 2255 aa:
2611 2211 2678 2256 ,ξι-,ε’
2691 2214 2706 2230 ⁰
2721 2198 2762 2237 ‘³⁰³

2545 2264 2645 2291 *Godd..
2656 2271 2759 2288 exeso.—

2546 2298 2572 2313 r:
2587 2294 2650 2314 eunt.

2544 2425 2556 2436 ⁸
2564 2425 2640 2447 Codd.
2649 2437 2660 2442 -
2667 2432 2693 2448 r:
2704 2433 2759 2449 esse

2545 2452 2616 2474 effatu
2630 2452 2682 2482 diff.

2543 2586 2553 2597 ·
2563 2591 2589 2607 r:
2607 2585 2758 2614 Consequen-

2518 2645 2522 2650 ·
2541 2614 2603 2661 “En
2614 2639 2668 2661 lect.
2679 2645 2755 2667 praec.

2539 2671 2566 2704 ἢ·
2577 2665 2697 2715 ‘iteum-2
2721 2693 2759 2715 in—

2541 2719 2693 2744 tenemur.-
2706 2726 2721 2741 ι
2732 2726 2755 2748 p.

2541 2746 2757 2799 &amilm-

2539 2798 2663 2848 siff-²
2671 2799 2756 2822 m...-
