2788 4204
79 2395 116 2416 ἠε
123 2394 236 2415 conclusit
241 2394 292 2415 Phi-

79 2421 200 2448 Iosephus.

80 2448 91 2459 ⁸
102 2454 129 2468 n:
142 2446 258 2474 procedit.

178 2501 195 2517 α

80 2553 90 2564 ⁸
99 2552 174 2574 codd.
183 2564 192 2568 -
201 2559 226 2574 r:
237 2558 274 2573 ex.
282 2564 292 2568 -

81 2579 176 2627 ffffilect.
187 2579 291 2606 praeced.

63 2707 115 2727 -“Ν
134 2709 155 2727 et
176 2711 248 2733 marg.
263 2712 293 2727 x:

81 2731 295 2754 sitdemonstratio.

83 2812 94 2820 '¹
103 2811 175 2832 Num.
192 2811 214 2832 8.

181 2838 195 2871 β

310 243 386 267 200

897 227 1280 265 POSTERIORUM
1307 226 1735 263 ANALYTICORUM
1764 228 1859 264 LIB.
1890 228 1903 263 I

928 446 1143 503 LECT
1145 447 1227 501 10
1274 447 1878 504 DECIMASEXTA

541 602 931 645 OSTENDITUR
964 600 1583 642 DEMONSTRATIONEM
1615 602 1766 643 ESSE
1799 603 1883 643 DE
1916 603 2267 653 PERPETUIS‚

868 679 996 719 NON
1030 679 1247 720 AUTEM
1280 679 1364 719 DE
1398 680 1938 723 CORRUPTIBILIBUS

312 829 459 872 Φανερόν
485 823 522 858 δὲ
545 828 603 858 καὶ
629 826 686 858 ἐάν
712 824 788 858 ὦσιν
815 828 850 857 αἱ
884 825 1065 870 προτάσεις
1098 824 1245 857 καθόλου
1272 824 1306 865 ἐξ
1331 825 1374 856 ὧν
1429 828 1446 847 *
1462 828 1667 859 Manifestum
1683 835 1729 859 est
1747 835 1854 860 autem
1874 836 1904 860 et
1919 829 1945 859 si
1962 829 2024 860 sint
2042 829 2277 870 propositiones
2297 831 2499 870 universales,
2526 853 2537 864 .
2553 852 2609 880 Cap.
2622 858 2670 874 vm.

381 875 396 905 ὁ
415 870 649 915 συλλογισμός,
667 869 720 902 ὅτι
740 870 870 916 ἀνάγκη
888 872 945 902 καὶ
965 870 1005 903 τὸ
1019 868 1246 914 συμπέρασμα
1267 865 1374 903 ἀίδιον

379 915 464 949 εἶναι
489 919 550 953 τῆς
577 914 741 953 τοιαύτης
770 910 973 955 ἀποδείξεως
1004 916 1062 945 καὶ
1095 915 1157 952 τῆς
1192 915 1306 952 οἱπλῶς
1332 915 1377 945 εὶ-

380 965 452 994 πεῖν
475 957 690 1000 ἀποδείξεως.
717 960 784 991 Οὐκ
803 959 894 992 ἔστιν
918 959 982 1003 ἄρα
1001 954 1173 999 ἀπόδειξις
1192 960 1258 990 τῶν
1276 958 1378 1003 φθαρ-

379 1006 444 1038 τῶν
470 1001 538 1038 οὐδ’
570 1004 744 1049 ἐπιστήμη
774 1005 900 1045 ἁπλῶς,
923 1005 994 1036 ἀλλ’
1027 1002 1131 1040 οὕτως
1149 1002 1257 1048 ὥσπερ
1281 1003 1378 1036 κατά

380 1049 603 1092 συμβεβηκός,

315 1096 367 1129 ὅτι
394 1095 430 1126 ού
455 1093 603 1126 καθόλου
629 1093 738 1125 αὑτοῦ
764 1094 855 1125 ἐστὶν
876 1091 966 1124 ἀλλά
982 1092 1068 1124 ποτὲ
1085 1094 1142 1123 καὶ
1168 1093 1248 1130 πῶς.
1269 1091 1376 1124 Ὅταν

379 1135 406 1170 δ’
437 1137 471 1181 ᾖ,
494 1138 624 1184 ἀνάγκη
651 1138 715 1174 τήν
735 1137 854 1180 ἑτέραν
873 1137 920 1180 μή
942 1135 1089 1168 καθόλου
1108 1133 1192 1169 εἶναι
1211 1136 1376 1180 πρότασιν

378 1187 436 1215 καὶ
461 1182 633 1227 φθαρτήν,
660 1182 812 1227 φθαρτην
838 1182 896 1225 μέν
924 1179 977 1213 ὅτι
1000 1183 1058 1212 καὶ
1084 1181 1124 1213 τὸ
1150 1180 1377 1225 συμπέρασμα

381 1227 500 1269 οὔσης,
528 1227 574 1271 μή
608 1225 755 1258 καθόλου
787 1221 825 1258 δὲ
852 1224 905 1257 ὅτι
932 1223 955 1267 ᾦ
980 1225 1040 1269 μὲν
1076 1225 1175 1257 ἔσται
1201 1226 1223 1266 ᾧ
1249 1221 1278 1256 δ’
1318 1226 1378 1257 οὐκ

380 1272 478 1306 ἔσται
496 1273 544 1315 ἐφ’
573 1271 630 1312 ὦν,
649 1270 730 1304 ὥστ’
761 1271 820 1302 οὐκ
842 1270 915 1302 ἔστι
932 1269 1198 1315 συλλογίσασθαι
1215 1268 1376 1311 καθόλου,

382 1318 455 1349 ἀλλ’
486 1316 538 1350 ὅτι
563 1316 647 1351 νῦν.,

310 1406 449 1450 Ὁμοίως
474 1400 502 1436 δ’
533 1404 602 1448 ἔχει
627 1405 685 1436 καὶ
710 1405 784 1447 περὶ
812 1401 979 1446 ὁρισμούς,
1007 1401 1142 1446 ἐπείπερ
1171 1401 1261 1433 ἐστὶν
1281 1402 1296 1432 ὁ
1316 1402 1379 1454 ὀρι-

502 1448 508 1459 ι

381 1450 461 1494 σμὸς
488 1451 508 1486 ἦ
537 1448 624 1494 ἀρχή
660 1443 864 1488 ἀποδείξεως
890 1445 911 1483 ἦ
939 1441 1110 1486 ἀπόδειξις
1143 1444 1231 1477 θέσει
1263 1440 1379 1488 διαφε-

381 1506 484 1536 ρουσα
510 1492 530 1529 ἦ
556 1491 784 1537 συμπέρασμά
808 1503 841 1524 τι
869 1485 1086 1530 ἀποδείξεως.

314 1583 351 1613 Αἱ
377 1577 414 1613 δέ
441 1582 506 1614 τῶν
532 1580 696 1617 πολλάκις
721 1578 902 1626 γινομένων
939 1573 1128 1618 ἀποδείξεις
1151 1579 1210 1609 καὶ
1236 1577 1377 1613 ἐπιστῆ-

382 1638 455 1670 μαι,
476 1626 543 1657 οἷον
564 1624 705 1661 σελήνης
733 1623 920 1667 ἐκλείψεως,
940 1618 1043 1659 δῆλον
1063 1622 1116 1654 ὅτι
1135 1621 1154 1664 ᾖ
1173 1622 1232 1666 μὲν
1251 1617 1375 1654 τοιαίδ’

381 1671 481 1711 εἰσίν,
518 1670 567 1701 ἀεί
600 1670 701 1709 εἰσιν,
737 1668 756 1710 ᾖ
782 1663 809 1699 δ’
841 1669 899 1699 οὐκ
927 1668 996 1708 ἀεί,
1029 1666 1124 1700 κατά
1155 1665 1252 1710 μέρος
1284 1667 1377 1698 εἰσίν.

374 1713 498 1758 Ὥσπερ
523 1709 552 1744 δ’
582 1714 602 1750 ἡ
630 1711 783 1757 ἔκλειψις,
810 1711 973 1749 ὡσαύτως
1000 1716 1070 1749 τοῖς
1099 1711 1224 1748 ἄλλοις.

375 1865 524 1892 ὃγΝοΡειε.
537 1880 571 1884 -
588 1873 611 1891 1.
633 1864 844 1900 Argumentum
866 1869 893 1890 et
908 1862 1010 1890 divisio
1025 1868 1125 1890 textus.
1137 1868 1192 1888 —2.
1209 1862 1290 1888 Duae
1312 1869 1381 1888 con—

316 1905 475 1939 clusiones;
491 1913 613 1940 quarum
631 1904 730 1941 prima
745 1909 799 1930 est:
816 1901 1085 1932 Demonstrationes
1099 1901 1265 1937 simpliciter
1279 1900 1381 1935 dictae,

317 1945 370 1980 (de
392 1944 496 1981 quibus
518 1953 595 1971 nunc
616 1952 711 1971 sermo
734 1944 791 1977 est)
813 1948 879 1970 sunt
896 1943 931 1969 de
946 1941 1232 1978 perpetuis;-altera
1253 1946 1308 1968 est:
1324 1941 1381 1968 De-

317 1983 488 2012 monstratio
510 1982 625 2020 proprie
647 1982 722 2010 dicta
741 1991 801 2010 non
823 1989 865 2010 est
886 1991 938 2018 per
959 1991 988 2009 se
1010 1982 1046 2009 de
1067 1980 1308 2017 corruptibilibus,
1331 1980 1382 2008 sed

317 2018 411 2052 solum
432 2033 484 2060 per
497 2023 639 2051 accidens.
652 2039 670 2044 -
683 2023 708 2050 3.
724 2023 867 2050 Probatur
880 2028 1001 2058 utraque
1016 2020 1178 2049 conclusio:
1202 2021 1381 2048 demonstra-

315 2063 357 2091 tio
371 2063 460 2091 utitur
480 2062 631 2099 principio,
653 2062 711 2090 dici
725 2062 760 2089 de
782 2062 869 2094 omni,
892 2070 942 2089 seu
962 2060 1092 2097 procedit
1114 2069 1147 2088 ex
1160 2059 1381 2094 universalibus;

317 2113 385 2140 ergo
407 2109 450 2131 est
464 2103 499 2130 de
520 2102 651 2137 aeternis,
673 2111 734 2130 non
748 2108 844 2129 autem
867 2101 903 2128 de
924 2100 1233 2137 corruptibilibus-4.
1255 2101 1291 2127 Et
1305 2099 1381 2127 idem

317 2142 471 2171 dicendum
495 2148 537 2170 est
552 2143 587 2170 de
602 2141 830 2169 definitionibus:
847 2140 914 2177 quia
935 2140 1064 2168 definitio
1080 2146 1129 2168 aut
1143 2146 1185 2167 est
1199 2139 1381 2175 principium,

317 2189 366 2211 aut
386 2182 533 2210 conclusio
555 2180 819 2215 demonstrationis,
841 2187 891 2209 aut
911 2180 1119 2208 demonstratio
1141 2179 1285 2216 positione
1300 2178 1381 2207 diffe-

317 2231 391 2250 rens.
407 2239 426 2243 —
442 2222 467 2250 5.
492 2221 629 2249 Definitio
651 2221 768 2258 quando
790 2230 807 2248 a
831 2219 1077 2248 demonstratione
1098 2219 1214 2247 nonnisi
1238 2218 1382 2256 positione

527 2342 535 2350 ι
563 2330 572 2343 “
585 2329 761 2370 ostquam
786 2334 831 2358 ex
851 2321 1108 2370 superioribus
1127 2321 1382 2370 Philosophus

587 2376 819 2412 concluserat
839 2376 858 2396 ’⁸
887 2375 991 2423 quod
1012 2373 1282 2412 demonstratio
1303 2386 1381 2412 non

414 2504 418 2507 ,
471 2475 478 2484 ²
533 2479 571 2510 10³
587 2481 720 2517 iterum
747 2493 791 2518 ex
811 2480 1271 2530 superioribusssintendit
1293 2493 1382 2517 con-

321 2534 471 2571 cludere
513 2533 618 2581 quod
653 2534 922 2571 demonstratio
956 2546 1035 2571 non
1064 2541 1118 2570 est
1150 2534 1198 2571 de
1216 2534 1237 2555 *
1257 2545 1383 2571 corru-

321 2586 522 2636 ptibilibus.
553 2587 602 2623 Et
622 2587 719 2624 circa
742 2587 816 2623 hoc
836 2587 912 2624 duo
933 2587 1033 2623 facit:
1063 2587 1199 2635 prim0‚
1221 2587 1384 2625 ostendit

322 2639 427 2688 quod
455 2639 772 2688 sempiternorum
808 2647 844 2676 et
879 2652 958 2676 non
993 2640 1290 2688 corruptibilium
1329 2647 1384 2677 est

322 2692 610 2739 demonstratio;
645 2693 825 2740 secundo,
861 2692 1023 2730 ostendit
1049 2693 1208 2741 qualiter
1226 2694 1304 2730 sit*
1319 2706 1383 2730 eo-

323 2758 407 2782 rum
441 2758 538 2794 quae
580 2753 666 2782 sunt
698 2753 740 2782 ut
776 2746 1012 2794 frequenter3
1047 2745 1114 2782 ibi:
1142 2747 1288 2783 Eorum
1317 2758 1383 2782 au-

322 2804 394 2835 tem
418 2799 438 2819 *
464 2806 532 2835 etc.
572 2798 682 2835 Circa
717 2798 885 2848 primum
928 2798 1004 2836 duo
1043 2798 1129 2836 facit
1161 2797 1198 2835 βε
1237 2799 1382 2848 primo,

322 2851 485 2888 ostendit
498 2851 603 2900 quod
623 2851 892 2889 demonstratio
913 2864 991 2888 non
1011 2851 1055 2888 sit
1072 2852 1383 2901 corruptibilium,

322 2905 390 2941 sed
418 2905 754 2954 sempiternorum3
789 2904 974 2951 secundo,
1011 2905 1174 2942 ostendit
1200 2905 1302 2942 idern
1337 2905 1385 2942 de

376 3070 404 3104 α)
419 3070 496 3095 Nunc
515 3070 610 3094 iterum
625 3069 795 3094 etc.-Codd.
814 3068 878 3100 (exc.
893 3069 970 3101 M0):
989 3076 1058 3094 nunc
1071 3072 1174 3098 autern,-
1192 3069 1274 3094 ABG:
1294 3076 1331 3094 ex
1344 3077 1388 3094 su-

318 3106 470 3138 perioribus
489 3105 584 3130 iterum
605 3110 666 3135 etc.;
686 3104 759 3129 DKM
778 3105 860 3129 omitt.
876 3104 1009 3129 iterum.—
1023 3104 1098 3135 Intra,
1112 3105 1202 3129 codd.:
1217 3105 1387 3137 sempiterno-

323 3149 382 3166 rum
402 3148 453 3165 non
473 3140 685 3172 corruptibilium
704 3142 744 3164 est
761 3139 961 3164 demonstratio.
1238 3162 1241 3165 ,

378 3175 402 3208 β)
416 3176 493 3201 Circa
502 3176 621 3207 primum
633 3175 686 3200 duo
694 3174 766 3209 facit
780 3175 1037 3200 etc.—Amanuenses
1053 3175 1127 3200 codd.
1138 3175 1186 3200 ΝΟ
1200 3175 1265 3200 hanc
1277 3175 1388 3208 primam

324 3211 526 3236 subdivisionem
545 3211 620 3243 primi
639 3210 748 3235 membri
768 3210 874 3234 omnino
893 3210 1020 3240 omittunt,
1040 3216 1065 3235 et
1083 3218 1097 3234 a
1116 3210 1267 3243 repetitione
1286 3218 1389 3235 eorum—

325 3247 383 3271 dem
403 3247 541 3271 verborum
562 3244 599 3280 (ut
618 3245 770 3278 saepissime
789 3245 989 3270 amanuensibus
1009 3245 1108 3278 accidit)
1124 3246 1242 3276 distracti,
1258 3246 1313 3271 sive
1332 3246 1388 3279 ipsi,

326 3282 380 3306 sive
399 3289 570 3306 amanuenses
590 3281 663 3306 codd.
687 3288 717 3305 ex
737 3280 830 3313 quibus
850 3281 1037 3314 excripserunt,
1061 3281 1092 3305 ad
1111 3282 1251 3306 secundam
1275 3281 1389 3306 subdivi-

326 3317 425 3341 sionem
443 3321 591 3341 exeun-unt:
610 3316 687 3341 Circa
701 3316 834 3348 primum,
850 3316 933 3349 inquit
947 3317 980 3346 O,
1001 3317 1053 3341 duo
1066 3316 1149 3350 facit,
1164 3317 1255 3349 primo
1274 3317 1390 3342 ostendit

326 3352 516 3377 conclusionem
534 3352 676 3379 intentam,·
689 3351 804 3376 secundo
815 3352 895 3383 ponit
905 3352 1063 3383 probantem
1079 3352 1200 3384 ipsam.—-
1213 3352 1250 3377 Ex
1269 3352 1390 3385 opposito

326 3387 489 3411 amanuensis
509 3387 566 3412 cod.
586 3387 622 3418 K,
646 3386 680 3411 ob
700 3387 818 3411 eamdem
837 3387 975 3418 rationem,
1000 3387 1072 3420 ponit
1090 3387 1199 3420 primam
1224 3387 1389 3418 divisionem,

327 3422 432 3446 alteram
446 3430 508 3447 vero
524 3422 630 3452 omittit,
652 3422 770 3455 quamvis
790 3422 868 3447 verba
887 3427 978 3453 textus,
998 3423 1069 3455 quod
1087 3425 1175 3447 autem
1195 3422 1389 3452 universaliter,

328 3464 394 3489 quae
409 3457 609 3482 subdivisionem
623 3458 740 3482 ultimam
751 3457 915 3487 subaudiunt,
926 3458 1025 3483 referat.
1040 3458 1121 3482 Pon-o
1131 3458 1285 3483 omissiones
1295 3458 1389 3483 horum

328 3492 403 3516 codd.
422 3493 515 3516 menda
539 3498 599 3516 sunt
623 3492 769 3522 manifesta,
790 3498 817 3517 ut
840 3498 908 3525 patet
934 3501 965 3518 ex
991 3493 1098 3518 lectione
1123 3493 1263 3526 praesenti,
1288 3493 1312 3518 in
1338 3501 1390 3526 qua

329 3534 350 3550 s.
365 3526 480 3551 Thomas
499 3527 653 3559 praemissas
674 3528 812 3552 divisiones
833 3533 857 3552 et
872 3528 1072 3558 subdivisiones,
1093 3536 1157 3561 quas
1177 3528 1217 3553 alii
1237 3529 1312 3553 codd.
1331 3536 1389 3553 cum

329 3561 349 3585 P
368 3561 468 3590 habent,
489 3562 635 3594 singillatim
658 3563 767 3595 exponit.

1498 883 1534 903 ex
1557 872 1673 913 quibus
1693 879 1739 903 est
1758 873 1972 914 syllogismus,
1998 874 2087 914 quod
2110 883 2234 904 necesse
2257 882 2303 905 est
2324 882 2354 905 et
2373 877 2500 907 conclu—

1498 917 1620 947 sionem
1645 927 1711 947 esse
1734 924 1921 957 perpetuam
1944 917 2130 948 huiusmodi
2155 918 2446 958 demonstrationis,
2471 926 2502 951 et

1498 961 1680 1001 simpliciter
1704 967 1740 991 ut
1763 968 1809 991 est
1832 961 1934 992 dicere
1958 961 2246 993 demonstrationis.
2269 963 2343 993 Non
2366 970 2412 994 est
2426 973 2500 1004 ergo

1499 1005 1725 1036 demonstratio
1743 1005 1996 1046 corruptibilium
2015 1015 2072 1036 nec
2089 1006 2218 1036 scientia
2233 1006 2426 1047 simpliciter,
2447 1008 2502 1038 sed

1499 1050 1552 1088 sic,
1577 1050 1658 1080 sicut
1681 1056 1727 1080 est
1749 1050 1925 1080 secundum
1945 1050 2098 1080 accidens.

1433 1094 1531 1131 Quod
1555 1100 1661 1124 autem
1685 1094 1901 1124 universaliter
1923 1094 2022 1134 ipsius
2041 1104 2107 1124 non
2131 1101 2191 1133 est,
2213 1095 2267 1125 sed
2284 1095 2454 1136 aliquando
2472 1103 2503 1127 et

1500 1138 1554 1169 sic.
1570 1138 1656 1169 Cum
1673 1145 1779 1168 autern
1796 1138 1844 1177 sit,
1861 1148 1986 1168 necesse
2003 1144 2049 1169 est
2065 1138 2194 1169 alteram
2210 1149 2276 1169 non
2292 1139 2502 1171 universalem

1501 1192 1567 1212 esse
1591 1182 1844 1222 propositionem
1863 1189 1894 1212 et
1910 1182 2162 1222 corruptibilem;
2180 1184 2416 1224 corruptibilem
2435 1184 2503 1225 qui-

1501 1227 1585 1264 dem,
1605 1227 1760 1267 quoniam
1776 1233 1806 1257 et
1825 1227 1987 1257 conclusio
2007 1233 2068 1265 est,
2087 1237 2154 1257 non
2170 1227 2380 1258 universalem
2395 1235 2502 1259 autem

1500 1271 1655 1311 quoniam
1677 1271 1740 1301 hoc
1762 1271 1893 1311 quidem
1913 1271 1979 1309 erit,
2003 1271 2065 1301 hoc
2089 1278 2196 1302 autem
2214 1281 2280 1301 non
2297 1272 2355 1303 erit
2378 1282 2415 1303 ex
2435 1273 2503 1313 qui-

1500 1316 1560 1345 bus
1577 1322 1636 1345 est:
1650 1325 1747 1355 quare
1763 1325 1830 1345 non
1849 1322 1895 1346 est
1913 1315 2097 1356 syllogizare
2117 1316 2341 1356 universaliter,
2355 1316 2410 1347 sed
2425 1326 2503 1357 quo-

1500 1359 1587 1389 niam
1605 1369 1690 1390 nunc
1710 1365 1765 1390 est.

1433 1403 1451 1422 *
1467 1403 1615 1434 Similiter
1634 1413 1666 1433 se
1685 1403 1778 1433 habet
1802 1410 1832 1434 et
1855 1404 1893 1434 de
1913 1403 2107 1441 definitione,
2127 1404 2282 1444 quoniam
2305 1404 2436 1444 quidem
2457 1412 2503 1436 est

1502 1446 1642 1477 definitio
1655 1454 1710 1477 aut
1722 1447 1914 1487 principium
1933 1448 2221 1486 demonstrationis,
2238 1455 2292 1478 aut
2312 1449 2504 1480 demonstra-

1501 1491 1546 1521 tio
1569 1490 1727 1530 positione
1752 1491 1905 1530 differens,
1930 1499 1984 1522 aut
2007 1492 2170 1523 conclusio
2193 1492 2350 1533 quaedam
2374 1493 2503 1524 demon-

1501 1541 1668 1565 strauoms.

1434 1579 1557 1609 Eorum
1581 1585 1703 1617 autem,
1728 1589 1809 1619 quae
1833 1589 1925 1619 saepe
1948 1579 2045 1618 fiunt,
2070 1580 2353 1611 demonstrationes
2377 1588 2451 1612 sunt
2473 1588 2504 1612 et

1502 1623 1663 1661 scientiae,
1695 1629 1730 1653 ut
1757 1623 1852 1653 lunae
1883 1623 2040 1662 defectus;
2068 1624 2273 1655 manifestum
2304 1632 2350 1655 est
2373 1625 2504 1665 quidem

1502 1667 1590 1707 quod
1610 1667 1786 1697 secundum
1801 1667 1890 1708 quod
1904 1667 2089 1698 huiusmodi
2106 1674 2189 1706 sunt,
2214 1678 2338 1708 semper
2363 1675 2447 1707 sunt;
2470 1669 2504 1700 in

1502 1718 1658 1752 quantum
1682 1718 1789 1742 autem
1813 1721 1878 1741 non
1907 1722 2046 1752 semper,
2071 1712 2247 1743 secundum
2275 1719 2397 1753 partem
2420 1720 2504 1744 sunt.

1503 1755 1590 1786 Sicut
1612 1762 1719 1786 autern
1744 1755 1900 1794 defectus,
1925 1756 2066 1786 similiter
2089 1762 2135 1787 est
2157 1756 2191 1786 in
2215 1756 2292 1787 aliis.

1436 1859 1538 1896 differt,
1561 1860 1689 1888 continet
1709 1867 1803 1888 toturn
1826 1861 1907 1897 quod
1928 1867 1970 1889 est
1986 1860 2016 1889 in
2038 1861 2294 1896 demonstratione,
2317 1861 2423 1890 scilicet
2444 1870 2504 1890 me-

1436 1900 1517 1928 dium
1538 1907 1566 1928 et
1587 1900 1814 1935 conclusionem,
1835 1900 1900 1928 licet
1915 1910 1976 1929 non
1997 1901 2032 1928 sit
2047 1901 2179 1929 ordinata
2200 1901 2230 1929 in
2252 1901 2342 1929 modo
2364 1907 2392 1929 et
2413 1901 2506 1939 figura

1435 1939 1602 1977 syllogismi.
1614 1957 1633 1961 -
1643 1941 1670 1968 6.
1692 1941 1781 1968 Error
1795 1940 1934 1968 idealismi
1949 1950 1982 1968 ex
2004 1941 2185 1977 praecedenti
2207 1940 2339 1969 doctrina
2352 1950 2370 1969 a
2384 1941 2504 1969 Platone

1436 1979 1506 2008 falso
1531 1979 1632 2008 illatus.
1645 1996 1663 2001 -
1678 1989 1704 2016 7.
1727 1980 1879 2008 Refutatio.
1902 1980 2052 2008 Sensibilia
2073 1980 2205 2017 quamvis
2226 1980 2423 2017 corruptibilia
2443 1980 2500 2009 sint

1436 2019 1465 2047 in
1480 2019 1652 2056 particulari,
1667 2026 1765 2047 tamen
1786 2019 1815 2047 in
1837 2019 1988 2048 universali
2008 2021 2155 2057 quandam
2175 2020 2431 2057 sempiternitatem
2452 2021 2503 2049 ha-

1436 2060 1523 2094 bent3
1546 2066 1574 2087 et
1594 2059 1660 2087 ideo
1682 2059 1801 2096 quando
1823 2060 1908 2087 datur
1928 2060 2138 2088 demonstratio
2161 2061 2196 2088 de
2218 2060 2453 2097 corruptibilibus
2474 2059 2504 2088 in

1435 2099 1602 2134 universali,
1622 2099 1832 2127 demonstratio
1848 2106 1890 2127 est
1904 2099 2133 2136 corruptibilium
2154 2109 2206 2136 per
2226 2099 2368 2134 accidens,
2388 2100 2439 2127 sed
2453 2108 2505 2136 per

1437 2148 1467 2167 se
1482 2145 1524 2167 est
1538 2139 1789 2175 sempiternorum.
1801 2156 1820 2160 -
1835 2139 1862 2167 8.
1878 2140 1988 2167 Eorum
2004 2149 2078 2176 quae
2099 2140 2263 2176 frequenter
2278 2139 2413 2167 eveniunt
2433 2140 2505 2168 dan-

1437 2185 1483 2206 tur
1509 2178 1788 2214 demonstrationes,
1818 2179 1869 2207 sed
1897 2180 2057 2207 secundum
2082 2180 2163 2217 quod
2191 2185 2258 2207 sunt
2286 2188 2415 2216 semper,
2443 2188 2505 2208 non

1437 2224 1535 2247 autem
1556 2228 1647 2247 secus.

1437 2320 1678 2367 definitione;
1715 2321 1782 2358 ibi:
1819 2321 1996 2358 Similiter
2028 2333 2068 2358 se
2100 2321 2212 2363 habet
2240 2321 2260 2342 *
2288 2327 2356 2358 etc.
2394 2320 2504 2359 Circa

1435 2373 1605 2423 primum
1638 2374 1715 2412 duo
1749 2374 1850 2411 facit:
1885 2374 2023 2424 primo,
2056 2374 2236 2424 proponit
2254 2375 2274 2396 *
2294 2374 2504 2412 conclusio·
2529 2393 2542 2405 ι

1436 2439 1526 2464 nem
1561 2427 1761 2474 intentam3
1797 2427 1984 2475 secundo,
2019 2427 2126 2477 ponit
2153 2428 2173 2449 *
2196 2427 2383 2465 rationem
2416 2439 2504 2477 pro-

1437 2480 1591 2517 bantem
1606 2480 1745 2529 ipsam;
1766 2481 1832 2517 ibi:
1854 2481 1964 2523 Quod
1980 2486 2104 2518 autem
2126 2481 2384 2518 universaliter
2397 2481 2418 2502 *
2433 2487 2502 2518 etc.

1491 2545 1526 2570 2.
1557 2533 1687 2570 Primo
1717 2545 1805 2582 ergo
1825 2534 1969 2583 ponit*
1997 2533 2091 2571 duas
2111 2533 2386 2579 conclusiones,
2412 2545 2503 2582 qua-

1437 2598 1522 2623 rum
1550 2599 1627 2623 una
1646 2587 1813 2634 sequitur
1842 2598 1886 2623 ex
1906 2587 2020 2623 altera
2037 2587 2067 2623 *.
2084 2586 2212 2623 Prima
2233 2594 2288 2623 est
2315 2586 2420 2634 quod
2439 2598 2504 2623 ne-

1438 2651 1542 2676 cesse
1563 2647 1619 2676 est
1638 2639 1921 2676 conclusionem
1952 2639 2282 2676 demonstrationis
2315 2639 2427 2676 huius
2455 2639 2503 2677 de
2530 2656 2540 2668 ι

1437 2704 1512 2740 qua
1541 2704 1642 2728 nunc
1670 2692 1800 2740 agitur,
1832 2699 1868 2729 et
1895 2704 2012 2740 quam
2040 2704 2246 2741 possumus
2266 2691 2391 2730 dicere
2416 2692 2504 2730 sim-

1435 2744 1580 2793 pliciter
1607 2745 1970 2782 demonstrationem
1984 2750 2011 2792 ⁷,
2028 2757 2110 2782 esse
2138 2753 2379 2795 perpetuam3
2399 2745 2506 2794 quod

1438 2797 1593 2845 quidem
1608 2798 1775 2846 sequitur
1791 2810 1836 2835 ex
1855 2799 1940 2844 hoc,
1958 2798 2062 2847 quod
2082 2811 2196 2847 supra
2214 2798 2386 2835 habiturn
2407 2805 2463 2836 est
2471 2798 2504 2846 *,

1438 2850 1609 2887 scilicet*
1624 2851 1728 2898 quod
1760 2851 2050 2900 propositiones,
2082 2863 2127 2889 ex
2155 2851 2291 2900 quibus
2323 2847 2367 2888 fit
2394 2851 2506 2900 syllo-

1438 2903 1580 2952 gismus
1590 2901 1615 2951 ⁸,
1629 2904 1769 2941 debent
1789 2916 1871 2941 esse
1886 2904 2135 2942 universales:
2157 2905 2262 2954 quod
2283 2904 2507 2953 significavit

1495 3069 1521 3103 γ)
1543 3070 1628 3100 Quam
1643 3058 1785 3102 possm'nus
1805 3069 1892 3095 dicere
1905 3070 2060 3102 simpliciter
2073 3071 2425 3097 demonstrationem-PB:
2443 3071 2507 3097 sint-

1436 3105 1546 3138 pliciter
1560 3105 1655 3130 dIcere.
1666 3105 1717 3129 lam
1728 3105 1939 3138 praemonuimus
1953 3106 2199 3132 demonstrationem
2214 3107 2246 3132 de
2264 3114 2317 3140 qua
2332 3114 2401 3133 nunc
2413 3106 2514 3141 agitur·>

1442 3148 1500 3165 esse
1514 3141 1770 3179 demonstrationem,
1774 3143 1887 3172 propter
1900 3141 1972 3173 quid,
1988 3149 2055 3174 quae
2073 3147 2158 3174 potest
2172 3141 2220 3166 dici
2236 3142 2386 3175 simpliciter
2399 3142 2508 3168 demon—

2527 879 2595 900 Text.
2605 884 2635 900 21.

2525 1413 2538 1426 ⁴
2554 1413 2622 1436 Text.
2635 1419 2670 1436 aa.

2530 2340 2542 2352 ¹*
2555 2339 2627 2362 Num.
2637 2347 2661 2367 4.

2560 2398 2729 2419 comxuan
2738 2401 2747 2415 t

2526 2419 2717 2474 ξοέξιῷνοροκῆ.

2529 2498 2541 2511 ⁸
2555 2498 2626 2520 Num.
2635 2504 2657 2527 3.

2529 2550 2541 2562 ⁸
2553 2556 2746 2577 anmantuus-r:

2526 2577 2597 2604 ponit
2613 2583 2675 2605 ergo
2690 2577 2744 2609 pru}

2531 2609 2583 2629 mo,·
2591 2609 2663 2625 tun:
2676 2605 2750 2632 ponat

2531 2635 2655 2678 Ἱὶοεῖιῖ·
2675 2630 2746 2678 ’Ἥ

2531 2807 2543 2819 -
2557 2767 2663 2829 ml.

2531 2858 2543 2870 ⁸
2556 2858 2653 2880 Scilicet
2669 2857 2747 2881 omitt.

2533 2884 2602 2907 codd.

2628 2911 2644 2938 δ

1441 3175 1541 3200 stratio:
1561 3177 1606 3208 τῆς
1623 3174 1742 3207 τοιαύτης
1757 3173 1906 3206 αποδείξεως
1925 3173 1967 3200 καὶ
1987 3178 2031 3209 τῆς
2046 3173 2134 3207 ἁπλῶς
2147 3172 2227 3202 εἰπεῖν
2243 3172 2403 3207 ἀποδείξεως.
2422 3175 2508 3203 innuit
2529 3184 2538 3190 ·

1441 3210 1482 3235 hic
1501 3219 1522 3235 s.
1539 3211 1634 3236 Doctor
1652 3218 1712 3236 cum
1730 3211 1869 3236 Aristotele
1888 3211 2134 3238 demonstrationem
2158 3212 2236 3246 quia,
2252 3213 2284 3238 de
2303 3221 2354 3246 qua
2372 3213 2423 3238 lato
2441 3211 2507 3239 insta

1443 3246 1499 3271 lect.
1518 3254 1586 3277 xxm,
1606 3254 1680 3279 seqq.

1495 3280 1519 3314 δ)
1536 3282 1584 3306 Ex
1596 3281 1688 3314 quibus
1699 3282 1737 3315 fit
1750 3281 1930 3315 syllogismus.
1940 3283 2005 3307 -lta
2019 3283 2039 3308 P
2054 3288 2079 3308 et
2093 3283 2176 3314 codd„
2191 3290 2244 3308 exc.
2259 3283 2292 3313 Η,
2307 3284 2351 3316 qui
2365 3282 2455 3309 habet:
2467 3288 2507 3308 ex

1441 3317 1534 3349 quibus
1545 3316 1620 3350 flunt
1639 3317 1891 3346 demonstrationes
1905 3323 1931 3342 et
1950 3318 1987 3342 M:
2007 3325 2045 3344 ex
2057 3318 2150 3351 quibus
2159 3318 2284 3351 procedit
2304 3316 2505 3344 demonstratio.

1443 3352 1542 3377 Revera
1561 3352 1753 3378 demonstratio
1777 3352 1870 3377 melius
1889 3352 2007 3385 exprimit
2025 3361 2047 3378 a.
2061 3353 2180 3378 ‘rhomae
2198 3353 2364 3385 sententiam,
2383 3359 2436 3386 qua
2458 3359 2506 3385 po-

1442 3387 1509 3412 nitur
1528 3388 1598 3420 quod
1617 3387 1816 3421 propositiones,
1833 3395 1864 3412 ex
1878 3388 1973 3420 quibus
1993 3388 2108 3422 procedit
2126 3388 2319 3420 demonstratio,
2334 3388 2428 3413 debent
2445 3394 2506 3413 esee

1442 3423 1614 3453 universales,
1633 3428 1661 3448 ut
1679 3431 1758 3456 supra
1777 3422 1891 3448 habitum
1911 3429 1959 3448 est.
1978 3424 2011 3449 Et
2029 3429 2097 3449 certe
2112 3424 2216 3457 quando
2235 3423 2254 3448 1>
2269 3428 2295 3449 et
2312 3423 2354 3448 alii
2372 3422 2446 3448 codd.
2469 3422 2506 3447 le-

1443 3463 1518 3490 gunt:
1532 3465 1570 3483 ex
1583 3458 1676 3491 quibus
1681 3458 1719 3491 fit
1731 3458 1909 3492 syllogismum
1925 3458 2172 3492 subintelligendum
2185 3464 2232 3490 est,
2253 3457 2507 3484 demonstrativus·-

1443 3493 1510 3518 Infra
1528 3494 1563 3518 A:
1583 3493 1654 3526 quod
1671 3493 1833 3527 significavit
1851 3494 1884 3519 de
1903 3493 1956 3519 dici
1974 3494 2007 3519 de
2025 3494 2111 3523 omni5
2128 3494 2167 3519 M:
2186 3493 2258 3527 quod
2270 3492 2404 3526 significat
2412 3499 2466 3525 per
2478 3499 2507 3517 se

1442 3532 1468 3554 et
1487 3529 1540 3554 dici
1554 3529 1586 3554 de
1600 3529 1672 3554 omni
1675 3536 1684 3558 ;
1704 3529 1779 3554 lectio
1793 3537 1845 3554 non
1861 3529 2019 3562 spernenda;
2037 3529 2073 3554 K:
2092 3529 2164 3562 quod
2176 3529 2311 3562 significat
2324 3528 2357 3554 de
2370 3527 2443 3553 omni
2446 3534 2456 3557 ,-
2469 3527 2506 3552 R:

1442 3564 1513 3596 quod
1530 3564 1679 3598 significent
1697 3564 1730 3589 de
1748 3564 1829 3589 omni.
