2548 4192
932 260 987 296 IN
1018 260 1056 296 S.
1078 258 1319 295 THOMAM
1346 259 1669 307 AQUINATEM

199 348 336 372 attamen
356 349 451 380 supra
469 339 633 370 rationem.
658 339 780 370 Diserte
795 339 838 370 ait
851 339 903 370 ille
920 339 1021 379 capite
1043 349 1078 368 111
1096 337 1206 378 aliqua
1222 338 1269 367 in-

199 385 412 426 telligibilium
431 384 613 415 divinorum
634 383 711 422 dari,
728 393 811 424 quae
826 384 998 421 humanae,
1017 389 1200 422 creataeque
1215 391 1269 411 cu-

198 430 312 470 iusque
337 429 473 459 rationis
490 428 622 468 penitus
651 428 810 458 excedunt
834 428 1023 468 ingenium:
1050 433 1080 457 et
1104 426 1204 466 capite
1226 436 1270 455 vn

199 474 328 505 veritati
339 473 434 514 fidei,
455 471 579 502 tametsi
602 471 764 502 humanae
788 478 819 502 et
843 478 962 502 creatae
986 471 1122 501 rationis
1145 471 1268 510 capaci-

199 523 295 549 tatem
320 517 496 554 excedenti,
527 525 590 546 non
616 525 684 546 esse
707 521 813 546 tamen
846 516 1030 546 contrarias
1058 515 1124 545 sive
1152 514 1269 554 primas

197 562 262 592 sive
285 561 359 591 inde
382 560 483 591 illatas
504 561 656 591 veritates
679 561 799 590 rationi
823 560 970 590 naturali
993 559 1125 599 pervias·

260 604 295 635 Id
318 604 486 635 veritatum
506 614 607 644 genus
626 604 761 644 pertinet
779 604 819 634 ad
838 604 955 642 Deum,
972 603 1153 634 cuiusmodi
1172 609 1218 633 est
1236 602 1269 632 in

197 659 240 680 se.
265 649 364 690 Atqui
383 648 531 679 notitiam
549 648 619 687 Dei,
639 648 821 679 cuiusmodi
840 655 887 678 est
904 648 938 678 in
957 657 1000 686 se,
1019 647 1138 678 viribus
1158 646 1269 677 nativis

197 693 339 724 obtinere
362 703 429 724 non
452 692 535 723 valet
558 703 648 723 mens
672 698 782 723 creata.
807 691 960 723 Nativum
981 692 1049 722 eius
1068 691 1177 722 lumen
1197 691 1269 721 sub-

198 737 378 768 ministrant
406 747 458 775 ea,
483 746 565 778 quae
594 736 675 768 facta
703 743 794 767 sunt:
824 742 926 767 creata
949 736 1065 767 scilicet
1087 736 1155 776 ipsa
1178 745 1269 766 mens

197 792 281 825 quae
303 791 360 823 per
382 781 529 812 intimam
553 781 780 812 conscientiam
801 791 834 811 se
853 781 943 812 novit
965 791 1002 811 ac
1025 780 1149 812 sensilia
1172 789 1268 821 quae-

197 836 261 867 que
276 825 389 857 hausta
404 835 461 866 per
476 836 596 856 sensus.
614 826 701 856 Haec
719 836 806 863 vero,
822 832 934 865 utpote
953 825 1060 856 effecta
1075 835 1093 855 a
1106 825 1176 855 Deo
1196 834 1269 865 pro-

197 871 309 909 ducta,
330 870 452 901 ducunt
474 870 507 900 in
531 870 674 900 eiusdem
703 869 936 910 cognitionem,
956 876 1122 910 tamquam
1149 869 1270 909 primae

198 922 328 945 causae:
349 921 380 945 at
397 914 518 953 eadem,
534 921 646 955 utpote
666 924 778 945 causae
796 914 946 944 virtutem
965 924 1031 944 non
1051 912 1269 954 adaequantia,

197 959 311 990 ducere
335 969 402 989 non
425 965 562 999 possunt
584 959 617 989 in
640 958 794 997 eiusdem,
814 958 995 988 cuiusmodi
1018 964 1065 988 est
1086 957 1120 987 in
1144 966 1192 995 se,
1212 967 1269 987 no-

197 1003 299 1034 titiam
323 1003 541 1044 adaequatam.
565 1003 653 1033 Haec
672 1002 782 1032 omnia
801 1002 946 1032 Thomas
964 1002 1043 1032 locis
1062 1001 1127 1031 iam
1145 1010 1269 1031 memo-

196 1047 286 1078 ratis:
307 1048 423 1089 quibus
449 1047 582 1078 efficitur
603 1046 810 1086 intelligibilia
828 1046 934 1076 divina
953 1046 1019 1076 dari
1036 1044 1198 1076 verissima
1217 1054 1269 1075 su-

197 1101 254 1133 pra
277 1098 432 1123 naturam.

263 1136 463 1166 Eorumdem
476 1133 723 1174 intelligibilium
736 1133 834 1164 veluti
849 1134 931 1164 duae
945 1133 1182 1172 distinguuntur
1192 1132 1270 1163 clas-

195 1190 254 1211 ses.
280 1179 361 1210 Sunt
383 1175 459 1217 alia,
483 1188 565 1219 quae
588 1177 800 1208 necessarium
824 1187 942 1208 nexum
965 1187 1032 1207 non
1055 1177 1172 1207 habent
1195 1186 1270 1206 cum

196 1230 309 1255 natura
317 1230 337 1267 3,
345 1223 401 1254 sed
420 1233 456 1253 ea
474 1229 582 1253 tamen
601 1229 676 1253 cum
695 1221 830 1252 naturali
848 1231 956 1252 rerum
974 1221 1086 1251 ordine
1108 1221 1178 1251 Deo
1202 1220 1270 1260 pla-

197 1268 263 1300 cuit
284 1277 344 1309 pro
373 1277 448 1298 suae
478 1266 649 1308 sapientiae
682 1266 816 1297 consilio
842 1275 900 1306 pro
929 1275 1069 1306 suaeque
1096 1264 1270 1298 voluntatis

196 1319 278 1344 nutu
302 1311 470 1352 colligare„
483 1312 613 1343 Praesto
637 1311 782 1351 exempla
811 1316 987 1350 suppetunt
1009 1309 1042 1340 in
1066 1309 1186 1340 unione
1213 1309 1270 1350 hy-

196 1356 361 1399 postatieff,
376 1356 411 1387 in'
423 1355 584 1396 originalis
599 1355 719 1396 peccati
735 1355 974 1396 propagatione,
995 1354 1028 1384 in
1051 1353 1270 1394 redemptione

197 1401 310 1432 mundi
334 1410 391 1442 per
414 1401 520 1431 Iesum
544 1400 720 1438 Christum,
740 1399 911 1430 hominum
934 1398 1107 1439 adoptione
1130 1398 1163 1429 in
1187 1398 1270 1429 filios

195 1446 267 1486 Dei,
282 1445 472 1476 haereditate
491 1451 627 1483 aeterna,
642 1454 724 1486 quae
744 1450 791 1475 est
808 1444 889 1474 visio
909 1443 991 1474 clara
1008 1443 1042 1473 in
1056 1443 1166 1484 patria.
1189 1443 1271 1474 Sunt

194 1490 255 1522 alia
277 1499 364 1529 vem,
384 1499 467 1531 quae
490 1499 608 1520 nexum
631 1488 749 1520 habent
771 1498 846 1520 cum
869 1494 982 1519 natura
1011 1497 1067 1518 seu
1099 1497 1174 1518 cum
1197 1487 1270 1518 effe-

195 1534 264 1574 ctis,
283 1544 366 1576 quae
391 1533 546 1565 naturalia
568 1533 784 1574 appellamus:
809 1532 866 1574 qui
889 1539 996 1563 tamen
1026 1541 1125 1563 nexus
1155 1531 1269 1562 rationi

194 1578 330 1610 naturali
349 1588 415 1609 non
434 1585 574 1619 apparet.
594 1578 633 1609 V.
650 1588 679 1618 g.
699 1578 781 1608 inter
799 1577 941 1608 conditas
965 1583 1120 1608 creaturas
1143 1583 1269 1618 tresque

194 1623 411 1655 sanctissimae
425 1622 589 1654 Trinitatis
603 1623 758 1653 Personas
774 1632 873 1653 nexus
891 1628 938 1652 est
947 1621 1151 1660 necessarius,
1166 1621 1269 1662 qualis

195 1678 326 1700 eausam
347 1667 429 1698 inter
447 1674 478 1698 et
495 1666 643 1698 effectum
665 1666 848 1705 intercedit;
873 1676 948 1697 cum
970 1672 1032 1696 tres
1049 1665 1174 1696 divinae
1197 1666 1270 1696 Per-

195 1721 294 1744 sonae
310 1712 476 1743 creationis
495 1722 579 1752 opus
598 1718 629 1742 et
647 1711 734 1742 aliud
752 1711 919 1752 quodlibet
937 1710 977 1741 ad
996 1717 1080 1742 extra
1099 1709 1195 1741 simul
1214 1720 1269 1750 pe-

195 1763 314 1798 ragant.
334 1757 442 1787 Nexus
461 1763 599 1788 attamen
618 1755 732 1787 rationi
751 1755 885 1786 naturali
902 1764 968 1786 non
983 1761 1131 1796 apparet:
1148 1754 1269 1795 quippe

196 1811 279 1843 quae
295 1801 334 1832 ab
354 1800 470 1832 effectis
488 1800 620 1842 quidem
638 1801 788 1831 virtutem
807 1810 843 1831 ac
862 1798 1131 1840 omnipotentiam
1150 1798 1270 1839 colligit

196 1845 337 1886 supremi
354 1845 554 1876 Conditor-is:
574 1845 674 1875 tribus
689 1851 796 1875 tamen
814 1844 964 1875 virtutem
978 1843 1059 1874 hanc
1074 1850 1106 1874 et
1119 1843 1269 1883 omnipo-

195 1890 338 1927 tentiam,
358 1899 457 1920 unam
471 1889 693 1930 eamdemque,
713 1889 833 1930 absque
851 1888 1007 1919 divisione
1026 1897 1062 1918 ac
1081 1887 1268 1926 diversitate,

194 1933 297 1965 inesse
316 1933 430 1965 divinis
453 1933 600 1965 Personis
619 1943 677 1965 nec
692 1933 803 1975 utique
825 1932 924 1972 novit,
945 1942 1049 1974 neque
1065 1942 1159 1963 nosse
1175 1932 1267 1963 valet.

2240 278 2395 303 CLXXXIX

1391 338 1458 369 Cur
1481 349 1555 379 ergo
1578 340 1658 371 ratio
1682 341 1846 380 naturalis,
1867 351 1948 382 quae
1970 342 2114 374 veritates
2138 344 2339 383 huiusmodi,
2359 356 2392 376 se

1324 383 1478 421 consulta,
1495 391 1672 424 perspectas
1691 384 1805 415 habere
1824 386 1944 426 nequit,
1965 387 2091 417 easdem
2110 388 2268 427 negaverit
2286 395 2341 420 aut
2359 389 2392 419 in

1322 426 1392 456 Deo
1417 427 1493 465 dari,
1513 435 1568 459 aut
1588 429 1716 459 revelari
1736 439 1754 459 a
1772 430 1842 460 Deo
1861 440 1965 469 posse,
1986 437 2041 461 aut
2059 431 2208 462 revelatas
2227 442 2293 462 non
2312 442 2390 471 esse,

1323 477 1434 510 utpote
1451 471 1704 503 commentitias?
1721 475 1769 504 Ac
1785 473 1889 514 primo
1906 484 2015 505 rerum
2033 476 2176 515 ipsarum
2196 476 2392 506 sensibilium

1316 515 1481 554 plurimas
1503 526 1562 547 nos
1587 518 1804 558 proprietates
1827 519 2019 558 ignoramus
2052 517 2161 561 (verba
2188 526 2263 550 sunt
2294 520 2393 550 sancti

1323 559 1469 590 Thomae
1498 560 1617 591 ibidem
1640 561 1740 602 capite
1755 559 1812 604 111)
1837 571 2012 603 earumque
2028 564 2286 603 proprietatum,
2311 573 2393 604 quas

1322 612 1418 634 sensu
1442 605 1721 644 apprehendimus,
1742 607 1899 637 rationem
1917 606 2064 648 perfecte
2083 608 2115 638 in
2129 607 2282 648 pluribus
2305 609 2392 638 inve-

1323 648 1395 678 nire
1418 658 1481 678 non
1499 659 1682 689 possumus.
1713 650 1805 681 Hanc
1833 650 1948 681 mentis
1977 657 2096 682 creatae
2125 652 2207 683 circa
2233 661 2282 682 res
2310 651 2394 692 ipsas

1323 692 1479 723 naturales
1493 692 1742 724 imbecillitatem
1764 694 1961 735 amplissimo
1978 702 2110 726 tractatu
2124 695 2318 736 patefaciunt
2331 695 2393 726 alii.

1323 736 1420 767 Hunc
1433 737 1592 778 desectum
1608 739 1640 768 in
1656 738 1752 769 rebus
1765 738 1994 779 cognoscendis
2003 739 2147 781 Aquinas
2163 746 2270 771 noster
2282 739 2392 780 paucis

1323 780 1458 811 indicat:
1483 791 1597 823 quem,
1613 782 1733 823 inquit,
1752 783 1892 823 quotidie
1915 785 2110 826 experimur.
2142 786 2194 815 An
2217 793 2292 825 ergo
2315 784 2393 814 vivi-

1324 824 1426 855 diores
1451 825 1646 866 tutioresque
1673 826 1753 856 vires
1781 826 1894 857 habeat
1922 827 2001 858 ratio
2030 834 2137 859 nostra
2160 828 2200 858 ad
2229 838 2280 867 ea,
2309 838 2391 869 quae

1323 868 1383 898 Dei
1406 875 1481 899 sunt
1502 868 1745 909 perscrutanda?

1391 913 1461 943 Imo
1484 913 1585 944 multo
1608 914 1748 954 amplius
1771 914 1859 945 illius
1880 916 2166 947 excellentissimae
2183 916 2392 954 substantiae,

1324 966 1407 996 quae
1429 958 1537 987 omnia
1561 958 1769 995 transcendit,
1793 958 2007 999 intelligibilia
2031 961 2229 1001 investigare
2250 961 2394 991 humana

1324 1002 1408 1031 ratio
1432 1011 1495 1031 non
1514 1001 1645 1042 sufficit.
1671 1001 1739 1032 Cur
1764 1011 1838 1042 ergo
1861 1003 1995 1033 revelata
2014 1004 2162 1044 mysteria
2185 1005 2225 1034 ad
2244 1004 2394 1035 excellen-

1323 1044 1479 1075 tissimam
1502 1045 1721 1083 substantiam,
1741 1055 1823 1086 quae
1846 1046 1955 1076 omnia
1975 1047 2176 1086 transcendit,
2195 1048 2394 1088 pertinentia,

1325 1098 1363 1118 eo
1387 1089 1477 1129 quod
1500 1098 1536 1119 ea
1560 1089 1633 1119 satis
1656 1099 1722 1119 non
1746 1089 1847 1129 capiS,
1868 1100 1971 1131 neque
2000 1091 2136 1122 rationes
2165 1102 2278 1122 eorum
2306 1102 2395 1122 com-

1324 1139 1427 1172 pertas
1443 1132 1550 1171 habes,
1566 1133 1665 1163 veluti
1682 1133 1898 1164 commentitia
1913 1133 2072 1165 reieceris?
2092 1135 2161 1165 Imo
2177 1136 2301 1166 divinae
2320 1137 2394 1166 sub-

1324 1176 1455 1206 stantiae
1478 1187 1574 1217 supra
1592 1183 1738 1207 naturam
1762 1184 1897 1208 creatam
1921 1188 2052 1208 omnem
2069 1189 2211 1210 excessus
2234 1179 2267 1210 id
2289 1190 2395 1210 neces-

1325 1220 1406 1250 sario
1426 1221 1577 1261 exposcit,
1594 1227 1630 1251 ut
1643 1221 1724 1251 vires
1739 1221 1773 1251 in
1789 1228 1901 1252 natura
1916 1231 1983 1252 non
1999 1230 2179 1263 suppetant,
2196 1233 2278 1264 quae
2291 1223 2395 1264 ipsam

1324 1264 1506 1295 cuiusmodi
1530 1271 1576 1296 est
1598 1265 1631 1295 in
1655 1275 1687 1295 se
1711 1265 1924 1306 adsequantur
1951 1273 2006 1297 aut
2025 1276 2071 1305 ea,
2091 1277 2173 1307 quae
2192 1268 2231 1298 de
2249 1267 2317 1307 ipsa
2342 1278 2395 1298 cu-

1323 1309 1463 1340 iusmodi
1478 1309 1566 1340 estin
1577 1319 1609 1340 se
1624 1309 1784 1340 enunciari
1798 1317 1944 1350 possunt,
1956 1310 2106 1351 attingere
2122 1311 2255 1342 valeant.
2276 1311 2395 1343 Mirum

1323 1353 1461 1395 denique
1484 1360 1515 1385 et
1537 1354 1712 1385 absurdum
1734 1353 1826 1393 foret,
1846 1354 1871 1384 si
1894 1354 2001 1385 divina
2024 1355 2197 1386 substantia
2214 1355 2257 1386 ita
2276 1363 2395 1387 creatae

1324 1398 1439 1429 mentis
1463 1398 1570 1429 nativo
1598 1398 1713 1429 lumini
1743 1398 1968 1438 innotesceret,
1988 1405 2025 1430 ut
2047 1399 2126 1429 nihil
2149 1399 2187 1430 de
2211 1409 2243 1430 se
2267 1400 2396 1441 suisque

1325 1442 1493 1483 profundis
1517 1449 1624 1483 posset
1642 1442 1827 1473 hominibus
1844 1450 1874 1474 et
1889 1443 2019 1483 Angelis
2035 1443 2208 1484 patefacere
2224 1444 2311 1474 Deus
2327 1454 2396 1484 gra-

1325 1487 1406 1518 tuito
1431 1487 1630 1517 revelationis
1653 1486 1825 1525 beneficio,
1845 1488 1935 1528 quod
1957 1487 2033 1528 ipsis
2057 1497 2124 1518 non
2152 1487 2278 1528 penitus
2308 1498 2395 1518 com-

1325 1538 1453 1572 pertum
1475 1538 1741 1572 perspectumque
1765 1538 1855 1563 esset.

1392 1576 1497 1607 Habet
1512 1576 1592 1607 ratio
1608 1575 1769 1614 naturalis,
1784 1575 1902 1617 inquis,
1913 1582 2099 1616 argumenta
2115 1582 2224 1607 contra
2237 1575 2311 1607 fidei
2327 1586 2396 1617 my-

1325 1620 1426 1651 steria.
1448 1620 1553 1651 Habet
1567 1620 1683 1651 scilicet
1697 1621 1840 1651 rationes
1862 1626 2056 1661 apparentes
2083 1618 2223 1663 (reponit
2237 1619 2396 1663 Aquinas)

1325 1665 1376 1696 vel
1393 1665 1591 1705 sophisticas,
1607 1665 1652 1696 ad
1668 1674 1750 1705 quas
1767 1665 1938 1696 solvendas
1961 1665 2050 1696 locus
2074 1665 2285 1706 relinquitur:
2307 1665 2397 1706 quod

1323 1709 1390 1749 ipse
1409 1709 1554 1740 Thomas
1568 1709 1691 1749 egregie
1710 1716 1740 1740 et
1758 1709 1914 1740 uberrime
1929 1709 2081 1749 praestitit
2099 1709 2132 1739 in
2151 1709 2213 1740 hoc
2229 1709 2396 1740 adversum

1324 1753 1441 1785 Gentes
1461 1753 1577 1794 Opere,
1592 1753 1626 1784 in
1644 1753 1712 1783 aliis
1729 1753 1856 1794 passim.
1877 1754 1965 1784 Haec
1984 1760 2058 1785 sunt
2075 1763 2151 1784 vero
2170 1763 2252 1794 quae
2273 1753 2397 1794 scripsit

1323 1797 1376 1828 ille
1400 1797 1433 1828 in
1457 1807 1514 1836 eo,
1533 1798 1623 1839 quod
1645 1807 1827 1836 versamus,
1847 1798 2032 1838 gravissimo
2056 1797 2230 1838 Religionis
2254 1797 2394 1838 negotio.

1324 1842 1412 1872 Haec
1430 1842 1553 1881 eadem,
1570 1852 1635 1872 non
1655 1842 1756 1883 plura,
1774 1848 1942 1882 praestant,
1959 1842 2100 1881 dilatant,
2116 1841 2311 1883 amplificant
2329 1841 2395 1872 suis

1324 1886 1357 1917 in
1381 1886 1538 1927 apologiis
1556 1886 1691 1917 illustres
1711 1886 1860 1928 doctique
1879 1886 1947 1925 viri,
1964 1887 2019 1928 qui
2039 1886 2176 1927 egregias
2195 1886 2394 1917 revelationis

1323 1930 1448 1962 divinae
1467 1931 1684 1973 revelataeque
1707 1931 1881 1972 Religionis
1904 1931 2055 1962 vindicias
2079 1937 2219 1972 egerunt.
