2548 4192
944 270 999 306 IN
1031 269 1070 306 S.
1093 269 1335 306 THOMAM
1362 270 1686 318 AQUINATEM

208 346 457 378 Commentariis
473 356 532 387 pro
550 356 607 376 sua
630 346 788 387 aequitate
811 346 968 378 iudicium
991 347 1069 378 ferat
1092 348 1200 378 lector.
1217 350 1282 378 An-

208 391 332 433 tiquam
354 390 534 421 versionem
554 400 638 420 nova
662 390 831 421 comitatur
854 392 984 422 Nicolai
1003 393 1184 423 Leoniceni.

274 434 380 466 Sancti
403 435 551 465 Thomae
574 434 816 475 Expositionem
842 437 874 466 in
893 436 968 466 XII
983 437 1281 477 Metaphysicorum

206 479 307 510 libros
320 479 504 509 Aristotelis
522 485 686 509 recensent
701 486 820 510 veteres
837 490 960 511 omnes.
978 480 1092 521 Operis
1109 480 1282 511 elucubrati

205 530 335 563 tempus
367 522 485 553 indicat
507 523 714 554 Ptolomaeus
746 524 917 554 Lucensis:
942 524 1010 556 Isto
1034 530 1175 565 tempore
1198 523 1281 566 (Ur-

205 567 280 598 bani
299 565 356 609 IV)
373 566 467 597 frater
495 567 633 598 nomas
656 573 767 598 tenens
789 568 930 599 studium
954 569 1087 606 Romae,
1119 570 1213 609 quasi
1236 574 1281 599 to-

204 616 271 642 tam
295 611 531 651 Philosophiam
558 611 737 642 Aristotelis
769 613 837 643 sive
859 613 1021 643 Moralem
1045 614 1112 644 sive
1133 614 1280 644 Natura-

205 655 267 686 lem
285 656 433 695 exposuit
456 661 486 686 et
510 656 543 686 in
566 657 721 697 scriptum
746 666 803 687 seu
827 663 1039 688 commentum
1065 658 1208 699 redegit:
1225 658 1283 688 sed

197 700 378 740 praecipue
401 699 548 730 Ethicam
574 705 604 730 et
626 701 886 742 Metaphysicam
901 702 1039 742 quodam
1058 703 1224 743 singulari
1251 707 1282 733 et

203 753 286 774 novo
310 743 404 774 modo
427 744 587 774 tradendi.
603 744 793 775 parisienses
810 746 1015 786 quamplures
1039 746 1202 777 Echardus
1227 757 1280 777 co-

202 787 288 818 dices
311 794 461 826 recenset,
479 788 644 819 Romanae
661 789 793 820 editioni
819 790 953 820 omnino
982 800 1153 821 consonos.
1183 790 1280 821 Codi-

202 841 274 863 cem
298 831 551 863 Saniacobaeum
574 832 672 871 affert,
697 833 753 874 qui
773 834 1032 865 Commentarios
1056 845 1185 875 prorsus
1210 845 1280 865 eos-

203 876 278 906 dem
306 876 467 915 continet,
492 877 541 907 his
572 883 710 908 attamen
741 878 931 909 adnotatum
960 879 1081 909 verbis:
1104 879 1172 910 Hic
1200 879 1281 909 liber

191 919 268 962 fuit
291 922 484 961 compositus
499 931 519 951 a
530 921 584 962 fr.
601 922 731 952 Alberto
750 923 908 963 Episcopo
928 924 1031 953 nostri
1050 922 1183 954 Ordinis
1206 933 1279 954 con-

202 969 316 995 ventus
338 965 542 996 Senonensis.
576 978 592 993 a<
605 966 747 996 Huiusce
765 967 911 997 coenobii
928 967 1072 998 codicem
1088 967 1163 997 alias
1183 967 1279 998 fuisse

204 1021 219 1036 x
238 1009 372 1040 libenter
396 1010 605 1040 concesserim
628 1007 795 1052 (Echardi
811 1011 908 1042 verba
923 1009 1036 1053 sunt):
1061 1011 1116 1041 sed
1144 1018 1218 1042 utut
1240 1011 1280 1042 sit

203 1065 218 1080 »
239 1053 278 1083 de
292 1053 353 1084 isto
368 1054 499 1084 Alberto
516 1053 679 1094 Episcopo
696 1055 789 1085 nobis
806 1055 933 1095 penitus
948 1055 1072 1095 ignoto,
1095 1062 1216 1086 certum
1233 1062 1280 1086 est

203 1109 220 1125 ³
239 1097 333 1138 Opus
353 1107 420 1128 esse
448 1108 472 1128 s.
497 1097 645 1128 Thomae
669 1099 702 1128 in
725 1099 802 1129 XII
812 1100 1112 1140 Metaphysicorum
1137 1099 1245 1130 libros.
1259 1111 1275 1127 ›

199 1140 288 1172 Cum
305 1141 436 1182 antiqua
451 1141 608 1180 versione,
625 1151 710 1172 nova
726 1149 848 1183 prostat
861 1144 1085 1175 aBessarione
1106 1143 1278 1174 Cardinali

198 1185 323 1216 Niceno
347 1184 502 1216 confecta.

266 1229 305 1261 11.
331 1229 590 1260 Commentarios
613 1229 766 1262 hactenus
789 1237 985 1262 memoratos
1004 1230 1118 1272 excipit
1139 1231 1276 1271 Exposi-

198 1274 244 1305 tio
267 1274 301 1304 in
325 1274 444 1304 librum
467 1274 520 1304 De
542 1275 669 1312 causis,
695 1285 794 1316 quam
815 1282 936 1306 veteres
968 1285 1082 1306 omnes
1114 1282 1278 1307 recensent

199 1327 235 1349 ac
257 1318 583 1359 Thomae,Aquinati
606 1319 760 1350 tribuunt.
784 1319 871 1350 Libri
903 1319 1076 1360 specimen,
1101 1326 1276 1359 auctorem,

197 1371 236 1393 ac
257 1359 442 1403 interpretes
475 1362 624 1403 patefacit
645 1373 670 1394 S.
697 1363 843 1394 Thomas
875 1363 1012 1395 lectione
1041 1375 1051 1394 1
1080 1374 1148 1395 non
1180 1365 1276 1404 longe

197 1406 237 1437 ab
259 1407 358 1438 intio:
379 1407 626 1446 «Inveniuntur,
641 1408 800 1448 inquiens,
816 1408 975 1449 quaedam
997 1409 1038 1439 de
1049 1410 1170 1449 primis
1181 1410 1275 1449 prin-

199 1462 215 1482 »,
234 1452 326 1492 cipiis
354 1451 552 1492 conscripta,
571 1461 636 1492 per
667 1452 814 1483 diversas
839 1454 1078 1493 propositiones
1109 1453 1275 1492 distincta,

198 1507 217 1524 »-
233 1495 325 1536 quasi
348 1505 404 1536 per
427 1496 569 1526 modum·
587 1495 749 1536 sigillatim
777 1497 1047 1528 considerantium
1073 1497 1194 1538 aliquas
1222 1508 1273 1528 ve-

198 1551 215 1568 »
233 1540 350 1572 ritates.
366 1540 408 1572 Et
432 1541 464 1571 in
487 1550 610 1582 graeco
640 1540 773 1581 quidem
804 1540 964 1572 invenitur
997 1541 1115 1573 scilicet
1142 1542 1274 1573 traditus

198 1595 216 1614 a
234 1584 316 1616 liber
345 1585 477 1616 Proculi
508 1585 686 1623 Platonici,
713 1585 879 1616 continens
911 1586 1063 1617 ducentas
1097 1592 1128 1617 et
1155 1596 1274 1617 novem

196 1639 213 1656 ι
232 1628 486 1670 propositiones:
504 1629 560 1669 qui
575 1628 754 1660 intitulatur
766 1630 914 1661 Elevatio
929 1628 1172 1673 (Elementatio)
1187 1631 1272 1662 theo—

198 1684 214 1702 a
234 1673 352 1714 logica.
381 1673 417 1703 In
440 1673 576 1704 Arabico
609 1683 684 1703 vero
717 1674 878 1705 invenitur
908 1674 961 1705 hic
983 1674 1082 1713 liber,
1106 1675 1162 1716 qui
1187 1676 1273 1716 apud

197 1729 213 1744 »
231 1717 347 1748 latinos
364 1718 417 1748 De
439 1718 547 1748 causis
570 1717 700 1748 dicitur:
725 1728 824 1759 quem
843 1725 966 1750 constat
988 1719 1028 1749 de
1050 1720 1182 1750 arabico
1205 1729 1272 1750 esse

197 1773 214 1789 2
231 1761 421 1793 nanslatum
444 1768 475 1792 et
498 1763 531 1792 in
554 1771 676 1803 graeco
707 1762 834 1802 penitus
866 1772 934 1793 non
964 1763 1082 1794 haberi.
1109 1764 1202 1794 Unde
1225 1764 1271 1794 vi-

195 1817 212 1834 ›
231 1806 324 1837 detur
357 1806 396 1836 ab
430 1805 539 1847 aliquo
571 1806 844 1847 philosophorum
876 1807 1021 1838 Arabum
1049 1817 1087 1838 ex
1109 1807 1270 1848 praedicto

195 1861 212 1878 »
229 1849 312 1881 libro
326 1850 459 1881 Proculi
481 1856 662 1890 excerptus:
686 1850 871 1891 praesertim
889 1851 965 1892 quia
987 1851 1115 1890 omnia,
1139 1862 1221 1893 quae
1236 1852 1269 1883 in

194 1905 212 1923 »
227 1893 290 1925 hoc
313 1894 395 1925 libro
419 1894 633 1933 continentur,
668 1895 773 1926 multo
797 1895 924 1936 plenius
947 1902 978 1927 et
1001 1895 1146 1927 diffusius
1170 1897 1269 1928 conti-

194 1950 211 1966 »
227 1943 344 1970 nentur
365 1938 400 1969 in
422 1938 490 1969 illo.
505 1951 520 1966 ι

259 1982 392 2023 Optima
407 1982 478 2023 crisi
493 1983 610 2014 librum
633 1983 685 2014 De
704 1984 811 2014 causis
830 1985 918 2024 apud
934 1984 1052 2015 latinos
1071 1984 1194 2016 dictum
1219 1985 1267 2016 di-

191 2026 324 2068 stinguit
346 2027 491 2068 Aquinas
514 2027 553 2058 ab
573 2027 645 2067 ipso
661 2027 789 2059 Proculi
805 2028 991 2069 philosophi
1015 2037 1129 2069 opere:
1145 2030 1268 2070 ipsum-

190 2081 255 2112 que
277 2071 439 2103 verissime
462 2071 556 2102 tradit
579 2071 625 2102 nil
648 2072 735 2102 aliud
753 2065 837 2111 ⁴esse,
859 2073 920 2103 nisi
942 2073 1137 2114 Excerptum
1165 2074 1268 2116 quod-

191 2115 266 2147 dam
289 2126 327 2147 ex
350 2115 466 2147 eodem
488 2116 615 2147 Proculi
648 2126 764 2156 opere,
796 2117 918 2148 arabice
949 2117 1131 2149 confectum
1163 2129 1199 2150 ac
1222 2118 1267 2149 la-

190 2159 256 2191 tine
278 2166 391 2201 postea
414 2160 611 2191 translatum.
634 2162 686 2191 An
701 2161 796 2191 istam
819 2161 1004 2200 exarabico
1027 2163 1267 2194 translationem

190 2203 362 2235 confecerit
385 2204 577 2235 Guillelmus
600 2205 640 2235 de
662 2203 835 2236 Morbeka?
859 2206 1021 2246 Integrum
1049 2207 1154 2238 Procli
1183 2218 1267 2248 opus

188 2257 208 2279 a
222 2249 376 2280 Morbeka
390 2248 486 2280 latine
501 2249 677 2288 redditum,
702 2249 853 2281 evincunt
877 2250 1001 2281 codices
1025 2250 1219 2283 Sorbonicus
1236 2259 1267 2283 et

188 2291 384 2332 Victorinus,
400 2293 434 2324 in
448 2293 565 2334 quibus
581 2293 659 2324 haec
674 2294 848 2325 habentur:
867 2295 976 2326 Procli
991 2295 1152 2327 Diadochi
1172 2297 1266 2338 Tyrii

191 2349 208 2364 ι
226 2337 386 2368 Platonici
402 2338 587 2378 philosophi
603 2338 819 2370 Elementatio
837 2339 1027 2381 theologica.
1049 2340 1264 2381 Principium:

189 2393 207 2409 ι
229 2381 343 2413 Omnis
361 2382 715 2423 multitudoparticzpat
728 2384 915 2424 aliqualiter
925 2394 1000 2415 uno.
1009 2384 1105 2415 Finis:
1121 2385 1265 2425 Explicit

190 2438 206 2454 ι
225 2426 402 2466 capitulum
435 2437 515 2457 ccxr.
542 2426 714 2467 Completa
741 2427 803 2459 fuit
834 2428 996 2459 translatio
1029 2428 1126 2459 huius
1159 2430 1264 2469 operis

189 2482 206 2498 »
224 2470 357 2502 Viterbii
380 2480 399 2500 a
421 2470 514 2501 fratre
538 2470 577 2502 G.
596 2471 634 2501 de
657 2472 810 2502 Morbeka
833 2472 963 2503 Ordinis
983 2472 1116 2503 fratrum
1138 2473 1263 2504 Praedi-

189 2527 205 2543 ι
227 2521 383 2553 catorum,
398 2525 439 2545 xv
454 2514 497 2545 kl.
513 2514 594 2545 iunii
608 2525 694 2546 anno
708 2516 841 2546 Domini
855 2516 1027 2547 millesimo
1044 2517 1262 2549 ducentesimo

188 2571 204 2587 »
223 2559 418 2599 sexagesimo
433 2565 558 2590 octavo.
572 2571 587 2587 »
605 2559 694 2590 Dum
708 2560 751 2591 ait
766 2571 791 2591 s.
802 2561 947 2591 Thomas
962 2561 1065 2592 Procli
1080 2561 1198 2592 librum
1228 2564 1261 2593 in

185 2602 308 2645 gr'aeco
332 2604 491 2641 inveniri,
511 2613 592 2634 num
614 2603 733 2635 indicio
749 2604 844 2636 fuerit
859 2605 1007 2636 nondum
1022 2605 1154 2636 latinam
1179 2606 1260 2637 eius-

185 2648 261 2678 dem
283 2657 302 2678 a
324 2648 477 2678 Morbeka
499 2647 679 2678 versionem
703 2649 880 2680 confectam
903 2649 1011 2689 fuisse,
1031 2660 1106 2681 cum
1129 2661 1188 2682 suo
1207 2651 1261 2682 ille

184 2691 427 2724 Commentario
450 2691 570 2722 librum
591 2693 643 2723 De
665 2695 773 2724 causis
795 2693 982 2725 illustraret?
1005 2694 1104 2725 Aliud
1134 2703 1259 2735 praesto

183 2736 310 2767 videtur
337 2745 405 2767 esse
429 2736 584 2767 indicium
607 2747 645 2768 ex
669 2738 811 2778 capitum
834 2745 890 2769 aut
912 2739 1174 2779 propositionum
1198 2750 1259 2771 nu-

184 2790 286 2819 mero,
310 2791 390 2822 quas
412 2781 557 2821 Aquinas
580 2780 735 2813 ducentas
758 2788 789 2813 et
812 2792 924 2814 novem
949 2790 1114 2823 numerat,
1138 2784 1259 2815 ducen-

183 2830 236 2856 tas
258 2830 289 2856 et
312 2825 458 2856 undecim
482 2825 645 2857 Morbeka.

250 2869 300 2900 De
322 2869 436 2900 Proclo
460 2869 560 2911 Lycio
584 2871 650 2901 lato
674 2871 738 2911 agit
761 2871 884 2902 calamo
909 2872 954 2902 Io.
975 2872 1125 2903 Albertus
1148 2873 1257 2904 Fabri-

185 2912 258 2943 bius
280 2913 314 2943 in
337 2912 533 2944 Bibliotheca
552 2913 672 2946 Graeca
693 2915 775 2945 libro
792 2916 831 2954 V,
851 2926 918 2956 cap.
935 2926 1019 2947 xxw.
1044 2916 1158 2957 Operis
1182 2918 1257 2948 titu-

183 2956 256 2987 lum
270 2966 419 2996 graecum
433 2957 535 2988 affert:
553 2958 770 3003 Στοιχείωσις
786 2956 979 3005 θεολογική,
998 2959 1169 3003 κεφάλαια
1187 2963 1256 2993 σία.

185 3000 350 3031 Institutio
377 3001 576 3043 theologica,
610 3004 675 3034 sive
706 3004 946 3044 Propositiones
972 3015 1046 3036 211.
1073 3007 1139 3037 Sub
1163 3007 1256 3038 titulo

183 3044 425 3076 Elementorum
446 3046 698 3088 theologicorum
720 3048 817 3079 latina
837 3049 940 3080 versio
959 3049 1117 3081 Francisci
1132 3051 1256 3082 Patricii

182 3088 290 3119 lucem
305 3089 463 3120 Ferrariae
481 3090 560 3122 vidit
587 3102 597 3121 1
607 3091 681 3131 583,
696 3102 728 3132 4.
746 3092 971 3134 Antiquiorem
986 3095 1156 3126 Morbekae
1173 3102 1256 3126 tran-

2285 288 2417 316 CCLXIII

1337 348 1516 388 slationem,
1534 351 1665 382 Viterbii
1687 362 1728 382 xv
1751 353 1812 383 kal.
1829 353 1909 383 iunii
1927 363 2011 384 anno
2037 355 2119 384 1268
2140 356 2348 397 completam,
2368 360 2418 389 ex‘

1336 399 1401 423 tare
1416 394 1450 424 in
1466 394 1675 426 bibliothecae
1691 395 1863 428 Caesareae
1883 398 2017 439 antiquo
2042 398 2153 429 codice
2176 401 2418 433 membranaceo

1337 437 1392 469 fol.
1410 444 1563 470 testantur
1586 440 1775 471 Lambecius
1799 448 1830 472 et
1853 442 2026 473 Nesselius.

1402 482 1550 513 Tomum
1573 484 1617 515 IV
1640 484 1787 515 editionis
1811 486 1977 516 Romanae
2001 486 2126 517 claudit
2150 487 2248 518 Liber
2269 489 2320 518 De
2348 495 2420 520 ente

1336 531 1367 556 et
1389 528 1537 565 essentia,
1556 538 1631 558 cum
1655 528 1896 560 Commentario
1922 530 2072 561 Thomae
2091 530 2247 562 Caietani.
2266 533 2420 573 Aquinati

1335 569 1453 600 librum
1475 571 1658 603 adiudicant
1680 580 1809 604 veteres.
1826 574 2012 605 Elucubrati
2033 574 2196 615 Opusculi
2220 582 2347 616 tempus
2371 577 2416 607 in-

1336 614 1418 645 dicat
1441 615 1648 647 Ptolomaeus
1681 618 1833 648 Lucensis
1856 618 1890 648 in
1914 618 1998 649 Hist.
2016 619 2093 650 eccl.
2111 619 2195 659 libro
2220 620 2343 659 XXIII,
2368 631 2416 652 ca—

1335 658 1399 698 pite
1422 666 1484 690 xn:
1518 660 1712 692 ‹Tractatus
1734 662 1786 692 De
1805 668 1877 693 ente
1905 668 1935 693 et
1958 664 2097 694 essentia
2122 662 2298 707 (inquiens)
2318 674 2415 706 quem

1337 715 1353 730 x>
1372 703 1495 743 scripsit
1517 705 1557 734 ad
1588 704 1696 736 fratres
1720 712 1751 736 et
1770 706 1894 745 socios,
1919 707 2068 738 nondum
2098 708 2231 738 existens
2254 709 2414 748 magister,

1338 759 1352 774 »
1372 747 1428 788 qui
1445 747 1489 778 sic
1512 747 1641 788 incipit:
1670 749 1755 786 Quia
1766 760 1893 790 parvus
1912 761 2008 781 error
2031 753 2064 781 in
2082 753 2257 792 principio.
2271 764 2286 779 ιν
2313 753 2412 794 Magi-

1335 797 1397 821 ster
1419 791 1521 822 dictus
1544 793 1688 833 Aquinas
1722 793 1782 825 fuit
1814 805 1899 825 anno
1929 796 2010 826 1256
2036 802 2092 826 aut
2114 796 2319 837 insequente:
2347 798 2413 828 iam

1335 845 1409 875 ergo
1445 835 1650 876 Opusculum
1682 838 1926 869 elucubraverat.
1961 840 2193 880 Nuncupatum
2219 840 2342 883 [dicitur
2369 842 2413 873 ad

1333 879 1469 910 Fratres
1498 886 1529 911 et
1547 880 1657 912 Socios
1672 889 1684 912 .·
1708 882 1773 912 iam
1803 892 1877 922 ergo
1910 883 2088 914 confecerat
2112 884 2221 924 ipsum
2252 892 2324 916 ante
2357 896 2410 917 an-

1334 933 1414 953 num
1434 925 1514 954 1253
1542 934 1609 965 quo
1635 925 1771 956 Parisios
1799 926 1961 966 profectus
1990 934 2054 966 est,
2079 928 2207 968 publice
2234 929 2410 961 Sententias

1334 967 1566 1007 explanaturus.
1732 996 1736 999 .

1399 1012 1545 1042 Primum
1568 1012 1648 1043 tomi
1672 1013 1776 1054 quinti
1799 1013 1832 1043 in
1856 1014 1994 1045 editione
2013 1015 2162 1046 Romana
2185 1016 2296 1047 locum
2324 1025 2411 1050 tenet

1332 1055 1500 1095 Expositio
1524 1057 1556 1086 in
1580 1057 1687 1087 decem
1712 1057 1811 1088 libros
1833 1059 2021 1089 Ethicorum
2044 1060 2230 1091 Aristotelis
2248 1062 2292 1092 ad
2313 1062 2409 1093 Nico-

1332 1099 1491 1130 machum.
1512 1100 1603 1130 Hanc
1626 1107 1746 1131 veteres
1765 1111 1877 1132 omnes
1901 1110 2073 1134 recensent.
2094 1104 2129 1134 In
2153 1104 2188 1134 id
2212 1115 2295 1145 opus
2319 1106 2408 1137 incu—

1332 1143 1438 1173 buisse
1461 1144 1656 1184 Aquinatem
1679 1150 1822 1185 tempore
1846 1146 1965 1176 Urbani
1982 1147 2025 1178 IV
2048 1154 2179 1178 testatur
2201 1149 2407 1182 Ptolomaeus

1332 1187 1372 1216 de
1394 1187 1501 1218 Luca:
1518 1198 1585 1228 quo
1609 1198 1726 1229 nempe
1750 1194 1861 1220 tenens
1879 1191 2020 1221 studium
2044 1192 2178 1230 Romae,
2196 1195 2289 1233 quasi
2309 1200 2407 1226 totam

1331 1231 1567 1272 Philosophiam
1599 1233 1668 1264 sive
1689 1234 1851 1264 Moralem
1883 1235 1950 1265 sive
1981 1235 2175 1266 Naturalem
2201 1239 2348 1277 exposuit
2376 1245 2407 1270 et

1331 1276 1364 1305 in
1387 1277 1542 1316 scriptum
1565 1277 1633 1307 sive
1656 1283 1867 1308 commentum
1901 1279 2036 1320 redegit.
2064 1279 2129 1310 Sub
2152 1281 2319 1322 Aquinatis
2349 1293 2407 1314 no-

1331 1319 1417 1350 mine
1440 1320 1474 1350 in
1501 1321 1731 1361 typographiae
1754 1322 1954 1353 incunabulis
1978 1323 2096 1363 prodiit
2122 1325 2241 1366 absque
2265 1336 2350 1357 anno
2374 1334 2406 1358 et

1329 1363 1403 1394 loco
1427 1365 1514 1404 apud
1533 1365 1742 1396 Laurentium
1766 1366 1923 1407 Philippi,
1947 1368 2166 1408 Artificiosum
2187 1371 2405 1410 compendium

1330 1408 1487 1439 librorum
1506 1409 1641 1440 Ethicae
1658 1410 1850 1442 Aristotelis.
1867 1411 2127 1443 Abiudicandum
2144 1423 2162 1443 a
2178 1414 2308 1445 Thoma
2326 1415 2407 1446 hanc

1328 1452 1418 1483 iubet
1441 1454 1607 1494 synopsim
1630 1454 1813 1494 Echardus‚
1845 1462 1958 1496 utpote
1991 1456 2118 1487 saeculo
2142 1467 2183 1487 xv
2216 1458 2405 1490 confectam.

1330 1497 1365 1527 In
1389 1498 1587 1537 expositione
1611 1498 1799 1529 Ethicorum
1822 1499 1936 1530 latinas
1959 1500 2119 1531 versiones
2151 1508 2287 1542 praestat
2310 1503 2407 1534 editio

1327 1541 1485 1580 Romana,
1509 1543 1674 1583 antiquam
1697 1544 1875 1574 Morbehae
1897 1551 1929 1575 et
1951 1554 2071 1575 novam
2093 1546 2309 1587 Argyropoli.

1396 1586 1553 1626 Integram
1572 1588 1605 1617 in
1629 1592 1699 1618 octo
1723 1588 1822 1619 libros
1843 1589 2051 1619 Politicorum
2075 1589 2318 1630 Eat-positionem
2344 1592 2405 1622 exi-

1327 1629 1470 1660 stimasse
1493 1631 1671 1671 genuinum
1690 1631 1837 1663 Thomae
1861 1632 1986 1664 foetum
2008 1633 2156 1664 videntur
2174 1635 2314 1666 Romani
2339 1636 2405 1666 edi-

1327 1680 1421 1705 tores.
1440 1675 1515 1705 Non
1539 1675 1582 1706 ita
1604 1682 1741 1714 veteres,
1766 1677 1964 1716 Logotheta,
1988 1678 2098 1708 Petrus
2122 1678 2299 1718 Rogerius,
2330 1680 2404 1711 Ber-

1327 1718 1444 1749 nardus
1461 1718 1630 1758 Gnidonis,
1646 1720 1895 1760 Valleoletanus,
1912 1732 1936 1752 s.
1953 1722 2147 1760 Antoninus,
2164 1723 2220 1764 qui
2237 1724 2405 1755 Thomam

1327 1762 1486 1803 scripsisse
1518 1770 1673 1795 testantur
1694 1774 1793 1805 super
1813 1771 1954 1806 quatuor
1972 1766 2071 1797 libros
2088 1767 2307 1799 Politicorum.
2333 1769 2403 1799 Imo

1325 1807 1500 1847 Theophili
1534 1807 1760 1839 Cremonensis
1792 1809 1870 1840 Ord.
1904 1810 2044 1841 Praedic.
2081 1809 2161 1853 (qui
2195 1821 2280 1843 anno
2320 1823 2397 1855 1471

1328 1850 1570 1882 Commentaria
1597 1862 1624 1883 s.
1649 1853 1789 1884 Thomae
1815 1854 1856 1884 de
1877 1855 2024 1895 Aquino,
2054 1865 2075 1885 a
2098 1865 2134 1886 se
2160 1856 2337 1897 diligenter
2359 1858 2403 1888 ad

1325 1897 1434 1927 varios
1457 1896 1580 1928 codices
1603 1907 1678 1928 mss.
1699 1899 1884 1939 recognita,
1910 1900 1942 1929 in
1966 1900 2148 1930 Aristotelis
2171 1900 2269 1931 libros
2291 1901 2324 1931 in
2347 1901 2396 1932 lu-

1324 1949 1394 1970 cem
1422 1940 1561 1972 Venetiis
1594 1942 1681 1982 apud
1710 1942 1872 1973 Bonetum
1904 1943 2103 1974 Locatellum
2136 1943 2291 1987 protulit)
2320 1945 2397 1976 haec

1322 1985 1417 2015 verba
1441 1992 1516 2016 sunt
1538 1985 1571 2016 in
1593 1986 1755 2026 Prologo:
1773 1999 1788 2014 ι
1802 1987 1837 2017 In
1863 1987 1945 2018 duos
1966 1988 2165 2019 solummodo
2186 1989 2393 2020 Politicorum

1324 2042 1339 2057 ι
1360 2039 1435 2059 cum
1458 2030 1579 2061 maiore
1606 2036 1706 2071 parte
1727 2032 1833 2062 tertii:
1855 2031 1915 2062 hos
1939 2041 2078 2073 namque
2102 2032 2188 2063 solos
2212 2033 2312 2073 reperi
2346 2034 2392 2064 di-

1323 2087 1338 2101 »
1361 2083 1439 2104 vum
1458 2074 1633 2105 Doctorem
1652 2075 1884 2106 accuratissime
1903 2082 2146 2115 commentasse‚
2162 2077 2235 2108 licet
2248 2078 2397 2109 nonnulli

1323 2131 1339 2146 »
1358 2125 1497 2149 asserant
1510 2119 1618 2159 ipsum
1634 2119 1667 2150 in
1684 2129 1795 2150 omnes
1810 2120 2019 2151 Politicorum
2039 2121 2137 2151 libros
2157 2121 2396 2153 Commentaria

1323 2175 1337 2190 »
1358 2162 1502 2194 edidisse.
1520 2163 1582 2194 Sed
1605 2164 1630 2194 si
1654 2164 1698 2195 sic
1720 2164 1844 2202 volunt,
1860 2164 2003 2195 ‘referant
2026 2165 2174 2203 obsecro,
2198 2166 2284 2196 unde
2307 2173 2393 2197 tanta

1322 2220 1337 2234 ›
1357 2207 1498 2248 obrepsit
1521 2207 1768 2239 Commentariis
1793 2208 1953 2239 diversitas
1977 2215 2051 2248 post
2073 2209 2232 2240 dimidiati
2250 2211 2337 2241 tertii
2353 2211 2391 2241 li-

1322 2264 1337 2279 »
1356 2251 1407 2282 bri
1430 2253 1745 2283 commentationem.
1764 2252 2003 2283 commentatio
2020 2253 2126 2294 itaque
2150 2254 2202 2283 illa
2226 2264 2292 2284 non
2316 2254 2391 2285 divo

1321 2308 1336 2323 »
1356 2295 1499 2335 Doctori,
1517 2297 1572 2327 sed
1591 2297 1775 2327 doctissimo
1796 2296 1864 2327 viro
1884 2297 1977 2327 Petro
1995 2297 2189 2329 Alvernati...
2207 2298 2262 2339 qui
2278 2298 2311 2329 in
2328 2299 2392 2330 suis

1320 2352 1335 2367 ›
1356 2340 1591 2371 commentariis
1615 2351 1674 2381 pro
1698 2351 1791 2381 posse
1816 2341 1961 2372 divinum
1976 2341 2151 2372 Doctorem
2175 2349 2301 2373 secutus
2325 2350 2391 2382 est,

1320 2396 1335 2411 ι
1355 2384 1559 2415 adscribenda
1587 2392 1651 2416 est:
1675 2385 1804 2426 reliquis
1833 2385 1919 2416 enim
1950 2385 2033 2416 Petri
2067 2387 2390 2418 commentationibus

1319 2441 1335 2456 »
1354 2428 1431 2459 haec
1463 2429 1496 2459 in
1526 2430 1733 2460 Politicorum
1763 2430 1862 2460 libros
1887 2430 2197 2468 commentationum
2229 2431 2389 2472 suppletio

1319 2485 1333 2499 2
1353 2473 1531 2513 plurimum
1547 2473 1669 2504 alludit.
1684 2486 1698 2501 »
1718 2474 1891 2514 Theophili
1910 2474 2028 2505 iudicio
2049 2481 2204 2506 consonat
2220 2476 2319 2506 codex
2333 2476 2391 2506 Pa-

1316 2517 1453 2547 risiensis
1477 2517 1581 2558 regius
1605 2518 1691 2558 apud
1714 2518 1916 2557 Echardum3
1939 2519 1973 2549 in
1996 2529 2063 2559 quo
2091 2531 2106 2547 ‹
2122 2518 2390 2560 :Commentarius

1318 2573 1332 2588 »
1351 2562 1441 2593 solus
1463 2560 1634 2604 (Echardo
1658 2561 1852 2605 adnotante)
1877 2564 1909 2593 in
1928 2564 2073 2604 primum
2107 2569 2138 2594 et
2159 2564 2334 2595 secundum
2359 2570 2390 2595 et

1317 2617 1332 2632 ι
1353 2607 1385 2636 in
1410 2607 1540 2637 tertium
1564 2607 1608 2637 ad
1625 2607 1731 2648 finem
1756 2607 1901 2638 lectionis
1925 2613 2037 2638 sextae
2056 2613 2181 2638 tantum
2209 2618 2235 2639 s.
2255 2609 2390 2639 Doctori

1317 2663 1332 2678 »
1351 2651 1566 2682 adscribitur:
1589 2651 1675 2682 unde
1698 2651 1741 2682 ibi
1762 2653 1810 2682 sic
1830 2652 1973 2693 legitur:
1988 2652 2124 2692 Explicit
2142 2652 2295 2683 sententia
2317 2653 2388 2683 libri

1316 2707 1332 2723 ιν
1350 2695 1569 2726 Politicorum.
1591 2695 1728 2726 Caetera
1745 2705 1820 2727 vero
1844 2696 2000 2737 adfinem
2018 2696 2093 2726 libri
2110 2698 2224 2734 octavi,
2242 2698 2389 2738 quamvis

1316 2752 1331 2767 »
1351 2739 1461 2770 eadem
1493 2741 1559 2771 sint
1581 2750 1666 2781 quae
1691 2740 1751 2771 sub
1770 2741 1898 2771 nomine
1919 2750 1946 2771 s.
1975 2741 2115 2771 Thomae
2138 2741 2328 2771 exhibentur
2351 2742 2386 2772 in

1315 2797 1330 2812 1>
1350 2784 1462 2822 editis,
1481 2794 1545 2815 non
1562 2785 1621 2823 illi,
1640 2785 1698 2815 sed
1711 2785 1806 2815 Petro
1820 2785 1860 2815 de
1874 2785 2030 2816 Alvernia
2053 2785 2312 2815 adscribuuntur.
2333 2785 2387 2816 Sic

1314 2841 1329 2856 ι
1349 2830 1433 2859 enim
1457 2829 1593 2859 habetur
1615 2829 1659 2859 ad
1681 2830 1820 2860 calcem:
1843 2829 2024 2869 Expliciunt
2043 2829 2156 2869 scripta
2179 2839 2274 2869 super
2288 2829 2385 2859 libros

1314 2884 1329 2901 ι
1349 2873 1559 2904 Politicorum
1582 2873 1665 2904 edita
1688 2883 1706 2903 a
1729 2873 1879 2913 magistro
1898 2874 1991 2904 Petro
2011 2874 2050 2903 de
2073 2873 2230 2903 Alvernia.
2265 2874 2383 2903 Tamen

1314 2931 1329 2946 ›
1343 2923 1480 2958 propter
1502 2919 1726 2948 auctoritatem
1752 2923 1797 2948 tot
1812 2919 1949 2955 testium,
1965 2919 2020 2958 qui
2034 2922 2218 2948 constanter
2232 2923 2386 2948 asserunt

1314 2974 1328 2989 ν
1347 2967 1495 2992 sanctum
1525 2962 1677 2992 Thomam
1702 2963 1734 2992 in
1758 2967 1898 3002 quatuor
1923 2963 2054 3002 priores
2077 2962 2175 2992 libros
2205 2962 2380 3001 scripsisse,

1313 3019 1328 3034 ι
1341 3007 1536 3046 peritiorum
1564 3006 1698 3037 Ordinis
1721 3007 1864 3037 virorum
1883 3006 2083 3047 diligentiori
2112 3005 2324 3046 disquisitioni
2352 3011 2384 3036 et

1313 3063 1328 3078 ι»
1347 3051 1482 3081 arbitrio
1506 3051 1540 3081 id
1562 3056 1662 3081 totum
1696 3052 1798 3081 visum
1823 3056 1870 3081 est
1886 3050 2136 3095 [elinquendum
2150 3062 2178 3080 ².
2198 3050 2383 3080 Prudentis-

1310 3095 1392 3125 simo
1417 3095 1551 3125 Echardi
1570 3095 1650 3125 mihi
1674 3095 1769 3125 etiam
1792 3094 2058 3135 acquiescendum
2081 3093 2226 3124 consilio.
