2788 4204
61 423 271 448 Uscosrxmooasr

60 454 109 469 om.
129 450 177 469 tres
194 453 272 475 angu-

61 475 107 499 los,·
123 481 153 495 nn
164 480 212 495 orn.
229 480 272 495 an-

58 500 140 528 gulos.

59 739 214 767 'Trianguh'
245 744 272 759 ex

60 765 128 787 codd.

58 794 92 813 ·:o
101 791 189 823 cognit.
200 791 273 812 trian

57 818 118 846 guli.

58 897 226 918 “nantcarius-r
234 904 238 917 :
250 896 269 917 ἰ-

57 922 102 944 deo
117 925 159 944 est.

57 1212 165 1240 Cognitio
187 1218 269 1234 secun-

56 1239 111 1260 dum
118 1238 235 1269 speciem,
246 1243 268 1260 et

55 1265 157 1293 cognitio
186 1271 268 1287 secun—

55 1292 110 1313 dum
126 1298 256 1313 numerum.

55 1536 64 1544 ·
73 1534 150 1566 §odd-
158 1545 168 1550 -
175 1540 200 1555 P:
218 1539 269 1561 spe-

54 1567 120 1582 ciem.

54 1625 87 1643 '0
103 1628 209 1644 erronee:
220 1628 270 1650 spe*

54 1649 111 1670 effes.

54 1805 63 1814 ·
73 1803 106 1824 Et
118 1802 194 1824 omitt.
209 1808 232 1824 ο.

54 1858 63 1866 ·
73 1857 163 1883 Nempe
172 1862 268 1878 numero

54 1883 160 1910 praeced.
171 1883 268 1910 explica-

54 2042 63 2051 ·
73 2047 113 2063 Am:
129 2041 223 2069 speciei.

309 227 379 263 186

302 306 401 342 scele
431 312 466 341 et
495 317 668 341 seorsum
698 305 746 342 de
774 305 950 353 gradato,
981 305 1077 341 idest
1105 304 1153 341 de
1182 303 1366 352 triangulo

301 358 413 395 trium
433 358 591 394 laterum
608 358 875 406 inaequalium,
888 370 965 394 non
981 364 1109 393 tamen
1123 363 1280 404 propter
1293 358 1368 393 hoc

302 411 479 460 cognovit
498 411 602 458 quod
621 411 824 458 triangulus
844 418 918 446 tres
939 410 1097 457 angulos
1109 410 1279 446 ⁴‘habeat
1308 422 1368 446 ae-

301 465 432 512 quales
448 464 598 501 duobus
628 463 756 510 rectis,
777 462 847 499 nisi
875 461 1081 510 sophistico
1110 461 1242 509 modo,
1272 462 1369 499 idest

300 529 368 566 per
383 517 575 554 accidens:
592 516 681 564 quia
695 528 774 552 non
790 514 967 562 cognovit
978 514 1025 551 de
1038 514 1222 561 triangulo
1234 527 1367 551 secun-

301 571 394 607 dum
409 570 513 617 quod
534 577 589 606 est
616 568 831 616 triangulus,
857 567 923 604 sed
943 568 1155 604 secundum
1179 568 1284 614 quod
1314 575 1369 604 est

301 623 570 671 aequilaterus,¹
591 629 656 657 aut
675 621 840 657 duorum
869 620 1086 667 aequalium
1110 620 1282 667 laterum,
1305 629 1369 658 aut

299 676 412 712 trium
445 673 710 722 inaequalium.
747 674 885 721 Neque
921 672 1035 710 etiam
1064 673 1330 711 demonstrans
1355 671 1368 697 t

300 728 476 776 cognovit
490 727 702 764 universale
718 726 889 774 trianguli
906 726 936 772 ³¹⁸,
948 725 1045 763 idest
1058 726 1173 762 habet
1188 726 1367 775 cognitio-

298 793 388 818 nem
403 780 451 817 de
465 780 648 827 triangulo
660 778 729 815 *in
740 778 955 826 universali,
973 778 1119 816 etiamsi
1135 780 1259 817 nullus
1274 779 1367 816 alius

298 834 500 881 triangulus
521 840 618 869 esset
651 840 799 880 praeter
828 833 926 879 illos,
949 831 996 869 de
1020 832 1157 880 quibus
1178 833 1365 881 cognovit.

298 889 346 924 Et
363 887 438 923 hoc
457 886 542 923 ideo
558 886 589 931 *‚
605 886 695 933 quia
722 898 800 923 non
830 885 1008 933 cognovit
1027 885 1073 923 de
1100 886 1284 934 triangulo
1310 898 1366 922 se-

297 940 464 977 cundum
485 939 589 987 quod
620 947 675 976 est
697 939 919 987 triangulus,
941 940 1007 977 sed
1029 940 1099 976 sub
1120 939 1264 976 ratione
1284 951 1366 987 spe-

297 993 439 1029 cierum
451 992 540 1029 eius.
553 992 664 1029 Unde
679 1005 804 1040 neque
823 993 1011 1041 cognovit,
1023 1006 1093 1042 per
1103 1005 1144 1030 se
1158 992 1365 1040 loquendo,

297 1058 453 1082 omnem
473 1045 718 1093 triangulum:
735 1047 823 1094 quia
839 1054 875 1083 et
889 1048 920 1084 si
935 1047 1146 1084 secundum
1161 1058 1366 1082 numerum

297 1098 474 1147 cognovit
502 1111 658 1136 ornnem
679 1099 907 1148 triangulum
935 1100 980 1146 (si
1000 1100 1123 1136 nullus
1153 1106 1222 1146 est,
1250 1111 1367 1147 quem

295 1164 374 1189 non
402 1151 534 1198 novit),
555 1160 684 1189 tamen
713 1153 925 1191 secundum
945 1153 1113 1202 speciem
1133 1165 1211 1189 non
1227 1164 1366 1200 cogno-

295 1205 349 1242 vit
381 1217 551 1242 omnem.
582 1207 695 1242 Tunc
723 1206 825 1243 enirn
852 1207 1091 1255 cognoscitur
1116 1206 1255 1254 aliquid
1283 1208 1366 1244 uni-

295 1259 490 1296 versaliter
518 1259 728 1296 secundum
750 1260 930 1309 speciem,
952 1260 1107 1309 quando
1128 1260 1367 1308 cognoscitur

296 1313 508 1350 secundum
529 1312 885 1362 rationem-speciei.
917 1314 1139 1351 Secundum
1160 1326 1365 1351 numerum

296 1373 424 1402 autem
454 1372 491 1402 et
518 1378 596 1402 non
619 1366 880 1404 universaliter
896 1372 920 1414 ⁰,
950 1366 1105 1415 quando
1126 1367 1366 1414 cognoscitur

297 1419 509 1456 secundum
539 1419 817 1457 multitudinem
847 1427 1113 1457 contentorum
1133 1420 1204 1457 sub
1225 1420 1362 1469 specie.

296 1473 381 1508 Nec
397 1479 451 1508 est
466 1472 676 1509 differentia
691 1479 876 1521 quantum
892 1473 939 1510 ad
955 1474 1030 1510 hoc
1045 1473 1075 1509 si
1092 1485 1364 1521 comparemus

296 1525 441 1573 species
455 1526 475 1546 ³¹³
489 1525 537 1562 ad
554 1525 748 1563 individua
762 1526 824 1562 vel
839 1538 978 1573 genera
992 1526 1041 1563 ad
1057 1526 1202 1574 'species
1218 1531 1247 1563 π.
1260 1527 1364 1563 Nam

295 1577 500 1625 triangulus
520 1585 575 1614 est
589 1591 707 1626 genus
722 1580 742 1600 '¹‘
757 1578 975 1626 aequilateri
995 1587 1031 1615 et
1050 1578 1227 1615 isoscelis.

356 1643 412 1667 10.
443 1630 593 1667 Deinde
623 1644 711 1668 cum
740 1631 843 1669 dicit:
879 1631 1038 1673 Quando
1059 1632 1175 1681 igitur
1195 1644 1269 1668 non
1299 1644 1364 1668 no-

295 1684 349 1720 vit
371 1692 452 1730 etc.,
474 1683 637 1731 assignat
661 1685 846 1724 rationem
866 1685 1160 1733 praedictorum,
1178 1697 1365 1733 quaerens

295 1738 450 1785 quando
475 1737 608 1785 aliquis
629 1746 833 1786 cognoscat
851 1738 1113 1775 universaliter
1133 1747 1169 1776 et
1185 1740 1205 1760 *
1224 1738 1365 1787 simpli-

296 1790 401 1837 citer,
424 1803 469 1827 ex
497 1802 574 1838 quo
603 1792 797 1840 praedicto
827 1791 947 1829 modo
971 1792 992 1813 '³
1021 1805 1256 1840 cognoscens
1286 1804 1366 1829 non

297 1844 490 1892 cognoscit
515 1845 787 1882 universaliter.
819 1846 868 1882 Et
897 1845 1103 1893 respondet
1121 1845 1365 1882 manifestum

297 1910 378 1934 esse
408 1897 524 1946 quod,
555 1898 585 1935 si
605 1898 742 1935 eadem
772 1905 870 1935 esset
894 1898 988 1935 ratio
1012 1898 1211 1947 trianguli
1203 1911 1241 1935 1n
1261 1910 1366 1935 com—

296 1950 404 1988 muni
433 1958 468 1987 et
485 1951 784 2011 uniuscuiusque
804 1952 1018 2000 specierum
1046 1952 1067 1973 *
1082 1952 1162 1988 eius
1190 1963 1366 1989 seorsum

296 2010 473 2052 acceptae
495 2012 559 2041 aut
574 2004 749 2041 omnium
770 2004 881 2041 simul
899 2012 1159 2054 acceptarum,
1180 2012 1270 2042 tunc
1284 2004 1366 2041 uni-

294 2057 488 2094 versaliter
526 2065 561 2094 et
598 2057 816 2106 simpliciter
856 2065 1030 2095 nosceret
1058 2058 1105 2095 de
1134 2058 1319 2106 triangulo
1334 2063 1366 2103 Ρ,

349 2212 372 2248 ξ)
388 2213 479 2246 Neque
493 2212 573 2237 etiam
589 2212 804 2237 demonstrans.—
814 2213 895 2237 Codd.
911 2212 1200 2247 CDEHKLQR(Sp)T,
1215 2219 1240 2238 et
1251 2222 1332 2246 marg.
1343 2214 1366 2238 1:

295 2250 375 2275 etiam
390 2249 429 2277 si‚·
431 2221 536 2280 qzss(Ss)
551 2247 631 2272 etiam
646 2248 698 2278 sic;
712 2247 803 2273 AMO:
818 2248 899 2273 etiam
910 2248 991 2277 sicut;
1006 2249 1068 2273 GN.
1084 2250 1165 2274 etiam
1178 2250 1227 2279 εἰη
1242 2249 1367 2282 1(corp.).

295 2285 374 2310 etiam
394 2284 581 2308 demonstrans
600 2283 673 2308 sit.-
687 2283 731 2311 Si,
751 2283 800 2312 sit,
820 2283 890 2308 sicut
908 2289 1041 2316 corrupte,
1061 2289 1090 2309 ut
1109 2292 1158 2316 ego
1177 2285 1304 2316 existimo,
1320 2292 1368 2318 pro

294 2321 341 2346 sic.
361 2320 434 2349 Quae
452 2318 576 2351 particula
594 2323 637 2342 aut
655 2319 809 2350 apponenda
829 2323 868 2343 est
888 2325 931 2344 aut
949 2319 1173 2351 subintelligenda.

350 2354 376 2389 ο)
392 2354 543 2379 Secundum
563 2360 701 2378 numerum
721 2357 809 2378 autem
825 2357 851 2379 et
865 2362 915 2379 non
932 2355 1126 2380 universaliter.
1147 2355 1182 2380 lta
1196 2355 1237 2380 ed.
1251 2355 1336 2380 Piana.
1349 2369 1369 2374 -

297 2391 378 2416 Codd.
392 2389 544 2418 CDKMQS:
566 2389 710 2414 secundum
731 2396 868 2414 numerum
889 2390 922 2421 (S
941 2398 1023 2423 marg.
1042 2391 1100 2415 add.
1120 2391 1224 2423 autem)
1239 2398 1290 2416 non
1310 2390 1367 2415 uni-

296 2425 448 2453 versaliter,·
463 2424 538 2448 codd.
547 2424 762 2449 ABEGINORT:
781 2425 926 2450 secundum
945 2433 1084 2450 numerum
1103 2429 1193 2451 autem
1210 2426 1367 2451 universali-

298 2465 352 2490 ter;
371 2461 407 2485 L:
426 2459 570 2485 secundum
590 2466 727 2484 numerum
748 2466 810 2485 vero
829 2463 854 2485 et
874 2460 1075 2490 universaliter-‚⁶
1094 2461 1132 2485 H:
1156 2462 1301 2486 secundum
1321 2469 1368 2486 nu-

297 2503 399 2521 merum
424 2502 485 2519 vero
510 2502 575 2525 non,
595 2495 641 2519 sed
665 2502 716 2519 non
742 2495 908 2527 expungitur,
932 2495 981 2520 hoc
1000 2501 1040 2521 est
1064 2496 1198 2528 corrigitur
1224 2497 1368 2521 secundum

297 2532 436 2556 lectionem
459 2530 576 2563 praeced.
597 2530 686 2560 codd.;
711 2537 741 2554 ex
759 2530 881 2563 opposito
901 2531 926 2555 in
946 2531 1003 2556 cod.
1019 2532 1028 2556 l
1048 2532 1171 2564 particula
1195 2539 1247 2557 non
1267 2532 1369 2556 additur

297 2567 324 2591 in
343 2565 477 2598 margine:
496 2565 640 2590 secundum
660 2572 798 2589 numerum
820 2569 910 2590 autem
930 2566 1024 2599 (marg.
1043 2567 1107 2599 non)
1128 2567 1322 2592 universaliter.

351 2601 381 2635 π)
400 2601 456 2626 Nec
474 2603 514 2625 est
532 2599 683 2633 differentia
702 2606 779 2624 etc.-
795 2600 859 2625 Cod.
873 2601 909 2626 N:
930 2608 978 2626 nee
998 2601 1125 2635 differt...-
1144 2603 1168 2627 si
1186 2609 1370 2634 comparemus

297 2637 335 2662 ad
354 2636 463 2662 invicem
482 2635 580 2667 species
598 2636 635 2660 ad
653 2635 793 2660 individua
811 2637 852 2660 vel
869 2643 954 2669 genus
972 2640 999 2662 et
1021 2637 1249 2669 species—Codd.
1265 2638 1369 2662 ACDE-

298 2671 464 2702 IKLMQST:
479 2671 578 2703 species
595 2674 622 2696 et
641 2670 780 2695 individua
786 2678 795 2699 ,·
809 2671 1034 2696 BCDEKLMNT:
1050 2673 1091 2697 vel
1108 2679 1193 2705 genus
1211 2676 1238 2698 et
1255 2673 1353 2705 species
1359 2679 1368 2701 ;

298 2708 371 2733 1⁵:10:
390 2708 431 2732 vel
449 2713 549 2740 genera
567 2710 593 2731 et
611 2706 723 2738 species;
741 2706 783 2731 vel
800 2713 883 2739 genus
903 2707 944 2731 vel
962 2707 1068 2739 species.

352 2744 376 2776 ρ)
392 2744 446 2767 Aut
460 2741 577 2767 omnium
591 2741 671 2766 simul
684 2745 852 2773 acceptarum
868 2746 916 2766 etc.
932 2742 1043 2766 Codd.·
1056 2742 1149 2767 Plana:
1168 2745 1216 2767 aut
1231 2742 1367 2768 universa-

298 2779 360 2804 liter
378 2778 458 2803 simul
475 2780 653 2809 acceptarum,
675 2780 738 2801 tunc
757 2777 945 2802 universaliter
963 2777 1044 2802 sciret
1063 2777 1096 2802 de
1115 2778 1252 2810 triangulo
1266 2781 1294 2802 et
1306 2777 1369 2802 sim-

294 2812 409 2846 plsl‘tter,
429 2812 536 2846 quando
556 2811 738 2843 etc.;C1-1MS
755 2812 833 2861 paulo
852 2818 911 2837 ante
930 2813 1033 2846 legunt:
1052 2819 1171 2838 seorsum
1192 2815 1369 2844 acceptarum,

298 2850 356 2874 loco
375 2855 492 2873 seorsum
512 2850 642 2879 acceptae.

352 2883 379 2918 σ)
403 2883 568 2912 Universale,
594 2883 682 2908 dicens
700 2882 785 2914 quod,
806 2886 896 2907 utrum
919 2883 1023 2915 aliquid
1041 2888 1089 2908 etc.
1108 2883 1143 2908 lta
1163 2888 1188 2907 et
1206 2882 1273 2907 bene
1296 2883 1370 2907 codd.

298 2934 316 2938 -
334 2920 368 2944 P.
389 2919 549 2947 universale,
569 2918 641 2950 quod
665 2921 704 2942 est
728 2916 830 2951 (LQT,
854 2918 926 2950 quod
948 2921 1055 2943 utrum:
1078 2925 1228 2951 supponere
1250 2918 1370 2942 videntur

300 2955 389 2980 dicens
408 2954 516 2979 aliorum
530 2954 618 2984 codd.;
633 2954 665 2983 Η,
681 2953 769 2978 dicens
792 2953 864 2985 quod
885 2956 938 2982 est,-
957 2953 1017 2984 ΕΜ,
1037 2953 1134 2982 dicens,
1150 2952 1265 2985 utrum),
1280 2956 1370 2978 utrum

299 2989 401 3022 aliquid
419 2990 454 3014 sit
472 2989 603 3022 trianguli
620 2988 764 3014 secundum
785 2988 857 3020 quod
879 2988 1044 3021 triangulus.
1071 2992 1120 3013 aut
1140 2988 1253 3014 isoscelis
1271 2993 1320 3014 etc.
1339 2989 1372 3013 Et

301 3025 466 3050 cohaerenter
484 3025 517 3049 ad
535 3024 600 3048 hanc
620 3024 696 3048 codd.
716 3023 854 3048 lectionem
874 3023 985 3056 legimus
1005 3023 1069 3048 infra
1089 3031 1147 3048 curn
1166 3023 1368 3049 ABCGHORS:

300 3060 469 3094 manifestum
488 3063 528 3084 est
552 3067 590 3084 ex
612 3059 661 3084 hoc
684 3059 756 3092 quod
781 3059 882 3088 dicam,
908 3058 995 3083 relicta
1019 3059 1112 3084 Plana·
1138 3059 1307 3093 manifestum
1332 3063 1372 3084 est

300 3095 370 3120 enim
389 3102 427 3120 ex
445 3095 493 3120 hoc
511 3094 583 3127 quod
601 3094 726 3119 dicam.—
738 3094 788 3119 Alii
808 3094 924 3119 codices.
941 3094 1110 3127 manifestum
1125 3094 1194 3119 enim
1208 3101 1246 3119 ex
1259 3094 1308 3119 hoc
1322 3099 1370 3119 etc.

354 3129 378 3165 τ)
395 3131 506 3155 Remoto
523 3129 620 3163 aliquo,
635 3129 724 3154 adhuc
738 3134 815 3154 etc.—-
829 3129 866 3154 N:
882 3132 983 3154 remoto
997 3130 1095 3162 aliquo,
1111 3129 1175 3154 insit
1188 3129 1287 3162 primo,
1303 3129 1372 3155 idest

302 3165 389 3191 adhuc
408 3171 455 3190 etc.
473 3165 559 3190 Verba
579 3165 642 3190 insit
655 3165 751 3206 primo·
765 3172 795 3189 ex
814 3164 962 3189 Aristotelis
981 3169 1052 3190 textu
1072 3165 1210 3197 desumpta
1229 3170 1298 3190 sunt.
1318 3165 1370 3190 lllis

301 3201 386 3225 verbis
406 3201 446 3225 alii
466 3201 567 3225 codices
587 3205 687 3225 carent:
707 3200 751 3232 qui
771 3205 857 3224 tamen
875 3207 967 3224 omnes
987 3208 1046 3225 cum
1064 3201 1084 3225 N
1100 3200 1190 3232 legunt
1207 3199 1285 3225 infra:
1300 3200 1372 3233 quod

302 3236 457 3269 assignatur
476 3235 632 3260 universaIe.
658 3235 744 3265 Quam
763 3235 900 3260 lectionem
925 3235 983 3261 ideo
1002 3234 1148 3260 sufficimus
1168 3235 1279 3260 Pianae.
1301 3235 1372 3268 quod

302 3274 361 3296 erat
381 3271 547 3303 assignatum
568 3271 724 3296 universale.

351 3306 377 3339 υ)
394 3306 535 3331 Sciendum
550 3309 589 3331 est
599 3306 671 3339 quod
684 3313 735 3331 non
750 3308 790 3331 est
799 3305 919 3338 primum
935 3305 1083 3331 universale
1097 3306 1177 3331 illius.
1192 3306 1220 3330 ln
1234 3305 1283 3331 hoc
1293 3306 1371 3330 docu—

303 3346 390 3366 mento
409 3349 531 3373 germana
549 3340 747 3374 philosophandi
767 3340 904 3365 methodus
923 3341 1036 3371 traditur,
1056 3349 1071 3366 a
1090 3349 1141 3374 qua
1159 3341 1181 3366 si
1199 3340 1372 3374 philosophus

303 3376 430 3406 abscedat,
445 3376 499 3401 fieri
514 3376 602 3409 nequit
619 3382 648 3401 ut
666 3376 691 3401 in
709 3376 815 3401 veritate
829 3376 963 3401 consistat:
983 3377 1053 3409 quod
1073 3376 1260 3409 antiquioribus
1284 3376 1372 3409 sophi-

304 3412 350 3435 stis
369 3412 507 3444 plerisque,
527 3412 638 3437 maxime
656 3416 742 3436 autem
759 3411 919 3444 positivistis;
931 3412 967 3437 uti
982 3417 1083 3442 vocant,
1103 3411 1288 3437 recentioribus
1307 3411 1372 3436 acci-

305 3446 348 3470 dit.
357 3447 575 3471 —Universalium
594 3447 721 3480 quaedam
741 3452 801 3471 sunt
815 3447 840 3472 in
854 3447 913 3479 plus
933 3448 1062 3480 quaedam
1076 3447 1102 3472 in
1115 3447 1210 3478 minus,
1224 3454 1271 3472 seu
1289 3447 1372 3479 magis

306 3481 423 3506 minusve
442 3482 607 3513 universatim
622 3488 647 3507 et
661 3482 720 3507 hinc
734 3487 774 3507 est
788 3482 858 3515 quod
872 3482 1043 3507 communiter
1057 3490 1087 3507 ea
1100 3482 1249 3515 philosophi
1259 3481 1372 3515 partiun-

305 3521 347 3540 tur
365 3517 390 3541 in
409 3525 502 3548 genera
520 3522 546 3543 et
564 3517 671 3550 species,
691 3525 784 3550 genera
802 3524 864 3542 vero
877 3518 903 3542 in
918 3525 1051 3550 suprema,
1070 3517 1218 3542 subalterna
1231 3522 1258 3542 et
1270 3515 1371 3542 infima:

307 3559 373 3583 quae
386 3552 476 3576 divisio
489 3552 564 3576 etiam
580 3552 716 3585 speciebus
731 3553 880 3585 applicatur.
899 3552 928 3577 ln
940 3552 1130 3577 universalibus
1149 3557 1235 3578 autem
1254 3552 1372 3577 subordi-

889 226 1277 263 POSTERIORUM
1306 226 1737 265 ANALYTICORUM
1766 229 1860 266 LIB.
1891 230 1905 265 I

1425 307 1580 354 quando
1597 306 1707 343 sciret
1723 307 1770 343 de
1786 306 1912 355 aliqua
1927 307 2052 356 specie
2074 307 2153 344 eius
2167 308 2229 344 vel
2249 308 2297 345 de
2313 310 2493 347 omnibus

1425 359 1548 396 simul.
1580 359 1620 396 Si
1647 372 1741 396 vero
1770 372 1849 396 non
1878 361 1971 397 est*
1991 360 2126 397 eadem
2156 360 2262 408 ratio,
2291 368 2382 398 tunc
2415 375 2494 400 non

1427 412 1495 448 erit
1521 412 1624 449 idern
1654 424 1883 460 cognoscere
1912 413 2139 461 triangulum
2168 413 2207 449 in
2236 416 2433 452 communi
2457 423 2495 453 et

1425 465 1588 513 singulas
1608 465 1753 514 species
1773 465 1870 511 eius;
1892 466 1959 503 sed
1979 473 2035 502 est
2054 467 2225 503 alterurn.
2243 467 2293 503 Et
2311 468 2331 487 ⁴*
2354 480 2493 517 cogno-

1425 518 1567 555 scendo
1588 518 1635 555 de
1655 518 1854 567 speciebus
1872 519 1904 566 *,
1925 531 2004 555 non
2033 520 2273 567 cognoscitur
2300 520 2348 557 de
2381 521 2493 558 trian-

1425 571 1512 618 gulo
1542 571 1754 608 secundum
1783 571 1887 619 quod
1917 579 1972 608 est
1999 571 2215 620 triangulus.

1485 636 1542 660 11.
1573 624 1722 661 Deinde
1752 636 1840 660 cum
1870 624 1974 661 dicit:
2009 626 2144 662 Utrum
2172 631 2297 662 autem
2319 633 2400 673 etc.,
2431 626 2496 664 dat

1426 676 1702 713 documentum
1730 688 1808 724 quo
1831 678 1851 698 *
1868 677 2021 726 proprie
2049 678 2168 726 possit
2196 679 2315 728 accipi
2342 680 2494 716 univer-

1425 730 1514 775 sale,
1542 729 1672 766 dicens
1696 729 1813 777 quod,
1842 737 1970 766 utrum
1999 731 2138 778 aliquid
2153 738 2168 752 ‘³
2183 732 2228 768 sit
2247 732 2418 780 trianguli
2437 745 2494 769 se-

1426 782 1594 819 cundum
1623 782 1729 830 quod
1758 790 1813 818 est
1830 782 2053 831 triangulus,
2076 791 2141 820 aut
2159 784 2341 832 isoscelis,
2362 797 2494 822 secun-

1425 835 1518 872 dum
1547 835 1652 883 quod
1682 842 1737 871 est
1765 834 1958 882 isosceles,
1990 843 2027 872 et
2054 837 2209 884 quando
2237 837 2275 874 id
2305 838 2410 874 cuius
2439 846 2495 875 est

1425 887 1699 926 demonstratio
1720 887 1765 924 sit
1785 888 1957 935 primum
1980 896 2016 925 et
2034 889 2260 938 universale,
2282 891 2494 927 secundum

1423 943 1505 987 hoc,
1523 941 1619 978 idest
1633 941 1845 977 secundum
1865 941 2018 989 aliquod
2033 942 2053 962 *
2068 942 2280 979 subiectum
2303 944 2493 992 positum;

1424 994 1667 1031 manifestum
1688 1001 1744 1030 θεῖ
1763 1005 1808 1030 ex
1826 994 1901 1030 hoc
1921 994 2026 1042 quod
2056 995 2192 1032 dicam.
2220 996 2494 1043 Quandocum-

1424 1060 1498 1096 que
1529 1047 1643 1094 enim,
1674 1050 1822 1083 remoto
1851 1047 1990 1095 alique,
2021 1047 2146 1085 adhuc
2166 1054 2181 1069 τ
2205 1057 2376 1086 remanet
2403 1049 2494 1087 illud

1423 1101 1527 1149 quod
1544 1100 1751 1148 assignatur
1764 1100 1989 1147 universale,
2011 1100 2208 1138 sciendum
2225 1110 2281 1139 est
2294 1102 2399 1150 quod
2414 1115 2493 1140 non

1425 1162 1480 1191 est
1507 1154 1676 1203 primum
1695 1153 1908 1190 universale
1928 1153 2024 1190 illius
2043 1159 2067 1191 υ.
2090 1154 2211 1202 Sicut,
2242 1163 2390 1192 remoto
2419 1156 2492 1193 iso-

1423 1208 1520 1244 scele
1549 1208 1611 1244 vel
1639 1219 1760 1243 aeneo
1790 1207 1993 1254 triangulo,
2023 1215 2195 1244 remanet
2222 1209 2326 1256 quod
2354 1209 2494 1246 habeat

1422 1269 1496 1298 tres
1516 1261 1685 1308 angulos,
1702 1259 1840 1297 scilicet
1853 1260 1874 1281 '¹‘
1888 1260 2040 1296 duobus
2055 1260 2164 1297 rectis
2179 1262 2368 1309 aequales.
2381 1262 2492 1299 Unde

1421 1321 1525 1363 patet
1552 1314 1656 1361 quod
1684 1313 1825 1349 habere
1854 1320 1929 1349 tres
1948 1313 2106 1360 angulos
2134 1315 2312 1362 aequales
2341 1315 2493 1352 duobus

1422 1367 1531 1403 rectis
1549 1379 1629 1407 non
1650 1374 1705 1402 est
1722 1366 1935 1405 universale
1955 1366 2135 1415 primum,
2157 1379 2283 1415 neque
2306 1367 2490 1416 isoscelis,

1421 1431 1546 1467 neque
1575 1418 1683 1455 aenei
1713 1418 1895 1466 trianguli.
1926 1420 2091 1455 Remota
2118 1427 2247 1457 autern
2267 1421 2389 1469 figura
2412 1434 2492 1458 non

1421 1479 1594 1508 remanet
1611 1471 1753 1508 habere
1768 1479 1843 1507 tres
1858 1473 1890 1517 ⁴,
1911 1484 1982 1508 nec
2003 1471 2129 1519 etiam,
2150 1481 2300 1511 remoto
2315 1474 2528 1533 termino,-

1421 1525 1484 1574 qui
1498 1526 1590 1561 *est
1604 1524 1777 1572 superius
1791 1524 1840 1561 ad
1859 1501 2034 1572 figuram,
2057 1538 2145 1562 cum
2164 1526 2286 1574 figura
2314 1527 2370 1575 sit,
2392 1539 2492 1577 quae
2518 1542 2531 1554 ⁸

1420 1578 1583 1615 termino
1602 1578 1666 1614 vel
1684 1576 1859 1613 terminis
1889 1577 2112 1615 clauditur*
2119 1591 2128 1624 ;
2157 1579 2226 1616 sed
2254 1587 2384 1617 tamen
2412 1593 2492 1617 non

1414 1632 1542 1680 primo
1559 1630 1738 1667 convenit
1752 1642 1877 1678 neque
1892 1631 2049 1678 figurae,
2066 1643 2191 1680 neque
2210 1632 2386 1679 termino,
2403 1645 2492 1682 qllla

1420 1697 1499 1722 non
1520 1683 1699 1722 convenit
1718 1683 1771 1719 eis
1786 1682 2059 1721 universaliter.
2081 1684 2199 1722 Cuius
2220 1697 2309 1733 ergo
2330 1686 2398 1723 erit
2409 1686 2491 1735 pri-

1420 1737 1511 1775 mo?
1535 1737 1780 1774 Manifestum
1802 1744 1857 1772 est
1876 1737 1980 1785 quod
1997 1737 2017 1758 ³¹²
2035 1737 2221 1786 trianguli,
2248 1739 2336 1788 quia
2358 1751 2491 1777 secun-

1421 1791 1514 1828 dum
1530 1790 1757 1837 triangulum
1773 1789 1869 1826 inest
1883 1790 1975 1837 aliis,
1991 1798 2070 1827 tam
2085 1792 2355 1840 superioribus,
2373 1805 2491 1842 quam

1421 1843 1681 1881 inferioribus:
1712 1842 1798 1879 ideo
1829 1843 1932 1880 enirn
1962 1844 2143 1892 competit
2170 1845 2314 1893 figurae
2348 1845 2491 1883 habere

1421 1906 1516 1943 tres,
1547 1896 1636 1946 quia
1649 1901 1665 1926 9
1684 1896 1889 1943 triangulus
1922 1904 1978 1933 est
2000 1897 2192 1945 quaedam
2211 1899 2354 1946 figura3
2385 1906 2422 1936 et
2443 1898 2491 1935 si-

1422 1950 1559 1988 militer
1577 1949 1734 1995 isosceli,
1757 1949 1845 1997 quia
1863 1949 2070 1997 triangulus
2090 1958 2161 1998 est,
2183 1959 2219 1988 et
2238 1951 2286 1988 de
2305 1951 2491 1999 triangulo

1422 2004 1565 2041 habere
1579 2010 1654 2039 tres
1667 2002 1930 2039 universaliter
1943 2003 2225 2041 demonstratur
2238 2009 2267 2041 χ.
2284 2004 2395 2042 Unde
2412 2005 2491 2042 eius

1424 2065 1479 2094 est
1505 2056 1721 2093 universale
1748 2055 1928 2104 primum.

1420 2213 1486 2238 natis
1505 2212 1555 2237 hoc
1573 2212 1734 2242 observatur,
1754 2211 1824 2244 quod
1843 2215 1926 2236 totum
1946 2210 1971 2235 id
1989 2211 2059 2243 quod
2073 2216 2112 2236 est
2126 2211 2158 2236 de
2172 2211 2271 2237 ratione
2290 2212 2372 2245 magis
2391 2213 2494 2239 univer-

1421 2248 1482 2273 salis
1497 2247 1625 2272 invenitur
1643 2247 1668 2272 in
1688 2246 1800 2271 inferiori
1815 2246 1952 2271 universali
1966 2246 2141 2276 subordinato,
2156 2251 2182 2271 at
2195 2254 2247 2272 non
2260 2247 2392 2273 viceversa
2410 2253 2494 2275 totum

1421 2284 1446 2308 id
1466 2283 1536 2317 quod
1555 2287 1595 2307 est
1613 2283 1645 2307 de
1665 2287 1754 2308 natura
1773 2281 1900 2307 inferioris
1919 2281 2072 2307 universalis
2087 2281 2215 2308 invenitur
2228 2282 2254 2307 in
2269 2283 2409 2316 superiori;
2429 2284 2495 2311 sicut

1421 2319 1548 2352 quidquid
1567 2324 1607 2343 est
1625 2318 1657 2343 de
1676 2317 1789 2343 essentia
1806 2317 1932 2342 animalis
1950 2318 1982 2342 ad
2001 2317 2134 2343 hominem
2146 2317 2269 2351 pertitam
2289 2319 2336 2344 sed
2354 2327 2406 2344 non
2419 2320 2494 2352 quid-

1421 2355 1483 2388 quid
1503 2360 1542 2379 est
1561 2354 1593 2378 de
1612 2353 1724 2378 essentia
1742 2353 1855 2378 hominis
1874 2353 1986 2379 animali
1997 2353 2130 2378 tribuitur:
2150 2361 2225 2378 secus
2244 2353 2322 2379 homo
2341 2359 2366 2379 et
2383 2355 2493 2386 animal,

1421 2396 1447 2415 et
1465 2394 1656 2422 consequenter.
1673 2389 1751 2414 homo
1765 2394 1790 2413 et
1802 2389 1909 2414 brutum
1922 2394 2010 2414 essent
2029 2389 2199 2414 essentialiter
2219 2397 2272 2414 una
2285 2389 2430 2423 eademque
2441 2398 2492 2416 res.

1422 2426 1498 2451 Ratio
1511 2430 1552 2450 est
1564 2425 1624 2457 quia
1638 2424 1739 2458 species
1758 2424 1809 2449 duo
1822 2424 1906 2455 habet,
1920 2424 2039 2450 videlicet
2056 2425 2082 2449 id
2095 2425 2167 2457 quod
2181 2429 2221 2450 est
2235 2432 2382 2456 commune,
2397 2426 2494 2452 scilicet

1422 2469 1517 2494 genus,
1531 2465 1557 2485 et
1569 2460 1594 2485 id
1609 2460 1680 2493 quod
1699 2465 1739 2484 est
1757 2460 1891 2492 proprium
1904 2459 1962 2491 sibi,
1976 2467 2070 2493 nempe
2083 2460 2265 2485 differentiam:
2285 2468 2352 2493 quae
2371 2465 2411 2486 est
2424 2467 2494 2487 extra

1422 2504 1513 2529 genuS,
1527 2501 1553 2521 et
1566 2504 1616 2528 qua
1629 2495 1729 2528 species
1741 2495 1904 2520 constituitur
1917 2495 2034 2520 distincta
2047 2503 2062 2520 a
2074 2495 2166 2520 ceteris
2177 2494 2314 2528 speciebus
2335 2496 2384 2521 sub
2399 2497 2493 2522 eodem

1423 2539 1517 2564 genere
1530 2531 1629 2564 positis.
1645 2531 1732 2555 Homo
1747 2531 1816 2555 enim
1831 2538 1878 2563 per
1892 2531 2101 2556 rationalitatem
2116 2530 2277 2555 constituitur
2290 2531 2391 2556 animal
2409 2532 2493 2557 ratio-

1423 2567 1484 2591 nale
1499 2573 1524 2591 et
1545 2574 1560 2591 a
1577 2566 1659 2591 brutis
1676 2565 1848 2598 distinguitur,
1865 2566 1984 2598 quamvis
2001 2573 2060 2591 cum
2075 2565 2116 2590 his
2133 2565 2268 2591 conveniat
2282 2566 2309 2591 in
2328 2573 2423 2598 genere
2439 2567 2492 2592 ani-

1423 2602 1507 2626 malis.
1534 2602 1603 2634 Ergo
1626 2601 1728 2633 cognita
1750 2606 1840 2625 namra
1863 2601 1981 2626 animalis
2004 2601 2122 2626 concludi
2141 2600 2255 2633 legitime
2272 2606 2359 2634 potest
2376 2601 2402 2626 id
2421 2602 2492 2634 quod

1423 2645 1470 2670 per
1488 2644 1517 2661 se
1536 2641 1561 2661 et
1579 2636 1697 2669 generice
1721 2636 1841 2660 convenit
1863 2636 1984 2660 omnibus
2007 2636 2195 2666 animantibus,
2219 2635 2275 2661 sive
2297 2636 2349 2661 sint
2372 2636 2492 2662 homines

1423 2672 1479 2696 sive
1497 2671 1586 2702 bruta;
1605 2676 1631 2696 at
1649 2679 1679 2696 ex
1698 2671 1843 2703 cognitione
1862 2671 1917 2696 eius
1937 2671 2008 2703 quod
2026 2671 2147 2696 convenit
2161 2670 2235 2695 alicui
2251 2671 2347 2704 speciei
2365 2672 2407 2696 vel
2426 2672 2492 2697 indi-

1423 2707 1510 2736 viduo,
1531 2706 1629 2731 ratione
1650 2711 1756 2731 naturae
1774 2705 1909 2739 specificae
1922 2706 1964 2731 vel
1980 2705 2157 2737 individualis,
2176 2706 2279 2731 nonnisi
2298 2706 2439 2739 sophistice
2453 2707 2493 2732 in-

1424 2742 1505 2766 fertur
1530 2742 1593 2766 illud
1619 2741 1757 2766 convenire
1781 2742 1823 2766 vel
1848 2741 1971 2766 universo
1997 2741 2084 2773 generi
2109 2741 2151 2766 vel
2176 2741 2313 2767 universae
2337 2742 2441 2775 speciei.
2460 2743 2493 2768 Et

1424 2777 1572 2809 exemplum
1592 2776 1695 2801 affertur
1713 2784 1743 2801 ex
1762 2776 1903 2809 triangulo:
1921 2776 2046 2809 quidquid
2065 2776 2134 2801 enim
2158 2777 2278 2802 convenit
2301 2777 2428 2810 triangulo
2445 2785 2493 2811 per

1424 2820 1453 2837 se
1473 2812 1641 2843 considerato,
1656 2812 1777 2837 convenit
1794 2811 1916 2836 omnibus
1935 2811 2071 2845 speciebus
2090 2811 2224 2844 trianguli;
2244 2817 2270 2837 at
2287 2813 2413 2845 quidquid
2432 2821 2493 2839 con-

1423 2847 1494 2872 venit
1513 2847 1587 2872 alicui
1603 2845 1723 2880 specifico
1741 2847 1882 2879 triangulo,
1896 2852 1956 2880 puta
1971 2846 2087 2877 isosceli,
2100 2846 2169 2872 haud
2188 2847 2308 2872 convenit
2325 2848 2396 2872 omni
2415 2848 2492 2874 trian-

1425 2883 1494 2915 gulo.
1506 2897 1527 2902 —
1539 2882 1623 2907 Huius
1643 2881 1775 2915 sophistici
1794 2890 1933 2915 processus
1952 2883 2101 2915 exemplum
2120 2882 2226 2915 praebet
2240 2882 2379 2908 hodiernus
2395 2883 2493 2909 Dat-wi-

1425 2918 1535 2949 nismus,
1555 2917 1628 2942 cuius
1643 2916 1796 2942 methodum
1810 2917 2010 2942 irrationabilem
2025 2917 2084 2942 alibi
2099 2917 2150 2942 iam
2164 2918 2334 2950 indicavimus
2350 2916 2404 2952 (Cf.
2414 2927 2493 2952 supra

1424 2954 1481 2978 lect.
1491 2961 1535 2983 vn,
1550 2961 1577 2978 n.
1589 2952 1612 2983 3,
1627 2957 1682 2976 not.
1691 2951 1727 2987 ζ).
1741 2952 1871 2977 observat
1884 2953 1954 2978 enim
1969 2960 2048 2978 unam
2066 2953 2108 2977 vel
2123 2953 2229 2978 alteram
2248 2953 2363 2986 speciem
2376 2954 2492 2980 animan-

1424 2988 1489 3013 tium
1514 2988 1564 3013 hoc
1582 2988 1624 3012 vel
1648 2987 1693 3012 illo
1713 2988 1792 3012 modo
1815 2988 1936 3021 produci,
1961 2993 2024 3021 puta
2046 2987 2204 3021 papilionem
2232 2996 2262 3013 ex
2286 2989 2406 3014 bombice
2429 2994 2494 3022 etc.,

1424 3029 1511 3056 atque,
1527 3023 1682 3048 intermissis
1701 3023 1897 3055 quaestionibus
1915 3031 1977 3048 vere
1995 3022 2153 3054 scientificis,
2173 3023 2291 3049 videlicet
2308 3031 2361 3049 non
2375 3025 2494 3050 consido-

1424 3059 1519 3090 rando,
1538 3063 1627 3083 utrum
1648 3058 1711 3082 illud
1730 3058 1764 3083 sit
1783 3058 1919 3091 proprium
1943 3058 2051 3083 alicuius
2071 3058 2166 3091 speciei
2189 3059 2373 3084 determinatae
2395 3065 2440 3085 aut
2461 3067 2494 3086 ex

1424 3094 1554 3127 principiis
1578 3093 1688 3126 propriis
1707 3093 1785 3118 unius
1803 3094 1844 3118 vel
1864 3093 1969 3119 alterius
1987 3094 2038 3125 rei,
2062 3093 2148 3119 statim
2166 3093 2256 3119 insert:
2275 3101 2338 3126 ergo
2355 3094 2494 3121 animantia

1424 3129 1511 3154 omnia
1524 3134 1586 3154 sunt
1597 3135 1628 3154 ex
1642 3136 1694 3153 una
1708 3128 1791 3153 forma
1804 3129 1946 3161 primitiva,
1959 3137 2027 3162 quae
2039 3136 2086 3162 per
2097 3133 2270 3162 spontaneam
2284 3130 2492 3163 generationem,

1424 3170 1454 3189 ut
1470 3164 1659 3189 Darwinismus
1679 3163 1752 3194 dicit,
1772 3171 1803 3189 ex
1821 3164 1928 3189 materia
1953 3165 2091 3197 producta,
2115 3172 2174 3190 sese
2197 3164 2361 3197 progressive
2385 3165 2494 3198 explieat

1424 3207 1471 3232 per
1483 3199 1566 3224 varias
1581 3199 1692 3233 species.
1707 3199 1765 3230 Qua
1780 3199 1965 3232 consequentia
1983 3199 2046 3224 nihil
2065 3199 2148 3232 magis
2166 3199 2338 3233 sophisticum
2356 3199 2492 3234 nonginti

1444 3240 1519 3260 otest.

1425 3243 1442 3268 p
1479 3268 1507 3304 φ)
1529 3270 1592 3296 Ideo
1610 3269 1679 3295 enim
1698 3269 1823 3302 competit
1840 3269 1952 3304 figurae
1966 3269 2017 3302 (Ο,
2029 3269 2141 3303 figurae
2159 3268 2297 3303 competit)
2313 3269 2410 3296 habere
2421 3272 2491 3301 Μ,

1425 3305 1488 3338 φιία
1502 3310 1551 3331 etc.
1570 3305 1618 3330 Est
1636 3305 1711 3330 lectio
1730 3305 1834 3330 codd.-
1849 3305 1942 3330 Piana:
1968 3312 2020 3331 non
2039 3304 2108 3330 enim
2131 3305 2258 3338 conpetit
2267 3305 2379 3339 figurae
2395 3304 2492 3331 ltdbere

1426 3344 1488 3370 tres,
1502 3341 1554 3366 nisi
1571 3341 1634 3373 quia
1653 3345 1701 3366 etc.

1478 3374 1508 3410 χ)
1528 3376 1635 3401 Habere
1654 3379 1708 3401 tres
1726 3375 1912 3401 universaliter
1930 3375 2137 3401 demonstratur.
2159 3375 2244 3401 Editio
2262 3375 2342 3400 Piana
2359 3379 2428 3400 caret
2444 3381 2491 3400 vo-

1426 3411 1520 3436 cabulo
1539 3411 1739 3452 laniger-salium
1757 3411 1829 3451 quod
1842 3411 1960 3436 addimus
1979 3418 2010 3436 ex
2027 3409 2168 3436 codicibus.
2187 3411 2286 3437 Eadem
2304 3409 2381 3435 editio
2398 3409 2490 3435 habet.

1427 3446 1497 3472 unde
1515 3450 1555 3472 est
1573 3446 1598 3471 ei
1616 3446 1764 3471 universale
1777 3446 1909 3479 primum,
1929 3454 1981 3479 qua
2000 3446 2108 3471 lectione
2127 3445 2219 3471 melior
2236 3444 2298 3472 mihi
2315 3444 2371 3469 visa
2389 3449 2430 3470 est
2448 3444 2491 3470 illa

1427 3489 1506 3514 quam
1531 3481 1589 3506 dedi
1608 3489 1639 3506 ex
1657 3482 1732 3506 codd.
1751 3481 1846 3514 Excipe
1863 3486 1951 3506 tamen
1969 3481 2004 3506 Α.
2025 3481 2094 3506 unde
2116 3481 2172 3506 eius
2191 3480 2340 3507 animale
2356 3478 2491 3512 primunu

1427 3521 1452 3541 et
1471 3517 1494 3541 l:
1515 3517 1585 3542 unde
1603 3516 1659 3542 eius
1678 3517 1827 3542 uniuersale
1846 3519 1886 3541 est
1899 3516 2057 3549 primurm-
2037 3515 2133 3542 -Cod.
2151 3515 2173 3541 B
2190 3515 2285 3541 omittit
2301 3514 2368 3540 hanc
2386 3515 2491 3540 conclu-

1427 3552 1543 3577 sionem·
1563 3551 1632 3577 unde
1651 3556 1699 3577 etc.
1718 3551 1769 3576 Sed
1783 3556 1824 3577 est
1842 3552 1974 3576 mendum.
2000 3559 2002 3563 ·

2522 373 2532 385 “
2542 378 2584 394 no:
2603 379 2650 395 non
2665 376 2735 396 esset.

2521 477 2562 498 ⁴⁵1:
2578 479 2602 498 et
2613 477 2676 499 ideo.

2521 529 2582 583 8:12·
2588 535 2650 557 spec.
2665 530 2740 551 man-

2523 686 2619 709 'Codd.
2639 693 2735 715 quomo-

2522 956 2533 967 *
2544 955 2619 977 Codd.
2627 966 2638 971 -
2646 961 2688 976 Pu:
2699 954 2736 976 id·
2749 945 2751 947 Υ

2522 983 2560 1003 est
2572 981 2641 1009 aliq.,·
2649 987 2675 1002 Ι.
2685 987 2735 1003 om.

2522 1008 2566 1029 hoc
2579 1007 2643 1029 idest
2655 1013 2702 1029 sec.

2519 1275 2531 1286 ⁴
2542 1275 2602 1296 Tres

2520 1301 2611 1323 scilicet
2625 1304 2735 1323 omittant

2521 1327 2599 1355 codd„
2613 1333 2664 1349 exc.
2678 1333 2704 1349 κ.

2540 1495 2567 1511 o:
2583 1490 2632 1511 tres
2653 1495 2733 1518 angu-

2518 1548 2592 1606 11ιῖνῖ
2597 1570 2640 1590 est.
2671 1547 2730 1568 qn:

2519 1600 2733 1649 &mi

2518 1650 2733 1702 {gawm‘z

2519 1705 2647 1752 ΞΞῗ-,ῗᾞ
2647 1700 2735 1754 ’,Ἔῖ

2519 1751 2558 1774 vel
2537 1742 2688 1800 medanta.

2573 1779 2660 1807 .qm'a.
