2788 4204
90 3170 100 3181 “’
109 3169 289 3192 &mantionis

90 3202 118 3218 ex
132 3197 200 3219 codd.

91 3392 224 3442 Ridens
233 3399 301 3415 enun-

90 3493 100 3502 '
129 3501 134 3514 :
163 3494 300 3524 complexio-

91 3523 302 3574 tietantia&

92 3571 135 3598 (Cf.
145 3577 168 3594 n.
176 3574 206 3599 4).

1173 283 1284 320 CAP.
1314 284 1366 330 V,
1397 284 1546 320 LECT.
1576 284 1663 320 VIII
2457 287 2503 324 35

1086 490 1383 545 LECTIO
1424 491 1758 547 OCTAVA

421 629 533 678 ⁴DE
565 628 874 669 DIVISIONE
908 629 1380 671 ENUNCIATIONIS
1414 632 1474 671 IN
1509 631 1832 673 SIMPLICEM
1859 634 1945 673 ET
1980 633 2388 682 COMPOSITAM,

931 713 1402 754 AFFIRMATIVAM
1435 715 1513 755 ET
1546 715 1912 756 NEGATIVAM

319 859 417 890 Ἔστι
437 851 475 888 δὲ
496 858 540 894 εἷς
561 858 693 899 πρῶτος
712 856 812 902 λόγος
837 857 1067 901 ἀποφαντικὸς
1088 857 1295 901 κατάφασις,
1315 855 1391 891 εἶτα

395 901 575 946 ἀπόφασις·
605 904 633 932 οἱ
658 896 686 932 δ’
717 901 814 933 ἄλλοι
840 900 965 939 πάντες
990 897 1160 946 συνδέσμῳ
1186 903 1243 939 εἷς.

320 946 469 992 Ἀνάγκη
491 941 528 978 δὲ
550 945 669 978 πάντα
687 945 789 991 λόγον
813 946 1045 990 ἀποφαντικὸν
1066 947 1102 978 ἐκ
1115 946 1269 991 ῥήματος
1290 944 1389 988 εἶναι,

393 990 415 1028 ἢ
437 990 595 1027 πτώσεως
613 989 783 1045 ῥήματος·
804 991 863 1021 καὶ
887 990 951 1036 γοὶρ
968 991 983 1022 ὁ
998 991 1060 1022 τοῦ
1083 990 1255 1035 ἀνθρώπου
1275 990 1390 1036 λόγος,

393 1035 450 1067 ὲοὶν
476 1035 523 1078 μή
544 1034 585 1067 τό
611 1046 716 1075 εστιν,
739 1033 760 1071 ἦ
782 1032 836 1074 ἦν,
859 1032 879 1070 ἢ
903 1034 1014 1075 ἔσται,
1037 1034 1058 1071 ἥ
1079 1046 1112 1067 τι
1133 1035 1291 1067 τοιοῦτον
1314 1046 1394 1077 προ-

393 1077 512 1120 στεθῇ,
541 1077 634 1110 οὔπω
657 1078 759 1124 λόγος
788 1078 1032 1121 ἀποφαντικός.

327 1123 420 1156 Διότι
450 1118 494 1159 δή
519 1123 551 1154 ἓν
578 1125 611 1154 τί
637 1123 748 1163 ἐστιν,
785 1123 851 1155 ἀλλ’
881 1123 919 1154 οὐ
946 1122 1073 1163 πολλοί,
1107 1122 1148 1153 τὸ
1180 1122 1264 1164 ζῷόν
1291 1122 1391 1163 πεζὸν

392 1163 525 1198 δίπουν·
550 1166 588 1198 οὗ
612 1167 677 1212 γοὶρ
702 1166 745 1203 δὴ
770 1167 818 1208 τῷ
846 1165 1006 1212 σύνεγγυς
1031 1165 1183 1211 εἰρῆσθαι
1208 1166 1251 1202 εἷς
1279 1166 1390 1198 ἔσται·

394 1211 467 1243 ἔστι
491 1206 529 1242 δὲ
554 1211 657 1248 ἄλλης
684 1212 922 1257 πραγματείας
949 1211 1056 1242 τοῦτο
1081 1210 1197 1241 εἰπεῖν.

290 1317 297 1319 >
318 1299 418 1331 Ἔστι
443 1293 481 1330 δὲ
505 1299 550 1336 εἷς
573 1298 673 1344 λόγος
702 1297 932 1342 ἀποφαντικός
951 1297 971 1333 ἦ
993 1299 1008 1329 ὀ
1027 1298 1059 1328 ἓν
1085 1291 1208 1336 δηλῶν,
1235 1295 1256 1332 ἦ
1281 1297 1296 1328 ὁ
1321 1309 1396 1328 συν-

392 1338 504 1387 δέσμῳ
530 1343 588 1380 εἷς·
615 1344 736 1374 πολλοὶ
760 1338 797 1374 δὲ
816 1344 845 1374 οἱ
863 1341 977 1374 πολλοὶ
992 1343 1049 1373 καὶ
1068 1341 1114 1385 μή
1135 1340 1181 1381 ἓν,
1206 1338 1228 1376 ἦ
1247 1343 1276 1372 οἱ
1297 1340 1395 1373 ἀσύν-

296 1397 301 1399 ’
320 1382 499 1419 ”””δέτοι.

327 1431 373 1463 Τό
399 1431 458 1474 μὲν
483 1428 540 1463 οὖν
569 1429 696 1473 ὄνομα,
723 1428 745 1465 ἦ
771 1430 885 1474 ῥῆμοε,
911 1428 1008 1474 φάσις
1028 1430 1116 1461 ἔστω
1134 1428 1247 1472 μόνον·
1273 1424 1392 1465 ἐπειδη

393 1475 453 1508 οὐκ
479 1475 569 1507 ἔστιν
595 1474 700 1505 εἰπεῖν
726 1472 815 1506 οὕτω
840 1469 1015 1510 δηλοῦντοί
1039 1485 1073 1507 τι
1098 1475 1143 1515 τῇ
1169 1474 1279 1516 φωνῇ,
1306 1472 1392 1506 ὥστε

395 1517 655 1563 ἀποφαίνεσθαι,
682 1516 703 1555 ἦ
730 1517 922 1563 ὲρωτῶντός
948 1530 1051 1557 τινος,
1071 1516 1091 1554 ἦ
1110 1516 1170 1561 μή,
1189 1518 1257 1550 ἀλλ’
1287 1517 1392 1549 αὐτὸν

394 1562 669 1607 προαιρούμενον.
746 1607 763 1615 ..
1385 1605 1392 1615 '

326 1607 464 1641 Τούτων
489 1604 527 1640 δὲ
545 1608 565 1644 ἡ
584 1607 642 1650 μὲν
671 1607 763 1643 οἱπλη
791 1607 882 1638 ἐστιν
911 1606 1118 1650 ἀπόφανσις,
1146 1605 1213 1637 οἷον
1241 1606 1275 1637 τὶ
1296 1617 1394 1637 κατα

394 1664 498 1693 τινος,
525 1650 545 1688 ἦ
572 1653 604 1683 τὶ
632 1650 702 1682 από
728 1662 829 1688 τινος·
857 1651 878 1686 ἢ
896 1645 934 1682 δὲ
959 1651 995 1682 ἐκ
1021 1649 1153 1682 τούτων
1179 1649 1391 1695 συγκειμένη,

395 1697 462 1728 οἷον
487 1695 595 1741 λόγος·
613 1706 664 1732 τις
689 1690 754 1731 ἤδη
781 1693 951 1732 σύνθετος.

320 1740 419 1773 Ἔστι
443 1736 481 1772 δὲ
507 1741 527 1777 ἡ
555 1740 649 1775 οἱπλῆ
684 1738 853 1782 ἀπόφασις
886 1738 983 1782 φωνή,
1003 1737 1198 1780 σημαντικὴ
1225 1738 1298 1781 περὶ
1331 1737 1393 1768 τοῦ

394 1784 558 1830 ὐποίρχειν
578 1795 631 1824 τι,
652 1783 673 1819 ἦ
691 1783 737 1826 μή
764 1782 941 1827 ύποίρχειν,
960 1784 1001 1819 ὡς
1020 1784 1049 1814 οἱ
1067 1781 1179 1826 χρόνοι
1197 1776 1390 1825 διῄρηνται.

326 1872 528 1917 Κατάφασις
553 1866 591 1902 δέ
617 1871 707 1903 ἐστιν
735 1869 923 1913 ἀπόφανσίς
950 1881 1039 1907 τινος
1060 1869 1156 1901 κατοί
1174 1880 1274 1905 τινος.
1290 1869 1392 1901 Ἀπό-

394 1927 491 1960 φασις
516 1911 554 1947 δέ
580 1915 672 1948 ἐστιν
700 1913 888 1959 ἀπόφανσίς
914 1926 1004 1951 τινος
1031 1913 1100 1946 ἀπό
1125 1924 1227 1950 τινος.

388 2012 536 2039 SYNOPsls.
547 2027 582 2032 —
603 2020 626 2039 1.
639 2011 746 2038 Textus
761 2017 991 2047 argumentum.-
1009 2017 1035 2037 2.
1051 2009 1215 2046 Propositio
1237 2016 1280 2037 est
1299 2010 1392 2046 quod-

328 2052 396 2080 dam
417 2061 477 2080 ens.
493 2051 551 2079 Sed
565 2060 617 2078 ens
635 2057 663 2078 et
677 2060 765 2078 unum
787 2056 1001 2078 convertuntur.
1017 2051 1094 2086 Ergo
1117 2049 1212 2077 omnis
1231 2049 1392 2086 propositio

328 2090 488 2128 aliqualiter
506 2097 548 2118 est
562 2099 629 2125 una,
644 2090 689 2118 vel
711 2090 819 2117 unitate
841 2089 1041 2127 simplicitatis,
1059 2089 1103 2117 vel
1121 2089 1230 2117 unitate
1252 2089 1392 2126 composi-

328 2131 454 2159 tionis.-
469 2130 494 2158 3.
505 2129 571 2157 Alia
591 2129 748 2157 subdivisio
774 2129 983 2157 enunciationis
998 2136 1040 2157 est
1054 2129 1134 2165 quod
1154 2128 1189 2156 sit
1209 2129 1254 2157 vel
1268 2129 1392 2156 affirma-

327 2170 385 2199 tiva
404 2170 449 2198 vel
470 2169 614 2206 negativa:
631 2175 659 2196 et
677 2169 847 2197 affirmativa
863 2169 951 2206 prior
965 2175 1009 2196 est
1023 2168 1163 2205 negativa,
1178 2174 1240 2195 tum
1256 2177 1296 2196 ex
1306 2174 1392 2205 parte

329 2209 407 2238 vocis
428 2209 496 2246 quia
517 2208 682 2245 simplicior3
700 2215 762 2236 tum
784 2217 824 2236 ex
840 2214 927 2246 parte
949 2209 1119 2243 intellectus,
1136 2207 1204 2244 quia
1217 2208 1392 2244 compositio

329 2255 371 2278 est
391 2249 471 2285 prior
496 2248 652 2283 divisione3
674 2254 736 2276 tum
763 2257 802 2276 ex
825 2253 912 2285 parte
943 2248 1003 2282 rei,
1025 2247 1093 2284 quia
1114 2247 1283 2275 affirmativa
1306 2247 1392 2284 signi-

328 2289 394 2317 ficat
417 2297 495 2322 esse,
523 2289 603 2324 quod
629 2294 671 2315 est
699 2287 778 2324 prius
806 2297 862 2315 non
893 2296 964 2315 esse.
979 2303 1001 2308 —
1016 2297 1044 2322 4.
1064 2288 1171 2315 Textus
1199 2287 1394 2315 declaratio.-

331 2329 356 2356 5.
373 2327 480 2364 Opinio
495 2327 650 2355 Alexandri
664 2327 744 2364 quod
766 2327 867 2355 divisio
889 2326 1098 2355 enunciationis
1120 2326 1149 2354 in
1170 2327 1392 2354 affirmationem

329 2374 357 2396 et
370 2367 553 2404 negationem
574 2376 637 2395 non
652 2367 687 2395 sit
707 2366 809 2394 divisio
830 2367 942 2403 generis
961 2366 990 2394 in
1005 2366 1122 2403 species.
1132 2381 1153 2388 -
1163 2367 1190 2394 6.
1202 2367 1391 2402 Reprobatur.

329 2407 467 2442 Quamvis
488 2406 650 2443 propositio
672 2406 841 2434 affirmativa
862 2406 897 2434 sit
911 2406 991 2442 prior
1004 2406 1135 2442 negativa
1149 2406 1309 2433 secundum
1324 2415 1392 2441 pro-

327 2447 421 2483 priam
442 2446 600 2481 rafionem,
629 2452 727 2474 tamen
753 2445 909 2482 aequaliter
934 2445 1105 2482 participant
1132 2445 1275 2473 rationem
1303 2455 1392 2473 enun-

329 2486 460 2514 ciationis
487 2485 610 2521 (scilicet
639 2495 739 2513 verum
762 2486 806 2513 vel
832 2486 934 2513 falsum
962 2485 1142 2520 continere);
1170 2494 1244 2521 quae
1270 2485 1392 2520 proinde

328 2526 365 2554 ad
388 2532 540 2562 utramque
569 2532 611 2553 est
634 2534 733 2562 genus.
747 2540 769 2546 -
783 2534 809 2561 7.
830 2526 937 2552 Textus
967 2525 1078 2552 divisio.
1092 2539 1114 2546 -
1128 2525 1155 2551 8.
1171 2525 1390 2552 Praenotamen.

329 2565 456 2593 Omnem
477 2564 710 2593 enunciationem
732 2571 863 2592 constare
884 2564 1046 2592 necessario
1068 2573 1101 2591 ex
1122 2565 1210 2591 verbo
1232 2564 1328 2600 (quod
1350 2570 1392 2591 est

321 2605 454 2643 formale
485 2604 573 2640 ipsius
599 2603 837 2639 enunciationis),
863 2603 1023 2631 ostenditur
1047 2613 1080 2631 ex
1108 2603 1288 2641 definitione,
1318 2612 1391 2640 quae

327 2644 398 2672 nihil
419 2644 554 2672 enunciat
581 2643 641 2671 sine
663 2644 829 2680 verba—9.
846 2643 973 2671 Dubium
994 2643 1179 2679 proponitur,
1205 2643 1250 2671 cui
1271 2652 1391 2679 respon-

327 2685 411 2712 detur
440 2683 594 2719 tripliciter.
612 2699 629 2704 -
648 2692 691 2711 ιο.
715 2683 803 2710 Aliud
832 2690 1048 2719 praenotamen.
1081 2682 1159 2710 Sicut
1187 2691 1220 2710 ex
1247 2683 1341 2710 forma
1365 2683 1393 2710 e't

328 2723 448 2751 materia
468 2723 500 2751 fit
519 2732 585 2751 vere
610 2732 703 2750 unum
729 2729 756 2750 et
776 2732 838 2750 non
863 2723 967 2757 multa,
995 2722 1035 2750 ita
1060 2722 1090 2749 in
1116 2722 1331 2750 definitionibus
1358 2731 1391 2750 ex

327 2772 431 2799 genere
445 2769 473 2790 et
487 2762 677 2790 differentia.-
691 2772 699 2790 1
711 2772 734 2790 1.
745 2763 886 2790 Absoluta
900 2762 995 2789 unitas
1009 2761 1218 2789 enunciationis
1232 2762 1316 2798 exigit
1331 2771 1391 2790 non

327 2802 565 2838 interruptionem
587 2802 711 2838 partium
731 2802 807 2837 eius3
827 2802 877 2829 sed
892 2811 953 2829 non
968 2801 1122 2838 impeditur
1136 2810 1231 2838 neque
1245 2810 1296 2837 per
1310 2810 1391 2829 com-

327 2841 502 2877 positionem
529 2851 618 2878 quam
647 2841 784 2878 importat
810 2842 945 2876 verbum,
976 2850 1070 2878 neque
1096 2850 1148 2877 per
1177 2841 1390 2868 multitudinem

328 2880 496 2916 nominum,
519 2890 552 2908 ex
567 2881 671 2917 quibus
696 2887 809 2909 constat
823 2881 991 2909 definitio.-
1011 2888 1053 2908 12.
1069 2881 1177 2908 Textus
1196 2880 1392 2908 subdivisio.—

333 2919 376 2947 13.
391 2921 456 2948 Una
479 2920 606 2948 absolute
622 2920 723 2948 dicitur
744 2920 918 2955 enunciatio,
940 2929 1014 2957 quae
1036 2929 1124 2947 unum
1146 2921 1182 2948 de
1204 2929 1260 2947 uno
1275 2920 1388 2958 signifi-

529 3019 761 3060 „eostquam
789 3012 1044 3060 Philosophus
1074 3012 1245 3049 definivit
1272 3025 1389 3048 enun-

545 3064 797 3111 wciationem,
827 3065 888 3101 hic
922 3065 1054 3102 dividit
1082 3077 1179 3101 eam.
1219 3066 1268 3101 Et
1297 3065 1389 3101 divi-

511 3115 684 3166 v&ditur
703 3117 854 3163 induas
881 3125 1024 3165 partes:
1054 3118 1092 3154 in
1119 3117 1254 3166 prima,
1283 3117 1391 3165 ponit

472 3207 481 3214 .
532 3167 570 3198 ἔθ’
587 3169 814 3206 divisionem
843 3170 1164 3216 enunciationis*;
1193 3170 1232 3206 in
1257 3182 1388 3206 secun-

330 3221 389 3268 da,
419 3221 631 3258 manifestat
660 3234 762 3267 eam;
791 3222 859 3258 ibi:
887 3223 1050 3259 Necesse
1077 3229 1131 3259 est
1147 3228 1271 3259 autem
1293 3230 1360 3259 etc.

383 3285 418 3310 2.
440 3273 550 3309 Circa
566 3273 735 3322 primum
757 3275 1075 3320 considerandum
1097 3282 1152 3311 est
1177 3275 1281 3323 quod
1306 3274 1388 3310 Ari-

329 3326 479 3363 stoteles
494 3325 813 3378 subzbreviloquio
830 3327 924 3364 duas
940 3327 1143 3364 divisiones
1159 3327 1388 3363 enunciatio-

327 3379 385 3416 nis
403 3379 520 3427 ponit.
547 3380 722 3426 Quarum
741 3392 818 3416 una
837 3387 893 3416 est
915 3380 1020 3428 quod
1044 3379 1352 3416 enunciationum
1367 3380 1387 3399 ’¹‘

327 3431 517 3481 quaedam
546 3440 602 3469 est
629 3444 704 3468 una
731 3432 901 3480 simplex,
931 3432 1120 3480 quaedam
1150 3438 1205 3467 est
1237 3432 1388 3467 coniun-

328 3486 447 3522 ctione
462 3486 481 3504 ⁴‘
503 3498 588 3522 una.
612 3485 716 3521 Sicut
736 3484 848 3521 etiarn
863 3484 901 3520 in
917 3485 1041 3531 rebus,
1063 3496 1160 3532 quae
1180 3491 1266 3520 sunt
1286 3491 1388 3519 extra

329 3538 514 3585 animam,
545 3537 685 3586 aliquid
706 3545 761 3574 est
778 3549 899 3573 unum
929 3536 1087 3585 simplex
1104 3537 1123 3557 *
1138 3536 1232 3572 sicut
1257 3536 1386 3572 indivi-

327 3591 431 3628 sibile
465 3592 527 3629 vel
556 3591 792 3636 continuum,
827 3589 966 3638 aliquid
995 3597 1050 3625 est
1083 3601 1203 3625 unum
1236 3588 1388 3637 colliga-

1445 860 1463 878 *
1477 861 1534 892 Est
1557 869 1663 892 autem
1678 873 1741 892 una
1755 862 1858 902 prima
1872 863 1973 893 oratio
1989 863 2184 893 enunciativa
2206 863 2382 903 affirmatio,
2398 864 2510 895 deinde
2539 874 2547 883 ·

1512 906 1648 945 negatio,
1673 906 1750 935 aliae
1773 916 1847 936 vero
1872 916 1983 936 omnes
2008 907 2230 937 coniunctione
2255 918 2346 938 unae.

1445 949 1579 979 Necesse
1594 956 1640 980 est
1654 957 1760 980 autem
1775 960 1906 980 omnem
1921 950 2097 980 orationem
2117 952 2347 982 enunciativam
2362 963 2398 982 ex
2412 953 2508 983 verbo

1514 1003 1590 1031 esse,
1614 994 1664 1023 vel
1688 1003 1761 1024 casu
1784 993 1886 1031 verbi;
1911 994 2026 1024 etenim
2050 994 2188 1025 hominis
2211 996 2300 1034 ratio,
2321 996 2346 1026 si
2367 1007 2433 1026 non
2453 1003 2509 1035 est,

1514 1044 1568 1067 aut
1592 1037 1659 1074 erit,
1683 1044 1738 1067 aut
1761 1037 1830 1075 fuit,
1855 1044 1909 1067 aut
1928 1038 2046 1078 aliquid
2065 1039 2249 1069 huiusmodi
2269 1040 2410 1079 addatur,
2430 1050 2510 1070 non-

1514 1081 1592 1110 dum
1616 1087 1662 1110 est
1685 1081 1786 1111 oratio
1810 1081 2016 1112 enunciativa.

1448 1124 1553 1160 Quare
1587 1131 1693 1154 autem
1717 1135 1819 1154 unum
1850 1126 2013 1165 quoddam
2040 1132 2086 1156 est
2109 1133 2139 1156 et
2162 1136 2227 1156 non
2251 1128 2370 1166 multa,
2394 1128 2511 1158 animal

1514 1168 1672 1207 gressibile
1695 1168 1804 1208 bipes;
1828 1178 1931 1208 neque
1962 1169 2048 1199 enim
2070 1169 2102 1199 in
2127 1180 2164 1200 eo
2196 1172 2284 1210 quod
2313 1172 2510 1212 propinquae

1514 1211 1682 1250 dicuntur,
1707 1222 1810 1242 unum
1834 1213 1907 1243 erit:
1939 1220 1984 1243 est
2008 1220 2114 1243 autem
2144 1214 2269 1244 alterius
2297 1215 2358 1246 hoc
2382 1222 2511 1246 tractare

1514 1265 1648 1294 negocn.

1447 1300 1504 1329 Est
1527 1306 1634 1329 autem
1664 1309 1727 1329 una
1751 1299 1851 1329 oratio
1876 1300 2092 1338 enunciativa,
2116 1301 2165 1331 vel
2189 1312 2269 1342 quae
2292 1313 2394 1333 unum
2418 1303 2510 1343 signi-

1514 1342 1596 1381 ficat,
1620 1343 1670 1373 vel
1694 1343 1917 1374 coniunctione
1941 1351 2021 1374 una:
2046 1344 2151 1384 plures
2173 1352 2290 1384 autern,
2310 1357 2390 1387 quae
2410 1347 2513 1386 plura,

1515 1393 1545 1417 et
1568 1397 1634 1417 non
1658 1397 1771 1425 unum,
1794 1388 1844 1417 vel
1867 1388 2135 1418 inconiunctione.
2431 1403 2435 1406 ·

1446 1432 1574 1461 Nomen
1598 1441 1672 1470 ergo
1697 1438 1727 1462 et
1749 1432 1881 1462 verbum
1905 1432 2000 1462 dictio
2025 1432 2064 1462 sit
2087 1432 2170 1462 sola:
2201 1433 2354 1474 quoniam
2377 1444 2443 1464 non
2467 1441 2512 1465 est

1515 1475 1615 1505 dicere
1640 1475 1683 1506 sic
1706 1476 1826 1516 aliquid
1847 1475 2075 1515 significantem
2093 1486 2171 1507 voce
2199 1478 2375 1516 enunciare,
2390 1478 2439 1508 vel
2458 1478 2511 1508 ali-

1513 1529 1579 1559 quo
1603 1519 1824 1559 interrogante,
1848 1520 1898 1550 vel
1921 1530 1998 1558 non,
2023 1520 2077 1550 sed
2100 1520 2171 1560 ipso
2195 1521 2382 1561 proferente.

1447 1607 1571 1637 Harum
1595 1614 1701 1637 autem
1724 1607 1800 1638 haec
1824 1607 1956 1647 simplex
1975 1607 2105 1648 quidem
2124 1615 2170 1639 est
2189 1609 2383 1647 mundatio,
2403 1616 2439 1639 ut
2457 1610 2511 1639 ali-

1514 1651 1591 1691 quid
1615 1651 1652 1681 de
1677 1651 1797 1692 aliquo,
1821 1652 1870 1681 vel
1894 1652 2013 1692 aliquid
2036 1652 2074 1681 ab
2099 1653 2222 1693 aliquo;
2245 1653 2322 1683 haec
2346 1660 2452 1683 autem
2475 1663 2511 1683 ex

1514 1695 1561 1725 his
1582 1695 1767 1733 coniuncta,
1782 1695 1869 1725 velut
1888 1695 1988 1725 oratio
2009 1696 2165 1736 quaedam
2183 1697 2247 1726 iam
2266 1697 2452 1736 composita.

1447 1739 1503 1769 Est
1526 1746 1634 1769 autem
1648 1739 1780 1779 simplex
1795 1739 1985 1777 enunciatio,
2005 1750 2066 1769 vox
2086 1740 2288 1780 significativa
2308 1741 2345 1770 de
2365 1751 2403 1771 eo
2423 1742 2511 1781 quod

1515 1789 1560 1812 est
1583 1783 1713 1823 aliquid,
1733 1784 1782 1813 vel
1797 1793 1863 1813 non
1878 1790 1940 1814 est:
1957 1784 2231 1823 quemadmodum
2250 1791 2394 1824 tempora
2414 1785 2510 1815 divisa

1514 1833 1597 1856 sunt.

1447 1870 1466 1888 θ’·
1480 1870 1656 1900 Affirmatio
1681 1880 1755 1900 vero
1782 1875 1828 1901 e'st
1847 1870 2024 1901 enunciatio
2042 1871 2172 1902 alicuius
2188 1873 2225 1902 de
2241 1871 2357 1912 aliquo.
2377 1873 2510 1912 Negatio

1515 1924 1590 1944 vero
1615 1914 1793 1945 enunciatio
1818 1915 1948 1945 alicuius
1973 1915 2010 1944 ab
2035 1915 2152 1956 aliquo.

1447 2015 1509 2043 cat;
1530 2019 1589 2037 una
1611 2010 1768 2037 secundum
1789 2010 1857 2046 quid
1877 2010 1925 2037 illa
1946 2009 2049 2038 dicitur
2069 2019 2140 2046 quae
2161 2016 2204 2038 est
2224 2011 2422 2038 coniunctione
2444 2021 2508 2046 una,

1447 2050 1502 2077 hoc
1517 2055 1559 2077 est
1570 2071 1577 2084 ,
1600 2058 1657 2077 una
1671 2059 1704 2077 ex
1720 2049 1897 2077 multis-Et
1911 2059 1962 2085 per
1977 2049 2143 2086 oppositum
2165 2049 2348 2086 intelligenda
2362 2057 2404 2078 est
2418 2060 2508 2078 enun-

1448 2089 1606 2117 ciationurn
1621 2089 1780 2125 pluritas.-
1798 2099 1840 2124 14.
1857 2089 1964 2125 Opinio
1980 2089 2092 2117 Boethii
2111 2090 2146 2117 de
2169 2090 2275 2117 unitate
2297 2096 2324 2117 et
2340 2090 2510 2127 pluralitate

1447 2128 1657 2156 enunciationis
1679 2138 1712 2156 ex
1733 2128 1834 2156 ordine
1856 2129 1893 2156 ad
1914 2128 2118 2165 significatum3
2139 2129 2174 2156 de
2194 2129 2375 2166 simplicitate
2390 2136 2418 2157 et
2432 2139 2508 2157 com-

1443 2168 1586 2205 positione
1602 2177 1635 2196 ex
1650 2168 1750 2196 ordine
1765 2169 1802 2196 ad
1818 2177 1939 2196 voces.-
1953 2168 1995 2195 15.
2011 2170 2078 2195 Non
2092 2169 2268 2204 approbatur
2288 2169 2400 2196 Boethii
2421 2178 2508 2205 expo-

1447 2207 1521 2235 sitio.
1538 2223 1554 2229 -
1570 2209 1647 2235 Turn
1669 2208 1772 2243 unitas,
1787 2214 1849 2235 tum
1864 2207 2028 2243 simplicitas
2051 2208 2107 2243 (Cf.
2123 2208 2195 2235 infra
2215 2218 2244 2236 n.
2264 2209 2309 2243 18)
2331 2208 2508 2236 enunciatio-

1447 2247 1491 2275 nis
1506 2254 1548 2275 est
1569 2247 1722 2275 iudicanda
1740 2257 1801 2275 non
1820 2257 1853 2275 ex
1874 2247 1982 2274 unitate
1997 2247 2131 2281 nomInis‚
2154 2248 2204 2275 sed
2226 2257 2258 2275 ex
2272 2247 2380 2275 unitate
2402 2248 2508 2284 signifi-

1447 2287 1501 2315 cati
1517 2287 1570 2322 (ad
1585 2288 1665 2323 quod
1687 2287 1860 2322 ordinatur),
1881 2286 1991 2314 etiamsi
2006 2286 2062 2314 sint
2082 2287 2164 2322 plura
2184 2287 2304 2315 nomina
2323 2296 2396 2323 quae
2416 2297 2507 2315 unum

1447 2326 1645 2363 significent.-
1659 2327 1701 2354 16.
1727 2327 1799 2354 Tres
1814 2332 1880 2353 sunt
1895 2326 1975 2353 modi
1999 2326 2222 2361 enunciationis;
2246 2327 2416 2363 simpliciter
2436 2334 2507 2360 una,

1447 2375 1520 2402 quae
1544 2375 1635 2393 unum
1657 2365 1822 2402 simpliciter
1843 2365 1997 2402 significat;
2019 2366 2190 2403 simpliciter
2212 2366 2317 2403 plures
2337 2372 2365 2393 et
2387 2375 2443 2393 una
2464 2375 2508 2394 se-

1445 2406 1570 2433 cundum
1581 2405 1657 2442 quid,
1669 2414 1743 2441 quae
1758 2405 1847 2432 multa
1862 2405 2001 2442 significat
2012 2414 2085 2441 quae
2101 2412 2167 2432 sunt
2181 2405 2384 2433 coniunctione
2398 2415 2506 2441 unum;

1445 2445 1616 2482 simpliciter
1631 2445 1736 2481 plures
1755 2454 1829 2481 quae
1848 2445 1930 2481 plura
1950 2444 2103 2481 significat,
2122 2454 2196 2481 quae
2220 2454 2281 2472 non
2306 2451 2371 2472 sunt
2385 2445 2506 2472 coniun-

1447 2484 1541 2512 ctione
1562 2494 1662 2511 unum.
1672 2499 1694 2506 ·-
1707 2491 1754 2520 ‘17.
1770 2484 1942 2512 Enunciatio
1963 2493 2022 2511 una
2035 2493 2096 2512 non
2114 2484 2154 2512 sic
2168 2494 2259 2511 unum
2280 2484 2421 2521 significat
2435 2484 2507 2512 sicut

1445 2533 1555 2551 nomen
1577 2530 1604 2552 et
1624 2525 1752 2551 verbum.
1766 2539 1788 2545 —
1806 2525 1849 2551 18.
1870 2525 1911 2551 Ex
1932 2523 2043 2551 ratione
2065 2533 2133 2551 suae
2153 2524 2269 2551 unitatis
2292 2523 2427 2552 dividitur
2440 2534 2508 2560 pro-

1445 2563 1551 2599 positio
1566 2563 1596 2590 in
1611 2563 1770 2599 simplicem
1785 2570 1813 2591 et
1827 2563 2027 2599 compositam,
2038 2573 2099 2591 non
2114 2572 2196 2601 secus
2210 2572 2244 2591 ac
2260 2573 2366 2598 unum3
2382 2563 2508 2601 simplex

1446 2609 1488 2631 est
1502 2612 1576 2639 quae
1595 2612 1687 2630 unum
1709 2603 1848 2639 significat
1871 2603 1916 2630 vel
1935 2612 1988 2639 per
2006 2603 2128 2630 modum
2150 2603 2371 2640 compositionis,
2392 2604 2436 2630 vel
2457 2612 2508 2639 per

1445 2643 1568 2670 modum
1590 2643 1753 2675 divisionis,·
1767 2642 1924 2679 composita
1939 2649 1982 2669 est
1997 2651 2071 2678 quae
2092 2642 2174 2678 plura
2188 2642 2335 2678 significat,
2351 2649 2379 2670 et
2393 2643 2458 2670 ideo
2474 2652 2508 2670 ex

1446 2681 1621 2718 simplicibus
1649 2679 1896 2718 propositionibus
1926 2681 2100 2722 coalescit.—
2118 2691 2160 2718 19.
2185 2683 2228 2709 De
2254 2682 2341 2709 altera
2369 2682 2508 2709 divisione

1445 2721 1655 2749 enunciationis
1670 2723 1709 2757 (n.
1727 2722 1764 2756 3).
1779 2721 1888 2749 D1visio
1909 2721 2117 2749 enunciationis
2139 2721 2168 2748 in
2189 2721 2387 2749 affirmativam
2409 2727 2436 2749 et
2457 2731 2507 2749 ne-

1445 2761 1569 2798 gativam
1588 2761 1683 2797 primo
1701 2761 1834 2789 convenit
1855 2761 2049 2788 enunciationi
2071 2761 2195 2797 simplici
2201 2770 2207 2795 ;
2230 2767 2257 2788 et
2272 2770 2305 2788 ex
2319 2761 2506 2797 consequenti

1446 2801 1654 2838 compositae.—
1668 2808 1714 2828 20.
1730 2802 1835 2828 Iterum
1855 2801 1891 2828 de
1906 2800 2044 2836 opinione
2058 2800 2212 2827 Alexandri
2227 2802 2266 2835 (n.
2280 2800 2339 2835 5).-
2350 2807 2396 2827 21.
2408 2802 2506 2827 Enun-

1446 2840 1524 2868 ciatis
1539 2840 1685 2868 sententiis
1701 2840 1822 2875 Boethii,
1834 2840 1985 2876 Porphyrii
2000 2846 2027 2867 et
2040 2839 2198 2874 Ammonii,
2211 2839 2402 2867 concluditur:
2418 2839 2503 2875 signi-

1445 2879 1530 2907 ficare
1551 2889 1613 2907 esse
1628 2886 1655 2907 et
1671 2889 1726 2907 non
1741 2889 1803 2907 esse
1824 2886 1899 2907 recte
1920 2879 2057 2916 assignari
2072 2880 2107 2906 ab
2121 2879 2274 2906 Aristotele
2288 2885 2319 2906 ut
2334 2878 2505 2906 differentias

1445 2919 1591 2956 specificas
1612 2919 1819 2956 propositionis
1841 2928 1891 2947 seu
1912 2918 2128 2946 enunciationis.

1444 3012 1542 3048 tione
1567 3019 1631 3048 aut
1658 3012 1921 3059 compositione
1940 3018 2004 3046 aut
2031 3010 2170 3046 ordine.
2198 3009 2297 3055 Quia
2321 3009 2422 3046 enim
2442 3022 2506 3046 ens

1446 3072 1481 3100 et
1505 3077 1621 3100 unum
1646 3071 1932 3109 convertuntur,
1960 3075 2114 3099 necesse
2144 3070 2198 3098 est
2227 3062 2321 3098 sicut
2347 3075 2503 3099 ornnem

1444 3129 1526 3153 rem
1536 3117 1567 3163 ³²³,
1583 3117 1633 3153 ita
1653 3124 1689 3152 et
1708 3129 1865 3153 ornnem
1879 3116 2181 3152 enunciationem
2197 3115 2403 3163 aliqualiter
2422 3128 2503 3152 esse

1442 3181 1572 3206 unam.

1499 3223 1532 3258 3.
1550 3221 1634 3257 Alia
1648 3233 1741 3257 vero
1762 3220 1969 3257 subdivisio
1990 3219 2261 3256 enunciationis
2286 3227 2340 3256 est
2356 3221 2376 3240 '¹‘
2399 3220 2503 3268 quod

1444 3274 1473 3310 si
1502 3273 1714 3309 enunciatio
1744 3274 1789 3310 sit
1806 3286 1898 3319 una,
1929 3280 1993 3309 aut
2021 3280 2076 3309 est
2094 3272 2319 3309 affirmativa
2347 3280 2411 3308 aut
2438 3285 2502 3308 ne-

1443 3326 1577 3373 gativa.
1613 3326 1837 3362 Enunciatio
1879 3333 2006 3362 autem
2047 3325 2273 3361 affirmativa
2308 3325 2411 3373 prior
2448 3333 2503 3362 est

1443 3378 1626 3425 negativa,
1642 3378 1774 3426 triplici
1790 3378 1944 3425 ratione,
1962 3378 2171 3414 secundum
2187 3377 2255 3413 tria
2275 3389 2372 3425 quae
2389 3390 2502 3426 supra

1442 3431 1565 3479 posita
1597 3438 1704 3466 sunt:
1739 3430 1804 3466 ubi
1834 3430 1975 3467 dictum
2009 3437 2064 3466 est
2082 3431 2101 3451 '¹‘
2126 3430 2230 3478 quod
2261 3442 2338 3466 vox
2371 3437 2427 3466 est
2454 3430 2500 3466 si-

1443 3495 1560 3530 gnum
1583 3482 1801 3529 intellectus,
1823 3489 1859 3518 et
1877 3482 2083 3518 intellectus
2103 3490 2158 3518 est
2177 3482 2325 3529 signum
2345 3482 2408 3519 rei.
2429 3484 2503 3519 ‘Ex

2538 1883 2547 1891 ¹
2558 1881 2614 1908 Cap.
2626 1887 2658 1902 vi.

2533 3134 2541 3142 ·
2551 3139 2576 3154 ,⁴2
2591 3139 2638 3155 rem
2654 3140 2707 3156 esse
2721 3141 2743 3156 u-

2532 3165 2592 3180 nam.

2531 3238 2588 3268 ''De
2602 3239 2668 3260 tertia
2683 3238 2740 3260 divi-

2530 3271 2610 3292 sione,
2633 3266 2691 3287 infra
2710 3267 2742 3287 le—

2530 3294 2559 3311 ct.
2575 3298 2597 3318 x,
2613 3297 2636 3312 n.
2648 3298 2680 3313 10.

2529 3444 2609 3466 'Lecn
2624 3451 2653 3472 11,
2675 3451 2713 3466 nn.
2729 3452 2741 3473 5

2529 3474 2551 3491 et
2561 3477 2583 3498 9.

2529 3524 2537 3532 '¹
2548 3522 2689 3545 Enunciatio
2712 3530 2740 3544 ex

1436 3541 1547 3583 parte
1566 3535 1675 3582 igitur
1687 3535 1804 3580 vocis,
1821 3534 2047 3572 affirmativa
2062 3534 2273 3571 enunciatio
2290 3536 2310 3555 ⁴*
2325 3543 2380 3572 est
2397 3535 2502 3583 prior
2529 3550 2598 3570 codd.

2528 3577 2537 3585 ⁸
2543 3582 2585 3597 Aac
2591 3576 2699 3598 omittunt
2704 3582 2742 3597 ne-

1443 3587 1617 3635 negativa
1631 3588 1661 3635 *7
1674 3587 1762 3636 quia
1777 3595 1832 3624 est
1846 3587 2061 3636 simplicior:
2078 3587 2251 3635 negativa
2266 3587 2367 3624 enim
2384 3600 2500 3625 enun-
2527 3602 2619 3629 gan-va.
