2548 4192
934 271 989 307 IN
1019 270 1058 307 S.
1080 270 1322 308 THOMAM
1349 272 1674 320 AQUINATEM

208 352 283 381 nem
308 349 343 379 in
371 348 454 379 calce
477 348 605 388 capitis:
628 349 730 379 Hanc
755 354 863 380 autem
894 349 1060 380 sublimem
1090 351 1276 388 veritatem,

206 393 372 434 inquiens,
395 394 531 433 Moyses
551 402 573 422 a
595 393 735 423 Domino
759 399 806 424 est
829 394 978 431 edoctus,
1002 395 1058 434 qui
1084 404 1156 424 cum
1181 404 1277 435 quae-

208 443 296 468 reret
319 447 340 468 a
361 437 502 468 Domino
525 437 634 467 Exodi
657 447 690 467 111
712 437 841 468 dicens:
863 438 899 468 Si
921 438 1066 468 dixerint
1081 438 1125 469 ad
1145 448 1196 468 me
1209 439 1279 479 filii

206 482 324 519 Israel,
348 481 434 521 quod
457 486 504 512 est
526 481 650 511 Nomen
676 482 767 518 eius,·
789 482 866 522 quid
888 482 993 513 dicam
1022 483 1098 513 eis?
1119 483 1279 514 Dominus

207 525 392 566 respondit:
413 525 488 566 Ego
510 535 594 563 sum,
609 526 665 566 qui
687 534 777 557 sum:
794 527 841 557 sic
858 526 945 557 dices
952 527 1040 567 filiis
1055 526 1170 557 Israel.
1186 528 1278 558 Hanc

205 569 336 611 passim,
361 575 417 600 aut
438 569 634 610 frequentius
658 570 786 601 adhibet
809 570 863 600 ille
887 577 1053 611 servatque
1076 572 1277 602 methodum.

253 619 255 622 ⁴
273 613 406 644 Generis
429 613 556 644 alterius
583 614 747 652 veritates,
771 624 854 655 quae
877 616 1040 655 Mysteria
1058 615 1144 656 fidei
1171 617 1278 656 appel-

206 658 322 695 lantur,
347 657 472 688 divinae
494 658 694 689 revelationis
716 659 850 697 lumine,
871 660 962 700 quod
985 659 1085 699 fulget
1109 660 1143 690 in
1166 661 1278 691 veteris

205 701 347 742 novique
369 702 567 733 Testamenti
589 702 696 741 libris,
719 702 818 734 veluti
841 703 972 744 proprio
997 714 1032 734 ac
1058 704 1182 743 nativo,
1206 705 1277 735 illu-

205 752 282 777 strat
303 746 462 786 Aquinas:
487 747 708 788 naturalesque
731 754 842 787 postea
863 757 898 778 ac
922 748 1159 789 philosophicas
1183 749 1277 780 ratio-

205 800 262 821 nes
289 790 396 829 addit,
420 797 456 821 ut
477 790 592 821 lumini
605 791 750 822 naturali
774 791 861 822 haud
883 802 1028 833 unquam
1053 793 1278 824 revelationem

205 842 381 875 repugnare
404 835 570 874 ostendat,
594 836 801 877 eiusdemque
823 836 954 867 luminis
987 837 1141 868 industria
1163 838 1278 878 proba-

205 878 284 909 biles
316 879 473 920 quasdam
496 880 723 920 mysteriorum
744 880 819 911 fidei
847 881 1136 912 verisimilitudines
1159 892 1278 922 propo-

204 929 260 954 nat
282 934 318 954 ac
341 924 485 954 hostium
503 924 559 965 qui
583 925 698 955 eodem
721 925 896 956 abutuntur
918 926 1056 964 lumine,
1083 926 1279 967 sophismata

206 967 352 1007 depellat.
379 968 504 1008 Insigne
537 969 720 1009 exemplum
752 969 843 1000 offert
875 970 1053 1000 secundum
1085 977 1181 1011 caput
1207 970 1279 1001 libri

204 1013 320 1052 quarti,
336 1012 392 1043 ubi
406 1013 584 1053 quaeritur:
607 1013 694 1050 Quid
707 1014 749 1044 sit
765 1013 948 1051 Generatio,
968 1015 1154 1046 Paternitas
1175 1020 1206 1045 et
1225 1015 1278 1044 Fi-

206 1057 296 1087 liatio
320 1058 353 1087 in
377 1057 520 1088 divinis?
532 1057 681 1088 Thomae
699 1058 864 1097 responsio
879 1058 956 1088 haec
972 1065 1035 1088 est:
1054 1071 1070 1086 ι
1082 1058 1278 1099 Principium

207 1113 223 1128 »
243 1108 352 1132 autem
370 1101 631 1131 considerationis
647 1110 666 1131 a
680 1108 800 1132 secreto
815 1102 956 1132 Divinae
981 1102 1207 1134 Generationis
1227 1113 1278 1133 su-

207 1151 385 1182 ».mentes‚
415 1145 494 1185 quid
524 1145 564 1175 de
591 1155 629 1175 ea
655 1145 834 1176 secundum
866 1155 982 1176 sacrae
1009 1146 1199 1186 Scripturae
1221 1147 1278 1177 do-

207 1200 223 1216 »
243 1195 392 1220 cumenta
417 1189 516 1219 teneri
545 1189 657 1220 debeat
689 1190 939 1229 praemittamus.
966 1190 1089 1221 Dehinc
1120 1201 1196 1222 vero
1225 1202 1278 1229 ea,

198 1243 326 1274 aquae
354 1239 464 1264 contra
498 1233 662 1264 veritatem
684 1233 759 1264 fidei
785 1233 954 1264 infidelitas
983 1234 1164 1273 adinvenit,
1189 1246 1279 1276 argu-

208 1289 223 1305 »
242 1284 350 1308 menta
372 1285 549 1317 ponamus:
565 1288 707 1318 quorum
730 1278 892 1308 solutione
915 1278 1065 1317 subiecta,
1085 1280 1180 1310 huius
1205 1291 1280 1312 con-

207 1333 223 1350 »
242 1321 444 1363 siderationis
455 1317 669 1362 'propositum
685 1332 928 1363 consequemur.
946 1323 1059 1354 Tradit
1077 1324 1173 1364 igitur
1186 1326 1280 1356 nobis

159 1381 165 1383 f
200 1361 330 1398 ‘aff-acra
345 1366 507 1406 Scriptura
529 1366 562 1397 in
586 1366 710 1397 Divinis
732 1367 943 1398 Paternitatis
965 1373 996 1398 et
1020 1368 1204 1400 Filiationis
1222 1381 1280 1401 no-

202 1410 346 1448 ,1mina3
362 1410 466 1441 Iesum
496 1410 661 1442 Christum
689 1411 809 1442 Filium
831 1411 896 1442 Dei
924 1419 1115 1450 contestans,
1139 1416 1229 1455 quod
1248 1415 1280 1446 in

206 1465 225 1484 ι’
240 1454 404 1495 Scriptura
426 1455 504 1486 novi
531 1455 728 1486 Testamenti
756 1455 1010 1496 frequentissime
1033 1457 1202 1490 invenitur.
1223 1460 1280 1490 Di-

207 1499 325 1531 rcitur
338 1499 426 1530 enim
439 1499 551 1530 Matth.
565 1507 611 1530 11:
627 1500 730 1530 Nemo
746 1501 834 1530 novit
846 1500 966 1531 Filium
982 1502 1045 1532 nisi
1059 1502 1168 1541 Pater,
1181 1514 1282 1545 neque

209 1555 225 1572 υ
244 1544 374 1575 Patrem
406 1545 478 1584 quis
514 1545 601 1575 novit
625 1545 688 1575 nisi
714 1545 828 1575 Filius.
859 1545 992 1583 Adhuc,
1026 1547 1152 1577 Marcus
1185 1559 1281 1579 suum

209 1599 227 1617 ι
245 1587 457 1628 Evangelium
473 1588 586 1629 incipit
599 1589 720 1619 dicens:
731 1589 864 1619 Initium
879 1589 1056 1631 Evangelii
1069 1591 1144 1622 Iesu
1162 1593 1283 1624 Christi

210 1645 226 1661 »
244 1633 323 1664 Filii
337 1633 410 1664 Dei.
428 1633 562 1663 Ioannes
579 1633 674 1664 etiam
688 1633 888 1672 Evangelista
904 1634 966 1665 hoc
982 1635 1163 1676 frequenter
1176 1644 1281 1668 osten-

211 1689 229 1706 »
246 1677 302 1708 dit.
319 1677 443 1708 Dicitur
465 1677 552 1708 enim
572 1678 658 1708 loan.
677 1685 730 1708 m:
746 1678 845 1708 Pater
859 1678 967 1719 diligit
980 1679 1100 1710 Filium
1119 1686 1151 1711 et
1173 1683 1282 1712 omnia

210 1733 227 1750 »
243 1721 332 1753 dedit
362 1722 394 1752 in
425 1731 525 1752 manu
556 1723 634 1752 eius.
662 1723 703 1754 Et
726 1723 814 1753 loan.
837 1729 874 1752 v:
905 1723 996 1754 Sicut
1022 1725 1121 1754 Pater
1147 1727 1283 1757 suscitat

210 1778 226 1795 »
245 1771 390 1797 mortuos
399 1771 430 1797 et
439 1766 590 1807 vivificat,
601 1768 650 1798 sic
662 1773 693 1798 et
701 1767 807 1797 Filius
819 1775 900 1806 quos
918 1768 988 1798 vult
1001 1769 1150 1809 vivificat.
1164 1770 1282 1801 Paulus

209 1822 227 1840 ι
245 1810 342 1842 etiam
350 1810 527 1850 Apostolus
537 1810 614 1841 haec
623 1812 718 1842 verba
737 1810 917 1851 frequenter
925 1811 1089 1843 interserit.
1100 1813 1185 1844 Dicit
1195 1815 1282 1845 enim

210 1867 229 1884 »
246 1855 287 1886 ad
309 1855 406 1885 Rom.
423 1861 451 1885 1:
475 1854 679 1895 Segregatus
700 1856 733 1885 in
757 1855 975 1894 Evangelium
998 1856 1072 1894 Dei,
1099 1858 1184 1898 quod
1207 1865 1283 1890 ante

197 1918 199 1920 -
208 1911 224 1928 ι
237 1900 436 1940 promiserat
440 1909 505 1939 per
512 1899 688 1939 Prophetas
696 1909 774 1930 suos
783 1900 816 1929 in
826 1901 1006 1940 Scripturis
1013 1903 1136 1933 sanctis
1148 1902 1189 1933 de
1197 1903 1282 1934 Filio

209 1955 226 1973 ι
243 1953 314 1975 suo.
338 1943 381 1974 Et
403 1943 443 1973 ad
466 1943 564 1974 Hebr.
590 1951 618 1974 1:
644 1944 866 1985 Multifariam
891 1945 1063 1986 multisque
1085 1947 1188 1977 modis
1205 1948 1281 1978 olim

209 1988 336 2019 rDeus
367 1988 501 2028 loquens
522 1988 674 2019 Patribus
701 1989 734 2019 in
757 1989 944 2030 Prophetis,
970 1991 1140 2021 novissime
1171 1991 1283 2023 diebus

199 2042 225 2062 ·»
245 2033 315 2064 istis
329 2032 482 2073 loquutus
505 2037 551 2063 est
574 2033 665 2063 nobis
680 2034 712 2063 in
729 2034 824 2064 Filio.
841 2034 915 2064 Hoc
934 2034 1029 2064 etiam
1051 2035 1194 2073 traditur,
1210 2036 1284 2068 licet

209 2089 226 2106 a·
244 2077 364 2115 rarius,
388 2076 422 2106 in
451 2076 619 2117 Scripturis
651 2078 763 2108 veteris
796 2078 1004 2109 Testamenti.
1040 2079 1163 2110 Dicitur
1193 2081 1281 2111 enim

211 2132 227 2150 »
244 2121 396 2152 Proverb.
412 2128 488 2151 xxx:
509 2121 603 2158 Quod
619 2131 733 2153 nomen
753 2128 801 2153 est
823 2124 903 2160 eius,
924 2128 955 2153 et
977 2123 1062 2164 quod
1077 2134 1191 2155 nomen
1207 2125 1284 2156 Filii

210 2178 226 2194 2
245 2166 326 2203 eius,
349 2167 379 2197 si
397 2166 490 2196 nosti.
506 2166 543 2196 In
565 2166 694 2197 Psalmo
717 2167 845 2207 legitur:
865 2167 1026 2198 Dominus
1047 2168 1132 2199 dixit
1153 2170 1198 2200 ad
1220 2180 1280 2208 me,

211 2222 226 2238 »
245 2210 351 2241 Filius
373 2219 464 2240 meus
482 2219 516 2241 es
539 2215 584 2241 tu.
601 2211 642 2241 Et
664 2211 797 2242 iterum:
817 2211 892 2252 Ipse
915 2213 1076 2243 invocavit
1098 2223 1159 2250 me,
1184 2215 1283 2245 Pater

210 2267 226 2283 ι
245 2263 336 2285 meus
358 2263 393 2285 es
415 2259 461 2285 tu.
491 2254 533 2285 Et
560 2255 706 2295 quamvis
729 2255 807 2287 haec
830 2256 896 2287 duo
927 2256 1040 2287 ultima
1066 2258 1161 2288 verba
1185 2259 1282 2299 aliqui

210 2311 227 2328 ›
244 2298 363 2329 vellent
393 2298 434 2329 ad
463 2308 594 2330 sensum
621 2299 721 2330 alium
749 2307 952 2342 retorquere,
983 2307 1019 2332 ut
1047 2302 1137 2342 quod
1169 2302 1284 2334 dicitur

210 2353 226 2372 z
245 2341 423 2385 (Dominus
444 2343 528 2374 dixit
550 2343 594 2374 ad
622 2354 692 2382 me,
713 2345 811 2386 filius
833 2354 924 2376 meus
951 2355 986 2376 es
1014 2345 1086 2387 tu),
1111 2347 1151 2376 ad
1174 2347 1282 2387 ipsum

210 2400 226 2416 ι
244 2387 348 2419 David
374 2387 543 2419 referatur:
568 2389 658 2429 quod
680 2399 756 2420 vero
780 2390 894 2420 dicitur
917 2388 1014 2430 (Ipse
1036 2391 1196 2422 invocavit
1219 2402 1280 2429 me,

211 2445 226 2461 »
245 2433 344 2463 Pater
370 2441 461 2463 meus
489 2442 524 2463 es
555 2432 632 2474 tu),
662 2433 829 2470 Salomoni
861 2434 1066 2465 attribuatur:
1095 2441 1202 2466 tamen
1227 2446 1281 2474 ea,

211 2487 226 2505 υ
245 2485 328 2517 quae
351 2476 590 2515 coniunguntur
617 2477 764 2518 utrique,
789 2478 850 2508 hoc
883 2478 1018 2509 omnino
1052 2489 1119 2508 non
1149 2480 1191 2510 ita
1215 2490 1282 2510 esse

211 2534 226 2549 ι
245 2520 428 2551 ostendunt.
453 2521 566 2561 Neque
590 2522 676 2552 enim
701 2523 822 2553 Davidi
849 2529 954 2563 potest
984 2530 1164 2562 competere
1192 2525 1283 2565 quod

212 2577 227 2593 »
248 2565 387 2596 additur:
411 2565 486 2606 Ego
509 2565 602 2596 hodie
623 2568 726 2606 genui
749 2572 788 2597 te.
815 2567 856 2598 Et
886 2566 976 2607 quod
1003 2567 1165 2598 subditur:
1189 2569 1282 2599 Dabo

212 2622 227 2637 ι
247 2610 303 2640 tibi
331 2614 445 2650 gentes
471 2609 679 2640 hereditatem
704 2616 792 2642 tuam
817 2617 848 2642 et
857 2612 1090 2652 possessionem
1111 2617 1199 2643 tuam
1220 2618 1283 2643 ter-

212 2667 228 2683 »
247 2655 351 2684 minos
374 2658 483 2684 terrae
489 2661 502 2691 ,·
521 2664 596 2684 cum
620 2654 687 2685 eius
711 2665 846 2695 regnum
869 2665 936 2686 non
955 2665 1058 2696 usque
1074 2656 1115 2686 ad
1130 2657 1283 2688 terminos

211 2710 227 2727 ι
245 2705 345 2730 terrae
368 2697 462 2728 fuerit
478 2698 660 2736 dilatatum,
683 2706 719 2730 ut
742 2700 874 2731 historia
895 2699 966 2730 libri
989 2700 1116 2746 Regum
1136 2701 1281 2732 declarat.

211 2755 228 2771 2
245 2743 360 2783 Neque
383 2742 479 2773 etiam
501 2743 668 2774 Salomoni
695 2751 802 2784 potest
821 2744 956 2775 omnino
985 2751 1166 2784 competere
1193 2747 1283 2786 quod

211 2798 227 2815 ι
247 2787 375 2818 dicitur:
399 2787 474 2827 Ipse
490 2788 649 2818 invocavit
668 2798 729 2826 me,
739 2789 839 2820 Pater
853 2798 944 2819 meus
958 2798 992 2819 es
1005 2794 1040 2819 tu
1046 2796 1060 2826 ;
1078 2799 1153 2819 cum
1168 2791 1282 2821 subda-

211 2843 227 2859 ι
241 2838 308 2869 tur,
318 2841 440 2872 ponam
465 2832 498 2862 in
525 2833 691 2863 saeculum
713 2834 836 2864 saeculi
855 2843 962 2864 semen
980 2834 1060 2870 eius,
1076 2839 1107 2864 et
1129 2834 1280 2865 thronum

211 2888 227 2904 ›
246 2877 316 2908 eius
341 2877 425 2906 sicut
451 2875 520 2906 dies
545 2877 638 2907 caeli.
665 2878 759 2908 Unde
791 2878 884 2908 datur
911 2877 1064 2917 intelligi,
1089 2879 1179 2918 quod
1207 2879 1284 2919 quia

212 2931 228 2947 »
246 2920 405 2961 quaedam
427 2920 607 2959 praemissis
630 2922 732 2952 verbis
758 2932 879 2952 annexa
900 2922 1022 2953 Davidi
1044 2922 1095 2952 vel
1117 2922 1284 2954 Salomoni

212 2975 228 2990 ι
247 2964 370 3004 possint
394 2974 579 3004 congruere,
605 2966 763 3006 quaedam
781 2975 856 2996 vero
881 2974 1104 3007 nequaquam;
1129 2968 1218 3007 quod
1242 2968 1282 2998 de

213 3018 228 3034 π
246 3007 356 3038 David
379 3013 410 3038 et
432 3007 604 3039 Salomone
629 3009 705 3040 haec
724 3011 819 3041 verba
849 3010 993 3041 dicantur
1016 3011 1193 3041 secundum
1212 3022 1282 3042 mo-

213 3063 228 3078 »
248 3061 316 3082 rem
339 3051 518 3091 Scripturae
535 3052 568 3083 in
585 3053 711 3084 alterius
726 3053 872 3094 figuram,
890 3055 923 3084 in
939 3065 1006 3095 quo
1025 3055 1171 3085 universa
1195 3065 1282 3086 com-

213 3108 229 3123 »
248 3095 428 3136 pleantur.»
445 3096 526 3126 Heic
541 3097 636 3127 habes
651 3099 919 3129 accuratissimam
938 3099 1091 3139 regulam,
1111 3110 1208 3140 quam
1223 3111 1281 3140 po-

213 3148 279 3172 stea
301 3139 445 3179 pluribus
467 3139 663 3172 illustrarunt
686 3143 843 3180 Huetius,
872 3144 1066 3182 Bossuetus,
1098 3143 1282 3181 Calmetus‚

211 3184 371 3216 Marchius
394 3183 557 3224 Vitringa‚
581 3185 768 3226 Deylingius
795 3187 912 3228 aliique
935 3187 1059 3227 plures,
1087 3188 1283 3218 discernendi

211 3235 333 3270 praeter
351 3227 497 3258 vaticinia
520 3229 648 3269 proprie
671 3230 767 3268 dicta,
792 3231 908 3271 figuras
933 3231 1003 3262 illas
1032 3242 1152 3272 eosque
1175 3239 1281 3273 typOS,

212 3273 268 3315 qui
284 3272 440 3303 Davidem
455 3272 587 3313 quidem
604 3283 636 3304 V.
646 3283 681 3313 g..
692 3281 747 3305 aut
762 3275 971 3306 Salomonem
987 3282 1042 3306 aut
1055 3276 1155 3306 aliurn
1170 3286 1283 3317 quem-

210 3318 259 3348 vis
277 3317 467 3347 adumbrant
482 3317 623 3358 oblique,
637 3318 822 3359 improprie,
832 3320 966 3350 obscure
980 3326 1011 3350 et
1025 3320 1116 3360 quasi
1130 3330 1186 3360 per
1199 3320 1282 3359 vim;

212 3371 288 3393 cum
316 3368 401 3392 recto
425 3367 456 3391 et
478 3361 575 3401 plano
599 3372 692 3392 sensu
716 3362 750 3392 in
773 3363 937 3394 Christum
961 3363 1109 3394 fera-ntur.

223 3416 241 3434 κ
278 3405 383 3445 Pergit
405 3405 528 3436 Doctor
550 3406 733 3445 Angelicus⁴
749 3407 994 3438 Generationem
1024 3408 1056 3437 in
1079 3408 1209 3438 Divinis
1233 3418 1283 3438 ex-

212 3460 332 3491 ponere
359 3449 515 3480 similibus
547 3450 806 3481 luculentissimis
830 3451 1029 3481 revelationis
1053 3451 1177 3481 divinae
1200 3451 1284 3482 testi-

211 3495 347 3526 moniis:
362 3501 432 3524 tum
447 3500 604 3534 praeterea
629 3494 728 3534 capite
744 3506 767 3524 n
786 3495 994 3525 Divinitatem
1011 3495 1088 3524 Filii
1110 3494 1284 3534 patefacere

212 3549 248 3570 ac
263 3538 490 3575 Photinianos,
512 3538 705 3569 Sabellianos
733 3539 933 3579 Arianosque
950 3548 1068 3569 errores
1085 3539 1282 3578 propulsare,

212 3582 422 3624 ipsorumque
443 3583 665 3622 Paganorum,
690 3593 771 3623 quae
804 3583 1070 3623 opponebantur,
1099 3589 1284 3622 argumenta

213 3627 371 3658 refellere:
404 3627 494 3668 quod
524 3627 764 3668 insequentibus
796 3627 951 3667 capitibus
984 3626 1105 3667 egregie
1137 3634 1283 3667 praestat.

2246 292 2401 320 CLXXXIII

1334 351 1505 382 Methodus
1523 352 1599 383 haec
1622 359 1692 383 toto
1716 363 1755 384 eo
1779 354 1860 384 libro
1885 356 2137 386 constantissime
2152 365 2299 390 servatur.
2317 360 2402 391 Hinc

1333 405 1413 426 vana
1436 406 1472 426 ac
1494 396 1562 427 iure
1585 397 1676 428 nullo
1699 397 1795 436 fulta,
1811 405 1902 429 vetus
1918 409 1955 429 ea
1973 400 2100 440 querela
2118 401 2200 431 Petri
2223 403 2262 432 de
2280 403 2402 434 Alliaco

1333 439 1366 469 in
1389 446 1538 479 tractatu,
1567 451 1666 482 quem
1689 449 1799 473 contra
1823 443 1976 474 Ioannem
1999 444 2038 474 de
2061 445 2254 475 Montesono
2278 447 2401 487 scripsit

1335 483 1415 514 circa
1445 494 1567 515 annum
1594 486 1727 516 Domini
1756 486 1848 525 1388,
1874 487 1975 527 capite
1998 498 2042 526 m,
2067 489 2207 519 conclus.
2232 499 2276 527 111,
2301 491 2404 521 corol-

1334 527 1388 558 lar.
1406 538 1427 566 1,
1445 529 1531 568 apud
1550 529 1705 560 Carolum
1719 531 1926 571 Duplessium
1943 532 2138 572 D'Argentre
2159 532 2194 563 in
2218 533 2404 564 collectione

1333 572 1526 603 iudiciorum
1549 574 1588 604 de
1611 574 1711 605 Novis
1735 575 1892 606 erroribus
1910 583 1941 607 et
1959 576 2046 616 apud
2064 577 2249 607 Launoium
2267 577 2300 607 in
2323 578 2404 608 libro

1334 616 1373 646 de
1397 617 1490 647 Varia
1512 618 1689 649 Aristotelis
1717 618 1846 650 fortuna
1869 630 1937 661 cap.
1961 627 2002 650 x:
2027 620 2067 651 In
2098 622 2176 661 ipsis
2197 621 2401 652 arduissimis

1323 660 1408 700 fidei
1430 662 1595 700 articulis,
1619 663 1802 703 inquientis,
1823 670 1853 695 et
1868 665 2043 695 humanam
2063 666 2221 696 rationem
2239 671 2404 696 transcen-

1333 705 1490 744 dentibus,
1515 708 1618 737 utitur
1640 708 1707 747 ipse
1730 706 1903 751 (Thomas)
1927 709 2020 740 dictis
2042 710 2225 740 Aristotelis
2247 715 2279 740 et
2301 711 2404 740 immi-

1333 754 1399 779 scet
1422 751 1491 780 eius
1507 751 1743 791 philosophiam
1772 752 1938 783 doctrinae
1945 753 2042 794 fidei,
2061 754 2146 784 sicut
2161 759 2254 794 patet
2277 754 2405 785 cuilibet

1334 794 1490 824 intuenti:
1512 795 1598 835 quod
1614 796 1749 835 praebet
1780 798 1978 827 occasionem
2011 797 2154 828 errandi.
2175 798 2263 828 Haec
2285 798 2405 828 instau-

1333 843 1400 867 rata
1421 839 1550 878 querela
1564 849 1583 868 a
1598 838 1756 870 Casimiro
1772 840 1904 871 Oudino
1929 848 1959 872 et
1982 841 2097 872 Iacobo
2118 842 2278 872 Bruckero
2301 842 2335 872 in
2350 852 2405 882 pe«

1335 881 1443 911 culiari
1466 882 1692 913 Dissertatione
1715 883 1795 914 mihi
1818 891 1864 915 est
1887 885 2061 915 refutanda.

1401 926 1568 956 Humanas
1591 927 1728 958 rationes
1751 938 1787 958 ac
1810 928 2080 968 philosophorum
2103 929 2185 960 dicta
2208 929 2404 971 frequentius

1335 969 1373 999 ab
1397 969 1556 1010 Aquinate
1585 970 1724 1001 adhibita
1746 971 1832 1002 haud
1855 982 1929 1002 sane
1952 973 2139 1005 inficiamur.
2165 973 2232 1004 Cur
2256 985 2332 1005 vero
2356 974 2405 1004 his

1334 1013 1480 1043 Thomas
1495 1024 1572 1044 usus
1592 1014 1696 1053 fuerit,
1713 1016 1841 1056 quodve
1864 1016 1938 1047 insit
1961 1017 2080 1047 eisdem
2099 1025 2312 1058 momentum,
2331 1029 2406 1049 cum

1335 1057 1375 1086 ad
1398 1067 1563 1097 supremas
1586 1058 1707 1089 divinas
1729 1060 1873 1090 veritates
1902 1062 2103 1100 exponendas
2127 1062 2313 1102 trahuntur,
2337 1063 2406 1103 ipse

1336 1101 1429 1131 docet
1450 1101 1639 1142 Praeceptor
1661 1103 1832 1143 Angelicus
1855 1104 1934 1134 locis
1956 1105 2111 1144 plurimis.
2133 1106 2292 1146 Insignem
2311 1107 2405 1137 affero

1335 1151 1468 1183 textum,
1492 1146 1548 1186 qui
1570 1146 1651 1176 libro
1669 1147 1680 1176 1
1705 1147 1831 1187 Operis,
1851 1149 1889 1178 de
1913 1159 1979 1189 quo
1999 1149 2134 1189 agimus,
2151 1150 2251 1190 capite
2274 1161 2327 1181 vm
2350 1151 2406 1181 ha-

1335 1189 1441 1219 betur:
1467 1203 1481 1218 «
1495 1189 1805 1222 Considerandum...
1829 1193 1919 1232 quod
1942 1202 1990 1222 res
2014 1193 2145 1233 quidem
2169 1194 2329 1225 sensibiles
2353 1193 2407 1237 (et

1336 1240 1494 1264 creaturae
1517 1233 1656 1276 omnes),
1672 1245 1714 1265 ex
1726 1236 1840 1276 quibus
1853 1237 1997 1267 humana
2016 1238 2100 1268 ratio
2117 1238 2306 1277 cognitionis
2321 1239 2406 1279 prin-

1338 1289 1353 1304 »
1374 1277 1496 1317 cipium
1523 1278 1640 1317 sumit,
1665 1280 1808 1320 aliquale
1840 1282 2010 1321 vestigium
2034 1283 2067 1311 in
2090 1291 2126 1312 se
2147 1282 2276 1313 divinae
2303 1284 2406 1314 imita-

1339 1334 1354 1349 »
1374 1323 1470 1352 tionis
1492 1322 1636 1361 retinent,
1654 1323 1799 1354 videlicet
1821 1325 1911 1365 quod
1930 1332 2004 1355 sunt
2019 1332 2050 1356 et
2068 1326 2170 1356 bonae
2189 1334 2276 1360 sunt:
2297 1327 2340 1357 ita
2362 1334 2406 1357 ta-

1339 1378 1354 1392 »
1374 1376 1449 1396 men
1472 1366 1705 1407 imperfectum,
1723 1369 1813 1409 quod
1837 1369 1877 1399 ad
1900 1369 2120 1400 declarandam
2135 1370 2235 1410 ipsius
2251 1371 2310 1401 Dei
2334 1372 2407 1402 sub-

1339 1421 1354 1437 »
1374 1410 1522 1441 stantiam
1557 1413 1687 1443 omnino
1725 1413 1925 1454 insufficiens
1961 1413 2129 1444 invenitur.
2163 1415 2291 1445 Habent
2322 1415 2408 1445 enim

1340 1466 1354 1480 ›
1375 1454 1502 1486 effectus
1526 1466 1658 1486 suarum
1680 1467 1848 1487 causarum
1863 1468 1923 1488 suo
1939 1458 2040 1488 modo
2064 1458 2316 1497 similitudinem,
2333 1469 2408 1489 cum

1339 1511 1354 1526 »
1375 1509 1470 1538 agens
1493 1507 1565 1539 agat
1587 1500 1646 1531 sibi
1669 1501 1789 1532 simile:
1809 1512 1876 1532 non
1899 1508 2006 1538 tamen
2026 1502 2152 1533 effectus
2176 1503 2217 1533 ad
2238 1503 2410 1543 perfectam

1340 1555 1354 1570 2
1373 1544 1494 1583 agentis
1517 1544 1759 1576 similitudinem
1783 1555 1910 1586 semper
1932 1546 2089 1587 pertingit.
2114 1547 2273 1578 Humana
2307 1549 2410 1588 igitur

1340 1600 1355 1615 »
1375 1589 1460 1618 ratio
1492 1589 1532 1618 ad
1563 1590 1823 1628 cognoscendum
1845 1590 1931 1631 fidei
1965 1592 2152 1629 veritatem,
2187 1601 2269 1632 quae
2303 1591 2410 1622 solum

1340 1645 1354 1659 »
1374 1631 1554 1663 videntibus
1577 1633 1727 1664 Divinam
1751 1635 1959 1665 substantiam
1983 1634 2116 1675 (altiori
2139 1636 2261 1666 lumine
2282 1636 2411 1677 gloriae

1340 1689 1354 1704 »
1375 1676 1555 1719 roboratis)
1584 1684 1689 1717 potest
1712 1688 1778 1709 esse
1802 1679 1968 1709 notissima
1998 1679 2041 1710 ita
2071 1690 2104 1710 se
2133 1679 2228 1710 habet
2258 1680 2348 1721 quod
2370 1680 2411 1710 ad

1339 1733 1353 1747 ι
1374 1730 1445 1751 eam
1461 1727 1566 1760 potest
1581 1722 1710 1762 aliquas
1726 1723 2020 1754 verisimilitudines
2037 1723 2195 1764 colligere,
2206 1734 2289 1765 quae
2302 1730 2410 1755 tamen

1339 1777 1353 1792 ›
1373 1775 1440 1795 non
1464 1765 1625 1796 sufficiunt
1648 1766 1687 1796 ad
1710 1766 1773 1797 hoc
1796 1768 1886 1807 quod
1909 1768 2065 1807 praedicta
2088 1768 2216 1806 veritas,
2239 1769 2333 1809 quasi
2355 1769 2409 1799 de-

1339 1821 1354 1836 »
1373 1811 1592 1847 monstrative,
1617 1810 1668 1840 vel
1686 1820 1742 1850 per
1765 1821 1798 1841 se
1816 1811 1972 1842 intellecta
1996 1813 2292 1852 comprehendatur.
2322 1813 2408 1843 Utile

1339 1865 1354 1880 »
1373 1859 1480 1884 tamen
1504 1860 1561 1892 est,
1581 1860 1617 1885 ut
1639 1854 1673 1884 in
1691 1855 1879 1885 huiusmodi
1898 1856 2072 1887 rationibus
2084 1879 2092 1895 ,
2117 1862 2410 1897 quantumcumque

1339 1909 1354 1924 ιν
1373 1897 1546 1936 debilibus,
1572 1908 1605 1928 se
1637 1908 1728 1929 mens
1760 1899 1901 1930 humana
1933 1907 2086 1931 exerceat:
2117 1901 2297 1932 dummodo
2330 1901 2412 1931 desit

1339 1954 1353 1970 »
1373 1943 1661 1982 comprehendendi
1685 1943 1735 1974 vel
1758 1943 2000 1975 demonstrandi
2020 1945 2249 1985 praesumptio,
2273 1945 2349 1986 quia
2371 1945 2412 1975 de

1339 1999 1354 2014 ι
1374 1987 1470 2018 rebus
1492 1988 1678 2025 altissimis,
1703 1987 1798 2018 etiam
1817 1998 1923 2028 parva
1955 1994 1984 2019 et
2013 1989 2109 2020 debili
2131 1990 2407 2026 consideratione,

1339 2043 1354 2058 »
1373 2031 1495 2072 aliquid
1510 2041 1605 2072 posse
1621 2031 1774 2072 inspicere
1793 2032 2061 2064 iucundissimum
2077 2040 2133 2064 est.
2147 2046 2162 2060 >
2181 2033 2321 2074 Sapienti
2337 2043 2412 2073 pru-

1338 2075 1488 2116 dentique
1504 2076 1639 2107 consilio
1656 2076 1851 2107 adamussim
1866 2077 2036 2117 respondet
2050 2077 2154 2118 Opus,
2165 2079 2254 2119 quod
2267 2077 2412 2119 Aquinas

1338 2120 1542 2151 elucubravit.

1405 2165 1457 2195 111.
1482 2165 1689 2205 Amplissima
1707 2165 1741 2196 in
1759 2165 1821 2196 hoc
1841 2165 1944 2206 Opus,
1959 2176 2026 2207 quo
2042 2166 2081 2196 de
2097 2167 2232 2206 agimus,
2248 2176 2411 2197 commen·

1337 2209 1415 2240 taria
1437 2209 1560 2249 scripsit
1582 2209 1767 2240 Franciscus
1791 2210 1953 2246 Silvester‚
1977 2210 2077 2250 patria
2100 2218 2131 2241 et
2153 2211 2313 2250 religionis
2337 2220 2411 2250 pro-

1337 2253 1474 2284 fessione
1498 2253 1699 2292 ferrariensis,
1716 2254 1864 2294 Magister
1879 2255 1975 2285 etiam
1989 2255 2150 2285 Generalis
2166 2255 2264 2285 totius
2280 2254 2410 2286 Ordinis

1336 2298 1603 2335 Praedicatorum,
1623 2306 1708 2328 anno
1730 2299 1809 2328 1525
1835 2299 1963 2329 electus.
1980 2299 2103 2330 Eadem
2122 2299 2335 2339 compleverat
2356 2309 2412 2330 au-

1337 2349 1404 2373 ctor
1429 2349 1458 2372 et
1482 2342 1640 2372 Clementi
1670 2343 1726 2373 VII
1750 2342 1896 2373 Pontifici
1919 2343 2059 2374 Maximo
2088 2350 2326 2383 nuncupaverat
2348 2343 2412 2374 Bo·

1338 2388 1471 2424 noniae,
1496 2386 1643 2417 kalendis
1669 2387 1837 2418 sextilibus
1860 2387 1959 2425 1524,
1989 2397 2056 2428 quo
2093 2388 2229 2418 Venetiis
2257 2389 2412 2428 impressa

1327 2431 1431 2471 fuere
1453 2440 1578 2461 summa
1602 2431 1771 2471 diligentia
1795 2437 1826 2462 et
1849 2432 1997 2471 expensis
2020 2431 2134 2462 nobilis
2155 2433 2218 2463 viri
2238 2432 2281 2463 D.
2303 2432 2413 2462 Lucae

1336 2476 1469 2505 Antonii
1491 2475 1591 2506 Iunta
1611 2475 1786 2515 florentini
1808 2476 1860 2506 die
1878 2486 1915 2507 10
1935 2476 2087 2514 octobris,
2115 2476 2171 2507 fol.
2196 2476 2325 2506 Titulus
2349 2483 2411 2506 est:

1337 2519 1446 2550 Sanct.
1468 2520 1577 2550 Thom.
1597 2525 1710 2550 contra
1729 2520 1881 2557 Gentiles,
1906 2530 1978 2551 cum
1994 2521 2232 2551 commentariis
2247 2521 2414 2551 Francisci

1338 2564 1561 2596 Ferrariensis
1587 2563 1667 2594 Ord.
1687 2564 1964 2596 Praedicatorum,

1404 2608 1497 2639 Hanc
1527 2608 1689 2648 ignorasse
1717 2608 1892 2639 editionem
1921 2609 2046 2640 videtur
2070 2609 2202 2640 Iacobus
2231 2609 2412 2647 Echardus,

1339 2652 1430 2683 cuius
1453 2652 1530 2683 haec
1560 2653 1655 2682 verba
1678 2659 1753 2683 sunt
1782 2653 1815 2683 in
1839 2653 1954 2693 Elogio
1978 2653 2096 2684 laudati
2121 2653 2274 2684 Silvestri:
2303 2666 2317 2680 (ε
2335 2654 2413 2684 Pro-

1341 2709 1356 2724 »
1379 2697 1504 2727 dierunt
1527 2694 1795 2739 (commentaria)
1819 2698 1858 2728 ab
1882 2697 1949 2728 eius
1973 2704 2075 2728 morte
2105 2696 2201 2739 (quae
2225 2697 2336 2728 accidit
2359 2707 2412 2727 an-

1340 2753 1355 2768 »
1378 2751 1422 2771 no
1444 2739 1553 2783 1528),
1573 2741 1706 2772 seorsim
1729 2748 1760 2772 et
1783 2741 1850 2772 sine
1871 2748 1959 2776 textu
1979 2752 2003 2772 s.
2019 2742 2167 2772 Doctoris
2183 2741 2307 2772 Parisiis
2329 2742 2409 2771 1552

1340 2798 1356 2813 »
1377 2785 1411 2816 in
1435 2785 1503 2824 fol.‚
1521 2785 1671 2825 Lugduni
1701 2787 1782 2827 1567
1807 2793 1837 2816 et
1855 2786 2049 2826 Antuerpiae
2078 2786 2178 2824 1568,
2203 2792 2411 2825 posteacum

1341 2842 1355 2857 ›
1378 2840 1402 2860 s.
1414 2829 1562 2860 Thomae
1577 2829 1723 2870 Operum
1738 2830 1931 2861 editionibus
1947 2831 2144 2870 generalibus
2166 2836 2256 2860 tomo
2273 2830 2316 2860 IX
2336 2839 2411 2860 cum

1340 2887 1355 2902 2
1378 2874 1447 2914 ipsa
1471 2874 1604 2904 Summa
1629 2881 1737 2905 contra
1761 2874 1887 2905 Gentes.
1907 2887 1921 2902 »
1949 2875 1984 2904 In
2007 2875 2128 2906 Veneta
2150 2874 2276 2904 laudata
2299 2873 2411 2904 editio-

1337 2928 1388 2956 ne,
1413 2925 1486 2958 post
1509 2918 1712 2949 Ferrariensis
1740 2919 2016 2959 nuncupatoriam,
2041 2925 2161 2958 prostat
2184 2919 2228 2948 Io.
2252 2917 2411 2957 Baptistae

1338 2962 1463 3002 Egnatii
1487 2962 1620 3002 epistola
1650 2963 1689 2993 ad
1712 2963 1878 3000 lectorem,
1902 2963 1958 2993 ubi
1982 2963 2020 2993 de
2048 2962 2214 3003 Aquinatis
2238 2961 2344 3001 Opere
2367 2962 2412 2992 sic

1338 3006 1528 3047 pronunciat
1543 3007 1591 3037 vir
1607 3007 1825 3038 doctissimus:
1853 3007 1947 3044 Quod
1973 3007 2062 3047 Opus
2081 3007 2124 3037 ad
2139 3007 2312 3036 multorum
2328 3011 2411 3037 vete-

1338 3062 1411 3082 rum
1436 3052 1617 3092 exemplum
1651 3052 1884 3091 conscriptum,
1918 3052 1965 3081 sic
1987 3051 2094 3091 facile
2123 3050 2269 3087 excellit,
2295 3055 2330 3080 ut
2354 3060 2412 3081 nec

1337 3097 1474 3137 graeci,
1504 3106 1563 3126 nec
1586 3097 1705 3133 nostri,
1736 3097 1927 3136 quicumque
1950 3096 1981 3124 in
2005 3095 2065 3125 hoc
2087 3095 2251 3125 curriculo
2273 3094 2411 3124 desuda-

1339 3141 1416 3178 rint,
1441 3139 1587 3180 conferri
1610 3149 1681 3170 cum
1705 3140 1779 3170 divo
1807 3140 1926 3169 Thoma
1946 3140 2080 3179 possint.

1716 3259 1926 3296 CAPUT
1955 3260 2035 3296 III.

1340 3363 1473 3396 Reginaldi
1492 3363 1610 3387 Lucarini
1629 3363 1808 3393 correctiones,
1823 3370 1883 3387 cum
1897 3362 2171 3387 animadversionibus.
2186 3361 2312 3386 Hebraica
2325 3362 2412 3387 versio

1410 3406 1425 3423 a
1444 3398 1554 3430 losepho
1578 3398 1657 3422 Maria
1682 3398 1785 3422 Ciantes
1810 3397 1947 3422 elaborata.
1967 3397 2065 3422 Graeca
2084 3405 2099 3421 a
2122 3397 2254 3422 Demetrio
2279 3397 2410 3430 Cydonio:

1410 3433 1525 3465 itemque
1543 3432 1787 3457 animadversiones.

1340 3535 1363 3564 Ι.
1478 3535 1560 3574 peris
1583 3534 1737 3565 editiones
1761 3535 1846 3574 alias,
1870 3545 1952 3576 quae
1975 3541 2128 3576 typorum
2150 3535 2303 3567 beneficio
2323 3546 2411 3567 cura-

1478 3586 1527 3609 tae
1550 3586 1639 3617 sunt,
1663 3589 1722 3609 nec
1745 3589 1904 3610 recensere
1926 3586 1982 3610 aut
2012 3589 2125 3610 omnes
2148 3587 2203 3611 aut
2226 3580 2411 3621 praecipuas

1339 3622 1422 3661 licet,
1447 3632 1504 3654 nec
1527 3630 1625 3654 vacat.
1650 3623 1995 3654 Echardum-consule.
2013 3624 2266 3665 Typoghaphica
2284 3625 2411 3663 menda,
