2788 4204
76 428 83 434 '
98 433 127 447 a:
165 428 287 453 utrumque

74 458 167 474 sensum
182 458 208 473 se
223 456 265 473 etc.

75 705 121 726 ⁸⁴:
138 704 182 726 hic.

317 234 367 279 84

315 325 360 350 ex
389 311 571 360 negativis
599 318 805 361 sequantur
833 311 1099 356 affirmativae,
1129 310 1225 346 sicut
1252 321 1298 345 ex
1326 310 1378 346 af-

314 365 512 404 firmativis
532 367 787 415 sequebantur
802 365 1009 412 negativae.
1028 385 1052 392 —
1067 364 1116 399 Et
1130 370 1315 411 quantum
1330 363 1379 400 ad

313 428 518 469 utrumque
538 419 706 457 similiter
720 432 760 456 se
778 419 797 439 *
816 419 957 454 habent
974 416 1182 465 privativae
1212 416 1308 452 sicut
1325 416 1379 453 in-

314 475 453 512 finitae.

374 529 430 565 13.
451 526 600 564 Deinde
617 537 704 562 curn
721 523 825 561 dicit:
841 524 937 559 Dico
953 528 1078 559 autem
1098 522 1277 570 quoniam
1294 529 1378 569 etc.,

315 581 527 618 manifestat
555 578 750 628 quoddam
780 576 885 625 quod
914 572 1029 624 supra
1057 575 1211 621 dixerat,
1242 575 1382 613 scilicet

315 634 418 684 quod
447 634 518 670 sint
551 639 712 681 quatuor
744 630 958 678 praedictae
994 629 1296 666 enunciationes:
1327 630 1380 666 lo-

315 688 466 738 quimur
486 686 587 723 enim
607 697 707 721 nunc
724 685 743 705 '¹‘
759 684 806 721 de
826 683 1163 729 enunciationibus,
1186 682 1223 719 in
1243 683 1380 732 quibus

314 742 387 778 hoc
420 741 582 776 verbum
615 742 668 774 est
699 738 825 774 solum
853 737 1092 786 praedicatur
1119 742 1130 756 ⁹
1168 736 1380 773 secundum

315 793 419 843 quod
448 800 503 829 est
531 792 707 829 adiacens
741 790 850 828 alicui
888 790 1034 827 nomini
1067 790 1175 827 finito
1204 790 1266 826 vel
1295 790 1381 827 infi-

314 847 410 884 nito:
439 854 529 895 puta
558 845 769 882 secundum
799 844 904 894 quod
924 844 1070 881 adiacet
1089 844 1201 887 iusto;
1224 851 1266 880 ut
1291 855 1380 880 cum

315 900 462 946 dicitur,
483 901 595 936 homo
615 904 668 935 est
685 900 817 944 iustus,
837 899 899 934 vel
919 897 1131 935 secundum
1152 897 1256 946 quod
1280 896 1381 933 adia-

316 961 373 991 cet
392 966 465 990 non
487 953 601 995 iusto‚·
619 960 660 989 ut
680 964 768 989 cum
789 952 933 998 dicitur,
954 953 1066 988 homo
1087 956 1141 987 est
1158 963 1231 987 non
1254 950 1379 987 iustus.

366 1130 390 1162 ν)
410 1129 502 1154 Solum
523 1128 701 1160 praedicatur
725 1133 773 1152 etc.
798 1128 834 1152 lta
853 1128 881 1152 P.
901 1135 962 1152 cum
989 1126 1046 1151 cod.
1066 1127 1095 1151 B.
1110 1141 1130 1145 —-
1145 1126 1227 1151 Codd.
1246 1126 1302 1150 alii:
1329 1133 1380 1150 non

313 1167 396 1191 solum
407 1164 591 1197 praedicatur,
602 1164 649 1188 sed
663 1163 704 1196 (A,
715 1163 834 1192 adiacet‚·
844 1163 919 1193 Bel),
931 1162 1074 1188 secundum
1089 1162 1223 1190 adimens,-
1238 1162 1267 1192 E,
1282 1161 1329 1186 sed
1343 1164 1382 1186 est

313 1200 448 1232 adiacens)
467 1200 548 1225 alicui
566 1199 667 1224 nomini
685 1204 732 1223 etc.
752 1199 865 1223 Venetae
885 1198 943 1223 edd.
966 1199 996 1223 bc
1015 1203 1040 1223 et
1058 1198 1106 1222 alia
1130 1196 1195 1222 1526
1215 1198 1303 1228 legunt
1321 1205 1381 1221 cum

314 1238 399 1267 Piana,
425 1236 470 1260 sed
489 1236 530 1260 ed.
554 1242 571 1259 a
590 1234 667 1259 habet
686 1234 821 1259 lectionem
847 1234 935 1258 codd.:
962 1241 1013 1258 non
1038 1234 1122 1259 solum
1141 1233 1318 1264 praedicatur
1336 1232 1383 1257 sed

313 1273 439 1297 adiacens
457 1271 538 1296 alicui
552 1270 651 1295 nomini
666 1275 713 1294 etc.
725 1284 734 1288 -
746 1268 861 1294 Verbum
875 1270 900 1293 in
915 1269 1134 1302 propositionibus
1152 1276 1257 1301 semper
1271 1276 1300 1292 se
1314 1273 1383 1292 tenet

314 1316 344 1333 ex
363 1313 434 1340 parte
457 1306 592 1340 praedicati
619 1303 677 1339 (lib.
697 1306 720 1336 1,
741 1306 798 1330 lect.
816 1313 841 1336 v,
861 1313 886 1329 n.
905 1303 952 1338 4);
973 1305 1019 1329 sed
1044 1312 1122 1337 supra
1147 1312 1172 1328 n.
1193 1311 1206 1328 2
1228 1303 1324 1328 dictum
1343 1308 1383 1327 est

314 1344 384 1377 quod
402 1343 511 1367 verbum
530 1345 570 1366 est
594 1346 680 1374 potest
705 1341 839 1373 dupliciter
856 1341 1008 1374 praedicari:
1034 1340 1074 1364 vel
1099 1339 1167 1364 enim
1192 1339 1301 1363 verbum
1320 1339 1383 1371 (est)

314 1380 340 1404 in
359 1378 537 1404 enunciatione
560 1377 720 1410 praedicatur
743 1377 886 1401 secundum
905 1383 942 1406 se,
966 1376 1000 1400 ita
1018 1379 1046 1399 ut
1070 1375 1102 1399 sit
1121 1374 1261 1407 principale
1284 1374 1383 1407 praedi-

315 1420 412 1444 catum;
438 1414 478 1438 vel
503 1418 604 1443 contra,
628 1412 736 1436 verbum
756 1412 819 1443 (est)
839 1420 890 1436 non
915 1416 955 1436 est
980 1410 1119 1444 principale
1144 1410 1317 1443 praedicatum
1338 1410 1384 1434 sed

314 1450 374 1475 huic
393 1449 505 1481 iungitur
524 1449 555 1473 ad
575 1447 779 1472 connectendum
799 1447 885 1479 ipsum
905 1446 1029 1477 subiecto,
1049 1451 1074 1470 et
1093 1445 1151 1470 ideo
1170 1445 1248 1470 simul
1263 1453 1323 1469 cum
1338 1453 1384 1469 no-

315 1486 384 1511 mine
403 1485 548 1518 praedicato
567 1483 626 1508 facit
644 1490 726 1507 unum
745 1482 927 1516 praedicatum.
947 1482 975 1506 In
994 1482 1078 1514 primo
1104 1488 1165 1506 casu
1184 1480 1328 1513 propositio
1347 1481 1384 1504 di-

315 1522 380 1546 citur
404 1521 436 1545 de
459 1520 574 1545 secundo
598 1518 749 1547 adiacente,·
774 1518 799 1542 in
818 1518 899 1542 altero
924 1522 1010 1542 autem
1030 1521 1070 1541 est
1089 1516 1231 1549 propositio
1255 1516 1286 1540 de
1306 1516 1385 1540 tertio

315 1557 461 1582 adiacente.
481 1555 559 1587 Atqui
580 1555 604 1579 in
623 1554 672 1578 hoc
692 1561 801 1578 numero
825 1553 853 1578 13
873 1558 914 1578 est
933 1560 1019 1578 sermo
1034 1553 1066 1577 de
1086 1552 1148 1577 solis
1164 1551 1385 1584 propositionibus

316 1593 347 1617 de
362 1592 435 1616 tertio
450 1591 591 1619 adiacente;
611 1597 672 1621 ergo
688 1590 794 1614 verbum
810 1589 857 1613 Est
874 1589 958 1614 solum
969 1588 1146 1620 praedicatur
1157 1587 1301 1612 secundum
1315 1587 1386 1620 quod

315 1631 355 1653 est
378 1627 503 1652 adiacens
527 1625 608 1650 alicui
633 1625 732 1650 nomini
744 1624 826 1658 finito
851 1625 891 1649 vel
916 1624 1034 1657 infinito:
1053 1631 1119 1656 quae
1144 1628 1184 1647 est
1203 1622 1279 1647 lectio
1298 1623 1385 1647 Piana.

316 1662 497 1694 NihilominuS,
517 1661 636 1693 quamvis
656 1664 764 1685 verbum
784 1663 823 1685 est
837 1660 998 1693 praedicetur
1016 1659 1160 1684 secundum
1180 1659 1251 1691 quod
1264 1664 1304 1684 est
1318 1658 1385 1683 adia-

316 1706 385 1728 cens,
405 1697 566 1730 praedicatur
584 1701 678 1726 tamen,
693 1696 752 1728 quia
766 1696 875 1720 verbum
896 1703 925 1720 se
937 1700 1006 1720 tenet
1021 1702 1051 1719 ex
1070 1699 1142 1727 parte
1158 1694 1307 1727 praedicati,
1323 1702 1386 1725 ergo

316 1735 341 1759 in
353 1732 573 1766 propositionibus
589 1733 620 1756 de
634 1731 709 1756 tertio
724 1731 854 1756 adiacente
864 1731 971 1756 verbum
982 1731 1029 1755 Est
1043 1738 1095 1755 non
1105 1730 1190 1755 solum
1201 1730 1385 1762 praedicatur,

316 1770 363 1795 sed
372 1769 486 1796 adiacet,
497 1775 543 1792 seu
562 1771 602 1793 est
620 1767 745 1792 adiacens
764 1767 845 1792 alicui
864 1766 965 1792 nomini
976 1766 1059 1799 finito
1073 1766 1113 1791 vel
1127 1765 1246 1799 infinito:
1264 1773 1331 1798 quae
1346 1771 1386 1790 est

316 1805 390 1830 lectio
410 1804 517 1828 indicata
536 1811 550 1827 a
569 1803 700 1827 codicibus
720 1807 746 1827 et
764 1802 795 1826 ab
815 1803 856 1827 ed.
874 1810 900 1827 a.
920 1802 1084 1835 Quapropter
1102 1807 1210 1833 utraque
1230 1801 1305 1826 lectio
1319 1801 1404 1826 bona.

317 1846 363 1871 est,
383 1839 502 1873 quamvis
522 1839 613 1863 melior
636 1838 753 1862 videatur
778 1838 851 1862 lectio
871 1838 927 1863 cod.
946 1838 982 1867 A,
1001 1838 1042 1862 vel
1062 1837 1118 1862 cod.
1139 1837 1171 1866 E;
1195 1842 1306 1862 attamen
1326 1845 1386 1862 cum

317 1876 391 1901 codd.
417 1874 545 1908 praecitati
570 1874 638 1898 haud
664 1874 823 1898 concorditer
848 1873 941 1906 legant,
965 1873 1063 1898 retineo
1083 1873 1190 1897 Pianam
1216 1873 1387 1905 quoadusque

318 1912 359 1936 alii
379 1911 452 1935 codd.
472 1910 652 1942 quaestionem
672 1909 781 1933 solvant.

371 1946 397 1981 ο)
413 1947 460 1971 Ex
473 1945 591 1978 sequenti
603 1945 802 1976 subscriptione.
817 1945 882 1969 Cod.
897 1943 934 1969 A:
945 1952 997 1977 per
1010 1944 1184 1976 subscriptam
1202 1943 1323 1978 figuram
1331 1951 1339 1973 ,-
1358 1951 1387 1969 ac

316 1982 410 2008 omittit
428 1986 518 2014 postea
536 1981 623 2005 omnia
642 1988 708 2012 quae
727 1985 871 2012 sequuntur
889 1988 973 2013 usque
987 1980 1019 2005 ad
1033 1979 1125 2009 finem,
1145 1985 1171 2005 et
1189 1984 1278 2004 contra
1296 1987 1388 2012 prose—

318 2019 404 2051 quitur
427 2017 475 2042 hoc
503 2017 595 2041 modo:
627 2019 690 2041 tunc
713 2016 832 2049 sequitur
859 2016 906 2040 illa
931 2023 1011 2048 pars,
1040 2015 1172 2045 Quoniam
1201 2020 1248 2040 etc.
1268 2030 1288 2034 -
1306 2015 1387 2040 Porro

317 2054 368 2079 hoc
398 2053 571 2085 fragmentum
596 2060 648 2076 non
677 2059 736 2076 esse
764 2059 832 2083 opus
859 2059 881 2075 s.
902 2051 1020 2076 ”rhomae
1047 2051 1127 2076 lector
1154 2050 1276 2076 thomista
1302 2058 1332 2076 ex
1359 2058 1388 2076 se

318 2094 470 2121 cognoscet.
491 2088 553 2120 quin
572 2087 660 2112 multis
684 2087 844 2117 indigeamus
867 2087 954 2111 verbis
973 2087 1005 2112 ad
1028 2087 1053 2111 id
1073 2087 1243 2112 suadendum.
1264 2087 1315 2112 Sed
1340 2095 1387 2112 nec

318 2130 358 2150 est
376 2124 523 2149 immediata
547 2123 716 2156 prosequutio
736 2123 921 2148 Commentarii
939 2128 1023 2147 textus
1047 2123 1205 2148 Aristotelis:
1231 2130 1291 2148 nam
1309 2123 1388 2147 verba

317 2166 400 2186 textus
415 2159 562 2185 immediata
577 2158 626 2184 illis
637 2166 703 2191 quae
717 2158 808 2183 ultimo
823 2163 1012 2183 commentatus
1027 2164 1066 2183 est
1085 2166 1107 2183 s.
1117 2158 1234 2183 Thomas
1249 2163 1324 2183 sunt:
1345 2159 1387 2183 Si-

318 2197 417 2221 militer
434 2199 522 2221 autem
542 2202 570 2220 se
588 2195 684 2219 habent
702 2200 763 2223 etc..
789 2199 818 2218 ut
835 2194 922 2219 videre
941 2199 981 2219 est
999 2194 1024 2219 in
1044 2194 1162 2227 sequenti
1182 2194 1265 2227 prima
1280 2194 1388 2220 lectione

319 2232 444 2261 Caietan13
463 2236 488 2256 at
502 2231 588 2260 verba,
605 2230 737 2261 Quoniam
753 2237 815 2255 vero
833 2230 972 2255 contraria
988 2234 1047 2260 etc„
1069 2230 1111 2254 illa
1130 2235 1198 2261 sunt,
1217 2230 1313 2262 quibus
1333 2230 1388 2262 ipse

319 2267 454 2292 Caietanus
474 2274 548 2292 suam
563 2272 681 2299 quartam
701 2266 830 2291 exorditur
849 2266 993 2290 lectionem.
1010 2266 1049 2290 En
1069 2266 1145 2296 igitur
1164 2266 1296 2298 specimen
1311 2266 1388 2291 huius

319 2303 453 2334 fragmenti
475 2312 487 2326 α
504 2302 578 2327 Tunc
597 2302 712 2334 sequitur
732 2302 773 2326 illa
793 2310 860 2335 pars,
882 2301 1014 2331 Quoniam
1040 2309 1103 2326 vero
1124 2301 1270 2330 contraria,
1291 2302 1315 2326 in
1335 2310 1388 2334 quo

322 2350 334 2361 »
350 2338 462 2364 verificat
480 2339 611 2371 quoddam
631 2338 695 2362 circa
714 2338 872 2363 universales
891 2337 1107 2370 (propositiones)
1127 2338 1159 2362 de
1173 2337 1289 2363 subiecto
1308 2336 1388 2363 finito.

322 2384 335 2397 »
351 2376 383 2399 Et
399 2374 517 2399 dividitur
536 2374 560 2399 in
576 2375 653 2399 duas:
673 2373 765 2406 primo.
785 2373 810 2398 in
829 2373 912 2405 prima
930 2372 1043 2398 verificat
1061 2374 1192 2405 quoddam
1212 2378 1338 2406 quantum
1358 2374 1388 2398 ad

322 2419 335 2434 a·
351 2410 551 2443 oppositionem:
566 2410 591 2434 in
606 2410 719 2434 secunda
734 2417 792 2434 curn
808 2409 875 2436 dicit.
891 2409 1018 2441 Sequitur
1037 2416 1099 2434 vero
1118 2414 1175 2439 etc..
1194 2408 1307 2434 verificat
1321 2409 1389 2434 aliud

322 2455 335 2469 »
351 2446 482 2479 quoddam
501 2450 626 2478 quantum
646 2445 677 2469 ad
697 2444 829 2469 contraria.
854 2445 919 2474 Quia
939 2445 1033 2469 dictum
1048 2449 1088 2469 est
1107 2445 1226 2477 superius
1246 2445 1316 2478 quod
1336 2453 1388 2469 non

323 2493 334 2504 ,
352 2482 468 2507 similiter
487 2486 547 2506 sunt
565 2481 699 2511 angulares
718 2487 794 2504 verae
813 2480 838 2504 in
857 2480 1044 2505 universalibus
1063 2485 1088 2505 et
1107 2479 1252 2510 indefinitis,
1268 2481 1299 2506 ad
1313 2480 1389 2505 huius

323 2528 335 2540 »
351 2516 549 2542 verificationem
565 2517 639 2541 docet
653 2523 719 2548 quae
734 2521 843 2548 possunt
862 2516 938 2540 simul
958 2524 1016 2540 esse
1030 2523 1106 2540 verae
1121 2522 1146 2541 et
1164 2524 1231 2548 quae
1250 2525 1310 2541 non.
1325 2517 1391 2541 Dicit

323 2563 337 2577 »
353 2554 422 2579 enim
441 2553 511 2586 quod
531 2551 670 2577 contrariae
690 2559 741 2576 non
760 2556 872 2584 possunt
891 2551 967 2576 simul
988 2559 1047 2576 esse
1065 2559 1153 2581 verae;
1173 2557 1198 2576 et
1217 2552 1275 2577 ideo
1294 2552 1389 2577 dictum

323 2599 336 2612 a·
354 2595 393 2614 est
406 2588 526 2621 superius
545 2588 681 2617 angulares
701 2595 751 2611 non
772 2587 919 2617 contingere
939 2587 1015 2612 simul
1036 2595 1094 2612 esse
1112 2595 1195 2615 veratri,
1215 2588 1310 2612 scilicet
1329 2596 1389 2612 con-

324 2635 336 2648 »
353 2625 454 2654 trarias3
465 2623 655 2648 subcontrariae
669 2627 780 2655 possunt
794 2630 852 2647 esse
866 2630 943 2647 verae
953 2622 1104 2655 aliquando:
1120 2628 1146 2647 et
1160 2623 1219 2648 dicit
1236 2623 1389 2656 aliquando,

324 2670 337 2684 »
353 2661 414 2693 quia
432 2661 458 2685 in
483 2659 589 2684 naturali
614 2658 719 2684 materia
744 2666 796 2682 non
821 2663 932 2690 possunt
955 2658 1031 2682 simul
1057 2666 1115 2683 esse
1133 2666 1218 2683 verae.
1238 2659 1284 2683 Vel
1305 2664 1392 2691 potest

324 2707 337 2720 »
353 2697 415 2721 haec
430 2704 490 2728 pars
510 2694 649 2720 continuari
664 2694 696 2719 ad
714 2693 740 2718 id
759 2694 829 2726 quod
848 2693 994 2718 immediate
1013 2693 1151 2718 antecedit:
1171 2694 1231 2726 quia
1244 2702 1328 2729 *supra
1347 2694 1391 2719 ali-

324 2742 338 2756 »
354 2732 506 2765 quantulum
521 2731 579 2756 fecit
593 2730 751 2755 mentionem
766 2729 798 2754 de
811 2729 999 2754 universalibus
1014 2733 1039 2754 et
1058 2728 1203 2759 indefinitis,
1219 2729 1306 2755 dicens
1321 2730 1391 2762 quod

324 2777 338 2792 ν
354 2776 406 2793 ηοη
431 2767 551 2792 differunt
570 2766 618 2791 nisi
638 2766 663 2790 in
682 2765 771 2793 siano:
787 2765 832 2789 sed
852 2770 879 2789 ut
898 2772 931 2789 ne
949 2765 1096 2790 crederetur
1115 2766 1184 2797 quod
1204 2773 1256 2790 non
1276 2765 1392 2790 differant

324 2813 337 2828 »
354 2804 379 2828 in
398 2803 510 2833 veritate,
531 2802 580 2827 hoc
598 2806 716 2826 removet
743 2800 830 2825 dicens
849 2801 920 2833 quod
945 2800 1086 2825 contrariae
1104 2809 1155 2825 non
1179 2806 1290 2834 possunt
1314 2801 1390 2826 simul

325 2850 337 2862 ›
354 2847 413 2864 esse
430 2846 515 2867 verae.
530 2838 577 2863 sed
596 2837 786 2862 subcontrariae
805 2836 871 2861 bene
890 2841 1000 2868 possunt
1018 2836 1095 2861 simul
1116 2844 1174 2862 esse
1192 2844 1269 2862 verae
1287 2842 1313 2862 et
1331 2845 1391 2862 con-

326 2886 337 2898 »
354 2874 557 2904 trariae.—-Quia
576 2881 628 2898 non
648 2873 744 2897 dixerat
768 2872 888 2904 superius
908 2872 940 2896 de
955 2872 1143 2904 consequentia
1162 2872 1217 2897 sive
1237 2873 1391 2897 convenien-

325 2920 338 2934 ιι
354 2911 387 2935 tia
406 2911 512 2935 istarum
528 2908 748 2937 enunciationum.
771 2915 838 2932 nunc
857 2915 920 2932 vero
939 2908 1014 2932 docet
1032 2915 1089 2932 eam
1113 2908 1200 2932 dicens
1213 2918 1226 2931 ι
1247 2913 1294 2933 etc.

377 2947 440 2971 Cod.
460 2947 480 2970 Β
499 2945 544 2969 fol.
564 2952 615 2976 27⁰
634 2951 710 2973 vers..
730 2944 779 2968 col.
800 2950 827 2968 2:
848 2952 862 2967 ι
874 2943 974 2968 Deinde
992 2951 1052 2968 cum
1072 2943 1195 2968 dicimus:
1217 2943 1392 2975 Intelliffimus

325 2991 339 3006 »
355 2989 417 3007 vero
430 2981 502 3014 quod
516 2980 615 3006 dicitur
629 2985 684 3008 etc..
700 2978 845 3004 manifestat
858 2979 990 3011 quiddam,
1005 2980 1076 3011 quod
1091 2987 1170 3012 supra
1185 2979 1278 3004 dictum
1294 2984 1334 3004 est
1347 2987 1394 3011 per

326 3027 339 3041 ι»
356 3018 495 3050 quamdam
509 3015 642 3042 figuralem
656 3014 864 3047 descriptionem.
880 3014 954 3039 Dicit.
967 3023 980 3037 ι
990 3015 1112 3039 —Postea
1131 3023 1193 3040 vero
1207 3015 1309 3039 diverso
1328 3020 1392 3039 atra-

325 3058 426 3080 mento.
446 3057 479 3078 et.
493 3056 521 3076 ut
533 3052 640 3081 videtur,
655 3051 755 3075 diversa
775 3058 852 3075 manu
873 3050 906 3075 ita
924 3050 1098 3083 prosequitur:
1114 3060 1127 3074 «
1142 3050 1317 3082 Intelliaimus
1331 3058 1394 3076 vero

328 3099 339 3111 »
356 3088 427 3121 quod
437 3087 510 3116 dicit,
523 3086 668 3111 manifestat
682 3086 753 3118 quod
767 3094 846 3118 supra
860 3086 956 3111 dictum
971 3091 1010 3111 est
1022 3086 1047 3111 in
1059 3087 1171 3119 quadam
1184 3085 1284 3111 fizumu
1299 3087 1392 3111 descri-

328 3134 340 3147 »
355 3124 442 3155 ptione
456 3123 543 3147 dicens
553 3123 623 3155 quod
636 3122 708 3151 illud,
718 3122 788 3154 quod
800 3129 879 3148 supra
889 3121 985 3146 dictum
996 3127 1044 3151 est,
1054 3129 1196 3153 possumus
1207 3122 1350 3147 intellieere
1363 3129 1392 3147 ex

327 3169 341 3183 »
357 3159 397 3183 his
412 3166 479 3189 quae
493 3166 572 3190 supra
591 3157 684 3189 scripta
697 3163 757 3182 sunt
776 3157 799 3182 in
818 3156 907 3182 fioura.
926 3157 959 3181 Et
973 3157 1095 3190 proponit
1112 3158 1197 3190 primo
1215 3157 1392 3192 affirmativam

328 3204 341 3218 »
358 3194 501 3223 simplicem
513 3201 579 3226 quae
593 3198 645 3218 est:
659 3193 706 3218 Est
719 3193 803 3218 iustus
817 3193 908 3218 homo:
918 3192 992 3217 cuius
1006 3193 1108 3223 negatio
1118 3199 1171 3218 est:
1184 3193 1245 3219 Non
1259 3197 1299 3219 est
1309 3193 1393 3218 iustus

328 3239 341 3254 a»
357 3230 450 3255 homo:
469 3237 536 3261 quae
555 3229 674 3258 ponenda
687 3233 727 3253 est
744 3229 770 3253 in
784 3229 874 3253 eadem
894 3228 960 3253 linea
973 3236 1031 3253 cum
1051 3229 1141 3261 prima.
1161 3229 1259 3255 Deinde
1271 3229 1394 3262 proponit

329 3275 342 3289 s
358 3264 533 3290 affirmativam
553 3263 676 3288 infinitam
696 3272 764 3296 quae
778 3264 891 3288 tollenda
910 3269 950 3288 est
969 3264 1018 3289 sub
1034 3264 1176 3294 praemissa
1195 3265 1311 3290 neaativn
1326 3265 1392 3289 :eim-

329 3311 342 3324 »
358 3301 424 3333 plici,
439 3300 505 3325 hanc
520 3299 630 3324 scilicet:
647 3300 696 3324 Est
710 3307 760 3324 non
777 3299 860 3324 iustus
874 3299 968 3328 homo,·
987 3299 1060 3324 cuius
1075 3301 1238 3325 uenationem
1253 3300 1393 3329 subinnuit,

331 3348 342 3359 »
358 3344 425 3368 quae
444 3342 497 3360 est:
521 3336 581 3360 Non
601 3338 640 3360 est
659 3343 710 3360 non
730 3336 815 3360 iustus
833 3335 926 3363 homo‚·
951 3343 1018 3367 quae
1042 3335 1067 3360 in
1087 3336 1177 3361 eadem
1198 3336 1264 3361 linea
1282 3341 1394 3370 ponetur

330 3381 343 3395 s
359 3372 407 3396 sub
427 3370 576 3396 affirmativa
595 3371 714 3403 simplici.
734 3371 766 3396 Et
784 3371 831 3395 erit
849 3369 931 3403 figura
951 3371 1024 3396 talis:

462 3449 475 3463 »
487 3440 534 3464 Est
551 3440 634 3464 iustus
653 3440 733 3464 homo

463 3484 476 3498 »
489 3476 546 3500 Non
565 3480 606 3500 est
624 3483 676 3500 non
696 3476 778 3500 iustus
797 3475 877 3500 homo

948 3441 1005 3465 Non
1025 3445 1065 3465 est
1083 3441 1167 3466 iustus
1186 3441 1265 3466 homo

950 3476 997 3501 Est
1015 3484 1067 3500 non
1086 3476 1170 3502 iustus
1189 3476 1278 3502 homo.

333 3554 346 3568 ι»
362 3545 389 3569 ln
407 3545 455 3569 hac
476 3544 557 3575 figura
581 3545 744 3570 manifestum
770 3550 810 3570 est
834 3546 904 3578 quod
924 3550 983 3570 sunt
1008 3550 1119 3578 quatuor
1142 3545 1349 3571 enunciationes:
1369 3546 1394 3571 in

333 3589 346 3603 ιν
362 3587 472 3612 quarum
497 3580 596 3604 duabus
621 3579 777 3605 affirmativis
804 3580 855 3605 hoc
881 3581 991 3605 verbum
1017 3581 1067 3606 Est
1090 3579 1270 3606 affirmativum
1298 3581 1396 3606 adiacet

1065 233 1183 269 PERI
1214 231 1560 269 HERMENEIAS
1596 233 1690 269 LIB.
1723 234 1753 269 11

1435 311 1483 347 Et
1511 310 1600 360 quia
1632 312 1670 348 in
1705 319 1839 349 neutra
1866 313 2003 350 harum
2031 313 2181 361 negatio
2217 315 2421 363 apponitur
2454 316 2503 353 ad

1432 365 1609 411 verbum,
1634 377 1874 414 consequens
1893 374 1950 403 est
1968 367 2074 416 quod
2093 374 2254 416 utraque
2273 367 2320 404 sit
2338 368 2504 405 affirma-

1433 417 1521 454 tiva.
1543 418 1661 454 Omni
1681 426 1810 455 autem
1836 419 2080 457 affirmationi
2103 420 2310 469 opponitur
2337 421 2502 469 negati0‚

1433 478 1475 507 ut
1507 483 1621 519 supra
1658 471 1696 508 in
1729 472 1858 509 Primo
1891 481 2088 510 ostensum
2118 481 2174 510 est
2201 474 2230 510 *.
2266 474 2506 523 Relinquitur
2534 478 2718 506 'Lectum-⁶·

1435 535 1525 571 ergo
1546 524 1651 572 quod
1665 525 1865 573 praedictis
1895 526 2043 563 duabus
2059 526 2387 564 enunciationibus
2403 527 2502 564 affir-

1435 577 1587 614 mativis
1611 579 1844 627 respondent
1864 579 1963 616 duae
1983 580 2077 616 aliae
2097 580 2296 628 negativae
2315 581 2346 617 *.
2378 581 2428 617 Et
2451 580 2504 617 sic

1437 642 1676 689 consequens
1697 641 1753 669 est
1772 633 1877 680 quod
1897 633 1969 670 sint
1988 641 2152 682 quatuor
2175 634 2366 682 simplices
2386 637 2504 670 estun-

1437 690 1628 720 elationes.

1495 748 1553 783 14.
1582 737 1732 774 Deinde
1766 750 1854 775 cum
1887 738 1992 775 dicit:
2021 739 2270 789 Intelligimus
2300 751 2391 776 vero
2421 747 2503 786 etc„

1435 789 1650 827 manifestat
1678 791 1784 839 quod
1811 803 1926 840 supra
1955 791 2097 829 dictum
2127 800 2183 829 est
2209 804 2278 841 per
2309 793 2504 841 quandam

1435 843 1634 891 figuralem
1651 844 1958 892 descriptionem.
1975 845 2075 882 Dicit
2089 846 2192 882 enim
2213 845 2320 894 quod
2338 845 2388 892 id,
2399 846 2505 895 quod

1436 897 1474 933 in
1503 897 1725 945 supradictis
1754 898 1897 935 dictum
1926 906 1999 944 est,
2029 899 2180 947 intelligi
2214 905 2339 948 potest
2374 910 2419 935 ex
2448 911 2504 935 se-

1436 950 1566 999 quenti
1599 951 1876 1000 subscriptione
1905 957 1929 989 0.
1966 952 2021 989 Sit
2054 953 2156 989 enirn
2190 953 2381 1001 quaedam
2415 964 2506 1001 qua-

1436 1137 1448 1149 »
1466 1126 1535 1151 iusto
1548 1131 1574 1151 et
1586 1134 1637 1152 non
1658 1127 1740 1156 iusto,·
1759 1128 1785 1152 in
1799 1128 1855 1152 aliis
1875 1133 1962 1153 autem
1977 1128 2102 1161 negativis
2117 1129 2167 1153 hoc
2181 1128 2268 1162 ipsum
2289 1129 2338 1154 Est
2357 1129 2505 1161 negativum

1436 1172 1449 1185 »
1466 1162 1563 1186 adiacet
1581 1163 1692 1193 eisdem;
1712 1167 1738 1188 et
1757 1168 1818 1188 sunt
1836 1164 1976 1197 dispositae
1994 1165 2019 1189 in
2038 1163 2128 1197 figura,
2148 1164 2214 1189 sicut
2232 1164 2328 1190 dictum
2352 1169 2392 1189 est
2410 1164 2436 1189 in
2454 1164 2506 1189 Re-

1437 1207 1449 1220 »
1465 1198 1608 1227 solutoriis,
1629 1199 1725 1224 scilicet
1739 1200 1764 1224 in
1784 1198 1835 1224 fine
1850 1200 1925 1233 primi
1938 1201 2073 1226 Priorum.
2088 1201 2207 1225 Secundo
2221 1201 2374 1225 Aristoteles
2394 1200 2507 1233 disponit

1438 1243 1450 1255 ι»
1467 1234 1532 1258 hanc
1551 1233 1660 1266 figuram
1676 1240 1701 1259 et
1715 1235 1828 1260 ostendit
1846 1236 1917 1268 quod
1937 1236 1968 1261 ad
1987 1244 2065 1261 unam
2085 1235 2282 1260 affirmationem
2307 1236 2424 1268 sequitur
2443 1236 2506 1260 alte-

1438 1279 1450 1291 »
1466 1269 1518 1294 rius
1537 1270 1639 1301 negatio
1659 1275 1684 1295 et
1703 1278 1755 1295 non
1781 1271 1945 1296 convertitur.
1973 1271 2196 1296 Considerandum
2216 1276 2256 1296 est
2279 1276 2365 1296 autem
2389 1271 2461 1304 quod
2480 1271 2506 1295 in

1438 1315 1449 1327 ιι
1468 1305 1660 1337 consequentiis
1679 1305 1771 1330 harum
1790 1307 2001 1331 enunciationum
2016 1308 2047 1331 ad
2062 1307 2181 1337 invicem,
2197 1315 2306 1340 quarum
2322 1307 2450 1339 quasdam
2465 1314 2506 1331 as-

1438 1350 1451 1362 »
1468 1340 1529 1365 serit
1546 1341 1714 1371 Aristoteles,
1735 1343 1862 1374 quasdam
1882 1348 1967 1367 autem
1983 1348 2071 1374 negat,
2091 1351 2143 1367 non
2163 1347 2204 1367 est
2222 1342 2419 1374 intelligendum
2434 1341 2506 1375 quod

1438 1384 1452 1398 »
1468 1375 1494 1399 in
1513 1377 1735 1401 enunciationibus
1750 1378 1809 1408 illis,
1824 1378 1902 1403 homo
1921 1378 1955 1402 sit
1968 1378 2121 1405 subiectum,
2137 1379 2234 1403 iustum
2254 1383 2340 1403 autem
2359 1382 2386 1402 et
2399 1385 2451 1403 non
2466 1377 2506 1402 iu-

1439 1421 1451 1433 »
1467 1414 1537 1435 stum
1556 1412 1733 1444 praedicatum
1759 1411 1806 1446 (sic
1825 1413 1894 1438 enim
1915 1421 1967 1438 non
1993 1415 2079 1438 solum
2099 1414 2130 1438 ad
2149 1421 2229 1438 unam
2248 1412 2445 1438 affirmationem
2465 1420 2505 1438 se-

1438 1456 1451 1469 »
1468 1452 1591 1479 queretur
1610 1448 1715 1472 alterius
1731 1449 1842 1480 negatio,
1862 1449 1908 1473 sed
1927 1457 1942 1473 e
1961 1449 2097 1479 contrario,
2117 1449 2184 1474 sicut
2201 1449 2228 1473 in
2247 1448 2328 1480 figura
2342 1449 2403 1480 (vel,
2421 1448 2506 1482 infra)

1440 1491 1452 1504 »
1469 1482 1579 1514 patebit:
1598 1483 1670 1515 quod
1685 1488 1771 1508 tamen
1791 1489 1868 1516 negat
1886 1484 1926 1509 hic
1940 1483 2119 1519 Aristoteles);
2139 1485 2186 1510 sed
2204 1485 2276 1517 quod
2291 1489 2344 1509 tota
2362 1483 2507 1509 enunciatio

1439 1526 1453 1540 »
1469 1517 1509 1548 (e.
1523 1525 1551 1550 g.
1566 1521 1606 1542 est
1623 1518 1701 1543 homo
1726 1519 1827 1550 iustus)
1855 1520 1943 1544 locum
1966 1521 2104 1552 praedicati
2127 1520 2232 1545 habebit
2255 1525 2375 1553 respectu
2399 1519 2506 1544 alicuius

1441 1562 1453 1575 »
1470 1552 1586 1578 subiecti.
1607 1553 1685 1584 Quod
1703 1554 1783 1587 accipi
1802 1559 1896 1586 potest,
1911 1555 1977 1580 sicut
1993 1556 2113 1588 exposuit
2126 1555 2196 1580 hunc
2211 1556 2296 1580 locum
2310 1555 2467 1580 Ammonius
2482 1559 2508 1580 et

1440 1597 1453 1611 »
1471 1588 1587 1613 similiter
1611 1589 1750 1614 Boethius:
1774 1590 1835 1622 quia
1854 1590 1920 1615 sicut
1939 1590 2035 1615 dictum
2050 1596 2098 1621 est,
2111 1591 2257 1616 enunciatio
2271 1591 2358 1623 aliqua
2371 1590 2466 1615 virtute
2478 1597 2508 1615 se

1440 1633 1454 1647 »
1470 1624 1547 1648 habet
1566 1625 1598 1649 ad
1619 1624 1644 1649 id
1663 1625 1695 1649 de
1714 1633 1768 1657 quo
1787 1630 1870 1650 totum
1890 1626 1961 1658 quod
1980 1625 2006 1650 in
2021 1626 2076 1658 ipsa
2095 1625 2178 1658 figura
2192 1634 2252 1651 vere
2271 1625 2403 1650 enunciari
2421 1629 2508 1659 potest

1441 1670 1453 1682 »
1469 1660 1530 1694 (Cs.
1545 1667 1627 1692 supra
1646 1668 1671 1684 n.
1686 1661 1736 1694 9);
1755 1665 1781 1685 et
1799 1661 1874 1685 istam
1894 1661 2047 1686 sententiam
2067 1661 2204 1686 manifeste
2227 1661 2300 1694 ponit
2313 1661 2467 1686 Aristoteles
2481 1660 2508 1685 in

1441 1704 1454 1718 »
1471 1694 1522 1720 fine
1541 1696 1616 1728 primi
1636 1696 1770 1721 Priorum.
1790 1697 1817 1721 In
1832 1696 1881 1721 hoc
1896 1702 1982 1721 autem
2003 1698 2061 1722 loco
2081 1697 2140 1721 dicit
2159 1704 2188 1721 se
2202 1696 2297 1722 habere
2313 1697 2432 1722 eamdem
2448 1703 2509 1722 aen-

1442 1731 1576 1756 »tentiam
1602 1739 1680 1764 quam
1700 1731 1744 1756 ibi.
1763 1732 1862 1757 Deinde
1891 1740 1950 1757 cum
1974 1733 2047 1757 dicit:
2074 1732 2206 1757 Similiter
2229 1735 2319 1758 autem
2344 1739 2372 1758 se
2396 1732 2508 1761 habent,

1441 1776 1455 1790 »
1471 1767 1523 1799 agit
1537 1768 1569 1792 de
1582 1767 1833 1799 mundationibus...
1850 1768 1982 1798 Quoniam
1997 1775 2060 1793 vero
2072 1768 2211 1793 contraria
2225 1771 2273 1793 est.
2292 1768 2435 1800 Postquam
2449 1767 2507 1792 Phi-

1441 1811 1455 1826 »
1471 1803 1597 1835 losophus
1617 1803 1730 1828 distinxit
1749 1803 1942 1828 enunciationes
1959 1809 1984 1829 et
1998 1804 2177 1837 oppositiones
2192 1811 2282 1828 earum
2301 1809 2327 1829 et
2345 1810 2509 1836 consequen-

1441 1848 1454 1860 ι
1470 1839 1533 1868 tias;
1548 1839 1573 1863 in
1593 1838 1640 1863 ista
1658 1844 1729 1872 parte
1746 1839 1892 1863 manifestat
1911 1839 2051 1872 quaedam,
2067 1847 2135 1871 quae
2149 1844 2261 1872 possunt
2279 1847 2338 1864 esse
2351 1839 2429 1864 dubia
2443 1839 2509 1864 circa

1441 1883 1454 1897 ι
1471 1882 1501 1898 ea
1515 1882 1583 1907 quae
1596 1874 1662 1899 dicta
1677 1879 1750 1904 sunt;
1770 1880 1795 1899 et
1809 1874 1930 1900 dividitur
1942 1875 1968 1899 in
1986 1880 2039 1899 tres
2054 1879 2149 1907 partes.
2163 1875 2191 1899 ln
2206 1875 2289 1907 prima
2303 1875 2388 1908 primo
2401 1874 2508 1899 manife-

1442 1920 1454 1932 »
1472 1915 1521 1934 stat
1530 1910 1663 1942 quoddam
1673 1910 1744 1943 prius
1760 1910 1857 1935 dictum
1873 1911 1905 1935 de
1914 1910 2019 1935 veritate
2028 1910 2200 1943 quarumdam
2216 1910 2425 1935 enuntiationum
2435 1919 2448 1934 2
2460 1915 2508 1935 etc.

1441 1946 1510 1970 Haec
1534 1945 1629 1970 additio
1647 1946 1696 1970 alia
1715 1950 1755 1970 est
1773 1946 1805 1970 ab
1825 1953 1867 1977 ea,
1887 1954 1966 1979 quam
1989 1946 2047 1971 cod.
2072 1946 2094 1970 E
2112 1945 2190 1970 habet
2209 1953 2240 1970 ex
2259 1946 2374 1971 Roberto
2393 1946 2426 1971 de
2444 1946 2509 1971 vut-

1440 1981 1536 2013 gai-bia,
1555 1986 1584 2006 ut
1602 1981 1688 2006 statim
1708 1981 1799 2006 dicam.

1494 2016 1558 2041 Cod.
1573 2017 1602 2042 C.
1614 2017 1716 2050 explicit
1728 2017 1778 2042 hoc
1790 2017 1882 2042 modo:
1895 2026 1908 2041 ι
1917 2017 2015 2043 Deinde
2028 2025 2087 2042 cum
2102 2017 2175 2042 dicit:
2186 2017 2364 2050 lnteuigimus
2377 2024 2440 2042 vero
2451 2021 2508 2047 etc„

1442 2062 1454 2074 ι
1472 2051 1616 2077 manifestat
1635 2059 1681 2085 per
1695 2053 1835 2085 quamdam
1854 2051 1989 2085 figuralem
2009 2053 2216 2086 descriptionem.
2230 2053 2297 2078 Dicit
2314 2052 2383 2079 enim
2397 2053 2469 2085 quod
2483 2053 2510 2078 id

1443 2097 1456 2111 ι
1472 2088 1543 2120 quod
1562 2096 1642 2121 supra
1656 2088 1753 2113 dictum
1767 2093 1815 2119 est,
1830 2088 1936 2122 intelligi
1950 2093 2044 2122 potest.
2057 2099 2070 2112 »
2081 2102 2093 2108 ·
2103 2089 2151 2114 l-lic
2166 2088 2233 2114 sistit
2246 2093 2272 2114 et
2284 2089 2355 2113 nulla
2368 2088 2417 2114 alia
2430 2088 2510 2114 verba

1442 2123 1519 2148 addit.

1495 2160 1559 2184 Cod.
1579 2160 1601 2184 D
1621 2160 1746 2192 integram
1770 2160 1876 2193 praebet
1899 2160 2036 2185 lectionem
2062 2160 2183 2191 Pianam,
2202 2168 2270 2194 quae
2288 2165 2330 2185 est
2347 2160 2424 2185 etiam
2442 2160 2510 2186 Ven.

1442 2196 1508 2225 edd.7
1529 2196 1575 2220 sed
1595 2201 1714 2228 corrupte
1733 2196 1917 2221 concludit:...
1932 2205 1946 2219 α
1958 2195 2110 2220 Aristoteles
2129 2195 2235 2220 nomina
2249 2196 2374 2229 exemplis
2393 2195 2510 2221 nomina-

1445 2242 1456 2254 »
1473 2236 1522 2262 tur,
1537 2236 1566 2264 ut
1579 2232 1760 2256 ostenderetur
1774 2232 1799 2256 in
1818 2232 2019 2264 quibuscunque
2033 2231 2182 2256 nominibus
2195 2237 2327 2265 ponantur
2340 2232 2458 2265 exempla
2475 2231 2511 2257 ai-

1444 2277 1456 2289 »
1474 2267 1567 2291 militer
1585 2274 1614 2291 se
1632 2267 1727 2292 habent
1738 2276 1752 2290 ιν
1773 2267 1960 2297 etc.-Quibus
1980 2266 2077 2291 ultimis
2095 2267 2190 2299 verbis,
2213 2267 2338 2293 similiter
2359 2275 2387 2293 se
2404 2267 2510 2297 habent,

1442 2302 1609 2335 prosequitur
1623 2302 1770 2328 immediate
1785 2308 1868 2328 textus
1883 2302 2039 2334 Aristotelis,
2050 2307 2077 2327 ut
2091 2303 2187 2328 dictum
2203 2308 2243 2328 est
2257 2303 2282 2328 in
2297 2303 2422 2336 principio
2432 2302 2511 2328 huius

1442 2338 1624 2363 annotationis.

1497 2374 1560 2398 Cod.
1581 2374 1601 2398 E
1621 2374 1714 2398 desinit
1732 2379 1761 2399 ut
1780 2374 1871 2402 Piana.
1896 2379 1974 2407 atque
1999 2374 2147 2400 immediate
2170 2375 2253 2400 addit:
2279 2375 2422 2407 Hucusque
2445 2374 2511 2400 scri-

1438 2409 1495 2441 psit
1510 2413 1618 2435 sanctus
1642 2409 1756 2435 Thomas
1770 2410 1803 2435 de
1822 2410 1926 2442 Aquino
1948 2410 2058 2435 Ordinis
2072 2410 2284 2442 predicatorum.
2305 2410 2346 2435 Ea
2363 2417 2425 2435 vero
2444 2417 2512 2443 quae

1442 2449 1568 2470 secuntur
1585 2445 1692 2477 scripsit
1704 2446 1745 2479 sr.
1764 2446 1897 2471 Robertus
1916 2446 1949 2471 de
1971 2445 2117 2479 Vulgarbia
2142 2446 2252 2472 Ordinis
2274 2446 2428 2472 eorumdem
2447 2446 2512 2471 Pre-

1444 2481 1602 2506 dicatorum.
1623 2481 1703 2505 Porro
1722 2489 1789 2514 quae
1808 2489 1838 2506 ex
1857 2482 1945 2507 codice
1964 2482 1986 2506 A
2006 2481 2215 2515 transcripsimus
2234 2482 2357 2514 leguntur
2375 2482 2401 2506 in
2419 2481 2477 2509 cod.
2490 2481 2512 2506 E

1443 2516 1486 2540 fol.
1503 2516 1552 2541 233
1572 2524 1648 2546 vers„
1668 2518 1716 2542 col.
1738 2524 1750 2541 2
1771 2522 1830 2542 ante
1845 2517 1973 2548 medium3
1993 2523 2018 2542 et
2031 2517 2089 2542 ideo
2108 2517 2236 2550 pertinent
2249 2517 2281 2542 ad
2301 2518 2511 2550 supplementum

1445 2553 1550 2577 Roberti
1570 2553 1602 2577 de
1621 2552 1774 2584 Vulgarbia,
1799 2553 1869 2585 quod
1889 2561 1903 2577 a
1921 2553 2019 2583 verbis,
2044 2553 2173 2578 Similiter
2191 2556 2279 2578 autem
2302 2560 2331 2578 se
2348 2553 2446 2578 habent
2463 2557 2512 2578 etc.

1444 2588 1531 2620 incipit
1546 2593 1571 2612 et
1585 2588 1615 2612 ad
1630 2586 1708 2612 finem
1723 2588 1828 2613 secundi
1842 2588 1898 2613 libri
1914 2589 2047 2613 deducitur
2060 2588 2085 2613 in
2100 2589 2192 2613 eodem
2207 2588 2264 2613 cod.
2280 2588 2335 2612 E.-
2347 2588 2420 2612 Addo
2435 2587 2512 2612 etiam

1444 2631 1474 2648 ex
1493 2623 1542 2648 hoc
1561 2624 1618 2648 cod.
1638 2623 1770 2656 specimen
1796 2623 1912 2656 principii
1935 2623 2013 2648 huius
2036 2623 2225 2656 supplementi:
2246 2633 2258 2646 α
2272 2623 2403 2648 Similiter
2421 2626 2511 2648 autem

1446 2668 1459 2682 s
1475 2666 1502 2683 se
1516 2659 1594 2683 habet
1612 2664 1660 2683 etc.
1680 2659 1707 2683 ln
1723 2658 1770 2683 hac
1789 2664 1860 2691 parte
1884 2659 2035 2691 multiplicat
2053 2659 2243 2692 oppositionem
2263 2658 2289 2683 in
2307 2658 2511 2688 universalibus3

1447 2703 1460 2717 »
1477 2699 1502 2719 et
1521 2694 1604 2726 primo
1630 2693 1689 2718 dicit
1707 2694 1731 2718 in
1751 2701 1804 2726 quo
1829 2694 1984 2718 conveniunt
2002 2694 2162 2719 universales
2186 2702 2246 2719 cum
2269 2692 2387 2725 infinitis,
2406 2694 2467 2726 quia
2485 2693 2511 2718 in

1448 2740 1460 2751 »
1477 2729 1639 2754 multitudine
1657 2729 1862 2762 oppositionum.
1881 2730 1909 2754 In
1924 2730 2046 2760 secundo,
2059 2729 2114 2754 Sed
2127 2732 2231 2755 tantum
2246 2737 2298 2754 non
2319 2729 2512 2759 universaliter,

1448 2776 1460 2788 »
1477 2766 1552 2789 docet
1570 2764 1595 2789 in
1608 2772 1660 2796 quo
1677 2764 1796 2789 differunt
1810 2764 1842 2789 ab
1861 2763 1974 2795 infinitis,
1988 2765 2048 2797 quia
2066 2765 2092 2790 in
2111 2765 2340 2798 compossibilitate
2358 2766 2512 2797 angulorum

1448 2811 1460 2823 2·
1477 2805 1502 2825 et
1520 2800 1694 2824 ordinatarum
1714 2800 1739 2824 in
1758 2798 1873 2831 figura...
1894 2800 1992 2825 Deinde
2010 2800 2087 2832 igitur
2105 2799 2167 2825 haec
2186 2800 2336 2834 recapitulat
2354 2801 2512 2825 concludens

1448 2847 1460 2858 »
1477 2836 1540 2860 duas
1560 2843 1620 2860 esse
1638 2835 1831 2870 oppositiones,
1855 2843 1966 2868 quarum
1986 2843 2038 2860 una
2056 2841 2097 2860 est
2114 2835 2140 2860 in
2159 2836 2350 2861 universalibus
2368 2841 2395 2861 et
2418 2836 2467 2861 alia
2485 2836 2511 2861 in

1448 2881 1461 2895 ι
1478 2870 1596 2902 infinitis,
1616 2871 1655 2896 vel
1676 2879 1786 2903 quarum
1805 2879 1856 2896 una
1875 2876 1914 2896 est
1933 2872 1965 2896 de
1983 2871 2129 2904 praedicato
2147 2870 2228 2901 finito;
2247 2871 2295 2896 alia
2315 2872 2347 2896 de
2365 2872 2512 2905 praedicam

1448 2918 1460 2930 »
1478 2906 1585 2932 infinito.
1604 2907 1725 2939 Sequitur
1744 2907 1786 2931 illa
1805 2914 1878 2939 pars:
1897 2907 1974 2932 Aliae
1993 2914 2070 2935 νει-ο,-
2089 2907 2113 2932 in
2134 2915 2186 2940 qua
2202 2907 2355 2940 multiplicat
2368 2907 2512 2940 oppositio—

1448 2953 1460 2966 »
1477 2951 1536 2967 nem
1556 2948 1581 2967 et
1599 2943 1625 2967 in
1644 2942 1698 2973 his,
1718 2942 1743 2967 in
1762 2942 1858 2975 quibus
1877 2943 1988 2967 sumitur
2011 2942 2156 2967 subiectum
2174 2941 2276 2968 finitum
2295 2947 2320 2968 et
2339 2942 2512 2976 praedicatum

1449 2990 1460 3001 r
1478 2977 1611 3003 infinitum.
1632 2978 1698 3002 Dicit
1716 2985 1779 3008 ergo
1798 2978 1869 3010 quod
1889 2978 1953 3002 aliae
1969 2978 2163 3003 enunciationes
2175 2987 2188 3002 ιι
2209 2984 2256 3004 etc.

1499 3014 1631 3039 Robertus
1651 3014 1683 3038 de
1701 3013 1842 3045 Vulgarbia
1856 3013 2016 3039 desideratur
2024 3013 2049 3038 in
2061 3013 2258 3045 diligentissimo
2268 3013 2394 3040 Echardo.
2407 3014 2513 3040 Amata

1447 3049 1596 3082 antiquitate
1614 3049 1691 3074 huius
1711 3049 1884 3082 supplementi
1905 3047 1951 3082 (uti
1971 3054 2071 3074 constat
2089 3057 2119 3074 ex
2140 3050 2198 3074 cod.
2211 3048 2244 3084 Α)
2268 3055 2359 3083 posset
2383 3049 2512 3083 quispiam

1446 3085 1629 3110 rationabiliter
1647 3084 1764 3110 dubitare
1778 3092 1840 3109 num
1855 3084 1987 3109 Robertus
1997 3085 2029 3109 de
2042 3085 2183 3118 Vulgarbia
2195 3085 2263 3110 idem
2283 3085 2316 3110 sit
2334 3093 2363 3110 ac
2382 3085 2512 3111 Robertu·

1447 3120 1632 3150 Kilwardbius,
1651 3120 1726 3145 cuius
1745 3127 1874 3151 agnomen
1893 3120 2042 3145 incredibile
2060 3125 2101 3145 est
2119 3125 2245 3153 quantum
2261 3120 2336 3146 fuerit
2349 3128 2364 3146 a
2382 3120 2513 3154 scription-

1446 3156 1496 3181 bus
1511 3161 1670 3188 corruptum.
1689 3155 1738 3180 Alii
1753 3155 1822 3180 enim
1842 3155 1937 3185 Bilibri,
1953 3156 1994 3180 alii
2014 3156 2206 3186 Canvilvertim‚
2225 3156 2266 3181 alii
2286 3156 2452 3182 Ridverbium
2467 3163 2511 3182 vo-

1447 3196 1513 3222 cant,
1532 3191 1573 3216 alii
1592 3191 1698 3224 insuper
1716 3191 1834 3221 Kiliurlh,
1849 3191 1980 3222 Kulverbi‚
1995 3191 2153 3225 Kitibardby,
2167 3191 2207 3217 De
2221 3191 2366 3216 Valleverbi
2385 3197 2433 3217 etc.
2451 3197 2513 3217 eum

1447 3232 1609 3260 nuncupant,
1634 3232 1663 3252 ut
1680 3226 1768 3251 videre
1787 3232 1827 3251 est
1846 3227 1913 3259 apud
1938 3227 2068 3252 laudatum
2093 3227 2238 3252 Echardum
2262 3226 2425 3259 (Scriptores
2445 3226 2512 3252 Ora.

1447 3263 1582 3288 Praed.ad
1597 3270 1656 3287 ann.
1668 3262 1836 3295 1279.tom.1.
1844 3270 1902 3294 pag.
1912 3261 1962 3295 374
1972 3263 2068 3296 seqq.).
2076 3263 2144 3287 Inter
2157 3262 2205 3287 alia
2215 3262 2327 3295 plurima
2341 3261 2512 3288 Kilwardbius

1447 3298 1550 3331 scripsit
1560 3298 1752 3323 Annotationes
1766 3297 1791 3322 in
1802 3297 1895 3322 librum
1910 3298 2055 3322 Aristotelis
2067 3298 2109 3323 De
2118 3297 2351 3330 interpretatione:
2365 3298 2411 3323 sed
2425 3302 2512 3322 utrum

1447 3342 1477 3359 ex
1492 3334 1562 3358 hisce
1581 3333 1788 3358 annotationibus
1807 3338 1955 3366 excerptum
1969 3333 2045 3358 fuerit
2058 3333 2269 3366 supplementum
2285 3333 2355 3366 quod
2370 3332 2478 3357 habetur
2486 3331 2512 3357 in

1448 3370 1504 3394 cod.
1515 3369 1550 3398 E,
1570 3374 1595 3394 et
1613 3369 1706 3402 partim
1721 3369 1746 3393 in
1761 3369 1817 3394 cod.
1828 3369 1859 3399 A,
1869 3374 1895 3393 et
1909 3374 2099 3402 consequenter
2113 3373 2200 3394 utrum
2213 3367 2386 3394 Kilwardtius
2397 3367 2430 3392 sit
2443 3367 2512 3392 idem

1448 3413 1477 3429 ac
1497 3405 1534 3429 De
1553 3404 1701 3437 Vulgarbia,
1720 3410 1761 3430 est
1798 3404 1897 3429 uaestio
1922 3403 2066 3429 definienda
2086 3403 2117 3429 ab
2136 3403 2250 3429 eruditis.
2269 3403 2346 3436 Opus
2365 3401 2513 3428 Kilwardbii

1449 3440 1474 3465 in
1499 3439 1592 3464 librum
1617 3437 1672 3473 περὶ
1697 3438 1786 3474 ἐρμηνε
1800 3448 1828 3469 ας
1853 3445 2001 3465 recensetur
2023 3439 2049 3464 in
2075 3439 2192 3471 catalogo
2210 3445 2274 3464 mss.
2299 3437 2407 3468 Analiae
2433 3435 2512 3471 (Lon-

1449 3475 1508 3505 dini,
1533 3474 1624 3509 1699);
1643 3475 1689 3500 sed
1708 3483 1722 3500 a
1742 3475 1835 3500 nostris
1855 3474 1992 3506 Religiosis
2017 3474 2110 3500 frustra
2128 3473 2262 3508 hucusque
2284 3472 2425 3506 praefatum
2443 3480 2512 3506 opus

1449 3511 1474 3535 in
1493 3510 1602 3542 Angliae
1621 3510 1781 3535 bibliothecis
1801 3510 1947 3543 quaesitum
1966 3515 2015 3535 est.

1503 3546 1530 3570 ln
1550 3545 1709 3570 Praefatione
1727 3546 1885 3570 mentionem
1905 3546 1982 3571 etiam
2000 3545 2109 3570 fecimus
2127 3544 2232 3570 alte-ius
2246 3543 2421 3576 supplementi
2441 3544 2512 3576 quod

1449 3581 1475 3606 in
1493 3581 1594 3606 duabus
1614 3580 1720 3605 Venetis
1739 3581 1797 3606 edd.
1811 3581 1845 3606 ab
1863 3581 1986 3611 habetur,
2009 3585 2087 3613 atque
2111 3579 2262 3605 monuimus
2285 3578 2317 3603 ab
2336 3577 2376 3603 ed.
2390 3585 2408 3602 a
2425 3579 2511 3604 vocari

2533 584 2542 592 ·
2552 589 2567 604 Α
2574 583 2660 605 omittit
2669 589 2745 612 neffa-

2533 610 2604 631 tinae.
