2548 4192
200 299 269 325 CXll

203 379 218 394 »
242 374 358 405 corpus
382 369 548 403 sumptum
573 372 609 392 ex
632 361 714 390 alma
738 358 877 398 Virgine,
902 355 1069 397 proprium
1089 363 1204 393 corpus
1229 352 1272 382 ef—

203 423 217 437 »
241 409 360 440 fecisse.
385 408 523 438 Decebat
537 416 611 445 ergo
628 415 701 435 eum
717 403 831 433 nostris
847 399 1090 442 quodammodo
1106 397 1189 447 uniri
1205 407 1272 427 cor-

203 467 218 482 »
241 453 372 494 poribus
397 462 452 492 per
475 460 595 481 sacram
610 449 677 479 eius
693 457 818 478 carnem
834 454 863 476 et
878 445 1053 485 pretiosum
1068 451 1271 482 sangumem,

203 511 218 526 xv
242 508 323 539 quae
347 496 525 536 accepimus
549 494 582 524 in
606 491 823 523 benedictione
856 488 1042 519 vivificativa
1070 487 1110 537 in·
1130 496 1211 526 pane
1243 492 1273 515 et

204 556 218 571 »
241 542 327 572 vino.
351 542 398 572 Ne
432 540 517 570 enim
550 539 749 568 horreremus
781 544 906 565 carnem
939 539 969 563 et
1002 540 1189 571 sangumem
1218 540 1271 569 ap-

204 600 219 615 »
242 587 345 627 posita
369 584 461 615 sacris
485 582 659 619 Altaribus,
685 578 938 610 condescendens
962 577 1049 607 Deus
1073 575 1188 606 nostris
1213 574 1271 604 fra-

204 644 219 659 »
242 630 411 671 gilitatibus
451 627 554 658 influit
583 624 695 655 oblatis
731 623 797 653 vim
831 622 933 660 vitae,
966 627 1151 651 convertens
1180 629 1216 649 ea
1239 619 1272 648 in

205 689 219 703 »
241 675 404 705 veritatem
427 671 572 712 propriae
596 668 695 699 carnis
723 680 736 695 »
752 675 808 698 etc.
840 666 961 696 Indices
990 665 1138 695 locorum
1162 663 1272 693 adiun-

202 726 268 751 ctos
288 718 378 748 tolle:
404 715 555 746 sententia
578 719 685 743 manet
704 713 762 742 sub
786 721 852 742 uno
872 717 992 748 tenore,
1017 718 1115 750 quam
1135 714 1272 738 caeterae

202 769 358 804 praestant
372 760 534 791 editiones.
546 759 726 788 Postremae
740 766 815 786 vero
831 755 927 795 partis
940 755 1050 784 locum
1065 762 1168 793 neque
1183 751 1273 781 novit

201 809 268 848 ipse
291 805 470 836 Nicolaius:
500 803 585 833 unde
609 801 682 832 satis
706 801 751 831 illi
775 800 836 830 fuit
860 799 1010 830 adnotare
1047 808 1118 828 eam
1148 796 1225 827 alibi
1255 806 1273 825 a

204 851 324 893 Cyrillo
349 849 506 889 scriptam.

268 895 320 926 Ad
342 894 396 924 illa
418 893 512 922 verba
535 889 684 921 Matthaei
714 890 815 930 capite
838 900 869 927 v,
898 894 926 919 17.
959 889 1007 925 13,
1043 887 1102 917 Vos
1126 887 1200 916 estis
1223 886 1274 915 sal

202 946 318 977 terrae,
335 939 411 969 haec
434 935 547 967 Hilarii
570 936 665 965 verba
689 944 725 964 ex
749 934 816 965 eius
840 932 1069 964 commentario
1094 930 1213 971 profert
1240 930 1273 960 in

202 995 258 1015 sua
281 984 401 1015 Catena
424 981 585 1012 Thomas:
614 992 628 1007 «
647 979 797 1009 Hilarius.
822 978 882 1009 Est
903 979 954 1008 hic
971 978 1157 1017 proprietas
1175 985 1272 1016 quae-

204 1042 218 1057 »
242 1028 343 1059 renda
367 1027 544 1062 dictorum,
574 1034 670 1065 quam
694 1024 919 1064 Apostolorum
946 1022 1089 1064 officium
1120 1026 1150 1051 et
1173 1021 1273 1061 ipsius

204 1086 218 1101 »
241 1074 319 1104 salis
347 1077 467 1102 natura
496 1069 694 1099 monstrabit.
726 1068 802 1099 Hoc
830 1069 932 1109 igitur
960 1068 992 1097 in
1024 1075 1148 1096 omnem
1179 1074 1271 1095 usum

204 1131 219 1145 ›>
241 1117 375 1148 humani
402 1115 533 1156 generis
562 1113 730 1154 effectum,
764 1113 1034 1153 incorruptionem
1065 1109 1271 1150 corporibus,

205 1175 220 1190 2
242 1162 356 1203 quibus
369 1160 479 1202 fuerit
503 1168 680 1198 aspersum,
709 1158 853 1198 impartit
877 1162 907 1187 et
929 1156 972 1186 ad
995 1165 1119 1186 omnem
1144 1164 1272 1185 sensum

206 1219 220 1234 »
243 1206 362 1238 conditi
385 1204 510 1244 saporis
534 1203 732 1243 aptissimum
754 1208 809 1233 est.
834 1201 978 1242 Apostoli
996 1206 1103 1231 autem
1123 1205 1199 1229 sunt
1222 1208 1273 1228 re-

205 1264 220 1279 »
244 1261 316 1281 rum
341 1249 523 1280 caelestium
542 1247 786 1288 praedicatores
805 1252 835 1276 et
853 1246 1052 1276 aeternitatis
1076 1245 1175 1275 veluti
1197 1244 1273 1274 sali-

206 1308 220 1323 »
243 1301 348 1326 tores:
374 1294 487 1323 merito
510 1292 561 1322 sal
585 1297 692 1322 terrae
716 1292 912 1331 nuncupati,
943 1291 1018 1330 quia
1036 1299 1101 1330 per
1124 1290 1272 1319 virtutem

206 1353 220 1368 1>
243 1339 419 1375 doctrinae,
440 1337 533 1377 quasi
555 1336 716 1373 salientes,
737 1336 921 1366 aeternitati
944 1343 1080 1374 corpora
1099 1337 1269 1364 servant.»

203 1384 290 1414 Haec
310 1389 470 1423 postrema
492 1381 586 1410 verba
610 1380 653 1410 sic
677 1379 762 1410 effert
784 1379 880 1410 editio
901 1378 1074 1409 doctissimi
1094 1376 1274 1408 Constantii

203 1435 323 1459 ascetae
346 1425 499 1457 Maurini:
524 1425 587 1455 Per
611 1425 758 1455 virtutem
792 1424 976 1460 doctrinae,
1001 1422 1140 1453 saliendi
1159 1421 1271 1458 modo,

203 1472 386 1503 aeternitati
409 1479 545 1510 corpora
569 1473 780 1499 reservantes.
806 1468 1002 1507 Legendum,
1027 1466 1159 1497 Satores
1182 1472 1218 1496 ut
1241 1465 1273 1494 in

204 1517 354 1547 omnibus
379 1526 402 1545 s.
419 1514 530 1544 Hilarii
545 1513 695 1553 exemplis
711 1512 800 1542 editis
817 1522 852 1542 ac
867 1522 941 1542 mss.
959 1511 1168 1542 contendebat
1183 1511 1273 1540 Ioan-

204 1572 259 1592 nes
274 1559 453 1591 Nicolaius:
479 1557 708 1589 emendandam
731 1556 843 1587 Hilarii
865 1556 1038 1586 editionem
1053 1565 1090 1585 ex
1105 1555 1168 1585 divi
1183 1554 1273 1584 Tho-

203 1616 275 1636 mae
298 1605 417 1636 catena
446 1602 618 1643 reponebat
640 1601 823 1631 Franciscus
855 1599 1085 1638 Combefisius,
1111 1609 1146 1630 ac
1170 1599 1274 1638 legen-

204 1651 283 1680 dum
305 1649 477 1679 Salitores:
500 1647 573 1676 hinc
596 1646 676 1676 inter
694 1652 867 1686 utrumque
891 1645 929 1675 lis
953 1645 1074 1675 erudita
1091 1651 1198 1675 exorta
1217 1650 1273 1673 est.

206 1707 220 1722 <a
242 1694 338 1724 Nulla
353 1692 438 1722 enim
462 1689 643 1731 (inquiebat
660 1689 882 1732 Combefisius)
907 1690 994 1720 Salis
1016 1688 1201 1729 metaphora
1217 1687 1274 1718 Sa-

206 1752 220 1766 »
244 1739 339 1769 tionis
362 1745 472 1774 causa,
497 1735 556 1765 nisi
580 1744 678 1775 quarn
702 1734 920 1776 Hieronymus
944 1734 1046 1772 affert,
1071 1744 1134 1775 qua
1159 1732 1276 1763 scilicet

207 1796 220 1811 »
245 1781 349 1813 omnis
365 1780 494 1810 facultas
514 1779 662 1819 germinis
687 1779 809 1810 sublata
831 1778 1034 1819 significetur,
1059 1788 1162 1819 eoque
1182 1777 1274 1807 semi-

206 1840 220 1855 »
243 1833 315 1857 nata
338 1820 417 1855 terra
441 1823 599 1854 sterilitate
628 1823 805 1854 damnetur.
836 1824 907 1855 Una
931 1833 1006 1854 vero
1034 1823 1114 1854 salis
1137 1822 1275 1860 utilitas,

206 1885 220 1899 ⁷>
243 1868 438 1902 conservatio
463 1879 480 1898 a
504 1867 687 1908 putredine:
712 1879 749 1899 ex
773 1879 836 1909 qua
860 1875 949 1908 capta
968 1868 1166 1908 metaphora,
1191 1867 1275 1897 Sali-

206 1929 220 1944 »
243 1921 328 1946 tores
351 1913 550 1951 aeternitatis,
574 1912 630 1953 qui
650 1912 709 1943 Dei
733 1913 831 1954 gratia
854 1919 1022 1943 renovatos
1042 1912 1075 1942 in
1095 1922 1131 1942 ea
1151 1921 1275 1952 conser-

206 1973 220 1989 »
242 1966 327 1997 vam,
352 1964 387 1989 ut
410 1958 499 1988 beata
518 1957 698 1988 aeternitate
715 1957 869 1988 fruantur.
883 1970 898 1984 »
925 1956 1134 1997 Aptissimam
1149 1963 1179 1987 et
1193 1955 1275 1996 opti—

203 2015 290 2035 mam
319 2002 450 2033 inficiari
482 2009 585 2042 potest
616 2012 712 2036 nemo
743 2002 984 2043 metaphoram,
1016 2011 1114 2043 quam
1145 2000 1275 2041 exponit

204 2047 426 2081 Combefisius.
457 2049 507 2077 An
534 2056 570 2076 ea
599 2056 673 2077 vero
697 2047 868 2078 lectionem
892 2046 1030 2077 Catenae
1054 2049 1178 2077 Aureae
1201 2045 1274 2075 satis

202 2093 349 2130 vindicet,
365 2091 499 2122 dubium
514 2090 602 2121 mihi.
628 2091 738 2122 Nullas
763 2091 843 2122 circa
858 2091 1053 2132 praedictum
1068 2090 1274 2128 vocabulum,

203 2139 343 2174 Satores,
368 2136 467 2166 varias
491 2135 604 2175 reperit
627 2136 659 2166 in
682 2136 845 2167 codicibus
860 2135 983 2174 Hilarii,
1007 2146 1086 2176 quas
1111 2135 1277 2165 adnotaret

204 2182 375 2219 lectiones,
410 2180 555 2211 laudatus
588 2180 805 2212 Constantius.
841 2181 945 2211 Immo
979 2186 1109 2211 testatur
1143 2180 1276 2210 lacobus

202 2226 364 2257 Echardus
398 2225 431 2255 in
462 2224 613 2265 exemplis
644 2235 719 2256 mss·
754 2225 915 2263 Catenae,
946 2235 1028 2266 quae
1052 2224 1175 2255 Parisiis
1198 2224 1277 2254 vidit

203 2282 239 2303 ac
263 2270 425 2311 diligenter
448 2269 608 2308 lustravit,
639 2269 892 2301 constantissime
922 2280 954 2300 se
985 2269 1097 2310 legisse
1134 2269 1276 2300 Satores.

204 2317 340 2354 Habent,
365 2314 530 2352 Salitores,
556 2314 710 2346 editiones
734 2315 880 2345 Romana
904 2314 978 2345 anni
1004 2315 1086 2355 1570
1109 2321 1140 2344 et
1157 2314 1277 2344 Veneta

205 2360 278 2391 anni
308 2360 387 2400 1593
415 2365 445 2389 et
468 2359 708 2400 Antuerpiensis
741 2359 815 2389 anni
841 2360 933 2390 1612.
962 2361 1004 2390 At
1042 2358 1174 2390 Satores
1203 2358 1276 2398 lego

204 2405 237 2435 in
256 2403 397 2442 vetustis,
418 2404 563 2434 Romana
583 2404 655 2434 anni
681 2413 774 2445 1470,
795 2403 1063 2444 Lugdunensibus
1084 2404 1177 2441 1520,
1196 2403 1277 2434 1530

205 2456 236 2480 et
260 2450 353 2488 1542,
372 2448 491 2478 Veneta
516 2449 609 2487 1521,
629 2459 664 2479 ac
683 2448 778 2479 Paris.
806 2450 886 2479 1552
908 2456 938 2479 et
963 2449 1054 2479 1611.

274 2494 325 2524 IV.
350 2492 518 2533 Euthymii
537 2493 705 2534 Zigabeni,
731 2493 841 2524 Graeci
867 2493 1027 2531 monachi,
1052 2502 1153 2533 pauca
1173 2492 1277 2534 profe-

207 2545 319 2569 runtur
337 2538 431 2567 verba
450 2537 490 2567 ad
505 2545 599 2578 caput
612 2549 623 2568 1
643 2539 747 2568 Lucae
761 2543 790 2568 v.
805 2539 839 2568 5:
859 2539 935 2569 Fuit
950 2539 982 2569 in
997 2538 1108 2568 diebus
1134 2537 1278 2569 Herodis

205 2583 306 2624 Regis
324 2581 466 2612 Iudaeae
489 2588 545 2612 etc.
567 2590 698 2623 nempe:
726 2595 741 2610 «z
761 2582 1043 2623 chrysostomus...
1059 2582 1151 2612 Alius
1171 2588 1278 2613 autem

210 2639 223 2655 2>
247 2626 391 2658 Herodes
415 2625 492 2664 fuit,
522 2627 577 2667 qui
606 2627 759 2657 loannem
782 2627 915 2665 occidit;
943 2627 998 2658 sed
1026 2627 1078 2657 ille
1106 2626 1278 2657 Tetrarcha

208 2685 223 2699 »
248 2671 317 2710 fuit,
342 2670 392 2700 hic
415 2678 521 2701 autem
545 2672 620 2702 Rex.
645 2672 861 2713 Euthymius:
885 2673 962 2711 Rex,
982 2672 1126 2712 inquam,
1146 2671 1198 2701 ine
1221 2671 1278 2712 qui

208 2729 222 2744 2>
251 2715 385 2746 infantes
409 2715 540 2754 occidit,
565 2723 652 2757 pater
675 2715 759 2748 illius
783 2716 938 2754 Herodis,
963 2716 1018 2758 qui
1037 2717 1278 2747 Praecursorem

209 2774 222 2788 »
246 2760 412 2791 interemit.
443 2760 555 2792 Beda:
585 2761 730 2801 Tempus
760 2767 868 2792 autem
898 2760 1035 2791 Herodis
1065 2759 1278 2801 alienigenae,

209 2818 223 2833 >⁷
246 2804 341 2844 Regis
360 2811 417 2835 etc.
432 2817 447 2832 »
479 2805 525 2836 Ex
544 2805 643 2846 ipsius
661 2805 827 2847 Euthymii
855 2805 1084 2836 commentario
1105 2804 1136 2835 in
1157 2805 1279 2835 Lucam

209 2850 374 2889 desumpta
393 2849 486 2879 verba
501 2856 584 2880 sunt.
608 2850 675 2880 Nec
688 2850 858 2891 Euthymii
877 2860 1007 2887 nomen,
1027 2859 1085 2880 nec
1104 2849 1197 2880 allata
1212 2848 1279 2879 eius

207 2894 301 2924 verba
324 2893 384 2933 legi
406 2893 438 2923 in
458 2894 579 2926 Veneta
598 2894 737 2926 Catenae
760 2894 899 2926 editione
923 2894 997 2925 anni
1022 2894 1102 2933 1486
1123 2903 1226 2934 neque
1246 2893 1278 2923 in

207 2937 346 2969 Parisina
369 2937 443 2968 anni
469 2939 549 2969 1566
570 2939 700 2970 adnotat
723 2939 796 2970 loco
819 2939 963 2980 superius
983 2938 1077 2970 citato
1098 2938 1278 2970 Simonius:

210 2983 394 3023 eademque,
419 2992 493 3014 cum
517 2983 653 3014 auctoris
677 2983 826 3021 nomine,
851 2983 1084 3024 interpolatoris
1113 2983 1280 3014 cuiusdam

209 3036 306 3057 manu
321 3026 440 3057 adiecta
456 3028 641 3068 suspicatur.
659 3028 767 3059 Brevis
779 3028 910 3069 quidem
920 3028 973 3058 illa
984 3028 1136 3059 sententia
1152 3026 1280 3060 deestin

211 3071 278 3101 aliis
293 3070 495 3110 editionibus,
510 3083 589 3113 quas
605 3068 778 3114 expendere
793 3072 892 3111 licuit,
908 3072 1009 3113 prima
1025 3073 1172 3103 Romana
1188 3082 1280 3115 1470,

211 3115 358 3154 Lugdun.
385 3116 477 3155 1520,
499 3118 591 3155 1530,
612 3119 705 3157 1542,
729 3117 850 3148 Veneta
875 3119 950 3148 1521
980 3123 1010 3147 et
1029 3117 1167 3148 Parisina
1188 3117 1279 3148 1611.

210 3161 359 3190 Attamen
389 3169 423 3189 ea
451 3161 564 3201 legitur
590 3161 622 3191 in
647 3163 792 3192 Romana
822 3163 920 3203 1570,
944 3161 1064 3192 Veneta
1094 3162 1192 3202 1593,
1217 3164 1281 3192 An-

212 3202 381 3243 tuerpiensi
403 3204 494 3236 1612.
519 3208 570 3236 An
594 3215 668 3246 ergo
692 3206 790 3237 hocce
810 3205 1061 3237 additamentum
1081 3216 1210 3237 causam
1228 3205 1282 3236 ha—

211 3248 283 3278 beat
302 3248 454 3278 audacem
477 3249 741 3289 interpolatricem
764 3260 908 3289 manum,
933 3260 973 3280 an
988 3250 1148 3282 Codicum
1162 3250 1282 3281 varian-

212 3291 294 3323 tium
317 3292 480 3323 innoxiam
504 3293 764 3335 discrepantiam?

279 3337 331 3366 Ad
351 3337 482 3369 Glossas
505 3338 636 3369 demum
659 3339 748 3380 quod
771 3339 899 3378 attinet,
929 3339 1227 3380 quaetrequentius
1251 3338 1283 3369 in

215 3380 334 3411 Catena
357 3389 559 3422 promuntur,
579 3383 687 3423 paucis
712 3384 882 3415 admonere
906 3390 1054 3424 praestat:
1080 3393 1131 3414 eas
1155 3390 1190 3414 ut
1213 3383 1283 3424 plu-

215 3425 332 3455 rimum
356 3427 464 3457 obvias
495 3437 580 3458 nunc
604 3438 670 3458 non
694 3438 778 3466 esse,
803 3438 926 3469 proque
955 3429 1136 3469 Anonymis
1159 3427 1282 3461 haberi:

215 3475 246 3499 at
269 3469 388 3510 aliquas
412 3471 536 3511 reperiri
565 3478 689 3512 tamen,
706 3483 806 3514 quae,
830 3472 1096 3504 animadvertente
1118 3472 1284 3512 Nicolaio,

546 278 1005 320 DISSERTATIONES
1036 274 1283 313 CRITICAE
1314 273 1368 309 IN
1399 273 1437 308 S.
1462 271 1705 308 THOMAM
1734 267 2057 316 AQUINATEM

1327 358 1498 382 occurrunt
1522 350 1554 380 in
1580 348 1829 380 Commentariis
1852 348 1886 378 in
1909 347 2119 384 Matthaeum,
2143 345 2298 376 Anselmo
2324 344 2407 375 Can-

1327 395 1487 433 tuariensi‚
1512 394 1562 424 vel
1587 393 1794 424 Laudunensi
1818 392 1953 430 tributis,
1978 391 2028 421 vel
2052 390 2160 430 potius
2187 390 2314 420 Herveo
2339 399 2408 418 mo-

1327 439 1429 470 nacho
1454 438 1587 469 Dolensi
1611 437 1839 468 adiudicandis.

1723 527 1922 563 CAPUT
1963 527 2009 563 V.

1327 608 1403 632 Ratio
1423 608 1449 632 in
1469 607 1547 632 huius
1567 608 1662 640 Operis
1682 607 1794 632 editione
1820 608 1958 632 servanda:
1979 615 2031 639 qua
2050 607 2083 632 de
2101 615 2129 631 re
2149 606 2258 639 litigium
2284 607 2408 630 loannem

1399 643 1544 668 Nicolaium
1571 643 1637 668 inter
1662 648 1687 667 et
1706 643 1874 668 Franciscum
1894 641 2091 667 Combefisium.
2113 643 2246 667 Simonius
2269 647 2295 666 et
2314 642 2409 666 Posse-

1398 686 1476 703 vmus
1495 679 1584 703 notati.

1329 761 1351 791 1.
1374 754 1474 836 De
1498 758 1619 789 ratione
1634 757 1667 787 in
1682 757 1822 788 editione
1836 757 1970 788 huiusce
1985 757 2123 788 Catenae
2139 758 2301 796 servanda,
2313 768 2408 799 quae-

1457 803 1595 834 stionem
1611 802 1691 832 olim
1705 801 1855 841 agitatam
1877 801 1958 832 inter
1972 802 2118 832 laudatos
2139 801 2340 833 doctissimos
2363 802 2408 832 vi—

1327 859 1391 888 ros,
1411 847 1594 879 Nicolaium
1614 853 1645 876 et
1667 845 1912 884 Combefisium,
1935 853 2038 877 narrat
2055 846 2229 877 Echardus.
2251 846 2410 877 Censebat

1329 893 1603 932 contendebatque
1618 891 1741 931 primus
1759 890 1829 920 loca
1852 900 1955 920 sacrae
1967 890 2145 930 Scripturae
2160 897 2408 932 sanctorumque

1328 939 1468 976 Patrum,
1485 946 1566 978 quae
1590 936 1629 966 ab
1653 935 1813 976 Aquinate
1838 935 2023 974 allegantur,
2041 934 2082 964 ad
2105 934 2294 965 recentiores
2317 945 2408 966 accu-

1328 983 1533 1023 ratioresque,
1558 987 1594 1011 ut
1617 980 1759 1020 putabat,
1779 979 1933 1010 editiones
1958 978 2092 1009 conferri
2117 985 2148 1009 et
2171 979 2332 1009 emendari
2357 979 2408 1010 de-

1328 1028 1450 1058 buisse:
1476 1035 1607 1066 remque
1631 1024 1747 1065 partim
1779 1030 1942 1054 exsecutus
1975 1031 2021 1054 est
2044 1023 2169 1053 Parisiis
2193 1023 2280 1063 apud
2304 1023 2410 1054 Socie-

1327 1079 1425 1103 tatem
1455 1080 1539 1101 anno
1570 1069 1651 1111 1'657
1684 1069 1769 1100 edito
1800 1068 1966 1099 volumine
1997 1068 2029 1098 in
2055 1068 2127 1106 f01.;
2144 1067 2275 1098 titulum
2306 1077 2409 1098 novae

1328 1116 1475 1147 editionis
1499 1114 1656 1145 dedimus.

1395 1162 1479 1192 Vero
1505 1166 1535 1190 et
1558 1165 1643 1190 recto
1668 1158 1775 1188 minus
1800 1166 1976 1198 congruam
2000 1157 2123 1188 criterio
2146 1157 2227 1188 hanc
2250 1157 2410 1188 iudicabat

1328 1206 1485 1237 rationem
1508 1202 1738 1235 Combefisius:
1765 1202 2041 1243 constituebatque
2069 1202 2247 1242 genuinum
2281 1212 2316 1233 ac
2339 1212 2407 1242 ger-

1329 1259 1463 1281 manum
1486 1249 1634 1279 Thomae
1649 1247 1742 1288 Opus
1767 1254 1802 1278 ut
1826 1247 1988 1285 habeatur,
2003 1247 2075 1277 loca
2097 1246 2152 1277 illa
2175 1256 2242 1277 non
2266 1253 2303 1277 ut
2321 1256 2408 1277 nunc

1329 1296 1488 1335 leguntur,
1504 1293 1559 1324 sed
1582 1299 1618 1323 ut
1641 1302 1677 1322 ea
1700 1291 1776 1332 legit
1799 1291 1967 1332 attulitque
1991 1297 2118 1321 sanctus
2141 1291 2274 1330 Doctor,
2289 1291 2409 1332 produ-

1329 1339 1427 1370 cenda
1451 1346 1535 1369 esse:
1560 1337 1779 1377 variantesque
1804 1343 1834 1367 et
1857 1346 1957 1366 novas
1980 1335 2132 1366 lectiones
2157 1336 2197 1366 ad
2220 1335 2409 1376 marginem,

1330 1384 1355 1414 si
1378 1383 1422 1414 ita
1444 1382 1598 1419 videatur,
1623 1381 1743 1422 apponi
1767 1391 1872 1421 posse.
1898 1380 1982 1411 Hinc
2006 1380 2188 1420 speciminis
2212 1380 2297 1419 loco,
2314 1379 2348 1411 in
2371 1380 2409 1410 iis

1332 1428 1475 1458 Catenae
1505 1426 1664 1467 partibus,
1690 1435 1772 1466 quae
1796 1435 1853 1456 sua
1883 1425 1916 1455 in
1944 1425 2142 1456 Bibliotheca
2168 1426 2409 1456 concionatoria

1328 1472 1438 1502 locum
1462 1471 1590 1509 habent,
1615 1469 1760 1511 antiquas
1783 1469 1947 1508 lectiones,
1972 1480 2052 1511 quas
2076 1479 2143 1500 esse
2167 1469 2315 1500 Thomae
2339 1479 2409 1500 cen-

1329 1516 1403 1554 suit,
1427 1515 1558 1546 intactas
1582 1514 1719 1555 reliquit,
1745 1514 1784 1544 ad
1807 1514 1984 1554 marginem
2007 1514 2249 1545 immutationes
2273 1524 2291 1544 a
2314 1514 2410 1546 Nico·

1328 1560 1392 1590 laio
1417 1559 1513 1590 factas
1538 1565 1693 1589 annotans
1717 1565 1749 1588 et
1772 1558 1944 1599 aliquando
1969 1558 2134 1599 castigans.

1397 1605 1432 1634 ln
1456 1613 1532 1634 suae
1556 1602 1776 1633 defensionem
1791 1612 1903 1633 causae
1919 1603 2115 1643 opusculum
2139 1602 2223 1644 typis
2243 1602 2342 1634 edidit
2355 1603 2410 1634 Ni-

1330 1649 1450 1680 colaius
1483 1647 1690 1688 inscriptum:
1715 1647 1755 1677 In
1783 1644 1938 1677 Catenam
1968 1657 2104 1678 auream
2133 1649 2238 1678 sancti
2271 1648 2412 1679 Diomae

1329 1699 1360 1724 et
1377 1704 1413 1734 p.
1437 1693 1567 1724 Nicolai
1590 1692 1758 1723 editionem
1785 1702 1900 1722 novam
1924 1692 2126 1733 apologetica
2141 1691 2320 1733 praefatio,
2349 1692 2409 1724 sub

1329 1737 1485 1768 adscititio
1510 1736 1642 1767 nomine
1666 1736 1824 1767 Honorati
1849 1746 1866 1766 a
1890 1747 1914 1767 S.
1931 1735 2098 1776 Gregorio,
2113 1735 2239 1767 Parisiis
2262 1737 2351 1778 apud
2364 1736 2410 1768 la-

1331 1783 1450 1813 cobum
1473 1781 1559 1813 Greu
1579 1791 1664 1812 anno
1685 1781 1766 1812 1668
1787 1781 1820 1811 in
1842 1790 1888 1811 12.
1915 1781 2039 1812 Libello
2064 1781 2228 1822 respondit
2247 1780 2410 1813 Combefi-

1330 1827 1395 1858 sius
1419 1826 1503 1857 edita
1525 1825 1686 1866 apologia,
1711 1825 1762 1856 cui
1786 1825 1912 1856 titulus:
1934 1826 2083 1856 Prolusio
2106 1826 2151 1856 ad
2166 1825 2410 1868 praefationem

1329 1872 1564 1913 apologeticam
1589 1871 1621 1900 in
1635 1880 1671 1911 p.
1687 1870 1817 1901 Nicolai
1840 1870 2009 1901 editionem
2041 1879 2156 1901 novam
2184 1870 2328 1902 Catenae
2350 1880 2410 1902 au-

1330 1926 1407 1947 reae
1420 1916 1486 1947 divi
1505 1915 1655 1953 Thomae,
1670 1914 1795 1945 Parisiis
1815 1915 1901 1955 apud
1919 1915 2019 1946 Andr.
2035 1914 2206 1956 Cramoisy
2220 1924 2306 1946 anno
2327 1915 2409 1946 1668

1329 1961 1362 1991 in
1387 1961 1418 1991 8.
1439 1959 1502 1991 Sed
1524 1959 1592 1990 aliis
1617 1959 1712 1990 etiam
1736 1959 1885 2000 utrinque
1909 1966 2089 2000 pugnatum
2113 1966 2159 1990 est
2178 1959 2302 1999 libellis,
2326 1969 2410 2002 quos

1330 2012 1468 2036 recenset
1493 2004 1626 2035 lacobus
1649 2004 1812 2035 Echardus
1835 2004 1868 2034 in
1893 2004 2058 2045 utriusque
2082 2003 2214 2044 Elogiis.

1396 2050 1646 2089 Praeconceptae
1669 2048 1836 2079 inhaerens
1860 2048 2007 2089 opinioni
2030 2048 2206 2087 Nicolaius,
2231 2048 2310 2080 dum
2334 2050 2409 2082 alte-

1329 2104 1397 2125 ram
1421 2093 1596 2124 editionem
1618 2093 1747 2134 parabat
1770 2092 1862 2123 novis
1887 2093 1969 2124 curis
1997 2092 2211 2134 recognitam,
2235 2093 2300 2124 vita
2323 2103 2409 2126 mor-

1330 2139 1383 2170 tali
1413 2137 1578 2179 migravit:
1603 2137 1796 2178 eademque,
1821 2147 1954 2178 operam
1985 2137 2078 2169 dante
2109 2137 2278 2169 Francisco
2302 2137 2410 2170 Chau-

1331 2183 1479 2214 chemero
1495 2182 1624 2213 Ordinis
1648 2182 1747 2212 nostri
1771 2181 1904 2212 alumno
1928 2182 2032 2222 gallo,
2052 2182 2159 2213 lucem
2179 2181 2259 2214 vidit
2281 2183 2412 2224 Lugdu-

1331 2227 1481 2259 nensibus
1514 2226 1597 2268 typis
1630 2226 1763 2257 Antonii
1795 2226 1955 2258 Briasson.
1990 2226 2075 2258 Huic
2107 2226 2239 2258 editioni
2273 2227 2414 2269 priorem

1332 2272 1406 2303 anni
1436 2272 1517 2314 1657
1542 2271 1677 2312 praefert
1707 2271 1887 2302 Echardus:
1922 2278 1952 2302 et
1976 2271 2056 2302 hanc
2081 2281 2141 2312 ego
2170 2281 2245 2303 cum
2270 2272 2412 2304 doetissi-

1332 2327 1388 2348 mo
1403 2315 1601 2348 Combefisio
1625 2315 1732 2346 minus
1757 2315 1852 2346 etiam
1876 2316 2066 2355 probarem,
2101 2323 2213 2357 utpote
2241 2314 2323 2358 quae
2347 2319 2413 2348 An-

1332 2361 1423 2403 gelici
1456 2360 1605 2392 Doctoris
1636 2360 1730 2401 Opus
1762 2370 1827 2390 non
1861 2360 2030 2399 exhibeat,
2069 2361 2162 2402 quale
2196 2361 2413 2392 sanctissimus

1332 2409 1455 2438 Auctor
1479 2404 1689 2436 concinnavit.
1715 2404 1859 2436 Candide
1883 2404 1985 2436 fassus
2009 2405 2061 2436 ille
2085 2412 2142 2444 est,
2166 2405 2200 2436 in
2223 2405 2415 2438 Sanctorum

1333 2449 1523 2482 testimoniis
1536 2450 1731 2491 plerumque
1754 2449 1861 2490 aliqua
1884 2449 1922 2480 de
1948 2449 2055 2481 medio
2077 2451 2225 2488 rescissa,
2242 2450 2414 2482 verborum

1333 2495 1429 2526 etiam
1452 2494 1597 2526 ordinem
1622 2499 1863 2531 commutatum,
1890 2494 2052 2525 interdum
2075 2504 2205 2526 sensum
2230 2503 2414 2536 expressum

1334 2540 1438 2571 verbis
1460 2539 1617 2577 dimissis,
1643 2549 1679 2570 ac
1711 2540 1856 2570 vitiosam
1881 2538 2055 2570 adhibitam
2079 2539 2211 2570 latinam
2229 2539 2414 2581 praesertim

1334 2583 1551 2616 Homiliarum
1576 2583 1800 2625 Chrysostomi
1824 2583 2014 2614 versionem.
2049 2583 2117 2615 Cur
2147 2594 2221 2624 ergo
2250 2583 2413 2616 immutari

1333 2630 1410 2660 haec
1433 2629 1483 2659 vel
1507 2628 1665 2668 supprimi
1689 2625 1846 2659 debeant?

1400 2673 1437 2703 ΙΙ.
1461 2672 1609 2703 vetustas
1633 2672 1789 2703 editiones
1813 2678 1918 2702 censet
1948 2671 2112 2702 Simonius
2136 2672 2209 2703 loco
2239 2672 2334 2703 citato
2364 2681 2410 2703 re-

1333 2716 1526 2749 centioribus
1549 2716 1784 2757 praeferendas:
1810 2726 1846 2746 ac
1870 2715 1950 2746 inter
1973 2715 2042 2746 illas
2065 2715 2257 2747 Possevinus
2275 2715 2413 2757 praefert

1332 2761 1610 2802 Antuerpiensem‚
1634 2770 1716 2802 quae
1739 2770 1806 2791 non
1830 2760 1938 2791 solum
1962 2760 2092 2791 Patrum
2116 2760 2260 2799 nomina,
2284 2760 2339 2791 sed
2362 2760 2411 2792 lo-

1333 2815 1446 2838 corum
1470 2805 1565 2836 etiam
1588 2805 1707 2836 indices
1731 2804 1764 2835 in
1788 2814 1844 2835 ora
1867 2804 2000 2845 paginae
2030 2804 2164 2836 exhibet.
2191 2804 2331 2836 Iudicem
2350 2814 2413 2836 ser-

1332 2856 1446 2881 varunt
1469 2849 1659 2891 posteriores
1683 2849 1857 2887 editiones,
1882 2849 2029 2880 Romana
2058 2850 2152 2892 1570,
2172 2849 2294 2880 Veneta
2317 2850 2412 2890 1593,

1332 2893 1573 2935 Antuerpiensis
1589 2894 1670 2924 1612
1681 2903 1717 2924 ac
1731 2893 1973 2935 sequiores.Sed
1987 2893 2275 2934 hancAntuerpiae
2288 2903 2412 2933 cusam,

1334 2948 1533 2981 quamquam
1550 2937 1702 2980 praefert
1724 2938 1799 2969 aliis
1822 2938 2014 2969 Possevinus
2033 2943 2069 2969 ut
2099 2943 2252 2969 accurate
2274 2939 2344 2970 loca
2364 2939 2412 2971 in-

1334 2984 1510 3021 dicantem,
1536 2990 1566 3014 et
1595 2982 1664 3024 ipsa
1695 2989 1801 3013 tamen
1826 2991 1918 3013 voces
1947 2982 2041 3014 habet
2071 2983 2266 3023 depravatas
2297 2981 2414 3026 (verba

1336 3034 1410 3059 sunt
1423 3025 1562 3070 Nicolai)
1578 3028 1740 3058 involutas
1763 3028 2026 3065 constructiones,
2036 3027 2248 3068 perturbatas
2260 3027 2411 3068 phrases,

1336 3073 1467 3104 vitiosas
1491 3072 1671 3110 versiones,
1699 3071 2011 3110 mutilatos'textus,
2037 3072 2158 3103 indices
2185 3073 2336 3110 omissos,
2361 3071 2414 3104 ve!

1329 3121 1541 3158 praepostere
1555 3121 1738 3154 annotatos,
1754 3116 1880 3147 hiantes
1902 3120 1932 3147 et
1956 3116 2159 3158 imperfectos
2181 3126 2305 3148 sensus.
2329 3115 2411 3149 Satis

1337 3161 1446 3192 fuisset
1469 3161 1641 3191 admonere
1655 3160 1807 3199 lectores,
1823 3159 2018 3201 frequentius
2032 3160 2065 3191 in
2080 3161 2134 3192 illa
2149 3161 2260 3192 eadem
2274 3162 2410 3192 Antuer-

1336 3205 1438 3246 piensi
1453 3204 1592 3236 editione
1607 3214 1625 3235 a
1638 3205 1813 3236 Possevino
1837 3204 1964 3236 laudata
1976 3205 2130 3236 'locorum
2149 3205 2267 3237 indices
2286 3203 2410 3243 omitti;

1337 3249 1531 3291 eosdemque
1545 3249 1742 3291 frequentius
1757 3255 1957 3290 praepostere
1973 3249 2127 3281 annotari.
2144 3249 2276 3281 Caetera
2289 3247 2410 3291 quippe

1337 3303 1486 3325 censurae
1506 3293 1618 3335 capita,
1638 3303 1720 3336 quae
1739 3303 1845 3332 voces,
1861 3294 2123 3332 constructiones,
2138 3294 2278 3335 phrases,
2291 3291 2409 3324 versio-

1338 3348 1404 3377 nes,
1424 3345 1538 3377 textus,
1558 3348 1668 3369 sensus
1688 3344 1831 3379 carpunt,
1851 3348 1918 3369 non
1937 3348 2069 3379 operam
2088 3339 2127 3370 ab
2146 3337 2330 3370 Editoribus
2344 3338 2409 3368 An-

1338 3382 1571 3424 tuerpiensibus
1589 3382 1762 3414 adhibitam
1781 3389 1926 3423 tangunt,
1941 3383 1996 3414 sed
2011 3383 2104 3424 Opus
2118 3382 2227 3424 ipsum
2240 3391 2258 3412 a
2281 3380 2411 3412 Thomu

1339 3427 1567 3468 compositum.
1578 3428 1700 3467 Novae,
1715 3437 1798 3469 quae
1813 3427 1940 3459 caeteris
1955 3434 2100 3469 praestet,
2112 3426 2267 3459 curandae
2277 3424 2410 3456 editioni

1339 3472 1475 3503 iuverint
1498 3472 1565 3503 sine
1589 3471 1688 3503 dubio
1711 3471 1811 3513 ipsius
1829 3471 1955 3504 Nicolai
1977 3478 2008 3504 et
2026 3470 2211 3504 Combefisii
2230 3469 2364 3501 labores.

1282 3576 1338 3604 ’ἥ-
