2548 4192
170 247 274 274 CXCVI

235 314 400 354 Suppleta‚
425 313 541 354 inquis,
561 312 784 354 completaque
801 312 861 343 fuit
877 313 984 343 Tertia
1005 312 1157 343 Summae
1173 320 1245 351 pars

170 365 243 400 post
265 359 391 389 obitum
413 358 569 388 Thomae.
595 358 640 388 Ita
663 363 718 387 est.
743 358 867 387 Prostat
889 366 975 395 vero,
996 356 1084 396 quod
1101 355 1153 385 alii
1170 365 1245 385 con-

170 404 312 434 fecerunt
341 403 601 443 Supplementum
628 401 661 432 in
686 401 846 431 codicibus
867 411 940 431 mss.
966 410 1002 430 ac
1026 399 1116 430 editis
1141 409 1245 429 exem-

169 448 240 489 plis.
265 447 382 485 Prima,
407 456 487 487 quae
512 446 610 477 cietur
633 445 794 486 quaestio,
820 445 883 485 agit
905 445 945 475 de
961 444 1113 484 partibus
1131 444 1244 483 poeni-

171 493 289 523 tentiae
312 493 344 522 in
368 491 499 531 speciali
522 496 552 521 et
561 491 670 531 primo
685 490 725 520 de
740 490 941 526 contritione,
959 489 991 518 in
1010 494 1076 518 tres
1090 488 1246 518 articulos

169 537 282 567 divisa.
308 537 432 566 Locum
455 534 571 565 scilicet
601 534 659 564 sibi
690 533 827 563 vindicat
857 539 930 573 post
961 532 1183 572 quaestionem
1205 542 1244 562 xc

171 581 211 611 ad
234 590 332 621 quam
355 589 456 620 usque
481 578 619 609 calamus
643 577 789 607 Thomae
814 576 974 616 pervenit,
1004 586 1085 617 quae
1109 576 1149 606 de
1165 586 1246 616 par-

170 625 254 656 tibus
276 624 495 664 poenitentiae
524 623 556 652 in
580 621 729 662 generali
752 627 919 660 pertractat
944 622 976 650 in
1003 625 1144 660 quatuor
1166 621 1244 650 arti-

171 670 260 700 culos
282 668 394 699 divisa.
420 668 581 706 Integrum
594 675 669 695 vero
684 665 782 695 hocce
798 665 1059 705 Supplementum
1078 674 1115 695 ex
1131 670 1245 705 quarto

170 724 194 744 s.
219 712 365 743 Doctoris
389 711 421 740 in
436 709 610 741 Sententias
626 708 867 739 Commentario
884 709 1070 748 decerptum
1086 715 1142 739 est.
1160 708 1244 738 Hinc

170 757 275 798 palam
297 755 333 786 fit
361 765 396 785 ex
426 751 539 784 eodem
563 753 796 793 Supplemento
821 753 919 793 ingeri
944 753 1066 783 nullam
1090 752 1245 792 suspicio-

170 811 244 831 nem
267 810 360 840 posse
383 805 492 829 contra
505 798 648 828 Tertiam
663 797 831 838 Aquinatis
855 804 992 838 partem;
1012 797 1079 827 imo
1096 796 1246 827 solidissi-

169 855 261 876 mum
285 849 508 883 argumentum
531 842 657 882 promi,
691 852 757 882 quo
788 843 967 883 nonaginta
998 841 1118 882 priores
1149 851 1245 882 quae-

169 891 286 920 stiones
309 888 347 918 ab
371 888 442 927 ipso
466 887 625 928 Aquinate
656 886 785 927 scriptas
817 886 1040 927 confectasque
1064 886 1162 917 fuisse
1186 885 1244 916 mi-

169 933 253 964 rifice
278 931 491 963 confirmatur.

235 977 355 1008 Mirum
378 982 424 1006 est
446 975 609 1006 silentium
632 975 755 1015 opponi
779 975 899 1006 Alberti
923 975 962 1005 de
977 974 1095 1013 Brixia,
1121 974 1245 1005 Nicolai

169 1020 337 1063 Eymerici,
362 1020 492 1051 Girandi
515 1019 653 1058 Renerii,
677 1019 802 1060 Aegidii
826 1019 983 1050 Romani!
1009 1019 1082 1050 Vita
1100 1018 1246 1059 migravit

169 1066 316 1097 Albertus
340 1074 424 1095 anno
454 1066 546 1104 1314.
570 1064 622 1094 Ad
646 1074 767 1094 annum
790 1074 893 1105 usque
922 1065 1003 1104 1399
1019 1063 1161 1104 pervenit
1183 1064 1246 1104 Ey-

169 1110 314 1141 mericus.
339 1111 423 1140 Ante
453 1119 574 1139 annum
603 1109 685 1149 1390
710 1108 842 1139 florebat
864 1108 1029 1139 Renerius.
1054 1109 1146 1139 Hanc
1174 1108 1245 1138 illu-

169 1161 244 1186 strat
267 1151 430 1185 Echardus
454 1153 741 1193 chronographiam
752 1176 760 1192 ,
789 1163 888 1194 quam
904 1153 1015 1183 Petrus
1031 1153 1070 1183 de
1086 1153 1166 1183 Alva
1181 1159 1246 1183 tur-

169 1200 313 1230 baverat:
338 1208 374 1228 ac
397 1198 489 1238 plura
512 1197 641 1237 castigat
663 1204 695 1228 et
718 1197 845 1238 corrigit
867 1197 939 1236 alia,
963 1207 1046 1238 quae
1069 1197 1176 1227 minus
1192 1207 1246 1237 pe-

169 1243 226 1274 tite
250 1243 367 1273 dixerat
390 1243 452 1273 ille.
477 1241 595 1273 Sileant
617 1251 693 1272 vero
716 1241 835 1272 laudati
855 1242 1032 1282 scriptores.
1050 1241 1138 1279 Quid
1154 1239 1246 1272 inde?

169 1287 379 1318 Disertissime
403 1296 541 1328 namque
562 1286 756 1327 eloquuntur
780 1286 951 1327 synchroni
983 1293 1013 1317 et
1031 1295 1183 1326 suppares
1202 1292 1246 1316 te-

169 1339 251 1370 stes,
282 1331 486 1362 Ptolomaeus
510 1331 682 1368 Lucensis,
706 1330 858 1361 Nicotaus
882 1331 1048 1369 Trivetus‚
1068 1330 1246 1361 Bernardus

170 1376 345 1414 Guidonis,
369 1375 633 1406 Bartholomaeus
658 1374 836 1415 Logotheta
860 1381 890 1405 et
913 1374 961 1405 his
990 1374 1141 1405 omnibus
1165 1374 1244 1405 anti-

169 1421 264 1462 quior
295 1420 488 1460 Reginaldus
519 1419 558 1450 de
590 1419 758 1457 Priverno,
791 1418 964 1450 fidissimus
995 1429 1030 1449 ac
1062 1418 1246 1449 individuus

169 1465 316 1496 Thomae
339 1464 506 1506 Aquinatis
530 1463 645 1494 socius.
664 1463 751 1501 Quid
767 1463 828 1503 ipsi
849 1473 925 1494 vero
944 1469 1098 1494 testentur
1119 1463 1184 1494 iam
1200 1473 1246 1493 re-

170 1509 368 1540 censuimus:
394 1508 571 1540 confectam
587 1518 604 1538 a
620 1508 749 1538 Thoma
770 1508 910 1538 Tertiam
922 1513 1072 1548 partem:
1087 1507 1246 1549 quaestio-

171 1564 228 1584 nes
251 1553 284 1584 in
308 1563 344 1584 ea
367 1553 545 1593 pertractari
568 1552 608 1583 de
631 1558 695 1583 toto
725 1553 881 1593 mysterio
903 1552 1147 1583 Incarnationis
1169 1552 1247 1582 Filii

170 1599 237 1629 Dei
259 1604 289 1628 et
311 1598 351 1628 de
374 1598 592 1628 Sacramentis
618 1597 739 1627 Christi
761 1602 792 1627 et
806 1597 993 1628 Ecclesiae:
1007 1596 1179 1638 ipsumque
1194 1596 1246 1627 de-

172 1643 269 1683 nique
293 1642 473 1680 Thomam,
498 1642 577 1672 dum
600 1646 774 1672 tractatum
797 1641 838 1672 de
855 1642 1055 1682 poenitentia
1083 1641 1246 1680 scriberet,

170 1687 234 1718 vita
256 1686 382 1717 mortali
406 1686 555 1726 migrasse
578 1685 659 1716 inter
683 1685 818 1716 Caelites
836 1685 1039 1717 collocatum.
1055 1686 1176 1716 Pudeat
1191 1685 1246 1717 Al—

168 1741 242 1761 vam
271 1730 469 1761 levissimum
493 1730 702 1771 scriptorum,
734 1739 817 1771 quos
845 1730 968 1770 laudat,
993 1730 1182 1771 opposuisse
1205 1730 1246 1761 si-

169 1775 313 1806 lentium.
1149 1781 1152 1785 ”

235 1822 278 1850 At
301 1819 432 1850 minime
455 1818 525 1849 silet
547 1819 695 1850 Albertus
719 1818 758 1849 de
781 1818 894 1849 Brixia.
922 1819 951 1849 Is
973 1819 1025 1849 vel
1048 1818 1172 1849 Parisiis
1196 1819 1247 1849 vel

169 1864 203 1894 in
227 1863 315 1894 Italia
345 1864 471 1894 auditor
500 1862 560 1894 fuit
583 1874 607 1894 ⁵.
637 1863 796 1894 Thomae.
827 1863 920 1903 Opus
951 1863 1164 1902 elucubravit,
1195 1863 1246 1894 cui

170 1908 297 1939 titulus:
328 1908 379 1939 De
406 1907 514 1949 officio
541 1908 718 1939 sacerdotis
747 1909 815 1939 sive
844 1908 978 1938 Summa
1009 1917 1142 1939 casuum
1172 1918 1246 1939 con·

169 1954 331 1984 scientiae.
355 1952 610 1992 Manuscriptum
633 1959 757 1983 servant
779 1951 998 1983 bibliothecae.
1021 1952 1198 1993 Prologum
1213 1952 1247 1983 in

170 1997 307 2028 auctoris
331 1997 436 2037 elogio
460 1996 580 2037 profert
603 1996 777 2035 Echardus,
793 1997 965 2038 ipsumque
979 2003 1051 2028 ante
1065 1997 1247 2037 vulgaverat

170 2042 252 2072 Alva
275 2041 308 2071 in
332 2041 406 2072 Sole
437 2041 585 2072 veritatis.
610 2041 656 2071 Ea
684 2047 759 2072 sunt
781 2041 862 2072 inter
885 2041 944 2071 alia
973 2041 1245 2072 animadversione

171 2085 356 2126 dignissima
378 2086 487 2116 verba:
515 2098 530 2113 α
548 2085 623 2116 Ideo
647 2095 707 2126 ego
731 2084 824 2116 frater
847 2086 995 2117 Albertus
1019 2086 1058 2116 de
1080 2085 1184 2116 Brixia
1207 2086 1246 2116 de

171 2142 187 2158 >e
209 2129 330 2161 Ordine
354 2130 486 2161 fratrum
508 2129 808 2161 Praedicatorum....
833 2130 919 2161 hunc
936 2130 1054 2161 librum
1077 2130 1246 2171 compilavi

173 2187 188 2202 »
211 2184 253 2205 ex
269 2174 373 2205 verbis
395 2179 426 2205 et
440 2175 678 2215 quaestionibus
702 2180 733 2205 et
755 2175 946 2206 tractatibus
964 2174 1090 2216 fratris
1108 2175 1247 2206 Thomae

173 2231 188 2246 ι»
210 2219 250 2249 de
271 2219 399 2259 Aquino
423 2218 462 2249 de
485 2218 606 2249 Ordine
622 2218 783 2260 praedicto
800 2219 933 2250 fratrum
948 2219 1214 2250 Praedicatorum.
1227 2232 1242 2248 »

170 2262 324 2294 Codicem
347 2262 527 2303 diligentius
551 2263 699 2304 expendit
721 2263 902 2302 Echardus;
925 2270 1121 2305 testaturque
1135 2264 1168 2294 in
1184 2264 1244 2295 Re-

169 2307 317 2338 censione
331 2307 552 2348 Supplementi
570 2308 610 2338 ad
620 2308 661 2338 111
672 2314 806 2348 partem,
818 2307 1010 2349 compendio
1025 2308 1168 2339 breviore
1182 2309 1246 2340 col-

170 2352 249 2382 lecta
272 2352 310 2382 ab
334 2351 465 2382 Alberto
488 2351 636 2382 Brixiano
660 2352 768 2391 fuisse,
792 2362 874 2394 quae
898 2352 1008 2383 omnia
1031 2352 1097 2384 lato
1122 2353 1245 2384 calamo

171 2396 292 2426 disserit
306 2395 339 2426 in
353 2396 461 2427 Tertia
484 2403 571 2436 parte
594 2396 739 2427 Thomas
762 2397 802 2428 de
820 2397 1052 2428 Incarnatione
1073 2397 1175 2436 Verbi,
1193 2398 1246 2429 de-

171 2450 234 2481 que
258 2440 477 2471 Sacramentis
490 2440 664 2472 Ecclesiae.
690 2441 722 2472 Si
741 2442 843 2472 verbis
867 2452 943 2483 ergo
957 2441 1101 2472 Tertiam
1124 2449 1247 2483 partem

171 2494 239 2515 non
261 2484 396 2515 laudarit
418 2484 567 2516 Albertus
590 2485 774 2516 Brixianus:
799 2485 882 2517 facto
906 2492 999 2524 certe,
1023 2487 1114 2527 quod
1137 2487 1247 2518 omnia

170 2529 265 2559 verba
280 2535 417 2569 superat,
433 2529 471 2559 de
488 2529 599 2560 eadem
614 2529 722 2560 Tertia
738 2537 824 2571 parte
839 2530 979 2571 genuino
994 2530 1141 2562 Thomae
1157 2531 1246 2563 foetu

171 2573 391 2604 testimonium
414 2573 567 2614 perhibet.

237 2617 497 2648 Abiudicandum
520 2618 558 2648 ab
582 2618 718 2659 Aegidio
734 2618 772 2649 de
790 2618 952 2651 Columna
967 2629 1062 2660 opus,
1079 2621 1168 2661 quod
1185 2621 1246 2652 Ve-

171 2661 262 2692 netiis
285 2671 370 2692 anno
400 2663 481 2693 1516
506 2662 588 2703 typis
613 2662 778 2694 Octaviani
802 2663 888 2694 Scoti
912 2664 1030 2705 prodiit
1052 2665 1111 2695 sub
1135 2665 1246 2703 titulo,

174 2706 413 2737 Correctorium
435 2708 631 2747 corruptorii
649 2707 777 2749 fratris
797 2708 947 2746 Thomae,
966 2714 1094 2739 censent
1111 2708 1170 2739 viri
1191 2719 1245 2749 pe-

170 2750 326 2781 ritissimi:
360 2760 424 2792 qua
447 2751 486 2781 de
516 2761 548 2782 re
576 2751 609 2782 in
641 2751 701 2782 alia
734 2751 970 2784 Dissertatione.
1003 2752 1091 2790 Quid
1120 2752 1247 2784 interest

171 2804 247 2825 vero
271 2794 336 2826 sive
351 2795 523 2836 Aegidium
550 2795 615 2827 sive
631 2796 730 2827 alium
753 2796 857 2837 operis
878 2796 962 2828 illius
983 2803 1146 2827 auctorem
1169 2797 1246 2828 Ter-

172 2840 249 2870 tiam
269 2839 420 2870 Summae
436 2839 651 2880 Theologicae
669 2845 798 2881 partem
828 2834 894 2871 non
917 2838 1084 2872 laudasse?
1113 2841 1246 2872 Guillel-

172 2894 264 2914 mum
287 2884 326 2914 de
348 2883 379 2914 la
402 2885 488 2915 Mare
520 2884 698 2926 insequitur
721 2891 851 2923 auctor,
882 2886 938 2926 qui
970 2885 1118 2916 Thomae
1144 2885 1248 2916 theses

171 2928 341 2959 nonnullas
368 2928 466 2959 veluti
505 2929 668 2960 damnatas
696 2929 898 2968 traducebat,
929 2929 1046 2961 scilicet
1074 2939 1185 2961 novem
1219 2935 1249 2961 et

172 2972 392 3014 quadraginta
409 2982 445 3003 ex
455 2973 559 3004 Prima
575 2979 662 3014 parte
677 2973 872 3014 desumptas,
889 2974 1061 3005 duodecim
1081 2984 1124 3005 ex
1137 2975 1248 3005 Prima

172 3016 340 3048 Secundae
362 3023 393 3048 et
415 3027 457 3048 ex
466 3017 614 3049 Secunda
630 3018 799 3050 Secundae
821 3018 988 3050 sexdecim.
1013 3018 1081 3050 Cur
1104 3028 1178 3059 ergo
1195 3025 1250 3050 aut

172 3061 314 3092 Tertiam
343 3068 465 3101 partem
493 3062 652 3093 laudasset
680 3068 735 3093 aut
757 3062 868 3094 tradita
898 3062 1078 3103 theologica
1101 3063 1250 3104 dogmata

172 3104 370 3179 vindigzasset,
380 3115 462 3146 quae
476 3106 591 3138 intacta
607 3106 757 3148 relinquit
773 3107 958 3149 imprudens
969 3107 1166 3138 Lammaraei
1177 3117 1249 3139 cen-

174 3158 247 3179 sura

241 3193 408 3224 Silentium
425 3194 562 3235 denique
578 3194 709 3226 Girandi
723 3195 860 3235 Renerii,
871 3195 927 3238 qui
943 3201 1015 3227 ante
1029 3205 1151 3227 annum
1166 3206 1176 3226 ι
1186 3196 1249 3237 390

174 3236 306 3268 florebat
334 3244 365 3269 et
391 3238 515 3269 Nicolai
539 3239 712 3279 Eyrnerici‚
742 3240 797 3281 qui
825 3240 866 3271 ad
889 3250 1011 3271 annum
1046 3241 1128 3281 ¹399
1151 3240 1250 3271 vitam

174 3281 335 3322 protraxit,
359 3282 431 3323 quis
454 3292 521 3313 non
543 3283 648 3314 videat
670 3283 784 3315 frustra
807 3294 843 3316 ac
867 3284 956 3315 irrito
980 3290 1096 3316 conatu
1113 3284 1247 3326 opponi.

174 3325 363 3366 Diligentius
386 3336 499 3358 eorum
522 3327 653 3358 lustrare
682 3338 780 3369 opera
802 3339 870 3360 non
899 3335 1008 3367 vacat,
1038 3335 1075 3360 ut
1103 3329 1249 3360 certiores

175 3370 354 3409 reddamur,
371 3380 451 3402 num
470 3372 610 3403 Tertiam
634 3372 806 3414 aliquando
823 3378 954 3414 partem
978 3373 1185 3413 laudaverint,
1211 3383 1250 3405 an

175 3423 246 3444 eam
268 3413 504 3455 praeterierint?
527 3416 642 3447 Nonne
658 3417 731 3448 satis
747 3417 863 3449 fuerint
885 3417 1048 3449 anterioris
1066 3417 1134 3449 aevi
1156 3424 1250 3450 testes

175 3457 427 3499 luculentissimi,
443 3470 527 3502 quos
550 3460 777 3501 allegavimus?
793 3462 855 3493 Sed
874 3462 980 3503 accipe
995 3462 1151 3504 sequioris
1166 3469 1249 3494 aeta-

175 3501 214 3532 tis
237 3503 435 3543 testimonia,
459 3515 540 3546 quae
564 3506 716 3546 postulas.
741 3507 895 3537 loannem
926 3507 1152 3538 Bromiardum
1175 3516 1250 3548 pro-

177 3545 255 3584 fero,
278 3547 333 3587 qui
349 3558 434 3579 anno
464 3550 546 3589 1390
561 3549 700 3581 florebat.
717 3551 753 3581 ln
769 3561 826 3582 sua
837 3551 1098 3592 praedicantium
1115 3551 1249 3583 Summa

178 3598 243 3619 non
266 3601 366 3630 pauca
389 3592 414 3622 is
438 3593 575 3634 decerpit
590 3604 628 3624 ex
647 3595 754 3626 Tertia
779 3605 803 3626 s.
822 3596 968 3626 Thomae
979 3601 1097 3636 parte:
1112 3595 1250 3637 citatque

898 231 1359 270 DISSERTATIONES
1389 232 1637 268 CRITICAE

1303 310 1522 351 quaestionem
1538 321 1632 349 xxvn,
1650 321 1748 352 quam
1773 311 1811 341 ab
1831 311 1946 342 eodem
1961 311 2120 352 Aquinate
2145 310 2304 351 scriptam,
2329 320 2380 341 su-

1302 354 1384 394 peris
1408 361 1515 385 tamen
1539 355 1656 393 invitis,
1672 355 1795 386 dubitat
1810 356 1920 386 Petrus
1937 356 1975 386 de
1991 356 2081 386 Alva.
2099 358 2179 386 Acta
2196 355 2291 386 etiam
2307 364 2380 395 pro-

1303 398 1381 437 fero,
1406 409 1488 439 quae
1512 409 1597 429 anno
1627 399 1709 440 1387
1735 406 1765 430 et
1787 399 2027 441 insequentibus
2050 400 2157 430 habita
2177 399 2305 430 fuerunt
2323 399 2382 429 Pa-

1302 442 1382 473 risiis
1406 450 1515 473 contra
1539 444 1693 474 Ioannem
1717 444 1755 474 de
1779 445 1983 475 Montesono.
2014 445 2162 475 Prostant
2192 454 2227 474 ea
2251 450 2342 474 tomo
2369 444 2382 475 1

1301 486 1501 517 Iudiciorum
1526 487 1566 518 de
1589 489 1680 518 novis
1703 488 1878 527 erroribus,
1903 498 1984 529 quae
2009 488 2136 528 collegit
2160 488 2295 519 Carolus
2314 488 2382 519 Du—

1302 531 1413 570 plessis
1430 531 1629 571 d'Argentre:
1645 532 1678 562 in
1694 532 1810 572 quibus
1826 532 1973 573 frequens
1994 533 2122 563 Tertiae
2138 533 2290 563 Summae
2299 543 2381 573 par-

1302 576 1343 605 tis
1357 582 1388 605 et
1407 576 1600 616 quaestionis
1610 586 1696 606 xxvn
1713 576 1844 607 mentio.
1856 577 1975 607 Vereor
1989 587 2029 607 ne
2050 577 2075 607 si
2090 577 2182 618 plura
2204 577 2381 608 addiderim

1302 624 1333 649 et
1354 619 1511 650 lectorum
1534 620 1684 660 patientia
1707 620 1818 651 abutar
1841 627 1872 651 et
1894 627 2048 661 tempore.

1684 733 1894 770 CAPUT
1926 733 1999 770 VI.

1302 819 1482 854 Supplementi
1502 821 1534 845 ad
1552 820 1668 845 Tertiam
1692 826 1793 853 partem
1817 826 1905 846 auctor
1929 828 1982 846 non
2000 821 2101 847 videtur
2119 830 2179 848 esse
2207 823 2329 849 Albertus
2349 824 2381 850 de

1374 855 1466 897 Brixia.
1482 855 1577 896 pieque
1597 856 1688 880 Petrus
1707 856 1740 880 de
1758 856 1887 880 Alvernia.
1906 856 2020 897 Henrico
2039 857 2071 881 de
2096 857 2237 883 Gorcomio
2260 859 2381 892 probabi-

1374 891 1696 951 ἒὲἰωίὼὲιέῐιιῗὲεῃῐιὲωῗρυε
1727 898 1758 916 ex
1777 891 1970 916 Commentario
1994 900 2021 916 in
2043 897 2166 924 quartum
2190 894 2381 920 Sententiarum

1302 1018 1324 1049 1.
1352 1012 1491 1096 Satius
1515 1019 1573 1050 erit
1595 1019 1678 1050 ultra
1700 1019 1870 1059 procedere
1891 1029 1928 1049 ac
1949 1018 2136 1059 investigare
2157 1020 2306 1061 quisnam
2326 1021 2378 1052 ille

1411 1063 1515 1102 fuerit,
1539 1063 1596 1104 qui
1619 1070 1835 1094 memoratum
1849 1063 2111 1104 Supplementum
2132 1064 2260 1096 Tertiae
2271 1065 2382 1106 partis

1303 1108 1531 1148 compilaverit,
1546 1115 1652 1139 totum
1675 1118 1711 1138 ac
1730 1108 1889 1148 integrum
1905 1118 1942 1138 ex
1959 1108 2198 1139 Commentario
2213 1110 2245 1140 in
2262 1110 2379 1141 librum

1302 1157 1453 1192 quartum
1486 1153 1726 1184 Sententiarum
1760 1150 1967 1193 decerptum?
1997 1153 2142 1183 Laudato
2175 1154 2307 1185 Alberto
2340 1155 2380 1185 de

1302 1196 1406 1227 Brixia
1429 1207 1512 1237 opus
1542 1197 1628 1228 istud
1651 1207 1669 1227 a
1691 1196 1861 1228 Vincentio
1893 1196 2047 1227 Bandello
2079 1197 2174 1228 tribui
2202 1198 2295 1229 refert
2321 1199 2380 1230 Pe-

1302 1247 1369 1271 trus
1394 1241 1432 1272 de
1455 1242 1536 1272 Alva
1558 1241 1592 1272 in
1616 1241 1691 1272 Sole
1713 1241 1860 1272 veritatis.
1884 1241 2071 1272 Tractatum
2093 1241 2258 1281 Bandelli,
2281 1253 2380 1284 quem

1303 1284 1392 1324 citat,
1415 1286 1467 1316 De
1483 1287 1618 1317 veritate
1643 1286 1868 1326 Conceptionis
1889 1286 2054 1327 gloriosae
2079 1286 2221 1327 Virginis
2237 1287 2379 1326 Mariae,

1303 1339 1377 1369 prae
1400 1330 1548 1361 manibus
1572 1340 1638 1361 non
1662 1330 1776 1369 habeo,
1800 1337 1837 1361 ut
1858 1330 1967 1371 ipsum
1990 1330 2172 1370 diligentius
2192 1331 2380 1372 expendam,

1303 1373 1406 1414 deque
1430 1381 1537 1406 mente
1560 1375 1697 1406 auctoris
1721 1374 1853 1405 certiora
1881 1375 2075 1405 documenta
2102 1381 2237 1407 teneam.
2261 1376 2380 1417 Aequi-

1302 1418 1470 1449 vocatione
1499 1419 1630 1450 fortasse
1659 1419 1709 1450 vel
1738 1419 1909 1450 Bandellus
1939 1419 1990 1450 vel
2013 1419 2094 1450 Alva
2117 1419 2249 1451 laborat.
2281 1421 2381 1458 Quod

1303 1462 1390 1492 enim
1413 1473 1497 1503 opus
1520 1463 1561 1494 de
1582 1464 1760 1495 sacerdotis
1781 1463 1890 1505 officio
1909 1463 2105 1495 elucubravit
2120 1463 2280 1503 Albertus,
2295 1474 2380 1496 com-

1296 1507 1437 1547 pilatum
1462 1507 1577 1538 fatetur
1608 1507 1677 1548 ipse
1699 1508 1732 1538 in
1756 1508 1894 1548 prologo
1917 1517 1960 1538 ex
1990 1508 2094 1539 verbis
2125 1514 2156 1539 et
2185 1510 2379 1549 quaestioni-

1302 1551 1361 1582 bus
1384 1556 1416 1582 et
1438 1552 1629 1593 tractatibus
1642 1551 1769 1592 fratris
1797 1552 1936 1583 Thomae
1958 1552 1999 1583 de
2020 1553 2158 1594 Aquino.
2174 1553 2379 1594 Compendio

1303 1595 1419 1627 scilicet
1443 1596 1573 1627 collecta
1596 1606 1636 1627 eo
1655 1596 1688 1626 in
1710 1605 1807 1636 opere
1822 1602 1976 1636 prostant,
1993 1606 2075 1638 quae
2093 1597 2134 1628 de
2147 1597 2380 1629 Incarnatione

1308 1640 1402 1670 Verbi
1433 1641 1537 1682 deque
1559 1641 1780 1672 Sacramentis
1803 1641 2025 1672 ecclesiasticis
2055 1641 2125 1672 fuse
2152 1647 2381 1682 pertractantur

1302 1684 1336 1714 in
1360 1685 1468 1716 Tertia
1490 1691 1592 1725 parte:
1617 1695 1738 1726 quaeve
1762 1691 1882 1715 caetera
1905 1685 2133 1725 desiderantur,
2157 1695 2195 1716 ex
2209 1691 2327 1726 quarto
2346 1687 2380 1718 in

1302 1729 1543 1760 Sententiarum
1567 1729 1666 1760 libros
1692 1729 1949 1767 Commentario,
1974 1729 2119 1770 pluribus
2143 1729 2275 1772 quidem
2297 1739 2380 1762 rese-

1303 1773 1390 1812 catis,
1413 1774 1549 1804 totidem
1562 1780 1670 1804 tamen
1687 1774 1796 1804 omnia
1811 1773 1925 1812 verbis,
1942 1774 2088 1815 decerpta
2105 1781 2188 1805 sunt.
2207 1774 2292 1806 Hinc
2306 1784 2382 1806 ansa

1303 1817 1385 1857 data,
1410 1824 1447 1849 ut
1455 1818 1587 1849 Alberto
1603 1818 1769 1860 quoddam
1788 1818 2009 1849 attribueretur
2023 1818 2286 1860 Supplementum
2305 1820 2382 1850 Ter-

1302 1863 1367 1893 tiae
1383 1864 1512 1903 partis,
1537 1863 1627 1904 quod
1650 1863 1737 1893 aliud
1759 1863 1799 1893 ab
1822 1862 1878 1893 illo
1903 1869 1959 1901 est,
1984 1863 2023 1893 de
2047 1873 2113 1904 quo
2137 1863 2272 1903 agimus.

1370 1907 1407 1938 11.
1432 1907 1529 1938 Hunc
1551 1907 1695 1938 laborem
1724 1907 1857 1938 adscribi
1881 1907 1974 1938 Petro
2007 1907 2046 1938 de
2069 1907 2219 1938 Alvernia
2242 1907 2275 1938 in
2298 1917 2379 1949 quo-

1302 1950 1377 1981 dam
1401 1961 1460 1983 ms.
1486 1951 1595 1983 codice
1624 1951 1832 1982 Lovaniensis
1862 1961 1887 1982 s.
1911 1951 2038 1982 Martini
2062 1951 2245 1983 monasterii
2272 1952 2381 1993 prodit

1300 1995 1447 2027 laudatus
1470 1996 1562 2027 Alva.
1587 1995 1716 2027 Codicis
1739 1995 1903 2036 inscriptio
1922 2002 1978 2027 est.
1999 2009 2014 2024 ι
2034 1995 2146 2037 Incipit
2161 1996 2377 2037 complemen-

1303 2051 1319 2067 ›
1341 2047 1428 2079 tum,
1451 2040 1542 2082 quod
1564 2041 1674 2072 Petrus
1698 2041 1737 2071 de
1760 2040 1925 2079 Alvernia,
1949 2040 2097 2071 Doctoris
2120 2041 2219 2072 sancti
2241 2050 2377 2082 sequens

1304 2097 1319 2112 »
1341 2085 1482 2125 vestigia,
1507 2094 1544 2115 ex
1567 2090 1684 2126 quarto
1699 2085 1819 2126 scripto
1833 2084 1973 2116 eiusdem
1989 2094 2088 2126 super
2101 2085 2285 2116 Sententias
2300 2094 2377 2117 con-

1304 2142 1319 2157 »
1342 2129 1550 2160 summam.»
1577 2129 1618 2160 Et
1640 2129 1673 2160 in
1697 2129 1780 2160 calce
1799 2129 1876 2160 haec
1891 2129 2066 2160 habentur:
2085 2129 2248 2170 «Explicit
2271 2130 2381 2161 Tertia

1304 2186 1319 2201 ι
1335 2183 1420 2215 pars
1442 2174 1596 2204 Summae
1618 2184 1642 2204 s.
1667 2173 1816 2204 Thomae
1839 2173 1878 2204 de
1901 2173 2045 2215 Aquino,
2069 2183 2169 2215 quam
2191 2173 2259 2214 ipse
2275 2179 2380 2206 morte

1304 2230 1320 2246 a»
1342 2225 1531 2260 praeventus
1559 2218 1788 2259 incompletam
1811 2217 1953 2259 reliquit,
1978 2218 2049 2249 Deo
2072 2218 2179 2259 aliqua
2203 2217 2318 2249 melius
2341 2217 2382 2250 de

1305 2276 1320 2291 »
1343 2273 1382 2294 eo
1406 2263 1611 2304 disponente:
1631 2273 1730 2304 quam
1744 2263 1861 2294 Petrus
1875 2263 1916 2294 de
1930 2263 2098 2301 Alvernia,
2115 2262 2264 2294 Doctoris
2281 2262 2380 2294 sancti

1305 2320 1320 2336 »
1343 2317 1478 2349 sequens
1501 2307 1646 2348 vestigia,
1671 2317 1708 2338 ex
1731 2313 1848 2348 quarto
1870 2308 1990 2348 scripto
2014 2307 2154 2339 eiusdem
2177 2317 2277 2348 super
2298 2307 2378 2338 Sen-

1305 2365 1320 2380 ›
1343 2353 1460 2383 tentias
1484 2351 1729 2383 consummavit.
1756 2364 1771 2379 »

1369 2396 1484 2428 Vimm
1507 2396 1661 2427 eximium
1684 2395 1798 2428 Ordini
1828 2396 2086 2427 Praedicatorum
2109 2395 2306 2438 frequentius
2329 2405 2380 2428 ec-

1303 2446 1431 2472 censent
1463 2447 1638 2480 nostrates,
1672 2451 1708 2472 ac
1740 2441 1836 2472 etiarn
1869 2440 2044 2472 casimirus
2077 2440 2227 2472 Oudinus
2257 2441 2298 2472 ad
2325 2450 2380 2472 an-

1302 2495 1383 2517 num
1412 2485 1494 2516 1280
1526 2491 1558 2517 et
1585 2485 1760 2527 Dionysius
1791 2485 2052 2516 Sammarthanus
2080 2491 2173 2517 tomo
2202 2485 2228 2516 11
2259 2485 2381 2517 Galliae

1302 2529 1488 2561 christianae
1506 2529 1540 2560 in
1556 2529 1724 2571 Episcopis
1741 2529 2060 2561 Claromontensibus
2077 2539 2167 2561 num.
2176 2530 2229 2571 69.
2246 2529 2381 2562 Addunt

1302 2574 1455 2615 postremi
1479 2574 1546 2605 duo
1562 2574 1692 2606 .laudati
1723 2574 1890 2615 scriptores
1919 2574 2063 2605 eiusdem
2085 2573 2244 2605 Ecclesiae
2267 2573 2380 2605 Claro-

1301 2618 1477 2650 montensis
1500 2618 1681 2649 cathedram
1703 2618 1811 2659 ipsum
1834 2618 1988 2649 tenuisse:
2019 2618 2110 2660 quod
2132 2625 2204 2649 ante
2227 2618 2380 2650 traditum

1301 2663 1437 2703 legimus
1460 2672 1479 2693 a
1497 2663 1685 2694 Ptolomaeo
1700 2663 1835 2694 Lucensi
1854 2662 1887 2693 in
1901 2662 1983 2693 Hist.
2009 2662 2084 2694 eccl.
2101 2662 2183 2693 libro
2198 2661 2312 2700 xxm,
2329 2671 2379 2693 ca-

1301 2707 1366 2748 pite
1388 2717 1430 2738 xt.
1454 2707 1547 2737 Hanc
1570 2707 1638 2737 eius
1661 2706 1847 2747 dignitatem
1877 2715 1936 2747 pro
1959 2706 2055 2737 dubia
2078 2706 2241 2737 Echardus
2263 2705 2376 2738 habet:

1302 2751 1549 2782 Dominicanam
1571 2760 1646 2781 vero
1670 2750 1902 2791 professionem
1925 2750 2004 2781 nihil
2033 2749 2190 2781 haesitans
2213 2755 2378 2791 pernegat:

1302 2795 1473 2836 ipsumque
1496 2795 1631 2835 collegio
1665 2794 1904 2826 Canonicorum
1935 2794 2094 2826 Ecclesiae
2125 2793 2307 2825 Parisiensis
2342 2803 2379 2826 ae

1303 2839 1403 2871 Sociis
1426 2839 1552 2870 Domus
1576 2838 1768 2870 Sorbonicae
1784 2839 1928 2871 restituit.
1948 2838 2096 2870 Thomae
2118 2838 2272 2880 Aquinati
2297 2839 2379 2870 eius·

1303 2893 1366 2926 que
1389 2883 1550 2914 doctrinae
1573 2883 1804 2914 addictissimus
1834 2883 1908 2914 fuit:
1933 2883 2140 2925 eiusdemque
2169 2883 2379 2915 Commenta·
2421 2888 2426 2891 “

1302 2928 1367 2959 rios
1389 2929 1608 2966 Politicorum‚
1633 2927 1684 2959 De
1707 2928 1796 2959 caelo
1819 2933 1850 2959 et
1868 2927 1999 2966 mundo,
2023 2928 2136 2969 Deque
2150 2929 2378 2969 generatione,

1303 2972 1506 3014 imperfectos
1529 2972 1665 3011 relictos,
1685 2972 1816 3013 proprio
1841 2978 1940 3003 marte
1957 2972 2116 3014 supplevit
2131 2972 2380 3014 complevitque.

1303 3017 1373 3052 Hac
1396 3017 1527 3048 fortasse
1550 3017 1672 3048 ratione
1695 3016 1810 3048 ductus
1826 3017 1968 3048 notarius
1984 3016 2145 3058 quispiam
2160 3017 2254 3048 Petro
2271 3017 2311 3048 de
2324 3015 2380 3048 Al-

1285 3061 1409 3098 ⁴vernia
1439 3061 1636 3102 adscripserit
1659 3061 1926 3102 Supplementum
1954 3061 2081 3092 Tertiae
2110 3061 2222 3102 partis,
2246 3060 2380 3092 minime

1303 3105 1434 3147 proprio
1457 3105 1590 3137 alicuius
1623 3112 1722 3137 marte
1746 3105 1948 3145 confectum,
1972 3106 2028 3137 sed
2051 3115 2094 3137 ex
2120 3111 2238 3147 quarto
2259 3106 2378 3147 scripto

1303 3149 1472 3192 Aquinatis
1494 3159 1593 3191 super
1623 3150 1817 3188 Sententias,
1842 3150 1977 3182 totidem
1999 3150 2240 3192 quaestionibus
2258 3155 2291 3182 et
2304 3147 2378 3181 mi-

1304 3194 1383 3226 culis
1406 3200 1437 3226 et
1459 3194 1561 3226 verbis
1585 3194 1805 3235 compilatum.

1371 3239 1422 3270 111.
1447 3239 1575 3270 Tertius
1598 3239 1686 3270 adest
1709 3238 1865 3270 Henricus
1894 3239 1932 3270 de
1956 3238 2131 3271 Gorrichen
2159 3248 2215 3270 seu
2242 3239 2281 3270 de
2297 3237 2378 3270 Gor·

1304 3283 1427 3323 comio,
1451 3293 1470 3314 a
1492 3283 1566 3315 loco
1584 3283 1680 3315 natali
1698 3283 1732 3314 in
1750 3283 1879 3315 Batavia
1901 3290 2115 3325 nuncupatus.
2135 3282 2272 3314 Codices
2294 3282 2377 3314 duos

1303 3328 1414 3359 Petrus
1438 3328 1477 3358 de
1499 3328 1581 3359 Alva
1603 3338 1621 3359 a
1645 3338 1678 3359 se
1700 3328 1786 3359 visos
1809 3334 1940 3360 testatur
1963 3327 2119 3360 Coloniae
2140 3327 2227 3368 apud
2253 3325 2377 3367 regula-

1303 3382 1352 3403 res
1376 3371 1568 3412 Cruciferos,
1592 3382 1734 3414 quorum
1756 3372 1879 3414 primus
1901 3373 1988 3404 hunc
2010 3371 2205 3414 praeferebat
2226 3370 2376 3403 titulum:

1303 3417 1491 3458 Sequuntur
1518 3418 1721 3459 quaestiones
1751 3427 1793 3448 ex
1819 3422 1936 3459 quarto
1967 3418 2086 3458 scripto
2122 3425 2149 3448 s.
2177 3415 2316 3446 Thomae
2336 3414 2377 3445 de

1302 3462 1430 3502 Aquino
1457 3461 1536 3493 Ord.
1561 3461 1678 3493 Praed.
1702 3461 1736 3493 S.
1761 3462 1795 3493 T.
1811 3462 1854 3493 D.
1872 3462 1992 3500 eximii,
2002 3470 2067 3502 per
2089 3469 2159 3492 ven.
2181 3469 2269 3501 mag.
2284 3458 2376 3489 Hen-

1304 3507 1406 3537 ricum
1429 3506 1470 3537 de
1487 3506 1664 3538 Gorrichen
1686 3506 1847 3538 doctorem
1862 3506 2066 3548 theologum,
2086 3513 2152 3546 pro
2170 3503 2377 3544 completione

1303 3551 1460 3582 materiae
1482 3551 1515 3581 in
1544 3551 1653 3582 Tertia
1670 3556 1769 3591 parte
1796 3550 1976 3592 supradicti
1996 3559 2023 3581 a.
2037 3548 2188 3580 Doctoris
2206 3546 2375 3578 declaran-

1303 3594 1382 3634 dae,
1408 3599 1444 3626 ut
1467 3595 1499 3625 in
1523 3596 1686 3636 principio
1704 3596 1831 3636 patuit,
1862 3594 2061 3635 compilatae.
2086 3592 2122 3623 In
2144 3591 2243 3623 altero
2266 3591 2375 3623 codice
