2548 4192
939 231 994 267 IN
1025 231 1063 268 S.
1085 231 1326 269 THOMAM
1345 233 1675 280 *AQUINATEM

210 309 411 350 Imperatoris
427 309 636 349 temporibus,
652 309 829 340 admissum
844 309 952 347 ritum,
972 309 1114 350 plerique
1130 310 1280 341 arbitran-

210 360 276 385 tur:
301 353 356 383 sed
379 359 448 384 toto
473 353 569 383 etiam
587 353 713 383 saeculo
738 363 825 384 nono
850 353 971 384 dictum
995 354 1188 395 lectumque,
1209 354 1281 385 licet

209 407 276 427 non
293 397 505 435 decantatum,
525 397 611 437 apud
627 397 792 428 Romanos
809 398 1011 438 Symbolum,
1032 398 1195 429 contendit
1212 399 1280 429 lau-

210 441 302 471 datus
324 442 465 472 Martene
488 441 562 471 loco
586 441 699 479 citato,
724 442 779 472 ubi
812 442 1019 482 scriptorum,
1043 442 1100 483 qui
1126 443 1280 473 adversari

208 485 375 523 videntur,
399 484 582 516 testimonia
605 485 740 516 declarat
772 493 803 517 et
831 486 987 517 conciliat.
1009 486 1118 524 Quam
1140 486 1198 517 viri
1222 487 1278 517 do-

211 529 341 560 ctissimi
360 529 548 560 sententiam
571 539 638 560 non
661 530 903 570 adprobaverim
926 541 997 571 ego.

277 573 329 604 111.
347 573 490 604 Iamvero
513 573 611 604 ritum
633 573 820 605 huiusmodi
839 574 976 613 nullum,
996 584 1094 615 quem
1118 574 1281 615 diligenter

210 617 428 658 exposuimuS,
438 617 578 648 indicant
593 618 815 658 Areopagitica
828 619 923 649 verba
938 620 977 650 ab
994 619 1158 660 Lequieno
1175 630 1279 660 oppo—

209 661 288 700 sita,
307 661 372 692 sive
394 671 490 702 prava
517 668 623 692 mente
656 672 674 692 a
696 662 790 693 Petro
814 663 950 693 Fullone
979 670 1010 694 et
1033 663 1279 705 Monophysitis,

208 705 273 736 sive
297 705 454 736 catholico
471 706 605 736 consilio
621 706 660 736 ab
677 706 872 738 orthodoxis
887 707 1059 738 invectum.
1078 701 1173 738 Nhlla
1188 708 1279 749 Sym-

208 749 275 780 boli
301 750 451 788 Nicaeni,
471 750 559 780 nulla
582 750 930 791 Constantinopolitani
962 752 1104 791 mentio,
1128 753 1217 793 quod
1246 751 1279 783 in

208 804 295 824 sacra
326 794 452 834 liturgia
484 793 710 826 decantaretur.
737 796 809 826 Una
836 796 1027 836 proponitur
1053 797 1276 838 hymnologia,

207 848 307 879 quam
329 844 416 869 totus
439 838 597 869 Ecclesiae
620 849 787 870 consessus
806 847 879 880 post
894 840 1115 880 Evangelium,
1132 841 1277 872 catechu-

206 882 309 913 menis
332 889 364 913 et
387 883 606 922 energumenis
630 890 661 914 et
683 884 919 924 poenitentibus
942 885 1053 925 pulsis,
1078 896 1152 916 cum
1174 885 1278 916 hostia

205 926 239 958 in
262 926 350 957 altari
382 926 580 957 immolanda
611 928 799 968 parabatur,
823 929 1012 960 concineret.
1038 930 1130 967 Quae
1162 939 1278 969 nempe

205 970 415 1012 hymnologia
438 972 708 1012 complectebatur
722 979 793 1003 tum
815 973 944 1003 laudem
959 974 1100 1013 supremi
1117 973 1276 1011 Numinis,

206 1025 225 1045 a
247 1025 314 1056 quo
338 1015 423 1046 bona
453 1022 566 1046 cuncta
597 1016 785 1056 procedunt,
809 1023 880 1047 tum
907 1027 966 1057 pro
991 1018 1084 1048 donis
1107 1017 1187 1048 datis
1210 1027 1277 1057 gra-

206 1058 323 1090 tiarum
346 1059 515 1090 actionem.
537 1059 622 1090 Hinc
644 1070 720 1090 vero
745 1060 851 1100 colligi
866 1068 972 1100 potest
993 1068 1156 1092 auctorem
1179 1064 1278 1091 Areo-

206 1103 437 1144 pagiticorum,
461 1103 517 1144 qui
549 1103 630 1134 inter
662 1110 765 1144 partes
796 1104 954 1144 liturg-icas
987 1105 1109 1136 nullam
1133 1105 1291 1146 Symboliv

206 1146 280 1178 fidei
298 1147 496 1177 mentionem
511 1146 635 1186 ingerit,
652 1147 751 1179 vitam
770 1148 869 1188 egisse
888 1155 960 1180 ante
978 1149 1075 1180 ritum
1091 1149 1278 1180 huiusmodi

205 1190 368 1222 invectum
389 1200 476 1222 anno
499 1191 576 1232 476.

563 1280 773 1318 CAPUT
810 1281 922 1318 XIV.

206 1351 311 1394 Primus
329 1367 570 1400 Areopagiticorum
584 1368 659 1393 locus
673 1375 688 1393 a
702 1368 837 1401 Lequieno
855 1369 973 1394 obiectus
994 1376 1025 1394 ex
1045 1369 1111 1394 libro
1132 1370 1164 1394 de
1178 1369 1277 1394 Divinis

277 1402 441 1428 Nominibus.
451 1403 534 1428 Prava
548 1403 670 1436 dogmata
680 1403 887 1437 Monophysitica
901 1405 1077 1437 explanantur.
1087 1405 1154 1430 Cum
1168 1404 1209 1430 his
1225 1414 1277 1430 non

277 1442 411 1469 consonat,
430 1437 512 1463 immo
530 1438 581 1463 illis
600 1439 751 1464 adversatur
770 1439 915 1473 praedictus
935 1441 1021 1471 locus,
1040 1448 1094 1473 quo
1113 1441 1213 1465 divinae
1233 1449 1277 1466 na-

276 1479 350 1499 turae
368 1473 500 1507 integritas
519 1478 546 1499 et
563 1473 692 1500 humanae
711 1475 829 1500 exaltatio
847 1475 873 1500 in
892 1475 996 1501 Christo
1020 1476 1177 1501 declaratur:
1197 1476 1277 1501 Scho-

276 1509 357 1535 liastis
376 1514 403 1534 et
421 1517 443 1534 s.
458 1509 577 1535 'rhomae
595 1511 782 1536 commentarii.

205 1599 230 1631 1.
313 1610 459 1631 ummam
474 1601 696 1642 disputationis
711 1601 776 1632 iam
794 1602 966 1643 attigimus·
983 1602 1090 1633 Pravis
1105 1603 1275 1644 Eutychia-

313 1655 432 1676 norum
454 1645 658 1686 dogmatibus
682 1656 779 1686 opera
802 1647 1024 1687 Areopagitica
1049 1654 1176 1686 scatere,
1200 1658 1276 1679 con-

204 1688 306 1720 tendit
337 1689 586 1730 Lequienus.1d
617 1690 659 1720 ad
691 1700 821 1721 examen
854 1691 1036 1722 vocandum
1068 1698 1124 1723 est.
1150 1692 1276 1723 Locum

204 1729 327 1773 profert
348 1733 412 1772 ille,
431 1733 487 1774 qui
511 1733 612 1774 capite
634 1744 658 1764 11
680 1735 719 1765 de
743 1735 866 1765 Divinis
895 1735 1090 1766 Nominibus
1112 1736 1141 1777 §-
1171 1746 1209 1767 10
1233 1737 1276 1768 le-

205 1776 290 1817 gitur
312 1778 372 1808 sub
394 1777 526 1808 nomine
549 1788 574 1809 s.
591 1778 773 1810 Hierothei:
793 1779 826 1810 in
849 1789 916 1820 quo
934 1780 1095 1811 Dominus
1112 1780 1206 1811 Iesus
1228 1781 1275 1812 di-

191 1820 287 1852 *citur
310 1820 471 1864 ὑπερφυὲς
493 1822 554 1853 καὶ
579 1820 790 1866 ὑπερούσιον,
805 1824 892 1864 quod
904 1825 1156 1864 supernaturale
1178 1830 1209 1856 et
1221 1835 1276 1856 su-

198 1866 476 1905 persubstantiale
488 1872 546 1904 est,
561 1867 691 1908 quando
699 1867 895 1908 facmsfhit
907 1869 1012 1906 homo,
1027 1878 1174 1900 servasse
1179 1877 1193 1907 ;
1211 1880 1275 1901 non

203 1909 308 1941 solum
331 1915 493 1951 quatenus
510 1916 621 1942 nostra
630 1913 840 1953 participavit
858 1913 929 1943 sine
946 1913 1139 1944 alteratione
1152 1919 1183 1944 et
1201 1924 1276 1946 con-

195 1952 345 1994 fusione,
353 1955 434 1986 nihil
443 1965 486 1985 ex
495 1956 706 1996 inesplicabili
713 1966 774 1987 sua
785 1958 963 1988 inanitione
972 1957 1080 1998 quoad
1089 1959 1275 1990 immensam

196 1998 432 2038 plenitudinem
451 2009 544 2030 suam
558 2009 750 2040 perpessus:
767 2001 825 2032 sed
843 1999 945 2042 (quod
958 2003 1099 2033 omnium
1120 2013 1275 2034 novorum

197 2051 359 2084 perquam
384 2053 501 2075 novum
521 2044 584 2086 est)
611 2046 643 2075 in
671 2047 790 2076 nostris
813 2046 1018 2077 naturalibus
1041 2053 1276 2087 supernatura-

204 2086 245 2118 lis
267 2093 340 2118 erat
363 2093 394 2119 et
417 2089 450 2118 in
474 2089 514 2119 iis
545 2098 629 2129 quae
659 2090 858 2121 substantiae
885 2096 963 2121 sunt
984 2092 1276 2132 supersubstantia-

205 2130 264 2169 lis,
288 2132 396 2172 quoad
419 2134 526 2163 omnia
547 2138 659 2164 nostra
681 2143 782 2174 supra
802 2144 860 2165 nos
886 2135 1002 2166 eximie
1023 2137 1275 2176 supereminens.

199 2187 223 2204 ve
243 2176 288 2207 Ut
309 2175 406 2207 huius
428 2177 491 2208 loci
515 2186 625 2208 sensus
647 2177 759 2219 visque
777 2178 968 2219 percipiatur
985 2178 1157 2221 (Lequieni
1179 2182 1276 2212 verba

192 2230 221 2246 <›
243 2225 320 2251 sunt
327 2221 465 2252 Dissert.
476 2231 498 2252 n
511 2222 705 2253 Damascen.
715 2233 746 2254 n.
754 2222 825 2265 15),
837 2223 947 2254 attinet
956 2225 1132 2263 observare,
1143 2226 1275 2257 vocibus

205 2275 222 2291 »
245 2262 440 2308 ὗπιρούσιος
455 2272 488 2297 et
499 2264 668 2309 ὑπερφυής
684 2267 770 2308 apud
784 2267 883 2298 istum
905 2275 1068 2299 auctorem
1091 2279 1157 2300 non
1181 2270 1275 2310 signi-

205 2319 221 2335 »
243 2308 328 2340 ficari
343 2310 496 2340 eximium
511 2311 685 2352 quemdam
701 2317 830 2350 statum,
853 2312 908 2353 qui
925 2319 1031 2344 tamen
1047 2320 1176 2345 naturae
1192 2325 1274 2345 crea-

205 2363 220 2379 »
242 2359 292 2384 tae
315 2354 467 2385 terminos
491 2365 528 2385 ex
551 2362 619 2386 toto
646 2365 713 2386 non
732 2357 876 2394 excedat3
900 2357 955 2387 sed
978 2357 1119 2388 divinam
1142 2368 1275 2389 ornnem

203 2407 219 2424 ι
242 2398 514 2438 praecellentiam,
538 2409 620 2440 quae
646 2400 686 2430 ab
702 2400 792 2431 omni
815 2407 934 2432 creatae
958 2402 1149 2433 substantiae
1172 2413 1274 2443 quan-

203 2452 220 2468 »
241 2441 352 2473 talibet
373 2441 706 2482 perfectione'infinite
722 2445 884 2485 discrepet.
903 2446 1045 2476 lamvero
1069 2446 1094 2476 si
1113 2447 1274 2478 Dominus

202 2496 219 2512 ι
241 2486 330 2516 Iesus
344 2487 628 2527 supernaturalem,
645 2489 1021 2530 supersustantialemque
1044 2497 1162 2521 statum
1177 2501 1274 2522 suum

202 2540 218 2556 ›
241 2530 392 2569 servavit,
417 2541 483 2561 non
507 2531 615 2562 solum
633 2539 790 2573 quatenus
813 2543 888 2564 cum
912 2534 999 2564 Deus
1023 2541 1113 2573 esset,
1138 2535 1205 2565 sine
1224 2536 1273 2566 sui

202 2584 218 2600 ²
241 2574 460 2606 demutatione
492 2582 523 2606 et
542 2573 744 2607 ‘confusione
772 2584 952 2608 nostrarum
982 2588 1089 2609 rerum
1119 2579 1273 2620 particeps

203 2629 219 2644 ι
242 2618 321 2657 fuit3
354 2619 409 2649 sed
435 2619 530 2650 etiam
557 2627 715 2661 quatenus
744 2621 885 2652 humana
908 2629 1034 2661 nostra,
1063 2633 1119 2653 seu
1148 2630 1274 2655 nostrae

204 2674 221 2690 ι
242 2663 436 2694 substantiae
460 2674 495 2694 ac
518 2671 648 2695 naturae
671 2665 819 2705 propria,
850 2667 1079 2707 supernaturali
1105 2669 1273 2708 supersub-

203 2718 221 2735 »
242 2707 443 2749 stantialique
471 2708 592 2739 ratione
615 2709 710 2749 gessit
737 2716 768 2740 et
792 2710 918 2741 habuit:
947 2711 1026 2752 quid
1049 2711 1135 2742 aliud
1159 2719 1273 2751 restat,

204 2762 221 2779 ιι
242 2751 304 2782 nisi
331 2751 496 2783 Christum
523 2752 628 2784 divine
653 2753 793 2784 humana
820 2764 967 2796 quaeque
995 2762 1101 2786 nostra
1123 2757 1272 2796 gessisse;

203 2807 220 2823 ›
243 2795 375 2837 eiusque
403 2796 482 2827 adeo
505 2797 737 2829 humanitatem
759 2799 800 2829 ad
819 2799 989 2830 divinitatis
1011 2807 1158 2831 naturam
1178 2801 1273 2841 perti-

204 2851 221 2867 »
243 2840 350 2871 nuisse
372 2841 460 2872 velut
482 2841 550 2872 eius
575 2841 802 2882 appendicem?
820 2843 876 2884 qui
895 2843 1026 2885 quidem
1051 2855 1150 2885 purus
1175 2852 1273 2885 putus

204 2895 221 2911 ι
242 2884 542 2926 Monophysitarum
566 2891 657 2917 'error
679 2886 749 2918 fuit.
768 2899 784 2914 »

269 2928 307 2959 11.
326 2929 522 2969 Reponenda
531 2930 623 2971 plura
639 2937 722 2962 sunt.
734 2933 781 2962 Ac
793 2932 898 2972 primo
913 2933 1168 2974 Monophysitica
1184 2944 1272 2964 corn-

201 2979 320 3010 menta,
338 2982 405 3003 non
429 2983 503 3012 una,
527 2975 583 3005 sed
600 2975 661 3005 alia
679 2982 711 3006 et
729 2975 790 3006 alia
808 2976 929 3007 ratione
952 2976 1121 3008 efferebant
1139 2978 1271 3009 Hetero-

203 3014 276 3045 doxi
301 3015 361 3056 ipsi
383 3016 550 3056 homines,
574 3029 610 3049 ac
633 3019 820 3051 intellexisse
842 3020 989 3051 videntur
1011 3022 1135 3059 Patres,
1159 3023 1215 3063 qui
1238 3023 1270 3053 in

202 3058 259 3089 illo
281 3060 412 3100 negotio
443 3062 555 3093 versati
578 3069 672 3101 sunt,
696 3073 720 3094 s.
738 3064 805 3094 Leo
828 3065 933 3104 Papa,
957 3066 1063 3096 Patres
1096 3065 1271 3097 Calchedo-

202 3112 330 3141 nenses,
349 3104 572 3136 Theodoretus
602 3107 718 3148 aliique
741 3108 858 3148 plures.
875 3109 987 3140 Paucis
1003 3119 1039 3140 ea
1054 3110 1271 3142 Damascenus

200 3147 282 3177 libro
298 3148 339 3177 111
364 3148 403 3178 de
422 3148 499 3179 Fide
521 3150 709 3189 orthodoxa,
727 3152 827 3192 capite
843 3163 866 3183 11
882 3153 1119 3194 complectitur:
1141 3155 1268 3193 Unitus,

200 3191 368 3232 inquiens,
391 3192 491 3223 Filius
520 3193 579 3224 Dei
610 3201 739 3226 naturae
766 3196 925 3228 humanae
948 3197 1104 3238 perfectae
1132 3208 1168 3229 ac
1190 3199 1269 3230 inte—

201 3245 274 3276 grae
297 3236 472 3266 secundum
495 3237 692 3277 hypostasim
715 3239 834 3281 absque
855 3241 1060 3282 confusione,
1084 3248 1143 3273 aut
1165 3249 1269 3274 muta-

201 3280 297 3318 tione,
322 3286 381 3311 aut
402 3280 574 3312 divisione:
589 3283 634 3312 ita
662 3288 699 3313 ut
725 3293 784 3315 nec
809 3285 988 3316 divinitatis
1013 3295 1095 3316 suae
1117 3292 1268 3318 naturam

201 3325 235 3354 in
259 3325 369 3355 carnis
390 3325 600 3356 substantiam
623 3329 813 3366 mutaverit,
841 3339 901 3360 nec
925 3330 1136 3360 substantiam
1161 3333 1270 3362 carnis

200 3377 281 3399 suae
304 3370 336 3399 in
361 3374 512 3399 naturam
531 3379 611 3400 suae
627 3370 805 3403 divinitatis
811 3380 825 3410 ‚·
843 3383 902 3404 nec
929 3383 971 3404 ex
997 3374 1107 3404 divina
1130 3384 1191 3405 sua
1210 3385 1268 3405 na-

202 3417 278 3443 tura
297 3418 328 3443 et
346 3423 442 3453 quam
462 3415 634 3454 assumpsit
651 3414 794 3446 humana
814 3422 951 3454 natura,
972 3427 1070 3447 unam
1095 3418 1269 3458 confecerit

201 3461 353 3487 naturam
373 3455 453 3500 (sive
476 3457 654 3496 confusam,
679 3468 717 3488 ex
739 3459 845 3490 divina
867 3460 985 3490 scilicet
1007 3467 1039 3491 et
1065 3460 1206 3491 humana
1228 3462 1268 3492 si-

201 3501 271 3531 mul
295 3501 473 3532 commixtis
496 3501 742 3540 coalescentem3
766 3503 830 3533 sive
854 3513 891 3534 ex
914 3504 1037 3534 duabus
1056 3504 1117 3534 illis
1140 3505 1268 3545 integris

200 3544 332 3585 quidem
354 3546 565 3583 manentibus,
590 3546 644 3576 sed
667 3546 765 3577 veluti
787 3547 978 3587 imperfectis
1004 3548 1285 3590 incompletisque.

199 3589 341 3628 partibus
364 3588 600 3632 compositam).
615 3591 695 3621 Tres
723 3591 774 3621 vel
801 3598 938 3632 quatuor
958 3592 1144 3623 huiusmodi
1166 3593 1268 3623 insam

344 3650 415 3684 Opp.
433 3651 465 3676 D.
479 3651 595 3676 Tuom
607 3651 640 3676 T.
659 3652 677 3676 l.

2321 251 2403 276 CLIII

1337 322 1372 342 ac
1396 312 1534 353 pestiferi
1557 313 1669 344 erroris
1686 314 1858 355 explicandi
1874 316 1991 346 modos
2006 316 2124 356 passim
2140 317 2271 349 afferunt
2286 320 2401 349 Patres.

1337 356 1424 387 Nihil
1446 367 1522 388 vero
1555 357 1657 388 simile
1685 358 1717 388 in
1742 359 1968 399 Areopagiticis
2001 360 2100 390 allatis
2130 362 2231 391 verbis
2261 363 2402 403 nihilque

1337 411 1466 440 prorsus
1498 401 1531 432 in
1555 412 1651 442 opere
1679 409 1766 433 toto:
1799 403 1901 433 immo
1935 403 2047 434 dicitur
2079 404 2178 435 Filius
2201 405 2260 435 Dei
2293 412 2402 437 nostra

1331 447 1577 486 participavisse
1592 448 1663 477 sine
1680 447 1872 478 alteratione
1890 448 1922 479 et
1942 448 2146 488 confusione;
2161 450 2240 479 nihil
2259 459 2300 479 ex
2314 451 2404 480 inex-

1330 489 1477 529 plicabili
1509 500 1570 521 sua
1606 492 1783 522 inanitione
1813 492 1921 532 quoad
1953 493 2138 523 immensam
2169 493 2402 532 plenitudinem

1335 543 1428 564 suam
1445 544 1629 575 perpessus.
1651 536 1742 573 Quae
1757 535 1945 566 Scholiastes
1961 537 2140 577 expendens
2156 537 2214 567 ait:
2235 550 2250 565 ι
2263 537 2405 568 Observa

1338 590 1352 605 ν
1375 578 1501 619 itaque,
1531 579 1693 610 neminem
1715 587 1781 611 tam
1814 580 1918 611 divine
1950 581 2040 622 loqui
2069 588 2177 611 contra
2199 581 2405 612 Nestorianos

1337 634 1352 649 »
1376 629 1406 653 et
1428 623 1607 663 Acephalos
1633 622 1703 666 (seu
1726 623 1983 667 Monophysitas)
2003 631 2034 656 et
2051 625 2291 656 Phantasiastas.
2305 637 2319 652 ι
2339 626 2403 655 Ad-

1335 666 1398 697 huc
1421 667 1523 707 plura,
1549 677 1648 709 eaque
1672 668 1872 707 solidissima,
1897 669 2043 700 dabimus
2066 669 2156 700 infra.

1402 713 1444 742 At
1474 711 1591 742 fuerint
1618 713 1918 753 Monophysitarum
1950 713 2048 754 aliqui
2077 714 2127 744 vel
2156 713 2317 754 plerique,
2346 713 2402 754 qui

1333 754 1471 795 impium
1494 766 1530 786 ac
1552 756 1748 796 impossibile
1772 757 1866 788 unius
1890 757 2006 788 Christi
2029 765 2158 789 naturae
2182 764 2402 788 commentum

1333 799 1499 839 praedictis
1522 800 1627 830 modis
1651 801 1830 840 expositum
1853 802 2036 841 reiicientes,
2061 812 2184 833 novum
2214 802 2400 841 addiderint,

1332 853 1373 874 ne
1395 843 1438 874 ita
1460 844 1562 874 insani
1584 844 1781 875 viderentur:
1798 846 1887 886 quod
1910 856 2026 887 nempe
2048 847 2150 877 verbis
2167 846 2266 877 citatis
2284 846 2402 877 indicat

1333 888 1526 928 Lequienus,
1541 898 1577 918 ac
1591 888 1736 928 superius
1751 887 1804 929 (n.
1813 889 1869 931 14)
1885 900 1922 920 ex
1936 890 2120 921 doctissimo
2140 890 2335 921 Combefisio
2357 890 2401 921 ita

1331 938 1628 972 repraesentaverat:
1645 933 1687 963 Ut
1703 942 1801 963 unam
1816 933 1948 964 dixerint
1962 935 2152 975 Eutychiani
2167 942 2323 974 naturam,
2334 945 2400 965 non

1335 989 1350 1004 e
1371 976 1462 1016 quasi
1485 985 1557 1006 caro
1573 976 1637 1006 sive
1651 976 1864 1008 humanitas...
1881 977 2008 1009 Christo
2023 979 2167 1017 defuerit,
2181 980 2231 1009 vel
2254 989 2311 1019 per
2328 989 2400 1009 mu-

1334 1031 1349 1046 ›
1371 1019 1525 1050 tationem
1539 1019 1604 1050 sive
1620 1021 1870 1059 conversionem,
1887 1022 1937 1052 vel
1951 1032 2007 1062 per
2025 1023 2262 1063 absorptionem
2277 1029 2332 1053 aut
2346 1023 2399 1053 de-

1334 1075 1349 1089 »
1372 1063 1601 1104 perditionem;
1612 1076 1627 1091 ³>
1646 1062 1764 1106 (neque
1774 1072 1809 1096 ut
1824 1065 1968 1096 divinitas
1979 1076 2129 1097 conversa
2143 1067 2273 1107 intelligi
2289 1068 2401 1098 debeat

1331 1107 1365 1137 in
1388 1117 1533 1145 carnem,
1559 1115 1614 1139 aut
1635 1108 1669 1138 in
1692 1119 1790 1139 unam
1811 1110 1935 1140 tertiam
1959 1117 2105 1141 naturam
2129 1111 2322 1142 differentem
2344 1121 2401 1151 per

1332 1151 1594 1182 commixtionem
1626 1153 1780 1191 adunata,
1811 1160 1866 1184 aut
1892 1154 1990 1185 veluti
2021 1155 2152 1185 demum
2184 1166 2254 1195 pars
2284 1155 2399 1196 imper-

1332 1195 1412 1226 fecta
1435 1196 1648 1236 compositam
1673 1197 1847 1237 quamdam
1862 1197 1958 1228 simul
1981 1208 2056 1229 cum
2072 1209 2163 1230 carne
2192 1198 2398 1242 conficiens):

1335 1253 1350 1268 α
1371 1240 1427 1270 sed
1450 1246 1486 1271 ut
1508 1247 1620 1271 natura
1642 1240 1747 1271 divina
1771 1242 1838 1272 sola
1861 1242 1987 1282 proprie
2010 1250 2121 1274 natura
2144 1243 2184 1274 sit
2207 1250 2237 1274 et
2267 1243 2398 1283 dicatur,

1334 1295 1348 1310 »
1371 1294 1453 1325 quae
1476 1285 1594 1325 primas
1616 1285 1649 1315 in
1673 1285 1889 1316 Incarnatione
1905 1294 2008 1326 partes
2027 1287 2149 1326 habeat,
2166 1298 2231 1318 non
2247 1287 2398 1327 humana,

1334 1340 1349 1355 »
1371 1339 1453 1369 quae
1477 1329 1629 1360 secundas
1653 1336 1794 1360 tantum:
1814 1330 1878 1369 illa,
1894 1330 2038 1372 inquam,
2058 1342 2139 1372 quae
2159 1332 2252 1363 aliam
2275 1333 2398 1371 habeat,

1334 1385 1348 1399 »
1371 1383 1438 1403 non
1461 1383 1543 1414 quae
1566 1374 1719 1405 habeatur
1748 1382 1779 1405 et
1801 1375 1971 1415 superioris
1998 1375 2141 1406 habentis
2165 1377 2222 1416 sit,
2246 1383 2399 1418 tanquam

1334 1429 1348 1444 ²
1371 1417 1456 1449 iuius
1474 1418 1619 1449 videlicet
1644 1419 1818 1459 appendix,
1839 1419 1931 1460 eique
1950 1429 2031 1460 pene
2055 1420 2214 1452 immersa.
2227 1433 2242 1447 ι·
2263 1421 2328 1458 Qui
2354 1428 2398 1452 ta—

1332 1471 1407 1492 men
1426 1472 1522 1500 error,
1545 1462 1657 1504 inquio
1681 1473 1752 1503 ego,
1769 1470 1805 1494 ut
1827 1463 1928 1504 magis
1950 1464 2143 1502 innotescat,
2168 1466 2240 1496 satis
2263 1475 2330 1495 non
2354 1472 2400 1496 est

1331 1506 1434 1537 dicere
1453 1514 1599 1538 naturam
1624 1507 1765 1538 divinam
1780 1508 1813 1538 in
1830 1507 1958 1539 Christo
1974 1508 2182 1549 principalem
2197 1519 2264 1540 esse
2289 1516 2320 1540 et
2341 1509 2400 1540 hu-

1331 1561 1460 1581 manam
1479 1551 1577 1584 veluti
1593 1552 1812 1592 appendicem,
1829 1552 1982 1594 illamque
2000 1553 2115 1583 habere
2130 1560 2161 1584 et
2173 1554 2268 1585 istam
2282 1553 2399 1585 haberi.

1331 1595 1401 1626 Hae
1423 1595 1570 1627 videntur
1592 1596 1739 1627 innoxiae
1757 1596 1946 1635 locutiones,
1961 1597 1995 1627 ni
2013 1597 2133 1638 aliquid
2151 1598 2239 1629 aliud
2257 1598 2399 1629 addatur.

1330 1639 1458 1671 Dixerat
1474 1650 1613 1681 namque
1621 1640 1755 1681 Vigilius
1765 1641 1936 1682 Tapsensis
1950 1641 2031 1672 libro
2045 1642 2089 1672 IV
2104 1649 2212 1674 contra
2221 1643 2400 1683 Eutychem

1330 1694 1422 1715 num.
1441 1691 1478 1724 4:
1508 1685 1594 1722 Quia
1619 1695 1699 1726 ergo
1728 1695 1791 1716 non
1821 1691 1868 1716 est
1898 1686 2035 1726 idipsum
2063 1686 2175 1717 haberi
2203 1693 2234 1718 et
2263 1687 2381 1718 habere
2386 1695 2400 1725 ;

1336 1729 1470 1759 Verbum
1493 1730 1610 1769 quippe
1626 1729 1738 1766 habet,
1772 1730 1908 1761 habetur
1931 1735 2038 1761 autem
2062 1739 2158 1762 caro:
2174 1733 2346 1772 perspicue
2369 1737 2400 1762 et

1330 1773 1451 1813 liquido
1485 1773 1712 1814 comprobatur
1745 1773 1907 1805 Christum
1937 1776 2105 1815 utriusque
2138 1785 2207 1807 esse
2238 1782 2396 1813 naturae,

1331 1818 1429 1848 unius
1447 1827 1523 1848 vero
1534 1827 1705 1858 personae.
1725 1818 1802 1855 Quo
1820 1818 1893 1849 loco
1913 1829 1950 1849 ex
1968 1819 2022 1849 illa
2035 1819 2236 1851 distinctione
2254 1820 2399 1851 habentis

1331 1867 1362 1892 et
1389 1862 1489 1893 habiti
1520 1862 1638 1902 dogma
1667 1862 1786 1902 colligit
1817 1863 1951 1903 Vigilius
1983 1863 2189 1904 Eutychianis
2219 1865 2398 1896 adversum.

1331 1906 1539 1947 Quamquam
1569 1913 1600 1938 et
1628 1906 1707 1937 illud
1739 1906 2055 1938 animadvertendum
2085 1915 2150 1947 est,
2186 1909 2275 1950 quod
2307 1909 2400 1941 docet

1331 1961 1356 1981 s·
1362 1950 1507 1982 Thomas
1521 1951 1555 1981 in
1564 1951 1732 1991 Opusculo
1748 1958 1856 1982 contra
1870 1951 2008 1982 Graecos
2023 1958 2054 1983 et
2068 1954 2227 1983 Armenos
2242 1953 2343 1994 capite
2357 1964 2398 1993 vr,

1331 2004 1398 2026 non
1421 2002 1486 2026 tam
1515 2005 1582 2026 esse
1610 1995 1751 2026 divinam
1775 2003 1940 2034 naturam,
1963 2006 2046 2037 quae
2071 1996 2184 2028 habeat
2206 1998 2399 2037 humanam,

1331 2050 1429 2080 quam
1448 2039 1555 2080 potius
1579 2050 1748 2080 personam
1764 2040 1859 2071 Verbi
1876 2050 1942 2071 esse
1958 2040 2058 2079 illam,
2077 2051 2159 2081 quae
2182 2052 2254 2072 vere
2273 2052 2308 2073 ac
2328 2052 2400 2083 pro-

1331 2084 1397 2124 prie
1420 2091 1567 2115 naturam
1593 2084 1769 2115 humanam
1792 2084 1903 2123 habet;
1932 2085 2140 2116 nihilominus
2166 2096 2241 2116 vero
2263 2092 2401 2127 propter

1331 2130 1380 2159 rei
1409 2129 1624 2166 identitatem,
1656 2135 1693 2160 ut
1722 2129 1767 2160 ait
1794 2129 1846 2159 ille
1869 2129 2036 2170 Opusculo
2061 2130 2089 2168 1,
2123 2130 2224 2170 capite
2247 2141 2293 2169 rv,
2325 2141 2400 2162 cum

1330 2180 1441 2204 natura
1465 2173 1571 2204 divina
1594 2183 1662 2204 non
1685 2173 1895 2213 distinguatur
1913 2183 1931 2204 a
1945 2183 2095 2214 persona,
2115 2174 2176 2205 dici
2199 2182 2284 2206 recto
2304 2185 2398 2206 sensu

1330 2228 1424 2258 posse
1447 2224 1593 2248 naturam
1615 2217 1755 2248 divinam
1778 2218 1890 2248 habere
1911 2218 2096 2249 humanam.
2121 2219 2168 2248 Ea
2191 2219 2294 2250 recole
2316 2230 2398 2260 quae

1328 2262 1439 2293 latiore
1453 2272 1599 2293 sermone
1618 2262 1811 2293 versavimus
1831 2262 1931 2302 capite
1949 2272 1990 2300 1x,
2011 2262 2065 2292 ubi
2080 2262 2191 2303 Cyrilli
2211 2264 2397 2294 sententiam

1329 2307 1538 2347 expendimus
1566 2307 1605 2337 de
1634 2316 1699 2336 una
1723 2312 1843 2337 natura
1874 2306 1964 2337 Verbi
1991 2307 2173 2338 incarnata.

1396 2351 1481 2381 Hinc
1509 2351 1622 2382 merito
1651 2350 1823 2391 Dionysius
1851 2350 1997 2381 Petavius
2019 2351 2100 2381 libro
2125 2351 2167 2382 IV
2187 2352 2226 2382 de
2254 2352 2397 2383 Incarna-

1329 2395 1426 2433 tione,
1442 2395 1543 2435 capite
1557 2405 1621 2433 vm,
1637 2405 1726 2425 num.
1743 2404 1767 2434 4
1783 2395 1912 2434 colligit,
1927 2395 2114 2435 primarium
2132 2395 2166 2426 in
2182 2396 2398 2427 Incarnatione

1328 2440 1439 2470 locum
1458 2439 1600 2470 obtinere
1619 2439 1826 2477 divinitatem,
1845 2439 1885 2469 ad
1908 2449 2007 2480 quam
2021 2439 2213 2477 humanitas,
2237 2441 2324 2471 velut
2342 2451 2397 2481 ap-

1328 2484 1470 2524 pendicis
1493 2490 1524 2514 et
1546 2483 1713 2514 accidentis
1729 2484 1827 2514 instar
1841 2490 1887 2514 est
1902 2483 1943 2514 ad
1963 2484 2181 2515 substantiam.
2202 2484 2238 2514 Id
2260 2491 2332 2515 ante
2350 2485 2397 2516 lu-

1328 2528 1542 2559 culentissime
1572 2528 1723 2559 docuerat
1754 2528 1876 2558 Doctor
1905 2528 2076 2568 Angelicus
2106 2528 2274 2569 Opusculo
2298 2529 2325 2559 11
2349 2540 2397 2560 ca-

1327 2572 1392 2612 pite
1413 2583 1496 2611 ccxr,
1520 2572 1575 2604 ubi
1597 2572 1710 2603 reiecta
1733 2572 1967 2613 compositione
1990 2582 2027 2603 ex
2049 2579 2161 2603 natura
2184 2573 2289 2603 divina
2308 2580 2338 2604 et
2361 2584 2397 2604 ex

1327 2617 1469 2648 humana
1490 2617 1578 2648 velut
1601 2627 1639 2648 ex
1661 2617 1817 2657 partibus,
1833 2627 1901 2647 non
1924 2617 2012 2647 aliud
2032 2617 2136 2658 inquit
2158 2617 2290 2648 huiusce
2309 2628 2397 2648 com-

1327 2661 1495 2702 positionis
1511 2661 1544 2691 in
1560 2661 1688 2692 Christo
1712 2662 1892 2701 exemplum
1906 2671 2003 2701 posse
2018 2662 2051 2692 in
2071 2663 2231 2692 creaturis
2245 2663 2395 2700 inveniri,

1327 2706 1387 2737 nisi
1409 2706 1500 2747 quod
1518 2705 1700 2746 suppeditat
1721 2705 1854 2736 subiecti
1877 2712 1907 2736 et
1929 2705 2096 2736 accidentis
2115 2706 2210 2736 unio:
2230 2716 2313 2746 quae
2331 2717 2394 2737 non

1326 2752 1374 2782 sic
1391 2751 1562 2788 uniuntur,
1579 2755 1615 2781 ut
1638 2760 1680 2780 ex
1702 2751 1748 2781 eis
1766 2750 1898 2791 aliquod
1913 2751 2041 2780 tertium
2058 2751 2272 2781 constituatur
2277 2758 2291 2788 ;
2309 2751 2395 2781 unde

1326 2795 1501 2826 subiectum
1530 2795 1563 2825 in
1588 2795 1648 2825 tali
1671 2795 1790 2825 unione
1819 2804 1882 2825 non
1912 2804 1948 2824 se
1975 2795 2069 2825 habet
2091 2800 2127 2825 ut
2143 2804 2243 2834 pars,
2268 2795 2325 2825 sed
2346 2800 2394 2825 est

1327 2841 1490 2881 integrum
1514 2839 1686 2880 quoddam,
1710 2839 1796 2879 quod
1817 2844 1865 2869 est
1881 2848 2042 2878 persona,
2067 2839 2249 2879 hypostasis
2271 2844 2302 2868 et
2318 2848 2392 2879 sup-

1320 2885 1462 2925 positum
1469 2892 1482 2922 ;
1497 2884 1646 2915 accidens
1666 2893 1742 2914 vero
1761 2883 1902 2914 trahitur
1916 2883 1960 2913 ad
1969 2883 2233 2923 personalitatem
2248 2883 2390 2921 subiecti,

1327 2934 1363 2959 ut
1385 2930 1427 2960 sit
1446 2938 1590 2969 persona
1614 2927 1723 2958 eadem
1747 2928 1884 2958 hominis
1903 2933 1933 2958 et
1950 2927 2024 2957 albi.
2041 2928 2152 2967 Neque
2175 2933 2281 2957 tamen
2307 2927 2392 2967 quis-

1326 2973 1414 3013 piam
1437 2973 1565 3012 colligat
1591 2979 1738 3002 naturam
1761 2972 1936 3002 humanam
1959 2971 2125 3001 accidentis
2149 2981 2238 3001 more
2262 2971 2301 3000 ad
2324 2981 2392 3011 per-

1326 3027 1440 3048 sonam
1464 3017 1604 3047 divinam
1627 3016 1856 3053 adhaerescere,
1880 3026 1916 3046 ac
1939 3015 2092 3046 unionem
2108 3015 2241 3055 duplicis
2264 3022 2394 3046 naturae

1325 3062 1359 3092 in
1384 3061 1512 3093 Christo
1536 3061 1761 3092 accidentalem
1791 3060 1851 3090 dici
1875 3060 2002 3090 debere:
2027 3059 2167 3089 humana
2196 3059 2316 3099 quippe
2339 3069 2393 3090 na-

1326 3113 1396 3137 tura
1420 3112 1467 3136 est
1483 3115 1557 3136 vera
1579 3104 1763 3142 substantia,
1788 3104 1961 3144 eademque
1985 3103 2024 3133 ad
2047 3103 2280 3134 subsistentiam
2298 3104 2393 3134 Verbi

1325 3150 1424 3180 divini
1447 3156 1544 3180 tracta
1567 3149 1730 3180 constituit
1752 3158 1922 3188 personam
1946 3147 2074 3186 Christi,
2089 3157 2170 3188 quae
2192 3158 2260 3178 non
2279 3154 2324 3178 est
2348 3148 2392 3178 di-

1325 3195 1438 3225 stincta
1456 3204 1475 3224 a
1492 3203 1627 3234 persona
1646 3193 1741 3224 Verbi
1759 3192 1873 3232 pariter
1887 3192 2075 3222 subsistente
2095 3192 2128 3222 in
2143 3198 2255 3222 natura
2277 3192 2391 3222 divina.

1325 3238 1512 3278 Theologos
1535 3237 1678 3275 consule,
1701 3237 1757 3278 qui
1779 3236 1856 3267 haec
1880 3236 1989 3267 omnia
2011 3236 2073 3267 late
2096 3243 2293 3276 pertractant.

1391 3282 1596 3313 Haereticum
1612 3291 1741 3312 sensum
1761 3281 1786 3310 si
1801 3280 1877 3311 velit
1892 3280 2074 3321 Lequienus
2089 3280 2304 3310 locutionibus
2319 3279 2391 3318 illis,

1324 3337 1403 3367 quas
1426 3326 1554 3356 adhibet
1577 3335 1651 3356 cum
1675 3324 1883 3362 Combefisio,
1907 3325 2024 3363 efferri,
2046 3325 2140 3355 addat
2163 3331 2288 3364 oportet
2311 3333 2392 3364 quae

1324 3377 1435 3410 postea
1448 3370 1540 3400 refert
1554 3370 1621 3409 ipse
1631 3367 1688 3411 (ib.
1697 3379 1729 3399 n.
1738 3367 1805 3411 xxv)
1816 3379 1853 3399 ex
1861 3369 2035 3399 Timotheo
2043 3369 2175 3405 Aeluro,
2184 3368 2240 3408 qui
2253 3368 2287 3397 in
2302 3368 2392 3398 lucu-

1323 3414 1477 3451 bratione,
1497 3423 1561 3454 qua
1570 3413 1687 3443 Leonis
1697 3413 1804 3452 Magni
1817 3413 1858 3442 ad
1877 3413 2064 3443 Flavianum
2082 3412 2249 3452 epistolam
2268 3411 2391 3442 vellica-

1323 3458 1386 3495 bat,
1397 3457 1606 3497 pronunciare
1620 3467 1686 3487 non
1701 3457 1869 3486 dubitavit:
1891 3469 1906 3484 α
1917 3457 2157 3487 Humanitatem
2171 3455 2288 3486 Christi
2302 3455 2392 3486 omni

1325 3514 1340 3529 n
1363 3501 1486 3531 actione
1500 3501 1628 3541 propria
1643 3500 1788 3538 caruisse;
1800 3510 1858 3530 nec
1872 3501 2072 3540 operationes
2092 3500 2178 3538 alias,
2189 3500 2249 3530 nisi
2259 3500 2391 3538 divinas,

1325 3558 1340 3573 ι»
1362 3555 1419 3585 per
1434 3555 1505 3575 eam
1519 3551 1652 3575 exsertas
1676 3551 1759 3581 esse;
1783 3551 1877 3584 atque
1891 3545 1971 3575 adeo
1995 3554 2076 3585 quae
2092 3544 2297 3575 humanitatis
2315 3554 2392 3584 ope-

1325 3601 1340 3616 »
1362 3589 1499 3620 rationes
1514 3589 1729 3627 censebantur,
1745 3585 1837 3624 πσίθη
1856 3588 2018 3629 passiones
2032 3588 2139 3629 potius
2149 3595 2180 3619 et
2189 3598 2290 3619 meras
2305 3598 2391 3619 exse-

2214 3656 2247 3673 20
