<?xml version="1.0" encoding="UTF-8"?>
<!DOCTYPE html PUBLIC "-//W3C//DTD XHTML 1.0 Transitional//EN"
    "http://www.w3.org/TR/xhtml1/DTD/xhtml1-transitional.dtd">
<html xmlns="http://www.w3.org/1999/xhtml" xml:lang="en" lang="en">
 <head>
  <title>
</title>
<meta http-equiv="Content-Type" content="text/html;charset=utf-8" />
  <meta name='ocr-system' content='tesseract 3.04.00' />
  <meta name='ocr-capabilities' content='ocr_page ocr_carea ocr_par ocr_line ocrx_word'/>
</head>
<body>
  <div class='ocr_page' id='page_1' title='image "./operaomniaiussui01thom/operaomniaiussui01thom_0038.png"; bbox 0 0 2548 4192; ppageno 0'>
   <div class='ocr_carea' id='block_1_1' title="bbox 182 279 240 302">
    <p class='ocr_par' dir='ltr' id='par_1_1' title="bbox 182 279 240 302">
     <span class='ocr_line' id='line_1_1' title="bbox 182 279 240 302; baseline 0 0"><span class='ocrx_word' id='word_1_1' title='bbox 182 279 240 302; x_wconf 88' lang='lat' dir='ltr'><strong>XVI</strong></span> 
     </span>
    </p>
   </div>
   <div class='ocr_carea' id='block_1_2' title="bbox 172 327 2381 1900">
    <p class='ocr_par' dir='ltr' id='par_1_2' title="bbox 175 327 2381 1610">
     <span class='ocr_line' id='line_1_2' title="bbox 289 327 2381 409; baseline -0.005 -15"><span class='ocrx_word' id='word_1_2' title='bbox 289 342 464 394; x_wconf 81' lang='lat' dir='ltr'>Probe</span> <span class='ocrx_word' id='word_1_3' title='bbox 504 351 673 392; x_wconf 86' lang='lat' dir='ltr'><strong>autem</strong></span> <span class='ocrx_word' id='word_1_4' title='bbox 713 338 950 390; x_wconf 85' lang='lat' dir='ltr'><strong>novimus</strong></span> <span class='ocrx_word' id='word_1_5' title='bbox 987 346 1199 387; x_wconf 90' lang='lat' dir='ltr'><strong>conatus</strong></span> <span class='ocrx_word' id='word_1_6' title='bbox 1238 334 1462 385; x_wconf 80' lang='lat' dir='ltr'>Nostros</span> <span class='ocrx_word' id='word_1_7' title='bbox 1496 331 1663 382; x_wconf 87' lang='lat' dir='ltr'><strong>irritos</strong></span> <span class='ocrx_word' id='word_1_8' title='bbox 1702 330 1916 395; x_wconf 85' lang='lat' dir='ltr'><strong>futuros,</strong></span> <span class='ocrx_word' id='word_1_9' title='bbox 1945 327 2038 378; x_wconf 91' lang='lat' dir='ltr'><strong>nisi</strong></span> <span class='ocrx_word' id='word_1_10' title='bbox 2081 331 2381 409; x_wconf 82' lang='lat' dir='ltr'><strong>communia</strong></span> 
     </span>
     <span class='ocr_line' id='line_1_3' title="bbox 186 400 2378 482; baseline -0.005 -16"><span class='ocrx_word' id='word_1_11' title='bbox 186 414 342 482; x_wconf 78' lang='lat' dir='ltr'><strong>cepta</strong></span> <span class='ocrx_word' id='word_1_12' title='bbox 388 410 731 463; x_wconf 90' lang='lat' dir='ltr'><strong>Venerabiles</strong></span> <span class='ocrx_word' id='word_1_13' title='bbox 762 409 989 474; x_wconf 79' lang='lat' dir='ltr'><strong>Fratres,</strong></span> <span class='ocrx_word' id='word_1_14' title='bbox 1019 406 1106 457; x_wconf 93' lang='lat' dir='ltr'><strong>Ille</strong></span> <span class='ocrx_word' id='word_1_15' title='bbox 1136 404 1409 470; x_wconf 79' lang='lat' dir='ltr'><strong>secundet,</strong></span> <span class='ocrx_word' id='word_1_16' title='bbox 1440 402 1526 469; x_wconf 87' lang='lat' dir='ltr'><strong>qui</strong></span> <span class='ocrx_word' id='word_1_17' title='bbox 1554 401 1707 452; x_wconf 79' lang='lat' dir='ltr'><strong>Deus</strong></span> <span class='ocrx_word' id='word_1_18' title='bbox 1743 400 2082 450; x_wconf 66' lang='lat' dir='ltr'><strong>scientiarum</strong></span> <span class='ocrx_word' id='word_1_19' title='bbox 2113 419 2162 450; x_wconf 92' lang='lat' dir='ltr'><strong>1n</strong></span> <span class='ocrx_word' id='word_1_20' title='bbox 2190 400 2378 454; x_wconf 85' lang='lat' dir='ltr'><strong>d1v1nis</strong></span> 
     </span>
     <span class='ocr_line' id='line_1_4' title="bbox 186 456 2378 551; baseline -0.005 -15"><span class='ocrx_word' id='word_1_21' title='bbox 186 456 400 551; x_wconf 87' lang='lat' dir='ltr'><strong>eloquiis</strong></span> <span class='ocrx_word' id='word_1_22' title='bbox 442 483 508 551; x_wconf 89' lang='lat' dir='ltr'><strong>(I.</strong></span> <span class='ocrx_word' id='word_1_23' title='bbox 545 482 677 549; x_wconf 89' lang='lat' dir='ltr'><strong>Reg.</strong></span> <span class='ocrx_word' id='word_1_24' title='bbox 707 480 774 546; x_wconf 93' lang='lat' dir='ltr'><strong>II,</strong></span> <span class='ocrx_word' id='word_1_25' title='bbox 808 481 861 547; x_wconf 88' lang='lat'><strong>3)</strong></span> <span class='ocrx_word' id='word_1_26' title='bbox 901 477 1210 545; x_wconf 68' lang='lat' dir='ltr'><strong>appellatur,</strong></span> <span class='ocrx_word' id='word_1_27' title='bbox 1241 475 1430 542; x_wconf 88' lang='lat' dir='ltr'><strong>quibus</strong></span> <span class='ocrx_word' id='word_1_28' title='bbox 1481 472 1631 524; x_wconf 90' lang='lat' dir='ltr'><strong>etiam</strong></span> <span class='ocrx_word' id='word_1_29' title='bbox 1682 490 1980 537; x_wconf 88' lang='lat' dir='ltr'><strong>monemur,</strong></span> <span class='ocrx_word' id='word_1_30' title='bbox 2010 490 2156 522; x_wconf 79' lang='lat' dir='ltr'><strong>omne</strong></span> <span class='ocrx_word' id='word_1_31' title='bbox 2194 472 2378 526; x_wconf 80' lang='lat' dir='ltr'><strong>datum</strong></span> 
     </span>
     <span class='ocr_line' id='line_1_5' title="bbox 185 541 2379 622; baseline -0.006 -15"><span class='ocrx_word' id='word_1_32' title='bbox 185 557 424 622; x_wconf 71' lang='lat' dir='ltr'><strong>optimum</strong></span> <span class='ocrx_word' id='word_1_33' title='bbox 463 561 511 604; x_wconf 77' lang='lat' dir='ltr'><strong>et</strong></span> <span class='ocrx_word' id='word_1_34' title='bbox 545 571 687 603; x_wconf 76' lang='lat' dir='ltr'><strong>omne</strong></span> <span class='ocrx_word' id='word_1_35' title='bbox 733 550 922 601; x_wconf 71' lang='lat' dir='ltr'><strong>donum</strong></span> <span class='ocrx_word' id='word_1_36' title='bbox 958 547 1243 615; x_wconf 68' lang='lat' dir='ltr'><strong>perfectum</strong></span> <span class='ocrx_word' id='word_1_37' title='bbox 1292 545 1566 596; x_wconf 63' lang='lat' dir='ltr'><strong>desursum</strong></span> <span class='ocrx_word' id='word_1_38' title='bbox 1607 562 1746 609; x_wconf 87' lang='lat' dir='ltr'><strong>esse,</strong></span> <span class='ocrx_word' id='word_1_39' title='bbox 1778 541 2092 592; x_wconf 72' lang='lat' dir='ltr'><strong>descendens</strong></span> <span class='ocrx_word' id='word_1_40' title='bbox 2140 563 2173 594; x_wconf 76' lang='lat' dir='ltr'><strong>a</strong></span> <span class='ocrx_word' id='word_1_41' title='bbox 2217 543 2379 598; x_wconf 74' lang='lat' dir='ltr'><em>Patre</em></span> 
     </span>
     <span class='ocr_line' id='line_1_6' title="bbox 185 613 2374 693; baseline -0.004 -15"><span class='ocrx_word' id='word_1_42' title='bbox 185 626 437 677; x_wconf 73' lang='lat' dir='ltr'><strong>luminum</strong></span> <span class='ocrx_word' id='word_1_43' title='bbox 467 623 594 689; x_wconf 89' lang='lat' dir='ltr'><strong>(Iac.</strong></span> <span class='ocrx_word' id='word_1_44' title='bbox 617 622 652 688; x_wconf 93' lang='lat' dir='ltr'><strong>I,</strong></span> <span class='ocrx_word' id='word_1_45' title='bbox 688 622 784 688; x_wconf 88' lang='lat'>17).</span> <span class='ocrx_word' id='word_1_46' title='bbox 815 619 884 669; x_wconf 87' lang='lat' dir='ltr'><strong>Et</strong></span> <span class='ocrx_word' id='word_1_47' title='bbox 913 638 1108 669; x_wconf 88' lang='lat' dir='ltr'><strong>rursus:</strong></span> <span class='ocrx_word' id='word_1_48' title='bbox 1141 617 1208 668; x_wconf 73' lang='lat' dir='ltr'><strong>Si</strong></span> <span class='ocrx_word' id='word_1_49' title='bbox 1240 617 1357 683; x_wconf 78' lang='lat' dir='ltr'><strong>qm&#39;s</strong></span> <span class='ocrx_word' id='word_1_50' title='bbox 1387 615 1586 681; x_wconf 55' lang='lat' dir='ltr'><strong>zbzdiget</strong></span> <span class='ocrx_word' id='word_1_51' title='bbox 1614 613 1892 692; x_wconf 48' lang='lat' dir='ltr'><strong>sapzeeztz‘a,</strong></span> <span class='ocrx_word' id='word_1_52' title='bbox 1913 613 2146 693; x_wconf 50' lang='lat' dir='ltr'><strong>spostzelet</strong></span> <span class='ocrx_word' id='word_1_53' title='bbox 2181 635 2214 666; x_wconf 78' lang='lat' dir='ltr'><em>a</em></span> <span class='ocrx_word' id='word_1_54' title='bbox 2243 615 2374 686; x_wconf 84' lang='lat' dir='ltr'><strong>Deo,</strong></span> 
     </span>
     <span class='ocr_line' id='line_1_7' title="bbox 186 684 2375 763; baseline -0.004 -15"><span class='ocrx_word' id='word_1_55' title='bbox 186 697 280 763; x_wconf 73' lang='lat' dir='ltr'><strong>qui</strong></span> <span class='ocrx_word' id='word_1_56' title='bbox 300 696 395 747; x_wconf 77' lang='lat' dir='ltr'><strong>dat</strong></span> <span class='ocrx_word' id='word_1_57' title='bbox 416 690 647 745; x_wconf 73' lang='lat' dir='ltr'><strong>omnibus</strong></span> <span class='ocrx_word' id='word_1_58' title='bbox 676 690 965 759; x_wconf 69' lang='lat' dir='ltr'><em>affluenter,</em></span> <span class='ocrx_word' id='word_1_59' title='bbox 996 697 1046 739; x_wconf 80' lang='lat' dir='ltr'><strong>et</strong></span> <span class='ocrx_word' id='word_1_60' title='bbox 1080 707 1181 739; x_wconf 68' lang='lat'>72072</span> <span class='ocrx_word' id='word_1_61' title='bbox 1210 688 1546 754; x_wconf 67' lang='lat' dir='ltr'><strong>zmpropemt‚·</strong></span> <span class='ocrx_word' id='word_1_62' title='bbox 1566 693 1616 735; x_wconf 77' lang='lat' dir='ltr'><strong>et</strong></span> <span class='ocrx_word' id='word_1_63' title='bbox 1650 684 1867 735; x_wconf 66' lang='lat' dir='ltr'><strong>dabztm‘</strong></span> <span class='ocrx_word' id='word_1_64' title='bbox 1890 704 1934 735; x_wconf 80' lang='lat' dir='ltr'><strong>ez</strong></span> <span class='ocrx_word' id='word_1_65' title='bbox 1963 684 2126 753; x_wconf 84' lang='lat' dir='ltr'><strong>(Ibld.</strong></span> <span class='ocrx_word' id='word_1_66' title='bbox 2150 707 2195 738; x_wconf 84' lang='lat' dir='ltr'><strong>v.</strong></span> <span class='ocrx_word' id='word_1_67' title='bbox 2224 690 2375 757; x_wconf 66' lang='lat'>5).-</span> 
     </span>
     <span class='ocr_line' id='line_1_8' title="bbox 183 755 2374 834; baseline -0.002 -17"><span class='ocrx_word' id='word_1_68' title='bbox 183 767 338 834; x_wconf 89' lang='lat' dir='ltr'><strong>Igitur</strong></span> <span class='ocrx_word' id='word_1_69' title='bbox 376 766 468 815; x_wconf 89' lang='lat' dir='ltr'><strong>hac</strong></span> <span class='ocrx_word' id='word_1_70' title='bbox 509 782 717 830; x_wconf 91' lang='lat' dir='ltr'><strong>quoque</strong></span> <span class='ocrx_word' id='word_1_71' title='bbox 758 761 806 811; x_wconf 89' lang='lat' dir='ltr'><strong>in</strong></span> <span class='ocrx_word' id='word_1_72' title='bbox 846 780 899 811; x_wconf 90' lang='lat' dir='ltr'><strong>re</strong></span> <span class='ocrx_word' id='word_1_73' title='bbox 940 758 1176 826; x_wconf 83' lang='lat' dir='ltr'><strong>exempla</strong></span> <span class='ocrx_word' id='word_1_74' title='bbox 1203 776 1483 824; x_wconf 89' lang='lat' dir='ltr'><strong>sequamur</strong></span> <span class='ocrx_word' id='word_1_75' title='bbox 1508 755 1760 807; x_wconf 89' lang='lat' dir='ltr'><strong>Doctoris</strong></span> <span class='ocrx_word' id='word_1_76' title='bbox 1800 755 2071 825; x_wconf 90' lang='lat' dir='ltr'><strong>Angelici,</strong></span> <span class='ocrx_word' id='word_1_77' title='bbox 2102 759 2190 825; x_wconf 90' lang='lat' dir='ltr'><strong>qui</strong></span> <span class='ocrx_word' id='word_1_78' title='bbox 2226 779 2374 812; x_wconf 89' lang='lat' dir='ltr'><strong>num-</strong></span> 
     </span>
     <span class='ocr_line' id='line_1_9' title="bbox 183 826 2372 906; baseline -0.001 -19"><span class='ocrx_word' id='word_1_79' title='bbox 183 856 333 904; x_wconf 91' lang='lat' dir='ltr'><strong>quam</strong></span> <span class='ocrx_word' id='word_1_80' title='bbox 361 855 415 885; x_wconf 91' lang='lat' dir='ltr'><strong>se</strong></span> <span class='ocrx_word' id='word_1_81' title='bbox 445 833 646 885; x_wconf 87' lang='lat' dir='ltr'><strong>lectioni</strong></span> <span class='ocrx_word' id='word_1_82' title='bbox 686 843 774 883; x_wconf 87' lang='lat' dir='ltr'><strong>aut</strong></span> <span class='ocrx_word' id='word_1_83' title='bbox 801 829 1061 898; x_wconf 80' lang='lat' dir='ltr'>scriptioni</span> <span class='ocrx_word' id='word_1_84' title='bbox 1102 828 1260 895; x_wconf 88' lang='lat' dir='ltr'><strong>dedit,</strong></span> <span class='ocrx_word' id='word_1_85' title='bbox 1291 828 1383 879; x_wconf 88' lang='lat' dir='ltr'><strong>nisi</strong></span> <span class='ocrx_word' id='word_1_86' title='bbox 1406 826 1685 895; x_wconf 89' lang='lat' dir='ltr'><strong>propitiato</strong></span> <span class='ocrx_word' id='word_1_87' title='bbox 1709 827 1956 906; x_wconf 40' lang='lat' dir='ltr'><strong>preci-bus</strong></span> <span class='ocrx_word' id='word_1_88' title='bbox 1995 828 2145 897; x_wconf 68' lang='lat' dir='ltr'><strong>Deo,</strong></span> <span class='ocrx_word' id='word_1_89' title='bbox 2175 831 2372 900; x_wconf 92' lang='lat' dir='ltr'><strong>quique</strong></span> 
     </span>
     <span class='ocr_line' id='line_1_10' title="bbox 183 898 2372 969; baseline -0.001 -11"><span class='ocrx_word' id='word_1_90' title='bbox 183 905 398 958; x_wconf 82' lang='lat' dir='ltr'><strong>candide</strong></span> <span class='ocrx_word' id='word_1_91' title='bbox 440 904 703 956; x_wconf 85' lang='lat' dir='ltr'><strong>confessus</strong></span> <span class='ocrx_word' id='word_1_92' title='bbox 745 913 833 969; x_wconf 90' lang='lat' dir='ltr'><strong>est,</strong></span> <span class='ocrx_word' id='word_1_93' title='bbox 865 900 1117 969; x_wconf 88' lang='lat' dir='ltr'><strong>quidquid</strong></span> <span class='ocrx_word' id='word_1_94' title='bbox 1157 900 1322 966; x_wconf 87' lang='lat' dir='ltr'><strong>sciret,</strong></span> <span class='ocrx_word' id='word_1_95' title='bbox 1355 919 1459 950; x_wconf 92' lang='lat' dir='ltr'><strong>non</strong></span> <span class='ocrx_word' id='word_1_96' title='bbox 1488 909 1590 949; x_wconf 90' lang='lat' dir='ltr'><strong>tam</strong></span> <span class='ocrx_word' id='word_1_97' title='bbox 1631 918 1686 949; x_wconf 92' lang='lat' dir='ltr'><strong>se</strong></span> <span class='ocrx_word' id='word_1_98' title='bbox 1722 898 1896 950; x_wconf 84' lang='lat' dir='ltr'><strong>studlo</strong></span> <span class='ocrx_word' id='word_1_99' title='bbox 1937 911 2025 951; x_wconf 88' lang='lat' dir='ltr'><strong>aut</strong></span> <span class='ocrx_word' id='word_1_100' title='bbox 2063 900 2246 954; x_wconf 91' lang='lat' dir='ltr'><strong>labore</strong></span> <span class='ocrx_word' id='word_1_101' title='bbox 2275 924 2372 956; x_wconf 92' lang='lat' dir='ltr'><strong>suo</strong></span> 
     </span>
     <span class='ocr_line' id='line_1_11' title="bbox 180 969 2372 1044; baseline -0 -16"><span class='ocrx_word' id='word_1_102' title='bbox 180 977 274 1029; x_wconf 89' lang='lat' dir='ltr'><strong>sibi</strong></span> <span class='ocrx_word' id='word_1_103' title='bbox 304 975 585 1044; x_wconf 83' lang='lat' dir='ltr'><strong>peperisse,</strong></span> <span class='ocrx_word' id='word_1_104' title='bbox 615 994 768 1041; x_wconf 89' lang='lat' dir='ltr'><strong>quam</strong></span> <span class='ocrx_word' id='word_1_105' title='bbox 798 972 1037 1024; x_wconf 86' lang='lat' dir='ltr'><strong>divinitus</strong></span> <span class='ocrx_word' id='word_1_106' title='bbox 1065 971 1349 1039; x_wconf 89' lang='lat' dir='ltr'><strong>accepisse:</strong></span> <span class='ocrx_word' id='word_1_107' title='bbox 1379 969 1607 1037; x_wconf 88' lang='lat' dir='ltr'><strong>ideoque</strong></span> <span class='ocrx_word' id='word_1_108' title='bbox 1638 970 1815 1022; x_wconf 87' lang='lat' dir='ltr'><strong>humili</strong></span> <span class='ocrx_word' id='word_1_109' title='bbox 1845 982 1895 1022; x_wconf 87' lang='lat' dir='ltr'><strong>et</strong></span> <span class='ocrx_word' id='word_1_110' title='bbox 1924 973 2175 1025; x_wconf 83' lang='lat' dir='ltr'><strong>concordi</strong></span> <span class='ocrx_word' id='word_1_111' title='bbox 2217 974 2372 1027; x_wconf 92' lang='lat' dir='ltr'><strong>obse-</strong></span> 
     </span>
     <span class='ocr_line' id='line_1_12' title="bbox 181 1040 2372 1112; baseline 0 -14"><span class='ocrx_word' id='word_1_112' title='bbox 181 1040 402 1099; x_wconf 90' lang='lat' dir='ltr'><strong>cratione</strong></span> <span class='ocrx_word' id='word_1_113' title='bbox 419 1046 595 1097; x_wconf 91' lang='lat' dir='ltr'><strong>Deum</strong></span> <span class='ocrx_word' id='word_1_114' title='bbox 612 1045 760 1096; x_wconf 91' lang='lat' dir='ltr'><strong>simul</strong></span> <span class='ocrx_word' id='word_1_115' title='bbox 784 1064 963 1095; x_wconf 93' lang='lat' dir='ltr'><strong>omnes</strong></span> <span class='ocrx_word' id='word_1_116' title='bbox 982 1063 1270 1110; x_wconf 84' lang='lat' dir='ltr'><strong>exoremus,</strong></span> <span class='ocrx_word' id='word_1_117' title='bbox 1289 1053 1342 1093; x_wconf 88' lang='lat' dir='ltr'><strong>ut</strong></span> <span class='ocrx_word' id='word_1_118' title='bbox 1363 1041 1411 1092; x_wconf 93' lang='lat' dir='ltr'><strong>in</strong></span> <span class='ocrx_word' id='word_1_119' title='bbox 1429 1041 1699 1093; x_wconf 82' lang='lat' dir='ltr'><strong>Ecclesiae</strong></span> <span class='ocrx_word' id='word_1_120' title='bbox 1718 1041 1852 1094; x_wconf 89' lang='lat' dir='ltr'><strong>filios</strong></span> <span class='ocrx_word' id='word_1_121' title='bbox 1869 1043 2105 1112; x_wconf 90' lang='lat' dir='ltr'><strong>spiritum</strong></span> <span class='ocrx_word' id='word_1_122' title='bbox 2124 1045 2372 1099; x_wconf 90' lang='lat' dir='ltr'><strong>scientiae</strong></span> 
     </span>
     <span class='ocr_line' id='line_1_13' title="bbox 180 1112 2372 1186; baseline 0 -16"><span class='ocrx_word' id='word_1_123' title='bbox 180 1130 228 1170; x_wconf 91' lang='lat' dir='ltr'><strong>et</strong></span> <span class='ocrx_word' id='word_1_124' title='bbox 266 1117 546 1169; x_wconf 90' lang='lat' dir='ltr'><strong>intellectus</strong></span> <span class='ocrx_word' id='word_1_125' title='bbox 587 1116 791 1183; x_wconf 88' lang='lat' dir='ltr'><strong>emittat,</strong></span> <span class='ocrx_word' id='word_1_126' title='bbox 822 1127 871 1166; x_wconf 92' lang='lat' dir='ltr'><strong>et</strong></span> <span class='ocrx_word' id='word_1_127' title='bbox 908 1114 1102 1183; x_wconf 90' lang='lat' dir='ltr'><strong>aperiat</strong></span> <span class='ocrx_word' id='word_1_128' title='bbox 1140 1114 1211 1165; x_wconf 74' lang='lat' dir='ltr'><strong>eis</strong></span> <span class='ocrx_word' id='word_1_129' title='bbox 1251 1133 1460 1165; x_wconf 90' lang='lat' dir='ltr'><strong>sensum</strong></span> <span class='ocrx_word' id='word_1_130' title='bbox 1500 1112 1567 1164; x_wconf 86' lang='lat' dir='ltr'><strong>ad</strong></span> <span class='ocrx_word' id='word_1_131' title='bbox 1612 1113 2003 1183; x_wconf 91' lang='lat' dir='ltr'><strong>intelligendam</strong></span> <span class='ocrx_word' id='word_1_132' title='bbox 2047 1117 2372 1186; x_wconf 88' lang='lat' dir='ltr'><strong>sapientiam.</strong></span> 
     </span>
     <span class='ocr_line' id='line_1_14' title="bbox 178 1184 2366 1255; baseline 0.001 -15"><span class='ocrx_word' id='word_1_133' title='bbox 178 1190 359 1255; x_wconf 85' lang='lat' dir='ltr'><strong>Atque</strong></span> <span class='ocrx_word' id='word_1_134' title='bbox 398 1188 463 1239; x_wconf 91' lang='lat' dir='ltr'><strong>ad</strong></span> <span class='ocrx_word' id='word_1_135' title='bbox 502 1187 768 1238; x_wconf 87' lang='lat' dir='ltr'><strong>uberiores</strong></span> <span class='ocrx_word' id='word_1_136' title='bbox 798 1185 1163 1254; x_wconf 88' lang='lat' dir='ltr'><strong>percipiendos</strong></span> <span class='ocrx_word' id='word_1_137' title='bbox 1205 1185 1407 1236; x_wconf 86' lang='lat' dir='ltr'><strong>divinae</strong></span> <span class='ocrx_word' id='word_1_138' title='bbox 1450 1184 1692 1237; x_wconf 89' lang='lat' dir='ltr'><strong>bonitatis</strong></span> <span class='ocrx_word' id='word_1_139' title='bbox 1722 1185 1931 1255; x_wconf 89' lang='lat' dir='ltr'><strong>fructus,</strong></span> <span class='ocrx_word' id='word_1_140' title='bbox 1965 1187 2118 1240; x_wconf 89' lang='lat' dir='ltr'><strong>etiam</strong></span> <span class='ocrx_word' id='word_1_141' title='bbox 2158 1189 2214 1241; x_wconf 88' lang='lat' dir='ltr'><strong>B.</strong></span> <span class='ocrx_word' id='word_1_142' title='bbox 2246 1189 2366 1242; x_wconf 84' lang='lat' dir='ltr'><strong>Vir-</strong></span> 
     </span>
     <span class='ocr_line' id='line_1_15' title="bbox 177 1256 2371 1328; baseline 0.002 -18"><span class='ocrx_word' id='word_1_143' title='bbox 177 1259 307 1328; x_wconf 84' lang='lat' dir='ltr'><strong>ginis</strong></span> <span class='ocrx_word' id='word_1_144' title='bbox 346 1258 556 1326; x_wconf 90' lang='lat' dir='ltr'><strong>Mariae,</strong></span> <span class='ocrx_word' id='word_1_145' title='bbox 586 1278 717 1325; x_wconf 90' lang='lat' dir='ltr'><strong>quae</strong></span> <span class='ocrx_word' id='word_1_146' title='bbox 746 1257 898 1309; x_wconf 91' lang='lat' dir='ltr'><strong>sedes</strong></span> <span class='ocrx_word' id='word_1_147' title='bbox 926 1257 1204 1325; x_wconf 87' lang='lat' dir='ltr'><strong>sapientiae</strong></span> <span class='ocrx_word' id='word_1_148' title='bbox 1233 1256 1536 1324; x_wconf 87' lang='lat' dir='ltr'><strong>appellatur,</strong></span> <span class='ocrx_word' id='word_1_149' title='bbox 1570 1256 1986 1311; x_wconf 84' lang='lat' dir='ltr'><strong>efficacissimum</strong></span> <span class='ocrx_word' id='word_1_150' title='bbox 2023 1261 2371 1328; x_wconf 90' lang='lat' dir='ltr'><strong>patrocinium</strong></span> 
     </span>
     <span class='ocr_line' id='line_1_16' title="bbox 177 1327 2371 1399; baseline 0.002 -18"><span class='ocrx_word' id='word_1_151' title='bbox 177 1330 315 1398; x_wconf 89' lang='lat' dir='ltr'><strong>apud</strong></span> <span class='ocrx_word' id='word_1_152' title='bbox 354 1330 529 1380; x_wconf 90' lang='lat' dir='ltr'><strong>Deum</strong></span> <span class='ocrx_word' id='word_1_153' title='bbox 560 1328 889 1396; x_wconf 74' lang='lat' dir='ltr'><strong>interponite,</strong></span> <span class='ocrx_word' id='word_1_154' title='bbox 918 1328 1171 1395; x_wconf 90' lang='lat' dir='ltr'><strong>simulque</strong></span> <span class='ocrx_word' id='word_1_155' title='bbox 1201 1327 1570 1396; x_wconf 87' lang='lat' dir='ltr'><strong>deprecatores</strong></span> <span class='ocrx_word' id='word_1_156' title='bbox 1601 1329 1848 1382; x_wconf 90' lang='lat' dir='ltr'><strong>adhibete</strong></span> <span class='ocrx_word' id='word_1_157' title='bbox 1880 1331 2215 1399; x_wconf 89' lang='lat' dir='ltr'><strong>purissimum</strong></span> <span class='ocrx_word' id='word_1_158' title='bbox 2251 1333 2371 1386; x_wconf 88' lang='lat' dir='ltr'><strong>Vir-</strong></span> 
     </span>
     <span class='ocr_line' id='line_1_17' title="bbox 175 1399 2370 1474; baseline 0.003 -22"><span class='ocrx_word' id='word_1_159' title='bbox 175 1401 306 1469; x_wconf 86' lang='lat' dir='ltr'><strong>ginis</strong></span> <span class='ocrx_word' id='word_1_160' title='bbox 346 1400 609 1468; x_wconf 85' lang='lat' dir='ltr'><strong>Sponsum</strong></span> <span class='ocrx_word' id='word_1_161' title='bbox 647 1400 702 1450; x_wconf 86' lang='lat' dir='ltr'><strong>B.</strong></span> <span class='ocrx_word' id='word_1_162' title='bbox 732 1400 1027 1467; x_wconf 87' lang='lat' dir='ltr'><strong>Iosephum,</strong></span> <span class='ocrx_word' id='word_1_163' title='bbox 1060 1410 1109 1451; x_wconf 91' lang='lat' dir='ltr'><strong>et</strong></span> <span class='ocrx_word' id='word_1_164' title='bbox 1137 1399 1346 1451; x_wconf 91' lang='lat' dir='ltr'><strong>Petrum</strong></span> <span class='ocrx_word' id='word_1_165' title='bbox 1385 1419 1445 1451; x_wconf 85' lang='lat' dir='ltr'><strong>ac</strong></span> <span class='ocrx_word' id='word_1_166' title='bbox 1484 1399 1721 1453; x_wconf 90' lang='lat' dir='ltr'><strong>Paullum</strong></span> <span class='ocrx_word' id='word_1_167' title='bbox 1755 1402 2056 1471; x_wconf 88' lang='lat' dir='ltr'><strong>Apostolos</strong></span> <span class='ocrx_word' id='word_1_168' title='bbox 2098 1404 2370 1474; x_wconf 86' lang='lat' dir='ltr'><strong>maximos,</strong></span> 
     </span>
     <span class='ocr_line' id='line_1_18' title="bbox 176 1471 2370 1546; baseline 0.004 -24"><span class='ocrx_word' id='word_1_169' title='bbox 176 1471 262 1539; x_wconf 89' lang='lat' dir='ltr'><strong>qui</strong></span> <span class='ocrx_word' id='word_1_170' title='bbox 304 1471 483 1522; x_wconf 92' lang='lat' dir='ltr'><strong>orbem</strong></span> <span class='ocrx_word' id='word_1_171' title='bbox 523 1482 783 1538; x_wconf 88' lang='lat' dir='ltr'><strong>terrarum,</strong></span> <span class='ocrx_word' id='word_1_172' title='bbox 813 1471 1013 1539; x_wconf 90' lang='lat' dir='ltr'><strong>impura</strong></span> <span class='ocrx_word' id='word_1_173' title='bbox 1041 1491 1272 1522; x_wconf 89' lang='lat' dir='ltr'><strong>errorum</strong></span> <span class='ocrx_word' id='word_1_174' title='bbox 1306 1471 1387 1522; x_wconf 91' lang='lat' dir='ltr'><strong>lue</strong></span> <span class='ocrx_word' id='word_1_175' title='bbox 1429 1483 1749 1541; x_wconf 82' lang='lat' dir='ltr'><strong>corruptum,</strong></span> <span class='ocrx_word' id='word_1_176' title='bbox 1780 1474 1994 1527; x_wconf 86' lang='lat' dir='ltr'><strong>veritate</strong></span> <span class='ocrx_word' id='word_1_177' title='bbox 2035 1489 2370 1546; x_wconf 86' lang='lat' dir='ltr'><strong>renovarunt,</strong></span> 
     </span>
     <span class='ocr_line' id='line_1_19' title="bbox 176 1542 1482 1610; baseline 0.001 -17"><span class='ocrx_word' id='word_1_178' title='bbox 176 1554 224 1594; x_wconf 90' lang='lat' dir='ltr'><strong>et</strong></span> <span class='ocrx_word' id='word_1_179' title='bbox 265 1542 493 1593; x_wconf 89' lang='lat' dir='ltr'><strong>caelestis</strong></span> <span class='ocrx_word' id='word_1_180' title='bbox 531 1542 807 1610; x_wconf 90' lang='lat' dir='ltr'><strong>sapientiae</strong></span> <span class='ocrx_word' id='word_1_181' title='bbox 847 1542 1035 1593; x_wconf 90' lang='lat' dir='ltr'><strong>lumine</strong></span> <span class='ocrx_word' id='word_1_182' title='bbox 1077 1542 1482 1610; x_wconf 85' lang='lat' dir='ltr'><strong>compleverunt.</strong></span> 
     </span>
    </p>

    <p class='ocr_par' dir='ltr' id='par_1_3' title="bbox 172 1613 2369 1900">
     <span class='ocr_line' id='line_1_20' title="bbox 279 1613 2368 1690; baseline 0.005 -27"><span class='ocrx_word' id='word_1_183' title='bbox 279 1613 521 1680; x_wconf 89' lang='lat' dir='ltr'><strong>Denique</strong></span> <span class='ocrx_word' id='word_1_184' title='bbox 569 1613 723 1664; x_wconf 87' lang='lat' dir='ltr'><strong>divini</strong></span> <span class='ocrx_word' id='word_1_185' title='bbox 763 1613 930 1664; x_wconf 86' lang='lat' dir='ltr'><strong>auxilii</strong></span> <span class='ocrx_word' id='word_1_186' title='bbox 977 1633 1070 1681; x_wconf 91' lang='lat' dir='ltr'><strong>spe</strong></span> <span class='ocrx_word' id='word_1_187' title='bbox 1118 1613 1258 1681; x_wconf 90' lang='lat' dir='ltr'><strong>freti,</strong></span> <span class='ocrx_word' id='word_1_188' title='bbox 1290 1625 1339 1666; x_wconf 90' lang='lat' dir='ltr'><strong>et</strong></span> <span class='ocrx_word' id='word_1_189' title='bbox 1384 1616 1628 1682; x_wconf 89' lang='lat' dir='ltr'><strong>pastorali</strong></span> <span class='ocrx_word' id='word_1_190' title='bbox 1679 1616 1875 1669; x_wconf 88' lang='lat' dir='ltr'><strong>Vestro</strong></span> <span class='ocrx_word' id='word_1_191' title='bbox 1928 1619 2102 1671; x_wconf 90' lang='lat' dir='ltr'><strong>studio</strong></span> <span class='ocrx_word' id='word_1_192' title='bbox 2158 1620 2368 1690; x_wconf 87' lang='lat' dir='ltr'><strong>confisi,</strong></span> 
     </span>
     <span class='ocr_line' id='line_1_21' title="bbox 174 1683 2369 1761; baseline 0.005 -27"><span class='ocrx_word' id='word_1_193' title='bbox 174 1684 535 1752; x_wconf 89' lang='lat' dir='ltr'><strong>Apostolicam</strong></span> <span class='ocrx_word' id='word_1_194' title='bbox 577 1683 1008 1752; x_wconf 89' lang='lat' dir='ltr'><strong>benedictionem,</strong></span> <span class='ocrx_word' id='word_1_195' title='bbox 1047 1685 1342 1737; x_wconf 87' lang='lat' dir='ltr'><strong>caelestium</strong></span> <span class='ocrx_word' id='word_1_196' title='bbox 1383 1706 1658 1740; x_wconf 91' lang='lat' dir='ltr'><strong>munerum</strong></span> <span class='ocrx_word' id='word_1_197' title='bbox 1692 1689 1961 1758; x_wconf 89' lang='lat' dir='ltr'><strong>auspicem</strong></span> <span class='ocrx_word' id='word_1_198' title='bbox 2003 1702 2054 1743; x_wconf 90' lang='lat' dir='ltr'><strong>et</strong></span> <span class='ocrx_word' id='word_1_199' title='bbox 2092 1691 2369 1761; x_wconf 85' lang='lat' dir='ltr'><strong>singularis</strong></span> 
     </span>
     <span class='ocr_line' id='line_1_22' title="bbox 172 1755 2368 1832; baseline 0.005 -27"><span class='ocrx_word' id='word_1_200' title='bbox 172 1755 392 1806; x_wconf 90' lang='lat' dir='ltr'><strong>Nostrae</strong></span> <span class='ocrx_word' id='word_1_201' title='bbox 434 1755 824 1822; x_wconf 87' lang='lat' dir='ltr'><strong>benevolentiae</strong></span> <span class='ocrx_word' id='word_1_202' title='bbox 864 1767 1061 1824; x_wconf 89' lang='lat' dir='ltr'><strong>testem,</strong></span> <span class='ocrx_word' id='word_1_203' title='bbox 1091 1756 1263 1809; x_wconf 89' lang='lat' dir='ltr'><strong>Vobis</strong></span> <span class='ocrx_word' id='word_1_204' title='bbox 1305 1758 1572 1828; x_wconf 91' lang='lat' dir='ltr'><strong>omnibus,</strong></span> <span class='ocrx_word' id='word_1_205' title='bbox 1604 1760 1952 1814; x_wconf 88' lang='lat' dir='ltr'><strong>Venerabiles</strong></span> <span class='ocrx_word' id='word_1_206' title='bbox 1994 1762 2228 1832; x_wconf 87' lang='lat' dir='ltr'><strong>Fratres,</strong></span> <span class='ocrx_word' id='word_1_207' title='bbox 2258 1764 2368 1817; x_wconf 90' lang='lat' dir='ltr'><strong>uni-</strong></span> 
     </span>
     <span class='ocr_line' id='line_1_23' title="bbox 172 1826 2368 1900; baseline 0.006 -24"><span class='ocrx_word' id='word_1_208' title='bbox 172 1845 427 1893; x_wconf 83' lang='lat' dir='ltr'><strong>versoque</strong></span> <span class='ocrx_word' id='word_1_209' title='bbox 466 1826 627 1877; x_wconf 88' lang='lat' dir='ltr'><strong>Klero</strong></span> <span class='ocrx_word' id='word_1_210' title='bbox 669 1837 718 1878; x_wconf 88' lang='lat' dir='ltr'><strong>et</strong></span> <span class='ocrx_word' id='word_1_211' title='bbox 755 1827 952 1895; x_wconf 91' lang='lat' dir='ltr'><strong>populo</strong></span> <span class='ocrx_word' id='word_1_212' title='bbox 983 1827 1195 1896; x_wconf 90' lang='lat' dir='ltr'><strong>singulis</strong></span> <span class='ocrx_word' id='word_1_213' title='bbox 1236 1830 1535 1899; x_wconf 83' lang='lat' dir='ltr'><strong>commiSSO,</strong></span> <span class='ocrx_word' id='word_1_214' title='bbox 1558 1845 1889 1900; x_wconf 85' lang='lat' dir='ltr'><strong>peramanter</strong></span> <span class='ocrx_word' id='word_1_215' title='bbox 1917 1834 1965 1885; x_wconf 90' lang='lat' dir='ltr'><strong>in</strong></span> <span class='ocrx_word' id='word_1_216' title='bbox 2007 1834 2247 1888; x_wconf 90' lang='lat' dir='ltr'><strong>Domino</strong></span> <span class='ocrx_word' id='word_1_217' title='bbox 2276 1835 2368 1888; x_wconf 88' lang='lat' dir='ltr'><strong>im-</strong></span> 
     </span>
    </p>
   </div>
   <div class='ocr_carea' id='block_1_3' title="bbox 170 1896 427 1964">
    <p class='ocr_par' dir='ltr' id='par_1_4' title="bbox 170 1896 427 1964">
     <span class='ocr_line' id='line_1_24' title="bbox 170 1896 427 1964; baseline 0.004 -17"><span class='ocrx_word' id='word_1_218' title='bbox 170 1896 427 1964; x_wconf 89' lang='lat' dir='ltr'><strong>pertimur.</strong></span> 
     </span>
    </p>
   </div>
   <div class='ocr_carea' id='block_1_4' title="bbox 168 2038 2368 2164">
    <p class='ocr_par' dir='ltr' id='par_1_5' title="bbox 168 2038 2368 2164">
     <span class='ocr_line' id='line_1_25' title="bbox 274 2038 2368 2118; baseline 0.008 -29"><span class='ocrx_word' id='word_1_219' title='bbox 274 2038 469 2090; x_wconf 89' lang='lat' dir='ltr'><strong>Datum</strong></span> <span class='ocrx_word' id='word_1_220' title='bbox 508 2039 711 2092; x_wconf 90' lang='lat' dir='ltr'><strong>Romae</strong></span> <span class='ocrx_word' id='word_1_221' title='bbox 750 2042 889 2109; x_wconf 88' lang='lat' dir='ltr'><strong>apud</strong></span> <span class='ocrx_word' id='word_1_222' title='bbox 929 2042 979 2094; x_wconf 87' lang='lat' dir='ltr'><strong>S.</strong></span> <span class='ocrx_word' id='word_1_223' title='bbox 1009 2042 1236 2111; x_wconf 86' lang='lat' dir='ltr'><strong>Petrum,</strong></span> <span class='ocrx_word' id='word_1_224' title='bbox 1260 2044 1343 2096; x_wconf 93' lang='lat' dir='ltr'><strong>die</strong></span> <span class='ocrx_word' id='word_1_225' title='bbox 1384 2066 1417 2111; x_wconf 89' lang='lat'>4</span> <span class='ocrx_word' id='word_1_226' title='bbox 1457 2046 1693 2115; x_wconf 86' lang='lat' dir='ltr'><strong>Augusti</strong></span> <span class='ocrx_word' id='word_1_227' title='bbox 1724 2039 1801 2100; x_wconf 87' lang='lat' dir='ltr'><strong>an.</strong></span> <span class='ocrx_word' id='word_1_228' title='bbox 1844 2055 1992 2118; x_wconf 86' lang='lat'><strong>1879,</strong></span> <span class='ocrx_word' id='word_1_229' title='bbox 2023 2050 2368 2118; x_wconf 76' lang='lat' dir='ltr'><strong>pontificatus</strong></span> 
     </span>
     <span class='ocr_line' id='line_1_26' title="bbox 168 2109 815 2164; baseline 0.006 -4"><span class='ocrx_word' id='word_1_230' title='bbox 168 2109 343 2161; x_wconf 88' lang='lat' dir='ltr'><strong>Nostri</strong></span> <span class='ocrx_word' id='word_1_231' title='bbox 383 2130 516 2162; x_wconf 91' lang='lat' dir='ltr'><strong>anno</strong></span> <span class='ocrx_word' id='word_1_232' title='bbox 557 2110 815 2164; x_wconf 80' lang='lat' dir='ltr'><strong>Secundo,</strong></span> 
     </span>
    </p>
   </div>
   <div class='ocr_carea' id='block_1_5' title="bbox 1015 2275 1492 2330">
    <p class='ocr_par' dir='ltr' id='par_1_6' title="bbox 1015 2275 1492 2330">
     <span class='ocr_line' id='line_1_27' title="bbox 1015 2275 1492 2330; baseline 0.008 -4"><span class='ocrx_word' id='word_1_233' title='bbox 1015 2275 1173 2329; x_wconf 90' lang='lat' dir='ltr'><strong>LEO</strong></span> <span class='ocrx_word' id='word_1_234' title='bbox 1216 2277 1313 2329; x_wconf 92' lang='grc' dir='ltr'><strong>ΡΡ.</strong></span> <span class='ocrx_word' id='word_1_235' title='bbox 1355 2278 1492 2330; x_wconf 88' lang='grc' dir='ltr'>ΧΙΙΙ.</span> 
     </span>
    </p>
   </div>
   <div class='ocr_carea' id='block_1_6' title="bbox 844 2798 1659 3141">
    <p class='ocr_par' dir='ltr' id='par_1_7' title="bbox 844 2798 1659 3141">
     <span class='ocr_line' id='line_1_28' title="bbox 844 2798 1659 3141; baseline 0 1051"><span class='ocrx_word' id='word_1_236' title='bbox 844 2798 1659 3141; x_wconf 95' lang='lat' dir='ltr'><strong> </strong></span> 
     </span>
    </p>
   </div>
  </div>
 </body>
</html>
