2788 4204
37 642 47 652 ‘
58 640 133 663 codd.
147 652 158 656 -
169 646 195 662 r:
209 645 249 661 co-

36 669 180 696 gnoscanar.

135 842 150 876 β

36 909 49 920 “
66 908 159 930 Comm.
175 914 194 929 s.
205 906 249 929 Th.

36 936 250 986 &¹323st

35 994 90 1037 gp.
105 993 129 1010 tv
142 990 165 1009 et
179 993 194 1008 v
211 992 252 1015 per

137 1050 154 1076 Υ

38 1115 48 1126 ·
55 1120 120 1141 uoq:
129 1114 250 1142 cognosci.

137 1168 151 1178 ..

137 1176 151 1194 ο

34 1229 48 1242 ⁴
57 1229 115 1252 tm.
132 1229 170 1251 cit.

37 1314 123 1337 nempe
166 1280 251 1330 emino:

33 1334 174 1411 tw
167 1337 253 1384 533¹?ss

72 1403 80 1416 .
94 1388 192 1411 inme.
208 1398 220 1405 -
230 1393 250 1410 i:

34 1413 250 1468 Qffifflssafi

37 1519 142 1543 m
154 1519 254 1550 mer-t-

35 1547 115 1624 Ξθι
121 1556 252 1619 mildam.

38 1693 207 1754 waimara.

39 1863 254 1914 '⁸¹⁰*m

36 1890 137 1940 a?

147 1773 256 1814 αὖα-σα

1163 286 1336 333 CAP.L
1368 287 1580 324 LECT.n

2395 291 2464 336 143

277 362 463 411 aliquibus
482 359 672 411 principiis
691 362 856 398 infertur.
879 363 927 398 Et
946 362 1035 410 quia
1062 363 1223 410 cognitio
1257 365 1345 400 sirn-
1401 366 1477 402 duo
1507 374 1592 403 sunt
1615 378 1714 414 quae
1732 373 2105 415 praecognoscuntur
2125 366 2172 403 de
2191 367 2268 414 his,
2299 380 2465 416 quorum

276 415 431 466 plicium
458 415 651 464 praecedit
670 414 925 463 cognitionem
946 416 1259 464 compositorum,
1281 429 1345 453 ne-

278 482 383 506 cesse
410 476 465 505 est
483 468 605 516 quod,
627 476 831 516 antequam
850 468 1036 504 habeatur
1064 469 1226 515 cognitio
1257 482 1345 505 con-

279 522 467 568 clusionis,
498 528 747 569 cognoscatur
775 521 901 568 aliquo
926 520 1045 557 modo
1069 521 1282 558 subiectum
1311 530 1347 558 et

277 575 416 624 passi0.
437 576 487 611 Et
522 574 690 611 similiter
718 581 867 623 oportet
903 573 1010 621 quod
1046 585 1345 622 praecognosca-

278 629 373 665 tur*
390 627 629 677 principium,
652 639 697 663 ex
725 639 802 675 quo
824 626 1015 664 conclusio
1047 627 1220 674 infertur,
1257 640 1345 664 cum

279 694 326 718 ex
354 680 566 729 cognitione
594 680 766 729 principii
795 679 986 717 conclusio
1015 679 1236 717 innotescat.

335 736 370 772 3.
401 735 553 770 Horum
582 741 711 770 autem
739 733 870 781 trium,
901 732 1050 780 scilicet,
1070 733 1255 782 principii,
1286 746 1346 770 su-

279 787 391 824 biecti
419 794 456 824 et
482 786 669 835 passionis
698 794 753 823 est
787 787 925 836 duplex
953 786 1093 823 modus
1125 787 1345 835 praecogni-

280 840 402 888 tionis,
419 840 568 886 scilicet,
590 840 678 888 quia
698 846 752 877 est
770 847 806 876 et
824 840 914 888 quid
936 844 991 876 est
1001 837 1030 876 β.
1063 839 1269 876 Ostensum
1293 847 1347 876 est

280 901 408 930 autem
428 893 467 930 in
494 894 564 930 V11
585 893 903 941 Metaphysicaess
924 892 1031 940 quod
1050 893 1250 941 complexa
1269 905 1347 929 non

281 946 511 984 definiuntur
524 951 550 983 ⁷.
566 946 747 983 Hominis
762 946 864 983 enim
883 945 962 982 albi
973 957 1053 982 non
1068 953 1124 982 est
1139 946 1263 994 aliqua
1283 946 1346 983 de-

279 1000 398 1037 finitio
415 1007 452 1036 et
465 1000 585 1036 multo
601 999 727 1036 minus
757 998 1029 1036 enunciationis
1053 998 1219 1035 alicuius.
1236 999 1348 1036 Unde

281 1066 369 1090 cum
397 1052 624 1102 principium
644 1052 690 1089 sit
709 1051 922 1089 enunciatio
943 1051 1146 1099 quaedam,
1176 1064 1256 1088 non
1279 1064 1347 1101 po-

279 1114 350 1144 test
369 1106 416 1143 de
435 1106 518 1155 ipso
533 1105 835 1154 praecognosci*
851 1105 941 1153 quid
958 1109 1021 1150 est,
1038 1104 1106 1141 sed
1121 1105 1245 1141 solum
1261 1105 1349 1153 quia

279 1171 416 1197 verum
436 1165 492 1195 est
506 1155 530 1195 ὃ.
547 1160 606 1195 De
614 1159 792 1206 passione
811 1164 938 1194 autem
953 1164 1076 1206 potest
1090 1157 1246 1205 quidem
1266 1157 1350 1194 sciri

280 1212 370 1261 quid
395 1215 458 1258 est,
479 1211 579 1260 quia,
599 1218 642 1247 ut
668 1211 706 1247 in
736 1210 875 1248 eodem
899 1210 993 1247 libro
1009 1210 1029 1231 *
1043 1210 1262 1256 ostenditur,
1290 1223 1349 1246 ac-

280 1265 441 1302 cidentia
455 1264 746 1313 quodammodo
761 1264 781 1285 ³²
801 1262 1063 1300 definitionem
1077 1263 1229 1300 habent.
1261 1264 1349 1300 Pas-

280 1318 396 1356 sionis
416 1325 544 1354 autem
564 1329 642 1354 esse
661 1326 698 1354 et
717 1317 914 1354 cuiuslibet
932 1315 1135 1353 accidentis
1156 1324 1210 1353 est
1228 1316 1350 1353 inesse

280 1371 449 1421 subiecto
462 1370 608 1419 equod
648 1370 805 1419 quidem
843 1369 1164 1406 demonstratione
1200 1371 1350 1406 conclu-

279 1421 418 1463 ditur*.
435 1425 527 1461 Non
547 1435 636 1471 ergo
657 1424 705 1461 de
724 1422 900 1472 passione
915 1424 1248 1471 praecognoscitur
1262 1424 1350 1471 quia

281 1484 344 1524 est,
360 1477 428 1515 sed
443 1478 533 1526 quid
549 1482 604 1513 est
621 1478 758 1514 solum.
774 1497 799 1504 -
815 1476 1038 1513 Subiectum
1058 1484 1186 1513 autem
1203 1484 1238 1513 et
1251 1477 1271 1497 *
1286 1476 1349 1513 de-

280 1531 494 1569 finitionem
513 1530 628 1568 habet
653 1538 690 1567 et
718 1530 798 1567 eius
827 1542 909 1566 esse
938 1542 960 1566 a
979 1529 1155 1578 passione
1185 1542 1264 1566 non
1285 1529 1349 1566 de-

279 1584 441 1634 pendet3
477 1583 545 1621 sed
574 1596 687 1620 suum
716 1596 798 1620 esse
826 1583 1024 1632 proprium
1048 1582 1351 1631 praeintelligitur

281 1637 352 1687 ipsi
372 1650 454 1680 esse
468 1637 655 1686 passionis
670 1637 709 1673 in
729 1649 788 1673 eo.
810 1637 858 1673 Et
877 1636 963 1673 ideo
986 1635 1034 1672 de
1051 1636 1220 1672 subiecto
1237 1644 1349 1684 opor-

230 1706 256 1727 ει
280 1698 334 1728 tet
351 1703 676 1740 praecognoscere
691 1690 711 1711 '¹‘
727 1698 763 1726 et
777 1690 867 1738 quid
879 1695 933 1726 est
946 1697 983 1726 et
996 1689 1084 1737 quia
1103 1689 1225 1726 est**:
1241 1701 1348 1737 prae-

281 1744 411 1781 sertim
443 1756 532 1781 cum
568 1756 613 1781 ex
645 1743 865 1781 definitione
900 1742 1057 1779 subiecti
1092 1749 1128 1778 et
1164 1741 1349 1793 passionis

282 1805 453 1834 sumatur
481 1797 652 1834 medium
682 1795 1025 1833 demonstrationis,

333 1862 372 1898 4.
402 1852 563 1900 Propter
580 1850 689 1887 hoc*
718 1861 807 1897 ergo
837 1848 924 1886 dicit
951 1848 1207 1897 Philosophus
1244 1847 1350 1895 quod

280 1903 476 1952 dupliciter
503 1903 753 1940 necessarium
782 1907 837 1938 est
852 1913 1179 1951 praecognoscere
1196 1901 1231 1937 *ε
1261 1900 1350 1949 quia

334 2075 360 2110 β)
382 2077 431 2102 Est
449 2076 552 2108 duplex
565 2075 660 2101 modus
673 2075 911 2109 praecognitionis,
930 2075 1029 2100 scilicet
1047 2075 1110 2107 quia
1129 2078 1168 2100 est
1183 2078 1210 2100 et
1224 2075 1289 2107 quid
1302 2078 1349 2100 est.

281 2113 356 2145 Quae
365 2113 398 2138 de
406 2111 615 2145 praecognitione
625 2111 710 2143 deque
722 2110 939 2144 praecognitionis
954 2111 1034 2135 modo
1047 2111 1209 2135 disseruntur
1221 2118 1236 2134 a
1250 2110 1351 2135 s.Tho-

279 2156 324 2174 ma
338 2156 397 2173 cum
410 2147 550 2172 Aristotele
561 2151 647 2172 tantae
660 2152 721 2171 sunt
735 2146 908 2176 necessitatis,
922 2151 951 2171 ut
965 2146 987 2170 si
998 2146 1056 2178 quis
1067 2153 1097 2170 ea
1107 2154 1160 2170 non
1170 2146 1258 2170 intime
1272 2153 1350 2178 pene-

280 2183 398 2214 traverit,
408 2183 463 2208 vim
472 2187 644 2214 naturamque
654 2181 880 2206 demonstrationis
891 2181 992 2214 ignoret
1001 2189 1109 2206 necesse
1119 2182 1166 2211 sit;
1180 2186 1258 2213 atque
1268 2181 1326 2205 ideo
1336 2189 1351 2205 a

281 2217 426 2244 scientificis
441 2218 631 2251 cognitionibus
644 2217 785 2242 arcebitur:
804 2225 865 2242 cum
883 2217 988 2250 sapiens
1007 2217 1154 2241 nullatenus
1169 2217 1203 2241 sit
1217 2217 1350 2247 dicendus,

281 2254 327 2288 qui
345 2261 408 2279 suae
427 2253 547 2278 scientiae
571 2253 698 2278 rationem
722 2253 838 2277 intimam
862 2252 991 2285 impotens
1015 2257 1055 2276 est
1073 2252 1218 2277 ostendere.
1241 2252 1350 2276 Veniam

281 2290 358 2322 igitur
376 2289 488 2322 petimus
506 2297 522 2313 a
539 2288 621 2313 doctis
639 2288 788 2313 hominibus
799 2307 806 2319 ‚
832 2287 854 2312 si
877 2295 945 2320 quae
964 2287 1012 2320 ipsi
1031 2288 1148 2320 apprime
1167 2287 1251 2312 sciunt
1262 2306 1268 2317 ‚
1294 2287 1351 2311 heic

282 2325 412 2350 declarare
425 2332 475 2357 pro
487 2324 590 2349 novitiis
605 2323 792 2356 suscipimus.-
801 2323 898 2348 Notent
915 2331 978 2356 ergo
997 2323 1086 2347 novitii
1101 2323 1152 2347 duo
1167 2323 1198 2347 ab
1211 2323 1350 2347 Aristotele

282 2359 466 2393 comprehendi
482 2360 530 2384 sub
543 2359 670 2384 vocabulo
685 2359 747 2391 quia
761 2362 808 2387 est,
825 2355 864 2383 ὅτι
879 2355 943 2390 ἔστι,
960 2363 986 2383 et
999 2359 1052 2383 duo
1066 2358 1115 2382 sub
1129 2358 1209 2382 altero
1222 2358 1350 2383 vocabulo

282 2395 348 2429 quid
360 2399 407 2424 est,
427 2392 451 2420 τὶ
465 2392 534 2420 ἐστιῑ
554 2394 649 2420 etenim
665 2394 696 2419 de
710 2402 738 2419 re
753 2394 838 2426 aliqua
850 2401 974 2427 quaerere
986 2401 1020 2418 an
1034 2394 1076 2422 sit,
1091 2394 1159 2418 idem
1174 2398 1214 2418 est
1227 2401 1256 2418 ac
1271 2401 1349 2426 quae—

282 2438 340 2456 rere
358 2435 446 2455 utrum
461 2430 553 2454 habeat
566 2437 621 2455 esse
635 2430 704 2454 reale
717 2430 759 2454 vel
774 2429 868 2460 ideale3
883 2429 930 2454 sed
945 2429 977 2454 de
990 2429 1133 2461 complexo,
1149 2429 1219 2461 quod
1235 2433 1275 2453 est
1288 2436 1348 2460 pro-

282 2466 391 2500 positio,
414 2465 436 2490 si
454 2470 594 2498 quaeratur
611 2472 680 2494 esse,
703 2465 754 2490 hoc
771 2472 827 2490 esse
845 2464 1030 2497 propositionis
1049 2464 1152 2488 nonnisi
1172 2464 1350 2488 convenientia

283 2509 331 2527 seu
341 2502 432 2530 inesse,
442 2501 484 2533 vel
498 2509 551 2526 non
563 2500 742 2525 convenientia
751 2508 798 2525 seu
808 2507 860 2524 non
871 2500 954 2525 inesse
967 2499 1104 2532 praedicati
1119 2499 1244 2530 subiecto,
1255 2507 1350 2531 nempe

283 2537 387 2563 nonnisi
405 2537 461 2561 eius
475 2536 569 2561 veritas
587 2536 692 2568 intelligi
711 2540 804 2568 potest,
824 2535 858 2560 ita
876 2540 905 2559 ut
922 2542 957 2560 an
976 2535 1012 2560 sit
1025 2534 1175 2567 propositio
1191 2535 1260 2559 idem
1275 2539 1350 2559 sonet

282 2580 312 2599 ac
323 2580 359 2598 an
369 2571 520 2604 propositio
532 2571 568 2597 sit
581 2578 653 2596 vera.
673 2571 748 2596 Ratio
762 2575 803 2595 est
815 2570 875 2603 quia
889 2570 1032 2603 propositio
1046 2575 1086 2595 est
1098 2578 1145 2594 ens
1159 2570 1265 2594 rationis
1278 2577 1349 2594 com-

282 2609 395 2641 plexum,
409 2607 483 2632 cuius
502 2614 557 2632 esse
575 2606 601 2631 in
620 2606 676 2631 eius
694 2606 801 2632 veritate
819 2605 944 2637 consistit,
963 2605 1014 2630 hoc
1032 2610 1073 2630 est
1087 2605 1112 2630 in
1127 2613 1193 2630 nexu
1212 2605 1349 2638 praedicati

282 2650 342 2668 cum
360 2643 478 2668 subiecto
496 2642 551 2675 (Cf.
566 2642 592 2667 in
611 2642 636 2666 V
653 2641 841 2675 Metaphysic„
860 2642 918 2666 lect.
934 2640 983 2675 Π).
1003 2641 1036 2665 Et
1053 2641 1117 2666 haec
1136 2641 1188 2665 duo
1207 2641 1351 2665 indicantur

345 2678 502 2704 vocabulum
521 2678 584 2710 quia
602 2680 650 2706 est,
669 2682 797 2710 quatenus
817 2684 912 2709 nempe
931 2676 1052 2709 importat
1069 2677 1111 2701 vel
1126 2676 1285 2701 existentiam
1303 2676 1349 2706 rei,

280 2714 323 2740 vel
341 2714 406 2740 illud
424 2721 484 2738 esse
501 2713 591 2743 ideale,
611 2720 659 2737 seu
677 2713 842 2745 complexum
861 2713 973 2737 mentale
992 2712 1062 2744 quod
1077 2716 1118 2736 est
1131 2711 1262 2742 iudicium,
1277 2711 1349 2735 cuius

281 2755 336 2776 ene
353 2754 394 2774 est
408 2747 552 2781 significare
571 2748 807 2773 verum—Deinde
821 2748 853 2772 de
865 2755 893 2772 re
907 2747 993 2780 aliqua
1012 2751 1099 2780 potest
1117 2747 1204 2779 quaeri
1224 2746 1289 2778 quid
1300 2747 1334 2771 sit
1340 2754 1350 2775 ,·

281 2789 308 2811 at
324 2784 413 2817 quaeri
431 2788 518 2817 potest
536 2788 562 2809 et
585 2784 648 2816 quid
671 2783 705 2808 sit
722 2783 836 2808 essentia
855 2783 895 2808 rei
917 2780 957 2816 (et
975 2782 1066 2807 dicitur
1085 2782 1149 2814 quid
1168 2781 1222 2814 rei)
1242 2787 1267 2807 et
1285 2782 1350 2814 quid

280 2820 318 2845 sit·
330 2820 403 2853 quod
417 2820 516 2845 dicitur
535 2816 622 2853 (quod
640 2824 776 2851 propterea
795 2818 886 2843 dicitur
904 2818 969 2850 quid
986 2817 1128 2852 nominis):
1147 2825 1215 2850 quae
1235 2817 1286 2842 duo
1302 2818 1345 2842 de-

280 2854 414 2887 signantur
431 2855 512 2880 altero
529 2854 658 2879 vocabulo
676 2854 741 2886 quid
759 2853 943 2884 est.—-Quibus
963 2853 1112 2883 declaratis,
1137 2860 1245 2878 necesse
1263 2858 1303 2877 est
1321 2857 1351 2877 ut

281 2890 394 2915 sciamus
413 2897 481 2922 quae
499 2890 743 2923 praecognoscentia
761 2894 822 2914 sunt
836 2894 862 2914 et
880 2889 1012 2921 quomodo
1031 2889 1063 2913 ad
1082 2893 1150 2913 recte
1169 2889 1349 2913 demonstran-

281 2925 352 2950 dum.
370 2925 404 2950 Et
421 2925 471 2950 hoc
489 2930 530 2950 est
548 2925 619 2957 quod
637 2925 746 2950 intendit
764 2933 786 2950 s.
799 2924 915 2949 Thomas
935 2932 995 2949 cum
1013 2924 1160 2948 Aristotele.

333 2958 361 2994 γ)
383 2961 530 2992 Complexa
544 2968 596 2985 non
610 2960 782 2993 definiuntur.
796 2960 932 2992 Signanter
946 2959 1006 2984 dicit
1019 2959 1160 2991 complexa
1175 2963 1200 2983 et
1214 2966 1266 2983 non
1278 2966 1348 2984 com-

275 2995 406 3027 positon-
418 2995 492 3026 Quae
509 2995 579 3020 enim
598 2995 743 3028 composita
761 3000 822 3020 sunt
841 2994 939 3019 definiri
957 2999 1070 3027 possunt
1092 2999 1118 3019 et
1136 2993 1307 3024 definiuntur,
1327 2994 1348 3018 si

281 3038 364 3055 unum
378 3038 430 3063 per
447 3038 475 3055 se
488 3030 643 3055 constituant
648 3037 655 3060 ς
674 3030 728 3055 imo
747 3038 800 3055 non
815 3029 970 3055 definiuntur
984 3029 1034 3054 nisi
1048 3037 1115 3062 quae
1128 3030 1274 3062 composita
1288 3034 1349 3054 sunt

282 3066 337 3092 sive
355 3073 387 3091 ex
404 3066 520 3098 partibus
538 3065 652 3098 physicis
675 3065 730 3090 sive
752 3073 783 3090 ex
806 3065 921 3098 partibus
940 3064 1136 3097 metaphysicis:
1156 3073 1216 3089 nam
1236 3064 1348 3089 definitio

281 3106 382 3126 constat
395 3109 426 3126 ex
439 3108 534 3133 genere
553 3106 579 3125 et
597 3100 736 3125 differentia
754 3100 792 3125 rei
806 3099 931 3125 definitae.
950 3100 1023 3125 Patet
1037 3100 1063 3124 in
1079 3099 1191 3129 homine,
1207 3100 1281 3124 cuius
1297 3108 1349 3124 una

280 3136 393 3161 essentia
405 3141 446 3160 est
459 3143 489 3161 ex
502 3135 588 3161 anima
600 3140 627 3160 et
638 3143 754 3167 corpore,
772 3143 840 3168 quae
859 3140 920 3160 sunt
937 3135 994 3160 eius
1013 3140 1099 3168 partes
1113 3134 1244 3168 physicae,
1262 3136 1304 3159 vel
1319 3143 1349 3159 ex

282 3172 436 3196 animalitate
449 3175 476 3196 et
488 3171 663 3201 rationalitate,
677 3178 745 3203 quae
763 3175 825 3195 sunt
839 3170 894 3195 eius
909 3175 995 3203 partes
1010 3170 1211 3203 metaphysicae.
1230 3171 1265 3194 At
1277 3178 1348 3195 com-

276 3208 365 3239 plexa
383 3211 445 3231 sunt
463 3214 494 3231 ea
511 3213 580 3238 quae
598 3213 651 3230 non
669 3213 749 3230 unam
768 3206 917 3236 essentiam,
936 3205 1003 3230 idest
1022 3213 1102 3230 unum
1117 3212 1170 3237 per
1188 3212 1223 3234 se,
1243 3213 1290 3229 seu
1309 3212 1348 3230 es-

281 3242 392 3268 sentiale
410 3241 578 3272 constituunt,
597 3242 644 3266 sed
662 3248 744 3266 unum
759 3241 922 3266 accidentale
940 3248 987 3265 seu
1006 3249 1088 3265 unum
1107 3248 1153 3273 per
1170 3240 1301 3269 accidens,
1320 3245 1349 3270 ut

282 3278 397 3303 musicus
411 3277 494 3302 albus.
513 3277 569 3308 Age
582 3283 661 3309 porro
680 3275 793 3301 definitio
807 3277 840 3300 de
853 3284 905 3308 qua
919 3276 1159 3308 impraesentiarum
1179 3283 1193 3300 a
1212 3283 1233 3299 s.
1245 3275 1348 3299 Thoma

281 3312 310 3338 fit
324 3321 420 3344 sermo,
436 3316 477 3337 est
495 3310 608 3336 definitio
629 3311 758 3344 explicans
773 3311 914 3336 essentiam
927 3311 972 3336 rei.
992 3311 1075 3336 Unius
1091 3315 1178 3335 autem
1193 3310 1228 3335 rei
1243 3315 1284 3334 est
1296 3317 1348 3334 una

282 3349 402 3373 essentia.
420 3348 490 3379 Ergo
504 3347 564 3380 quia
578 3347 712 3379 complexa
730 3354 783 3371 non
801 3346 897 3371 habent
913 3354 993 3371 unam
1007 3346 1155 3375 essentiam,
1175 3350 1243 3370 recte
1257 3345 1348 3369 dicitur

281 3384 354 3416 quod
367 3383 501 3415 complexa
512 3390 566 3407 non
578 3381 742 3407 definiuntur.
757 3382 859 3413 Regula
872 3386 959 3406 autem
971 3382 1004 3406 ad
1018 3381 1226 3413 distinguendum
1241 3387 1348 3412 compo-

280 3419 360 3444 situm
379 3418 516 3443 essentiale
535 3426 550 3442 a
568 3417 713 3450 composito
733 3416 888 3447 accidentali,
908 3416 980 3449 quod
998 3416 1162 3447 complexum
1182 3415 1281 3445 dicitur,
1300 3419 1348 3446 est,

282 3455 353 3487 quod
363 3459 449 3487 partes
463 3453 614 3478 essentiales
629 3452 765 3485 compositi
780 3456 897 3477 concrete
911 3455 1038 3483 acceptae,
1049 3450 1126 3475 etiam
1139 3450 1165 3475 in
1178 3450 1348 3474 disiunctione

282 3494 410 3522 sumptae,
425 3489 512 3514 dicunt
524 3493 606 3514 totam
620 3488 769 3518 essentiam,
784 3487 904 3519 quamvis
918 3494 972 3510 non
985 3485 1121 3518 explicent,
1137 3485 1202 3510 sicut
1216 3485 1309 3509 animal
1323 3485 1349 3509 in

282 3525 388 3551 homine
406 3524 466 3549 dicit
483 3528 567 3549 totum
585 3523 732 3552 hominem;
757 3527 783 3547 at
801 3526 890 3547 contra
908 3526 948 3546 est
965 3521 991 3546 in
1011 3520 1165 3553 complexis:
1191 3528 1251 3544 nam
1270 3521 1348 3545 homo

282 3568 368 3593 neque
380 3560 503 3592 implicite
516 3566 603 3592 neque
616 3558 732 3591 explicite
750 3558 777 3582 in
795 3565 842 3582 sua
860 3561 951 3582 natura
969 3556 1028 3581 dicit
1041 3556 1139 3584 album,
1159 3563 1245 3588 neque
1263 3555 1289 3580 in
1304 3556 1348 3580 de-

281 3591 398 3620 finitione
416 3595 465 3620 albi
484 3595 596 3628 ponitur,
615 3598 644 3619 ut
662 3594 754 3619 dicitur
772 3592 836 3618 infra
855 3593 913 3618 lect.
926 3599 977 3623 xrv,
993 3600 1019 3616 n.
1035 3598 1078 3616 2-
1094 3589 1148 3625 (cf.
1167 3591 1215 3615 loc.
1232 3591 1271 3616 cit.
1290 3590 1348 3615 Me-

281 3631 398 3665 taphys„
418 3631 475 3656 lect.
489 3629 548 3665 χιι).

1398 419 1748 466 praecognitionem
1789 419 1997 466 habemus,
2036 419 2174 456 scilicet
2210 421 2298 468 quia
2336 427 2390 457 est
2429 430 2466 458 et

1400 471 1490 518 quid
1516 477 1578 508 est.

1454 524 1502 559 Et
1521 524 1625 572 quod
1681 525 1752 561 alia
1771 532 1857 561 sunt
1877 525 1924 561 de
1940 524 2077 573 quibus
2097 537 2251 562 necesse
2268 534 2324 562 est
2336 526 2462 574 primo

1402 578 1660 622 cognoscere*
1679 578 1766 625 quia
1787 585 1892 624 sunt,
1923 578 2018 614 sicut
2035 578 2219 627 principia
2249 579 2296 615 de
2325 579 2464 627 quibus

1400 635 1533 686 postea
1561 630 1823 678 exemplificat,
1844 643 1991 678 ponens
2011 631 2048 667 in
2071 632 2244 680 exemplo
2259 632 2280 653 *
2297 632 2464 680 primum

1401 693 1575 717 omnium
1603 682 1892 730 principiorum,
1923 684 2060 720 scilicet
2087 685 2193 732 quod
2221 685 2266 721 de
2299 697 2465 733 unoquo-

1401 745 1472 781 que
1487 734 1507 754 *
1526 740 1580 770 est
1591 736 1798 783 affirmatio
1817 736 1876 772 vel
1899 737 2048 786 negatio
2072 749 2174 774 vera.

1459 787 1491 823 5.
1512 787 1596 823 Alia
1613 799 1707 824 vero
1728 796 1824 834 sunt,
1843 789 1890 825 de
1910 789 2047 836 quibus
2074 798 2223 839 oportet
2242 791 2465 839 praeintelli-

1401 851 1489 887 gere
1509 840 1599 887 quid
1616 841 1700 876 est*
1719 841 1820 887 quod
1842 842 1986 887 dicitur,
2008 842 2103 879 idest
2122 843 2213 891 quid
2237 843 2467 891 significatur

1401 904 1471 941 per
1498 905 1653 938 nornen,
1684 892 1821 929 scilicet
1849 894 1896 930 de
1918 895 2166 942 passionibus.
2197 897 2246 933 Et
2273 909 2351 933 non
2380 897 2467 934 dicit

1402 945 1492 993 quid
1509 951 1564 982 est
1580 945 1808 993 simpliciter,
1830 947 1896 983 sed
1915 948 2005 994 quid
2021 954 2075 984 est
2091 949 2190 996 quod
2212 949 2357 995 dicitur,
2378 950 2466 997 quia

1403 1006 1608 1046 antequam
1629 998 1766 1034 sciatur
1786 998 1832 1035 de
1853 999 1978 1047 aliquo
1999 1013 2047 1036 an
2067 1001 2122 1047 sit,
2144 1014 2222 1038 non
2240 1010 2364 1050 potest
2382 1003 2467 1039 sciri

1402 1051 1554 1100 proprie
1584 1051 1630 1088 de
1661 1063 1706 1087 eo
1736 1051 1827 1099 quid
1861 1059 1931 1088 est:
1967 1065 2046 1089 non
2079 1054 2221 1091 entium
2254 1055 2355 1092 enim
2388 1068 2467 1092 non

1404 1113 1491 1140 sunt
1515 1104 1764 1141 definitiones.
1786 1104 1896 1141 Unde
1916 1106 2098 1153 quaestio,
2119 1119 2168 1143 an
2188 1113 2256 1152 est,
2276 1108 2468 1156 praecedit

1404 1157 1679 1205 quaestionem,
1700 1157 1790 1205 quid
1807 1163 1869 1194 est.
1901 1158 1977 1194 Sed
2006 1171 2083 1195 non
2111 1167 2234 1207 potest
2253 1161 2399 1197 ostendi
2419 1161 2466 1197 de

1405 1210 1530 1258 aliquo
1560 1222 1608 1246 an
1628 1210 1684 1256 sit,
1715 1210 1784 1246 nisi
1812 1210 1915 1258 prius
1935 1210 2154 1259 intelligatur
2173 1213 2264 1260 quid
2284 1213 2467 1260 significa-

1404 1271 1464 1300 tur
1482 1275 1550 1311 per
1569 1275 1723 1299 nomen.
1746 1264 1904 1312 Propter
1923 1264 2028 1312 quod
2049 1264 2161 1301 etiam
2176 1266 2196 1286 ³²
2215 1266 2466 1315 Philosophus

1405 1316 1443 1353 in
1467 1317 1518 1352 IV
1545 1316 1832 1364 Metaphysicae
1850 1317 1881 1363 ³¹⁶,
1902 1316 1940 1353 in
1970 1316 2219 1365 disputatione
2249 1327 2378 1355 contra
2403 1332 2466 1356 ne-

1405 1377 1535 1417 gantes
1563 1369 1745 1418 principia
1768 1370 1788 1390 '¹‘
1818 1369 1928 1406 docet
1956 1369 2119 1418 incipere
2148 1383 2170 1407 a
2199 1371 2468 1418 significatione

1405 1435 1618 1459 nominum.

1458 1475 1723 1524 Exemplificat
1751 1483 1879 1512 autem
1909 1475 1956 1512 de
1975 1476 2171 1523 triangulo,
2193 1477 2240 1513 de
2259 1489 2336 1525 quo
2357 1490 2468 1525 opor-

1404 1536 1456 1565 tet
1473 1529 1659 1577 praescire
1677 1529 1696 1550 *
1715 1529 1897 1576 quoniam
1917 1541 2061 1566 nomen
2080 1529 2159 1566 eius
2180 1530 2254 1566 hoc
2274 1530 2467 1577 significat,

1404 1582 1509 1630 quod
1537 1582 1674 1618 scilicet
1702 1581 1740 1618 in
1768 1594 1835 1618 sua
1865 1581 2083 1619 definitione
2118 1583 2337 1619 continetur.
2369 1583 2469 1619 Cum

1405 1635 1508 1671 enirn
1528 1636 1548 1656 *
1585 1634 1791 1672 accidentia
1828 1635 1998 1682 quodam
2036 1635 2169 1675 ordine
2211 1636 2260 1672 ad
2299 1636 2469 1673 substan-

1403 1688 1524 1725 tiam*
1544 1689 1762 1733 referantur,
1779 1700 1857 1724 non
1877 1696 1932 1724 est
1950 1688 2221 1725 inconveniens
2237 1689 2275 1725 id
2290 1689 2395 1737 quod
2415 1697 2470 1726 est

1403 1741 1578 1778 accidens
1597 1741 1635 1778 in
1655 1749 1826 1790 respectu
1855 1742 1904 1778 ad
1929 1741 2079 1789 aliquid,
2110 1754 2192 1778 esse
2213 1742 2326 1779 etiam
2346 1742 2468 1779 subie-

1405 1802 1508 1831 ctum
1536 1794 1574 1831 in
1603 1802 1776 1843 respectu
1804 1794 1952 1831 alterius
1974 1795 2003 1831 ³¹².
2036 1794 2139 1831 Sicut
2167 1795 2384 1843 superficies
2414 1803 2470 1832 est

1404 1847 1579 1884 accidens
1599 1847 1827 1884 substantiae
1844 1850 1862 1867 '⁹
1884 1848 2103 1896 corporalis:
2134 1860 2232 1896 quae
2251 1856 2380 1885 tamen
2408 1856 2468 1885 su-

1403 1900 1576 1949 perficies
1596 1908 1651 1937 est
1670 1900 1837 1948 primum
1858 1901 2068 1938 subiectum
2085 1901 2251 1937 coloris‘.
2274 1901 2316 1938 Id
2340 1908 2467 1938 autern

1457 2073 1481 2110 δ)
1502 2075 1567 2099 Cum
1578 2074 1741 2106 principium
1754 2075 1789 2099 sit
1801 2074 1950 2099 enunciatio
1963 2075 2101 2107 quaedam,
2115 2082 2167 2099 non
2177 2078 2268 2107 potest
2275 2076 2469 2108 praecognosci

1406 2110 1438 2135 de
1453 2111 1509 2142 ipso
1527 2110 1593 2143 quid
1611 2113 1658 2139 est,
1673 2110 1720 2135 sed
1737 2111 1821 2135 solum
1837 2110 1900 2142 quia
1919 2117 2010 2134 verum
2025 2113 2071 2135 est.
2091 2111 2161 2135 Haec
2175 2111 2300 2135 sententia
2318 2119 2340 2135 s.
2350 2110 2468 2136 Thomae

1405 2146 1492 2170 nititur
1505 2146 1634 2178 principiis
1649 2146 1806 2178 praemissis,
1826 2153 1920 2178 nempe
1936 2146 2006 2178 quod
2019 2146 2152 2178 complexa
2170 2154 2222 2170 non
2237 2145 2391 2170 definiuntur
2409 2155 2469 2179 pro·-

1405 2182 1460 2213 pria
1475 2180 1620 2205 definitione
1636 2178 1723 2214 (cuius
1742 2186 1782 2205 est
1795 2181 1927 2212 assignare
1941 2181 2006 2213 quid
2020 2186 2059 2205 est
2073 2180 2132 2215 rei),
2149 2186 2175 2205 et
2189 2182 2259 2213 quod
2273 2182 2394 2214 principia
2408 2187 2469 2206 sunt

1406 2217 1511 2249 aliquod
1529 2217 1711 2248 complexum,
1736 2224 1830 2249 nempe
1849 2217 2038 2249 propositiones
2062 2224 2109 2240 seu
2134 2217 2331 2241 enunciationes.
2357 2217 2468 2246 Quidam

1405 2257 1492 2276 tamen
1511 2259 1532 2276 s.
1542 2251 1660 2276 Thomae
1679 2251 1725 2276 hac
1745 2252 1769 2276 in
1789 2259 1816 2275 re
1836 2252 2017 2280 contradicunt,
2037 2259 2103 2283 quos
2123 2252 2188 2276 inter
2203 2252 2324 2284 Aegidius
2344 2253 2369 2276 in
2388 2252 2397 2276 1
2416 2252 2467 2276 Po-

1405 2287 1519 2318 sterior„
1538 2287 1563 2319 ξ.
1575 2287 1724 2318 Dupliciter
1737 2290 1825 2311 autem
1841 2285 1974 2319 (Venetus,
1992 2286 2066 2317 1530,
2080 2286 2124 2311 fol.
2134 2285 2159 2316 8,
2174 2287 2222 2311 col.
2235 2294 2247 2310 2
2263 2305 2269 2311 .
2283 2287 2469 2312 Animadvertit

1406 2323 1474 2346 enim
1493 2323 1563 2355 quod
1583 2323 1701 2355 quamvis
1721 2323 1915 2355 complexorum
1934 2330 1986 2351 non
2005 2322 2038 2346 sit
2056 2321 2167 2346 definitio
2186 2322 2231 2354 qui

1405 2363 1458 2382 not.
1470 2356 1508 2392 β),
1527 2363 1614 2382 tamen
1628 2365 1658 2382 ea
1672 2356 1826 2382 definiuntur
1840 2365 1887 2390 per
1901 2357 1965 2389 quid
1977 2356 2099 2381 nominis.
2118 2358 2199 2381 Porro
2214 2358 2246 2382 de
2259 2357 2306 2382 hac
2319 2358 2409 2382 ultima
2423 2358 2467 2382 de-

1405 2392 1518 2418 finitione
1537 2393 1650 2425 loquitur
1668 2393 1832 2417 Aristoteles:
1853 2393 1911 2417 dicit
1930 2393 1998 2417 enim
2018 2390 2041 2416 τί
2061 2389 2091 2416 τὸ
2110 2391 2249 2426 λεγόμενόν
2270 2390 2354 2417 ἐστι.-
2363 2394 2414 2417 Sed
2426 2401 2467 2417 re-

1406 2429 1516 2460 spondet
1530 2428 1666 2452 Caietanus
1687 2426 1725 2462 (in
1744 2428 1876 2458 IPoster.,
1892 2435 1947 2460 cap.
1959 2435 1980 2458 1,
2001 2427 2026 2460 ξ.
2042 2428 2083 2452 De
2098 2428 2292 2459 principiorum
2307 2428 2467 2461 praecogni-

1405 2463 1490 2497 tione)
1511 2464 1581 2496 quod
1600 2469 1737 2496 arguentes
1755 2463 1805 2488 hoc
1823 2464 1902 2487 modo
1921 2463 2064 2487 Aristotelis
2079 2468 2177 2488 textum
2191 2464 2276 2487 minus
2290 2464 2469 2495 perspicaciter

1405 2504 1466 2523 sunt
1479 2499 1569 2523 intuiti.
1588 2499 1694 2523 Falsum
1713 2504 1753 2523 est
1771 2499 1900 2531 siquidem
1918 2499 1989 2530 quod
2003 2499 2155 2523 Aristoteles
2174 2499 2275 2523 nonnisi
2294 2498 2468 2523 definitionem

1404 2535 1470 2566 quid
1483 2534 1597 2559 nominis
1610 2534 1710 2559 indicet.
1729 2534 1794 2558 Dicit
1808 2534 1884 2563 enim,
1904 2533 1970 2566 quid
1982 2537 2022 2558 est
2035 2534 2107 2566 quod
2120 2534 2226 2562 dicitur,
2242 2531 2266 2558 ri
2281 2530 2312 2558 τὸ
2327 2533 2466 2567 λεγόμενόν

1405 2568 1467 2600 ἐστι,
1486 2570 1581 2602 quibus
1599 2569 1686 2594 verbis
1705 2570 1809 2594 includit
1827 2569 1891 2601 quid
1910 2569 2023 2594 nominis
2037 2574 2063 2593 et
2076 2569 2141 2601 quid
2160 2569 2214 2594 rei:
2231 2577 2292 2594 nam
2311 2577 2468 2602 cognoscere

1404 2605 1470 2638 quid
1479 2605 1583 2633 ,dicitur
1597 2610 1637 2629 est
1651 2605 1757 2637 quidem
1776 2612 1932 2637 cognoscere
1949 2604 2015 2636 quid
2033 2605 2154 2632 nominis,
2174 2605 2220 2629 sed
2235 2612 2390 2637 cognoscere
2403 2605 2468 2636 quid

1404 2644 1444 2666 est
1462 2641 1492 2665 id
1509 2640 1581 2673 quod
1599 2640 1700 2665 dicitur
1723 2645 1764 2664 est
1788 2647 1944 2672 cognoscere
1967 2644 1993 2664 et
2011 2640 2076 2671 quid
2094 2640 2207 2664 nominis
2232 2645 2257 2664 et
2281 2640 2346 2672 quid
2363 2640 2403 2664 rei
2421 2648 2467 2672 per

1404 2684 1501 2701 nomen
1519 2676 1609 2700 dictae.
1632 2676 1686 2700 Nec
1708 2675 1795 2700 obstat
1813 2676 1936 2707 expositio
1961 2683 1983 2699 s.
1996 2675 2114 2699 Thomae
2133 2676 2319 2707 interpretantis
2344 2675 2410 2707 quid
2427 2679 2468 2700 est

1404 2711 1476 2744 quod
1489 2711 1589 2736 dicitur
1607 2718 1653 2743 per
1666 2711 1731 2743 quid
1748 2710 1918 2743 significatur
1930 2717 1983 2742 per
1998 2717 2091 2735 nomen
2112 2710 2170 2742 (inf.
2183 2719 2208 2734 n.
2226 2710 2268 2744 5):
2288 2718 2349 2734 nam
2366 2711 2466 2735 Aristo-

1404 2747 1461 2771 telis
1481 2754 1568 2771 sermo
1586 2751 1698 2778 utroque
1716 2746 1795 2770 modo
1814 2746 1905 2778 exponi
1924 2750 2009 2777 potest
2025 2750 2050 2770 et
2064 2746 2197 2777 exponitur
2215 2754 2230 2770 a
2249 2754 2270 2770 s.
2285 2745 2395 2770 Thoma.
2415 2746 2466 2770 Re-

1403 2790 1465 2807 vera
1479 2790 1501 2806 s.
1510 2782 1607 2806 Doctor
1621 2789 1751 2814 exponens
1765 2789 1790 2805 n.
1803 2780 1816 2806 5
1832 2781 1874 2805 illa
1887 2781 2032 2805 Aristotelis
2046 2781 2125 2805 verba
2138 2781 2203 2812 quid
2216 2784 2255 2805 est
2272 2781 2344 2812 quod
2358 2781 2464 2810 dicitur,

1405 2818 1487 2848 addit,
1502 2817 1570 2842 idest
1583 2817 1648 2849 quid
1661 2817 1829 2850 significatur
1843 2823 1895 2848 per
1914 2823 2021 2845 nomem
2034 2821 2059 2840 at
2073 2821 2163 2848 postea
2177 2816 2209 2840 ib.
2221 2816 2252 2840 de
2266 2817 2392 2848 triangulo
2407 2816 2466 2845 dicit

1404 2853 1475 2885 quod
1495 2856 1600 2884 oportet
1613 2852 1751 2884 praescire
1770 2852 1895 2884 quoniam
1911 2859 2003 2876 nomen
2018 2851 2074 2876 eius
2088 2851 2136 2875 hoc
2151 2849 2288 2883 significat,
2305 2851 2376 2882 quod
2395 2851 2464 2876 scili-

1403 2892 1445 2914 cet
1463 2888 1489 2912 in
1503 2895 1552 2913 sua
1567 2887 1719 2920 definitione
1737 2887 1895 2912 continetur.
1915 2887 1972 2911 Non
1990 2887 2118 2911 immerito
2137 2894 2211 2918 ergo,
2231 2891 2259 2910 ut
2277 2886 2338 2910 mihi
2356 2886 2463 2916 videtur,

1404 2924 1539 2948 Caietanus
1558 2922 1668 2948 affirmat
1686 2923 1765 2955 quod,
1785 2923 1852 2946 iuxta
1866 2930 1887 2946 s.
1898 2922 2035 2951 Thomam,
2051 2929 2206 2953 cognoscere
2220 2921 2284 2953 quid
2297 2924 2337 2945 est
2351 2921 2380 2945 id
2393 2921 2465 2953 quod

1404 2959 1503 2984 dicitur
1520 2963 1561 2983 est
1579 2965 1735 2991 cognoscere
1758 2957 1823 2990 quid
1841 2957 1954 2982 nominis
1977 2960 2003 2981 et
2025 2957 2090 2988 quid
2107 2956 2183 2981 rei.—
2197 2957 2260 2980 Cod.
2275 2956 2298 2980 G
2317 2957 2464 2980 immediate

1404 2995 1490 3019 addit:
1516 2993 1548 3018 de
1567 2994 1618 3018 illis
1637 2993 1706 3018 enim
1725 2993 1809 3018 scitur
1827 2992 1892 3024 quid
1910 2995 1962 3020 est,
1982 2999 2093 3024 quorum
2114 2991 2232 3023 definitio
2250 2991 2370 3015 habetur.
2390 2991 2464 3021 Quae

1403 3029 1494 3059 verba,
1510 3037 1570 3053 cum
1584 3029 1760 3053 desiderentur
1779 3029 1803 3052 in
1818 3028 1873 3052 aliis
1887 3027 2031 3056 codicibus,
2051 3028 2190 3051 retinemus
2205 3034 2264 3050 esse
2279 3031 2367 3050 notam
2382 3034 2470 3058 quan-.

1404 3065 1464 3089 darn
1482 3065 1663 3096 marginalem,
1683 3071 1762 3095 quam
1780 3068 1870 3095 postea
1888 3063 2051 3087 amanuensis
2070 3062 2147 3086 textui
2167 3062 2280 3086 inseruit.

1456 3099 1478 3131 ε)
1493 3099 1651 3131 Super-ficies
1665 3102 1705 3123 est
1714 3099 1832 3130 primum
1847 3098 1989 3123 subiectum
2001 3097 2242 3122 coloris.—-Codices
2253 3104 2353 3126 omnes,
2363 3104 2416 3121 exc.
2427 3097 2462 3121 R:

1403 3134 1555 3166 superficies
1567 3137 1607 3159 est
1620 3134 1764 3165 proprium
1782 3133 1925 3158 subiectum
1939 3133 2070 3157 coloris-.-
2080 3132 2222 3156 Retinendo
2236 3132 2341 3156 Pianam
2354 3139 2463 3156 necesse

1404 3175 1444 3194 est
1462 3175 1490 3194 ut
1508 3177 1554 3201 per
1568 3169 1688 3200 primum
1707 3169 1878 3200 intelligamus
1903 3167 2092 3192 immediatum.
2118 3167 2144 3191 Id
2164 3172 2233 3198 patet
2255 3174 2286 3191 ex
2304 3166 2462 3198 praemissis,

1402 3205 1427 3229 in
1447 3205 1541 3237 quibus
1560 3205 1650 3228 dicitur
1669 3204 1739 3236 quod
1758 3204 1900 3228 substantia
1918 3203 2057 3234 corporalis
2082 3207 2121 3226 est
2139 3202 2283 3226 subiectum
2302 3201 2462 3233 superficiei;

1403 3247 1466 3271 ergo
1484 3240 1509 3263 in
1527 3239 1617 3263 ordine
1634 3239 1809 3267 subiectionis,
1829 3239 1971 3263 substantia
1989 3238 2128 3270 corporalis
2145 3242 2185 3261 est
2198 3237 2325 3268 primum,
2345 3237 2392 3261 sed
2410 3244 2462 3261 non

1404 3274 1585 3299 immediatum
1605 3274 1749 3298 subiectum
1764 3274 1865 3298 coloris.
1884 3274 2019 3297 Praeterea
2032 3274 2087 3305 ipse
2105 3281 2126 3296 s.
2141 3272 2256 3296 Thomas
2271 3272 2334 3302 1-11,
2353 3280 2398 3304 qu.
2411 3279 2463 3302 1.vr,

1404 3310 1473 3334 artic.
1492 3317 1500 3333 1
1519 3309 1550 3333 ad
1566 3308 1580 3333 3
1596 3310 1643 3333 ait:
1659 3319 1671 3331 σε
1684 3309 1771 3333 Unum
1790 3309 1907 3333 accidens
1921 3309 2012 3332 dicitur
2030 3315 2089 3332 esse
2107 3308 2131 3332 in
2146 3308 2195 3331 alio
2214 3308 2280 3331 sicut
2298 3308 2323 3331 in
2337 3307 2461 3337 subiecto,

1405 3354 1418 3367 s
1438 3352 1490 3368 non
1509 3344 1569 3376 quia
1587 3344 1705 3368 accidens
1724 3351 1770 3375 per
1788 3344 1903 3375 seipsum
1922 3344 2005 3375 possit
2022 3348 2166 3367 sustentare
2184 3342 2252 3366 aliud
2270 3342 2396 3372 accidens,
2415 3343 2463 3366 sed

1406 3389 1419 3402 ι
1439 3380 1499 3411 quia
1517 3386 1599 3403 unum
1614 3379 1731 3403 accidens
1750 3378 1864 3402 inhaeret
1882 3378 2039 3403 substantiae
2058 3378 2190 3402 mediante
2209 3378 2258 3401 alio
2277 3377 2414 3407 accidente,
2433 3382 2462 3401 ut

1406 3424 1419 3437 a»
1439 3415 1510 3438 color
1524 3414 1624 3445 corpori
1643 3414 1771 3438 mediante
1785 3412 1927 3445 superficie.
1947 3414 2021 3438 Unde
2035 3411 2183 3444 superficies
2198 3413 2288 3436 dicitur
2301 3420 2360 3436 esse
2375 3412 2461 3436 subie-

1406 3459 1418 3472 »
1439 3454 1510 3474 ctum
1528 3449 1630 3473 coloris.
1643 3459 1655 3471 ι
1675 3449 1709 3473 Et
1726 3456 1751 3480 p.
1766 3448 1810 3478 111,
1825 3456 1869 3480 qu.
1883 3455 1979 3478 Lxxvu,
1997 3449 2066 3472 artic.
2080 3455 2111 3472 n:
2132 3457 2145 3469 ‹
2157 3448 2250 3477 Prima,
2267 3447 2359 3479 inquit,
2375 3448 2461 3479 dispo-

1406 3494 1418 3507 »
1439 3485 1497 3508 sitio
1515 3484 1636 3508 materiae
1653 3488 1694 3508 est
1712 3484 1840 3516 quantitas
1859 3483 2035 3507 dimensiva...
2049 3483 2082 3507 Et
2102 3483 2163 3514 quia
2176 3483 2295 3514 primurn
2316 3483 2462 3507 subiectum

1406 3530 1418 3542 »
1439 3525 1479 3543 est
1492 3519 1606 3549 materia,
1625 3526 1788 3551 consequens
1805 3523 1845 3543 est
1859 3518 1929 3550 quod
1947 3519 2034 3542 omnia
2052 3518 2100 3542 alia
2118 3518 2255 3542 accidentia
2273 3517 2415 3542 referantur
2429 3518 2462 3542 ad

1405 3565 1418 3577 2
1439 3554 1583 3579 subiectum
1597 3554 1729 3579 mediante
1743 3554 1882 3586 quantitate
1896 3554 2037 3578 dimensiva
2051 3553 2131 3585 (sicut
2145 3558 2170 3577 et
2181 3553 2302 3584 primum
2316 3553 2462 3577 subiectum

1403 3600 1416 3612 2
1437 3590 1530 3614 coloris
1545 3590 1634 3614 dicitur
1648 3597 1707 3614 esse
1722 3588 1895 3621 superficies).
1909 3598 1921 3611 »
1942 3589 1969 3613 In
1983 3588 2017 3612 lV
2032 3593 2118 3613 autem
2133 3588 2349 3617 Sententiarum„
2364 3588 2422 3612 dist.
2436 3596 2460 3618 x,

1403 3626 1472 3650 artic.
1490 3632 1530 3656 xv,
1550 3625 1610 3649 dicit
1628 3623 1790 3657 superficiem
1808 3632 1867 3649 esse
1887 3624 2068 3649 immediatum
2091 3623 2234 3648 subiectum
2254 3623 2362 3654 coloris3
2382 3628 2407 3648 et
2426 3623 2462 3648 ib.

2266 2322 2306 2347 rei
2324 2322 2378 2355 (Cf.
2389 2330 2468 2355 supra

2491 540 2502 551 '⁶
2516 546 2704 567 mnerxuuoqsr.

2494 577 2504 582 -
2519 573 2561 588 GL:
2587 570 2611 588 et
2630 569 2685 595 quia
2697 577 2706 593 ,-

2493 599 2542 614 mar
2559 609 2563 614 .
2574 599 2609 615 cn:
2619 597 2641 615 et
2649 595 2707 616 dicit

2492 625 2538 655 quo
2561 622 2633 644 ,·r:et
2644 621 2703 642 alia.

2503 651 2589 667 acuta:
2603 652 2705 673 praeco-

2492 677 2616 699 gnoscere.

2493 700 2526 718 ἰ.
2544 698 2619 719 omitt.
2639 699 2662 719 in
2682 705 2706 720 e-

2492 725 2590 751 xemplo.

2493 752 2502 760 ·
2513 756 2527 771 s
2535 750 2610 771 omitt.
2635 751 2688 772 uod.
2696 763 2706 767 -

2491 782 2524 798 m:
2536 776 2565 797 de
2572 757 2680 804 quoiibet.

2495 856 2502 864 “
2514 861 2533 876 1:
2549 855 2605 882 quid
2619 856 2656 877 sit.

2494 1283 2503 1291 '¹
2515 1288 2527 1302 a
2538 1282 2612 1303 omitt.
2627 1283 2704 1303 etiam.

2494 1334 2505 1344 ⁸
2514 1334 2605 1355 Comm.
2628 1341 2648 1355 s.
2659 1334 2704 1355 Th.

2495 1360 2644 1382 lectur-Ed.
2651 1361 2705 1382 Did.

2495 1387 2535 1407 lib.
2542 1387 2581 1411 111,
2588 1393 2645 1413 c.1v‚
2653 1393 2676 1408 n.
2683 1395 2706 1413 4.

2495 1414 2503 1422 ·
2511 1419 2552 1434 no:
2558 1414 2707 1440 principium.

2497 1544 2506 1554 ⁴*
2516 1550 2531 1564 x
2546 1544 2616 1565 male:
2638 1545 2707 1566 scire.

2496 1622 2507 1632 *
2518 1622 2593 1643 Codd.
2602 1634 2611 1638 -
2622 1629 2647 1644 r:
2663 1629 2706 1644 au-

2497 1650 2548 1669 tem.

2496 1676 2505 1684 '
2521 1675 2595 1696 Codd.
2609 1687 2624 1690 -
2636 1681 2708 1696 paon:

2496 1701 2530 1722 ad
2542 1701 2673 1723 subiectum.

2496 1729 2504 1737 ·
2515 1728 2540 1748 In
2552 1735 2579 1749 ex
2591 1728 2658 1749 codd.
2667 1735 2706 1749 -xz

2495 1754 2595 1775 alterius
2603 1762 2612 1779 ,·
2632 1756 2708 1775 tamen

2495 1780 2568 1801 aliter
2587 1783 2611 1801 et
2629 1781 2707 1802 aliter.

2495 1807 2568 1828 Sicut.

2497 1833 2588 1855 'Codd.
2604 1845 2614 1849 -
2630 1840 2654 1855 r:
2671 1840 2708 1855 re-

2495 1861 2575 1907 {gzeectu
2598 1859 2707 1881 substan-

2595 1923 2605 1938 Ε
