<?xml version="1.0" encoding="UTF-8"?>
<!DOCTYPE html PUBLIC "-//W3C//DTD XHTML 1.0 Transitional//EN"
    "http://www.w3.org/TR/xhtml1/DTD/xhtml1-transitional.dtd">
<html xmlns="http://www.w3.org/1999/xhtml" xml:lang="en" lang="en">
 <head>
  <title>
</title>
<meta http-equiv="Content-Type" content="text/html;charset=utf-8" />
  <meta name='ocr-system' content='tesseract 3.04.00' />
  <meta name='ocr-capabilities' content='ocr_page ocr_carea ocr_par ocr_line ocrx_word'/>
</head>
<body>
  <div class='ocr_page' id='page_1' title='image "./operaomniaiussui01thom/operaomniaiussui01thom_0754.png"; bbox 0 0 2788 4204; ppageno 0'>
   <div class='ocr_carea' id='block_1_1' title="bbox 111 460 294 518">
    <p class='ocr_par' dir='ltr' id='par_1_1' title="bbox 111 460 294 518">
     <span class='ocr_line' id='line_1_1' title="bbox 111 460 294 484; baseline -0.016 0"><span class='ocrx_word' id='word_1_1' title='bbox 111 465 123 475; x_wconf 68' lang='lat'>⁶</span> <span class='ocrx_word' id='word_1_2' title='bbox 135 469 163 484; x_wconf 69' lang='lat' dir='ltr'>a:</span> <span class='ocrx_word' id='word_1_3' title='bbox 179 464 203 483; x_wconf 87' lang='lat' dir='ltr'>et</span> <span class='ocrx_word' id='word_1_4' title='bbox 217 461 246 482; x_wconf 86' lang='lat' dir='ltr'>ab</span> <span class='ocrx_word' id='word_1_5' title='bbox 261 460 294 482; x_wconf 78' lang='lat' dir='ltr'>eis</span> 
     </span>
     <span class='ocr_line' id='line_1_2' title="bbox 113 495 181 518; baseline 0 -8"><span class='ocrx_word' id='word_1_6' title='bbox 113 495 181 518; x_wconf 84' lang='lat' dir='ltr'>quae.</span> 
     </span>
    </p>
   </div>
   <div class='ocr_carea' id='block_1_2' title="bbox 114 672 325 747">
    <p class='ocr_par' dir='ltr' id='par_1_2' title="bbox 114 672 325 747">
     <span class='ocr_line' id='line_1_3' title="bbox 114 672 322 702; baseline -0.01 -8"><span class='ocrx_word' id='word_1_7' title='bbox 114 674 122 683; x_wconf 79' lang='lat'><strong>·</strong></span> <span class='ocrx_word' id='word_1_8' title='bbox 131 672 266 694; x_wconf 83' lang='lat' dir='ltr'><em>Inveniatur</em></span> <span class='ocrx_word' id='word_1_9' title='bbox 275 677 322 702; x_wconf 59' lang='lat' dir='ltr'>om:</span> 
     </span>
     <span class='ocr_line' id='line_1_4' title="bbox 114 703 325 720; baseline -0.009 0"><span class='ocrx_word' id='word_1_10' title='bbox 114 705 154 720; x_wconf 82' lang='grc' dir='ltr'>ι-·ι.-</span> <span class='ocrx_word' id='word_1_11' title='bbox 163 705 192 719; x_wconf 70' lang='grc' dir='ltr'>ΑΝ</span> <span class='ocrx_word' id='word_1_12' title='bbox 201 704 249 719; x_wconf 88' lang='lat' dir='ltr'>om.</span> <span class='ocrx_word' id='word_1_13' title='bbox 255 703 325 719; x_wconf 87' lang='lat' dir='ltr'>omm-</span> 
     </span>
     <span class='ocr_line' id='line_1_5' title="bbox 116 725 166 747; baseline 0 -1"><span class='ocrx_word' id='word_1_14' title='bbox 116 725 166 747; x_wconf 78' lang='lat' dir='ltr'>bus.</span> 
     </span>
    </p>
   </div>
   <div class='ocr_carea' id='block_1_3' title="bbox 114 988 322 1037">
    <p class='ocr_par' dir='ltr' id='par_1_3' title="bbox 114 988 322 1037">
     <span class='ocr_line' id='line_1_6' title="bbox 114 988 322 1014; baseline -0.014 -3"><span class='ocrx_word' id='word_1_15' title='bbox 114 988 213 1014; x_wconf 75' lang='lat' dir='ltr'>&#39;Oodd.,</span> <span class='ocrx_word' id='word_1_16' title='bbox 223 993 271 1009; x_wconf 78' lang='lat' dir='ltr'>exc.</span> <span class='ocrx_word' id='word_1_17' title='bbox 282 993 322 1012; x_wconf 71' lang='lat' dir='ltr'>ao,</span> 
     </span>
     <span class='ocr_line' id='line_1_7' title="bbox 115 1014 213 1037; baseline -0.01 -1"><span class='ocrx_word' id='word_1_18' title='bbox 115 1022 161 1037; x_wconf 89' lang='lat' dir='ltr'>om.</span> <span class='ocrx_word' id='word_1_19' title='bbox 176 1014 213 1035; x_wconf 85' lang='lat' dir='ltr'>ab.</span> 
     </span>
    </p>
   </div>
   <div class='ocr_carea' id='block_1_4' title="bbox 213 1142 227 1175">
    <p class='ocr_par' dir='ltr' id='par_1_4' title="bbox 213 1142 227 1175">
     <span class='ocr_line' id='line_1_8' title="bbox 213 1142 227 1175; baseline 0 0"><span class='ocrx_word' id='word_1_20' title='bbox 213 1142 227 1175; x_wconf 85' lang='grc' dir='ltr'><strong>β</strong></span> 
     </span>
    </p>
   </div>
   <div class='ocr_carea' id='block_1_5' title="bbox 348 266 424 310">
    <p class='ocr_par' dir='ltr' id='par_1_5' title="bbox 348 266 424 310">
     <span class='ocr_line' id='line_1_9' title="bbox 348 266 424 310; baseline -0.026 -8"><span class='ocrx_word' id='word_1_21' title='bbox 348 266 424 310; x_wconf 86' lang='lat'>384</span> 
     </span>
    </p>
   </div>
   <div class='ocr_carea' id='block_1_6' title="bbox 349 322 1410 1070">
    <p class='ocr_par' dir='ltr' id='par_1_6' title="bbox 349 322 1410 1070">
     <span class='ocr_line' id='line_1_10' title="bbox 403 322 1407 385; baseline -0.022 -7"><span class='ocrx_word' id='word_1_22' title='bbox 403 354 437 378; x_wconf 88' lang='lat'>2.</span> <span class='ocrx_word' id='word_1_23' title='bbox 471 339 571 377; x_wconf 86' lang='lat' dir='ltr'>Dicit</span> <span class='ocrx_word' id='word_1_24' title='bbox 607 349 696 385; x_wconf 92' lang='lat' dir='ltr'>ergo</span> <span class='ocrx_word' id='word_1_25' title='bbox 729 334 852 384; x_wconf 90' lang='lat' dir='ltr'>primo</span> <span class='ocrx_word' id='word_1_26' title='bbox 888 330 993 380; x_wconf 92' lang='lat' dir='ltr'>quod</span> <span class='ocrx_word' id='word_1_27' title='bbox 1026 329 1055 365; x_wconf 91' lang='lat' dir='ltr'>si</span> <span class='ocrx_word' id='word_1_28' title='bbox 1090 325 1222 374; x_wconf 90' lang='lat' dir='ltr'>aliquis</span> <span class='ocrx_word' id='word_1_29' title='bbox 1254 322 1407 371; x_wconf 86' lang='lat' dir='ltr'>inquirit</span> 
     </span>
     <span class='ocr_line' id='line_1_11' title="bbox 350 375 1406 433; baseline -0.022 0"><span class='ocrx_word' id='word_1_30' title='bbox 350 394 609 433; x_wconf 89' lang='lat' dir='ltr'>definitionem</span> <span class='ocrx_word' id='word_1_31' title='bbox 630 389 784 427; x_wconf 86' lang='lat' dir='ltr'>alicuius</span> <span class='ocrx_word' id='word_1_32' title='bbox 805 386 868 430; x_wconf 92' lang='lat' dir='ltr'>rei,</span> <span class='ocrx_word' id='word_1_33' title='bbox 890 389 1038 432; x_wconf 87' lang='lat' dir='ltr'>oportet</span> <span class='ocrx_word' id='word_1_34' title='bbox 1057 380 1160 428; x_wconf 91' lang='lat' dir='ltr'>quod</span> <span class='ocrx_word' id='word_1_35' title='bbox 1177 375 1343 425; x_wconf 85' lang='lat' dir='ltr'>attendat</span> <span class='ocrx_word' id='word_1_36' title='bbox 1358 375 1406 411; x_wconf 94' lang='lat' dir='ltr'>ad</span> 
     </span>
     <span class='ocr_line' id='line_1_12' title="bbox 350 429 1406 496; baseline -0.022 -10"><span class='ocrx_word' id='word_1_37' title='bbox 350 462 395 485; x_wconf 90' lang='lat' dir='ltr'>ea</span> <span class='ocrx_word' id='word_1_38' title='bbox 424 459 520 496; x_wconf 90' lang='lat' dir='ltr'>quae</span> <span class='ocrx_word' id='word_1_39' title='bbox 550 451 636 481; x_wconf 90' lang='lat' dir='ltr'>sunt</span> <span class='ocrx_word' id='word_1_40' title='bbox 664 441 797 479; x_wconf 81' lang='lat' dir='ltr'>similia</span> <span class='ocrx_word' id='word_1_41' title='bbox 822 438 886 483; x_wconf 92' lang='lat' dir='ltr'>illi,</span> <span class='ocrx_word' id='word_1_42' title='bbox 917 444 954 472; x_wconf 89' lang='lat' dir='ltr'>et</span> <span class='ocrx_word' id='word_1_43' title='bbox 982 434 1094 471; x_wconf 89' lang='lat' dir='ltr'>etiarn</span> <span class='ocrx_word' id='word_1_44' title='bbox 1123 433 1170 468; x_wconf 90' lang='lat' dir='ltr'>ad</span> <span class='ocrx_word' id='word_1_45' title='bbox 1201 443 1245 467; x_wconf 92' lang='lat' dir='ltr'>ea</span> <span class='ocrx_word' id='word_1_46' title='bbox 1263 429 1283 449; x_wconf 74' lang='lat'>&#39;¹‘</span> <span class='ocrx_word' id='word_1_47' title='bbox 1308 441 1406 488; x_wconf 84' lang='lat' dir='ltr'>quae</span> 
     </span>
     <span class='ocr_line' id='line_1_13' title="bbox 350 484 1408 543; baseline -0.021 -4"><span class='ocrx_word' id='word_1_48' title='bbox 350 509 436 539; x_wconf 87' lang='lat' dir='ltr'>sunt</span> <span class='ocrx_word' id='word_1_49' title='bbox 465 497 673 537; x_wconf 84' lang='lat' dir='ltr'>differentia</span> <span class='ocrx_word' id='word_1_50' title='bbox 697 496 744 531; x_wconf 92' lang='lat' dir='ltr'>ab</span> <span class='ocrx_word' id='word_1_51' title='bbox 765 493 824 528; x_wconf 87' lang='lat' dir='ltr'>illa</span> <span class='ocrx_word' id='word_1_52' title='bbox 850 503 900 527; x_wconf 90' lang='lat' dir='ltr'>re.</span> <span class='ocrx_word' id='word_1_53' title='bbox 932 487 1048 534; x_wconf 89' lang='lat' dir='ltr'>Quod</span> <span class='ocrx_word' id='word_1_54' title='bbox 1068 485 1224 543; x_wconf 79' lang='lat' dir='ltr'>quidem</span> <span class='ocrx_word' id='word_1_55' title='bbox 1250 484 1408 532; x_wconf 81' lang='lat' dir='ltr'>qualiter</span> 
     </span>
     <span class='ocr_line' id='line_1_14' title="bbox 349 539 1409 596; baseline -0.019 -5"><span class='ocrx_word' id='word_1_56' title='bbox 349 554 430 591; x_wconf 91' lang='lat' dir='ltr'>fieri</span> <span class='ocrx_word' id='word_1_57' title='bbox 452 553 601 593; x_wconf 85' lang='lat' dir='ltr'>debeat,</span> <span class='ocrx_word' id='word_1_58' title='bbox 623 546 783 585; x_wconf 87' lang='lat' dir='ltr'>ostendit</span> <span class='ocrx_word' id='word_1_59' title='bbox 802 544 968 580; x_wconf 90' lang='lat' dir='ltr'>subdens</span> <span class='ocrx_word' id='word_1_60' title='bbox 990 539 1094 588; x_wconf 91' lang='lat' dir='ltr'>quod</span> <span class='ocrx_word' id='word_1_61' title='bbox 1114 549 1240 586; x_wconf 83' lang='lat' dir='ltr'>primo</span> <span class='ocrx_word' id='word_1_62' title='bbox 1256 543 1409 596; x_wconf 30' lang='lat' dir='ltr'>‘opor-tet</span> 
     </span>
     <span class='ocr_line' id='line_1_15' title="bbox 351 591 1407 644; baseline -0.019 0"><span class='ocrx_word' id='word_1_63' title='bbox 351 607 447 644; x_wconf 91' lang='lat' dir='ltr'>circa</span> <span class='ocrx_word' id='word_1_64' title='bbox 466 604 598 641; x_wconf 84' lang='lat' dir='ltr'>similia</span> <span class='ocrx_word' id='word_1_65' title='bbox 618 599 854 638; x_wconf 86' lang='lat' dir='ltr'>considerare</span> <span class='ocrx_word' id='word_1_66' title='bbox 875 594 965 643; x_wconf 89' lang='lat' dir='ltr'>quid</span> <span class='ocrx_word' id='word_1_67' title='bbox 985 594 1085 630; x_wconf 91' lang='lat' dir='ltr'>idern</span> <span class='ocrx_word' id='word_1_68' title='bbox 1107 592 1143 627; x_wconf 91' lang='lat' dir='ltr'>in</span> <span class='ocrx_word' id='word_1_69' title='bbox 1160 591 1338 627; x_wconf 78' lang='lat' dir='ltr'>omnibus</span> <span class='ocrx_word' id='word_1_70' title='bbox 1354 602 1407 626; x_wconf 88' lang='lat' dir='ltr'>m-</span> 
     </span>
     <span class='ocr_line' id='line_1_16' title="bbox 350 643 1408 705; baseline -0.018 -8"><span class='ocrx_word' id='word_1_71' title='bbox 350 660 538 702; x_wconf 83' lang='lat' dir='ltr'>veniatur;</span> <span class='ocrx_word' id='word_1_72' title='bbox 558 662 648 705; x_wconf 91' lang='lat' dir='ltr'>puta</span> <span class='ocrx_word' id='word_1_73' title='bbox 668 653 758 702; x_wconf 90' lang='lat' dir='ltr'>quid</span> <span class='ocrx_word' id='word_1_74' title='bbox 779 651 879 687; x_wconf 89' lang='lat' dir='ltr'>idem</span> <span class='ocrx_word' id='word_1_75' title='bbox 906 646 1118 684; x_wconf 88' lang='lat' dir='ltr'>inveniatur</span> <span class='ocrx_word' id='word_1_76' title='bbox 1132 646 1151 666; x_wconf 72' lang='grc'><em>*</em></span> <span class='ocrx_word' id='word_1_77' title='bbox 1171 645 1208 680; x_wconf 91' lang='lat' dir='ltr'>in</span> <span class='ocrx_word' id='word_1_78' title='bbox 1229 643 1408 680; x_wconf 90' lang='lat' dir='ltr'>omnibus</span> 
     </span>
     <span class='ocr_line' id='line_1_17' title="bbox 351 696 1409 756; baseline -0.018 -6"><span class='ocrx_word' id='word_1_79' title='bbox 351 711 579 754; x_wconf 89' lang='lat' dir='ltr'>hominibus,</span> <span class='ocrx_word' id='word_1_80' title='bbox 597 707 660 756; x_wconf 92' lang='lat' dir='ltr'>qui</span> <span class='ocrx_word' id='word_1_81' title='bbox 680 716 814 741; x_wconf 88' lang='lat' dir='ltr'>omnes</span> <span class='ocrx_word' id='word_1_82' title='bbox 835 700 1066 738; x_wconf 88' lang='lat' dir='ltr'>conveniunt</span> <span class='ocrx_word' id='word_1_83' title='bbox 1085 699 1122 734; x_wconf 92' lang='lat' dir='ltr'>in</span> <span class='ocrx_word' id='word_1_84' title='bbox 1141 696 1334 756; x_wconf 36' lang='lat' dir='ltr'>hoc-quod</span> <span class='ocrx_word' id='word_1_85' title='bbox 1352 704 1409 756; x_wconf 76' lang='lat' dir='ltr'>est</span> 
     </span>
     <span class='ocr_line' id='line_1_18' title="bbox 352 753 1409 802; baseline -0.017 0"><span class='ocrx_word' id='word_1_86' title='bbox 352 777 432 802; x_wconf 90' lang='lat' dir='ltr'>esse</span> <span class='ocrx_word' id='word_1_87' title='bbox 448 762 636 800; x_wconf 88' lang='lat' dir='ltr'>rationale.</span> <span class='ocrx_word' id='word_1_88' title='bbox 655 760 790 795; x_wconf 85' lang='lat' dir='ltr'>Postea</span> <span class='ocrx_word' id='word_1_89' title='bbox 810 753 1127 792; x_wconf 86' lang='lat' dir='ltr'>considerandum</span> <span class='ocrx_word' id='word_1_90' title='bbox 1145 759 1199 787; x_wconf 90' lang='lat' dir='ltr'>est</span> <span class='ocrx_word' id='word_1_91' title='bbox 1218 758 1409 786; x_wconf 82' lang='lat' dir='ltr'>iterumm</span> 
     </span>
     <span class='ocr_line' id='line_1_19' title="bbox 351 805 1407 864; baseline -0.015 -10"><span class='ocrx_word' id='word_1_92' title='bbox 351 818 439 862; x_wconf 87' lang='lat' dir='ltr'>aliis,</span> <span class='ocrx_word' id='word_1_93' title='bbox 452 827 548 864; x_wconf 89' lang='lat' dir='ltr'>quae</span> <span class='ocrx_word' id='word_1_94' title='bbox 561 812 791 850; x_wconf 89' lang='lat' dir='ltr'>conveniunt</span> <span class='ocrx_word' id='word_1_95' title='bbox 806 821 892 845; x_wconf 89' lang='lat' dir='ltr'>cum</span> <span class='ocrx_word' id='word_1_96' title='bbox 908 806 1039 856; x_wconf 91' lang='lat' dir='ltr'>primis</span> <span class='ocrx_word' id='word_1_97' title='bbox 1054 806 1091 841; x_wconf 92' lang='lat' dir='ltr'>in</span> <span class='ocrx_word' id='word_1_98' title='bbox 1107 805 1246 841; x_wconf 89' lang='lat' dir='ltr'>eodem</span> <span class='ocrx_word' id='word_1_99' title='bbox 1258 815 1407 851; x_wconf 86' lang='lat' dir='ltr'>genere,</span> 
     </span>
     <span class='ocr_line' id='line_1_20' title="bbox 351 857 1409 909; baseline -0.015 -2"><span class='ocrx_word' id='word_1_100' title='bbox 351 878 387 907; x_wconf 93' lang='lat' dir='ltr'>et</span> <span class='ocrx_word' id='word_1_101' title='bbox 401 877 486 906; x_wconf 91' lang='lat' dir='ltr'>sunt</span> <span class='ocrx_word' id='word_1_102' title='bbox 500 867 568 904; x_wconf 90' lang='lat' dir='ltr'>sibi</span> <span class='ocrx_word' id='word_1_103' title='bbox 584 865 746 902; x_wconf 84' lang='lat' dir='ltr'>invicem</span> <span class='ocrx_word' id='word_1_104' title='bbox 763 863 865 899; x_wconf 90' lang='lat' dir='ltr'>idem</span> <span class='ocrx_word' id='word_1_105' title='bbox 881 860 1022 909; x_wconf 90' lang='lat' dir='ltr'>specie,</span> <span class='ocrx_word' id='word_1_106' title='bbox 1040 866 1126 895; x_wconf 88' lang='lat' dir='ltr'>sunt</span> <span class='ocrx_word' id='word_1_107' title='bbox 1149 865 1277 894; x_wconf 87' lang='lat' dir='ltr'>autem</span> <span class='ocrx_word' id='word_1_108' title='bbox 1293 857 1409 893; x_wconf 87' lang='lat' dir='ltr'>altera</span> 
     </span>
     <span class='ocr_line' id='line_1_21' title="bbox 351 910 1410 972; baseline -0.014 -12"><span class='ocrx_word' id='word_1_109' title='bbox 351 922 474 972; x_wconf 90' lang='lat' dir='ltr'>specie</span> <span class='ocrx_word' id='word_1_110' title='bbox 504 921 551 957; x_wconf 92' lang='lat' dir='ltr'>ab</span> <span class='ocrx_word' id='word_1_111' title='bbox 581 919 659 963; x_wconf 91' lang='lat' dir='ltr'>illis,</span> <span class='ocrx_word' id='word_1_112' title='bbox 694 928 791 965; x_wconf 92' lang='lat' dir='ltr'>quae</span> <span class='ocrx_word' id='word_1_113' title='bbox 826 915 950 963; x_wconf 90' lang='lat' dir='ltr'>primo</span> <span class='ocrx_word' id='word_1_114' title='bbox 984 912 1280 960; x_wconf 83' lang='lat' dir='ltr'>accipiebantur,</span> <span class='ocrx_word' id='word_1_115' title='bbox 1315 910 1410 946; x_wconf 90' lang='lat' dir='ltr'>sicut</span> 
     </span>
     <span class='ocr_line' id='line_1_22' title="bbox 351 963 1408 1024; baseline -0.014 -11"><span class='ocrx_word' id='word_1_116' title='bbox 351 975 436 1024; x_wconf 89' lang='lat' dir='ltr'>equi</span> <span class='ocrx_word' id='word_1_117' title='bbox 452 975 498 1010; x_wconf 90' lang='lat' dir='ltr'>ab</span> <span class='ocrx_word' id='word_1_118' title='bbox 520 974 539 994; x_wconf 68' lang='lat'>’³²</span> <span class='ocrx_word' id='word_1_119' title='bbox 559 970 794 1009; x_wconf 89' lang='lat' dir='ltr'>hominibus:</span> <span class='ocrx_word' id='word_1_120' title='bbox 817 974 966 1016; x_wconf 88' lang='lat' dir='ltr'>oportet</span> <span class='ocrx_word' id='word_1_121' title='bbox 986 966 1098 1002; x_wconf 89' lang='lat' dir='ltr'>etiarn</span> <span class='ocrx_word' id='word_1_122' title='bbox 1119 964 1291 1012; x_wconf 91' lang='lat' dir='ltr'>accipere</span> <span class='ocrx_word' id='word_1_123' title='bbox 1317 963 1408 1012; x_wconf 92' lang='lat' dir='ltr'>quid</span> 
     </span>
     <span class='ocr_line' id='line_1_23' title="bbox 350 1017 1408 1070; baseline -0.013 -4"><span class='ocrx_word' id='word_1_124' title='bbox 350 1029 395 1066; x_wconf 92' lang='lat' dir='ltr'>sit</span> <span class='ocrx_word' id='word_1_125' title='bbox 412 1028 514 1064; x_wconf 88' lang='lat' dir='ltr'>idern</span> <span class='ocrx_word' id='word_1_126' title='bbox 534 1026 571 1062; x_wconf 91' lang='lat' dir='ltr'>in</span> <span class='ocrx_word' id='word_1_127' title='bbox 586 1025 653 1070; x_wconf 91' lang='lat' dir='ltr'>his,</span> <span class='ocrx_word' id='word_1_128' title='bbox 679 1022 816 1060; x_wconf 89' lang='lat' dir='ltr'>scilicet</span> <span class='ocrx_word' id='word_1_129' title='bbox 832 1020 949 1069; x_wconf 88' lang='lat' dir='ltr'>equis,</span> <span class='ocrx_word' id='word_1_130' title='bbox 979 1027 1069 1068; x_wconf 88' lang='lat' dir='ltr'>puta</span> <span class='ocrx_word' id='word_1_131' title='bbox 1089 1017 1280 1055; x_wconf 87' lang='lat' dir='ltr'>hinnibile.</span> <span class='ocrx_word' id='word_1_132' title='bbox 1308 1017 1408 1053; x_wconf 89' lang='lat' dir='ltr'>Cum</span> 
     </span>
    </p>
   </div>
   <div class='ocr_carea' id='block_1_7' title="bbox 351 1070 1433 1129">
    <p class='ocr_par' dir='ltr' id='par_1_7' title="bbox 351 1070 1433 1129">
     <span class='ocr_line' id='line_1_24' title="bbox 351 1070 1433 1129; baseline -0.011 -11"><span class='ocrx_word' id='word_1_133' title='bbox 351 1093 438 1129; x_wconf 88' lang='lat' dir='ltr'>ergo</span> <span class='ocrx_word' id='word_1_134' title='bbox 451 1079 652 1128; x_wconf 86' lang='lat' dir='ltr'>accipiatur</span> <span class='ocrx_word' id='word_1_135' title='bbox 666 1075 756 1125; x_wconf 88' lang='lat' dir='ltr'>quid</span> <span class='ocrx_word' id='word_1_136' title='bbox 771 1075 817 1111; x_wconf 91' lang='lat' dir='ltr'>sit</span> <span class='ocrx_word' id='word_1_137' title='bbox 831 1074 933 1111; x_wconf 89' lang='lat' dir='ltr'>idern</span> <span class='ocrx_word' id='word_1_138' title='bbox 948 1073 985 1109; x_wconf 92' lang='lat' dir='ltr'>in</span> <span class='ocrx_word' id='word_1_139' title='bbox 997 1072 1176 1109; x_wconf 88' lang='lat' dir='ltr'>omnibus</span> <span class='ocrx_word' id='word_1_140' title='bbox 1191 1071 1260 1117; x_wconf 90' lang='lat' dir='ltr'>his,</span> <span class='ocrx_word' id='word_1_141' title='bbox 1270 1070 1410 1107; x_wconf 89' lang='lat' dir='ltr'>scilicet</span> <span class='ocrx_word' id='word_1_142' title='bbox 1428 1080 1433 1086; x_wconf 84' lang='grc'><strong><em>’</em></strong></span> 
     </span>
    </p>
   </div>
   <div class='ocr_carea' id='block_1_8' title="bbox 350 1124 1408 1228">
    <p class='ocr_par' dir='ltr' id='par_1_8' title="bbox 350 1124 1408 1228">
     <span class='ocr_line' id='line_1_25' title="bbox 350 1124 1408 1178; baseline -0.01 -7"><span class='ocrx_word' id='word_1_143' title='bbox 350 1133 566 1171; x_wconf 90' lang='lat' dir='ltr'>hominibus</span> <span class='ocrx_word' id='word_1_144' title='bbox 576 1130 605 1177; x_wconf 69' lang='grc' dir='ltr'>β,</span> <span class='ocrx_word' id='word_1_145' title='bbox 622 1130 709 1178; x_wconf 89' lang='lat' dir='ltr'>quia</span> <span class='ocrx_word' id='word_1_146' title='bbox 725 1128 922 1171; x_wconf 89' lang='lat' dir='ltr'>rationale;</span> <span class='ocrx_word' id='word_1_147' title='bbox 939 1134 976 1162; x_wconf 88' lang='lat' dir='ltr'>et</span> <span class='ocrx_word' id='word_1_148' title='bbox 990 1126 1081 1174; x_wconf 90' lang='lat' dir='ltr'>quid</span> <span class='ocrx_word' id='word_1_149' title='bbox 1097 1125 1142 1162; x_wconf 91' lang='lat' dir='ltr'>sit</span> <span class='ocrx_word' id='word_1_150' title='bbox 1156 1125 1259 1162; x_wconf 90' lang='lat' dir='ltr'>idem</span> <span class='ocrx_word' id='word_1_151' title='bbox 1280 1124 1408 1161; x_wconf 88' lang='lat' dir='ltr'>simili-</span> 
     </span>
     <span class='ocr_line' id='line_1_26' title="bbox 350 1178 1408 1228; baseline -0.01 -4"><span class='ocrx_word' id='word_1_152' title='bbox 350 1195 405 1224; x_wconf 90' lang='lat' dir='ltr'>ter</span> <span class='ocrx_word' id='word_1_153' title='bbox 424 1187 461 1223; x_wconf 94' lang='lat' dir='ltr'>in</span> <span class='ocrx_word' id='word_1_154' title='bbox 489 1184 666 1222; x_wconf 91' lang='lat' dir='ltr'>omnibus</span> <span class='ocrx_word' id='word_1_155' title='bbox 690 1182 781 1227; x_wconf 87' lang='lat' dir='ltr'>aliis,</span> <span class='ocrx_word' id='word_1_156' title='bbox 803 1180 942 1217; x_wconf 90' lang='lat' dir='ltr'>scilicet</span> <span class='ocrx_word' id='word_1_157' title='bbox 961 1179 1080 1228; x_wconf 90' lang='lat' dir='ltr'>equis,</span> <span class='ocrx_word' id='word_1_158' title='bbox 1102 1179 1190 1227; x_wconf 89' lang='lat' dir='ltr'>quia</span> <span class='ocrx_word' id='word_1_159' title='bbox 1210 1178 1408 1223; x_wconf 89' lang='lat' dir='ltr'>hinnibile;</span> 
     </span>
    </p>
   </div>
   <div class='ocr_carea' id='block_1_9' title="bbox 305 1231 1409 1281">
    <p class='ocr_par' dir='ltr' id='par_1_9' title="bbox 305 1231 1409 1281">
     <span class='ocr_line' id='line_1_27' title="bbox 305 1231 1409 1281; baseline -0.01 -3"><span class='ocrx_word' id='word_1_160' title='bbox 305 1243 310 1247; x_wconf 78' lang='grc'><strong>”</strong></span> <span class='ocrx_word' id='word_1_161' title='bbox 350 1241 482 1277; x_wconf 86' lang='lat' dir='ltr'>iterum</span> <span class='ocrx_word' id='word_1_162' title='bbox 514 1236 830 1275; x_wconf 89' lang='lat' dir='ltr'>considerandum</span> <span class='ocrx_word' id='word_1_163' title='bbox 860 1240 915 1270; x_wconf 88' lang='lat' dir='ltr'>est</span> <span class='ocrx_word' id='word_1_164' title='bbox 943 1233 974 1270; x_wconf 89' lang='lat' dir='ltr'>si</span> <span class='ocrx_word' id='word_1_165' title='bbox 994 1232 1134 1281; x_wconf 90' lang='lat' dir='ltr'>aliquid</span> <span class='ocrx_word' id='word_1_166' title='bbox 1159 1239 1214 1268; x_wconf 88' lang='lat' dir='ltr'>est</span> <span class='ocrx_word' id='word_1_167' title='bbox 1239 1231 1341 1268; x_wconf 91' lang='lat' dir='ltr'>idem</span> <span class='ocrx_word' id='word_1_168' title='bbox 1372 1231 1409 1267; x_wconf 91' lang='lat' dir='ltr'>in</span> 
     </span>
    </p>
   </div>
   <div class='ocr_carea' id='block_1_10' title="bbox 113 1414 322 1442">
    <p class='ocr_par' dir='ltr' id='par_1_10' title="bbox 113 1414 322 1442">
     <span class='ocr_line' id='line_1_28' title="bbox 113 1414 322 1442; baseline -0.01 -6"><span class='ocrx_word' id='word_1_169' title='bbox 113 1416 123 1427; x_wconf 87' lang='grc'><em>“</em></span> <span class='ocrx_word' id='word_1_170' title='bbox 131 1414 237 1442; x_wconf 82' lang='lat' dir='ltr'>Aliquam</span> <span class='ocrx_word' id='word_1_171' title='bbox 245 1419 322 1435; x_wconf 74' lang='lat' dir='ltr'>unm.</span> 
     </span>
    </p>
   </div>
   <div class='ocr_carea' id='block_1_11' title="bbox 114 1947 220 1969">
    <p class='ocr_par' dir='ltr' id='par_1_11' title="bbox 114 1947 220 1969">
     <span class='ocr_line' id='line_1_29' title="bbox 114 1947 220 1969; baseline 0 -1"><span class='ocrx_word' id='word_1_172' title='bbox 114 1948 124 1959; x_wconf 68' lang='lat'><strong>³</strong></span> <span class='ocrx_word' id='word_1_173' title='bbox 139 1954 166 1969; x_wconf 78' lang='lat' dir='ltr'>a:</span> <span class='ocrx_word' id='word_1_174' title='bbox 181 1947 220 1968; x_wconf 73' lang='lat' dir='ltr'>sit.</span> 
     </span>
    </p>
   </div>
   <div class='ocr_carea' id='block_1_12' title="bbox 113 2053 326 2180">
    <p class='ocr_par' dir='ltr' id='par_1_12' title="bbox 113 2053 326 2127">
     <span class='ocr_line' id='line_1_30' title="bbox 113 2053 326 2074; baseline -0.005 0"><span class='ocrx_word' id='word_1_175' title='bbox 113 2055 121 2063; x_wconf 85' lang='grc'><strong>”</strong></span> <span class='ocrx_word' id='word_1_176' title='bbox 138 2059 168 2074; x_wconf 75' lang='lat' dir='ltr'>n:</span> <span class='ocrx_word' id='word_1_177' title='bbox 183 2053 326 2074; x_wconf 57' lang='lat' dir='ltr'>:ciarum-n</span> 
     </span>
     <span class='ocr_line' id='line_1_31' title="bbox 116 2079 326 2106; baseline -0.005 -5"><span class='ocrx_word' id='word_1_178' title='bbox 116 2086 161 2101; x_wconf 82' lang='lat' dir='ltr'>non</span> <span class='ocrx_word' id='word_1_179' title='bbox 176 2083 245 2100; x_wconf 89' lang='lat' dir='ltr'>recte:</span> <span class='ocrx_word' id='word_1_180' title='bbox 263 2079 326 2106; x_wconf 76' lang='lat' dir='ltr'>quod</span> 
     </span>
     <span class='ocr_line' id='line_1_32' title="bbox 118 2112 194 2127; baseline 0 0"><span class='ocrx_word' id='word_1_181' title='bbox 118 2112 194 2127; x_wconf 88' lang='lat' dir='ltr'>unum.</span> 
     </span>
    </p>

    <p class='ocr_par' dir='ltr' id='par_1_13' title="bbox 115 2132 323 2180">
     <span class='ocr_line' id='line_1_33' title="bbox 115 2132 323 2158; baseline -0.005 -5"><span class='ocrx_word' id='word_1_182' title='bbox 115 2133 156 2153; x_wconf 71' lang='lat' dir='ltr'>&#39;rt</span> <span class='ocrx_word' id='word_1_183' title='bbox 168 2132 266 2158; x_wconf 60' lang='lat' dir='ltr'>etim-et</span> <span class='ocrx_word' id='word_1_184' title='bbox 277 2137 323 2152; x_wconf 86' lang='lat' dir='ltr'>om.</span> 
     </span>
     <span class='ocr_line' id='line_1_34' title="bbox 115 2161 175 2180; baseline -0.017 0"><span class='ocrx_word' id='word_1_185' title='bbox 115 2161 175 2180; x_wconf 59' lang='lat' dir='ltr'>sunt</span> 
     </span>
    </p>
   </div>
   <div class='ocr_carea' id='block_1_13' title="bbox 116 2195 325 2248">
    <p class='ocr_par' dir='ltr' id='par_1_14' title="bbox 116 2195 325 2248">
     <span class='ocr_line' id='line_1_35' title="bbox 116 2195 325 2248; baseline -0.01 -5"><span class='ocrx_word' id='word_1_186' title='bbox 116 2221 127 2232; x_wconf 71' lang='lat'><strong><em>⁴</em></strong></span> <span class='ocrx_word' id='word_1_187' title='bbox 134 2195 248 2243; x_wconf 57' lang='grc' dir='ltr'>(ἰωὰ-γη</span> <span class='ocrx_word' id='word_1_188' title='bbox 256 2219 325 2248; x_wconf 84' lang='lat' dir='ltr'>quod.</span> 
     </span>
    </p>
   </div>
   <div class='ocr_carea' id='block_1_14' title="bbox 115 2265 324 2315">
    <p class='ocr_par' dir='ltr' id='par_1_15' title="bbox 115 2265 324 2315">
     <span class='ocr_line' id='line_1_36' title="bbox 118 2265 324 2294; baseline -0.01 -6"><span class='ocrx_word' id='word_1_189' title='bbox 118 2268 125 2276; x_wconf 90' lang='lat'>¹</span> <span class='ocrx_word' id='word_1_190' title='bbox 139 2273 175 2288; x_wconf 76' lang='lat'>1⁷1:</span> <span class='ocrx_word' id='word_1_191' title='bbox 197 2265 259 2294; x_wconf 86' lang='lat' dir='ltr'>quod</span> <span class='ocrx_word' id='word_1_192' title='bbox 279 2271 324 2287; x_wconf 86' lang='lat' dir='ltr'>non</span> 
     </span>
     <span class='ocr_line' id='line_1_37' title="bbox 115 2295 158 2315; baseline -0.023 0"><span class='ocrx_word' id='word_1_193' title='bbox 115 2295 158 2315; x_wconf 83' lang='lat' dir='ltr'>est.</span> 
     </span>
    </p>
   </div>
   <div class='ocr_carea' id='block_1_15' title="bbox 117 2324 324 2379">
    <p class='ocr_par' dir='ltr' id='par_1_16' title="bbox 117 2324 324 2379">
     <span class='ocr_line' id='line_1_38' title="bbox 118 2324 324 2356; baseline 0 -11"><span class='ocrx_word' id='word_1_194' title='bbox 118 2326 126 2334; x_wconf 92' lang='grc'>·</span> <span class='ocrx_word' id='word_1_195' title='bbox 150 2324 225 2356; x_wconf 50' lang='lat' dir='ltr'>§odd</span> <span class='ocrx_word' id='word_1_196' title='bbox 246 2335 262 2339; x_wconf 98' lang='lat'>-</span> <span class='ocrx_word' id='word_1_197' title='bbox 282 2330 324 2345; x_wconf 77' lang='lat' dir='ltr'>rs:</span> 
     </span>
     <span class='ocr_line' id='line_1_39' title="bbox 117 2357 182 2379; baseline 0 -6"><span class='ocrx_word' id='word_1_198' title='bbox 117 2357 182 2379; x_wconf 78' lang='lat' dir='ltr'>quta.</span> 
     </span>
    </p>
   </div>
   <div class='ocr_carea' id='block_1_16' title="bbox 115 2485 251 2508">
    <p class='ocr_par' dir='ltr' id='par_1_17' title="bbox 115 2485 251 2508">
     <span class='ocr_line' id='line_1_40' title="bbox 115 2485 251 2508; baseline -0.022 -1"><span class='ocrx_word' id='word_1_199' title='bbox 115 2485 126 2495; x_wconf 71' lang='lat'>¹³</span> <span class='ocrx_word' id='word_1_200' title='bbox 140 2490 160 2506; x_wconf 74' lang='grc' dir='ltr'>ι-ἰ</span> <span class='ocrx_word' id='word_1_201' title='bbox 169 2491 175 2508; x_wconf 69' lang='lat'>2</span> <span class='ocrx_word' id='word_1_202' title='bbox 189 2485 251 2504; x_wconf 73' lang='lat' dir='ltr'>sunt.</span> 
     </span>
    </p>
   </div>
   <div class='ocr_carea' id='block_1_17' title="bbox 116 2526 327 2585">
    <p class='ocr_par' dir='ltr' id='par_1_18' title="bbox 116 2526 327 2585">
     <span class='ocr_line' id='line_1_41' title="bbox 119 2526 327 2560; baseline -0.01 -3"><span class='ocrx_word' id='word_1_203' title='bbox 119 2537 127 2546; x_wconf 93' lang='grc'><strong>’</strong></span> <span class='ocrx_word' id='word_1_204' title='bbox 143 2526 214 2557; x_wconf 67' lang='lat' dir='ltr'>1³:⁶et</span> <span class='ocrx_word' id='word_1_205' title='bbox 226 2535 250 2556; x_wconf 79' lang='lat' dir='ltr'>in</span> <span class='ocrx_word' id='word_1_206' title='bbox 263 2534 327 2560; x_wconf 86' lang='lat' dir='ltr'>Soc.;</span> 
     </span>
     <span class='ocr_line' id='line_1_42' title="bbox 116 2562 251 2585; baseline -0.007 -1"><span class='ocrx_word' id='word_1_207' title='bbox 116 2569 157 2585; x_wconf 78' lang='lat' dir='ltr'>ra:</span> <span class='ocrx_word' id='word_1_208' title='bbox 168 2564 190 2583; x_wconf 87' lang='lat' dir='ltr'>el</span> <span class='ocrx_word' id='word_1_209' title='bbox 198 2562 251 2583; x_wconf 78' lang='lat' dir='ltr'>Soc.</span> 
     </span>
    </p>
   </div>
   <div class='ocr_carea' id='block_1_18' title="bbox 216 2635 229 2660">
    <p class='ocr_par' dir='ltr' id='par_1_19' title="bbox 216 2635 229 2660">
     <span class='ocr_line' id='line_1_43' title="bbox 216 2635 229 2660; baseline 0 0"><span class='ocrx_word' id='word_1_210' title='bbox 216 2635 229 2660; x_wconf 81' lang='grc' dir='ltr'><strong>δ</strong></span> 
     </span>
    </p>
   </div>
   <div class='ocr_carea' id='block_1_19' title="bbox 349 1284 1416 2673">
    <p class='ocr_par' dir='ltr' id='par_1_20' title="bbox 349 1284 1411 1809">
     <span class='ocr_line' id='line_1_44' title="bbox 349 1284 1409 1337; baseline -0.009 -7"><span class='ocrx_word' id='word_1_211' title='bbox 349 1293 425 1330; x_wconf 88' lang='lat' dir='ltr'>istis</span> <span class='ocrx_word' id='word_1_212' title='bbox 455 1292 603 1329; x_wconf 90' lang='lat' dir='ltr'>duobus</span> <span class='ocrx_word' id='word_1_213' title='bbox 632 1288 809 1337; x_wconf 88' lang='lat' dir='ltr'>acceptis,</span> <span class='ocrx_word' id='word_1_214' title='bbox 839 1286 978 1323; x_wconf 91' lang='lat' dir='ltr'>scilicet</span> <span class='ocrx_word' id='word_1_215' title='bbox 1006 1286 1043 1322; x_wconf 92' lang='lat' dir='ltr'>in</span> <span class='ocrx_word' id='word_1_216' title='bbox 1072 1285 1242 1323; x_wconf 87' lang='lat' dir='ltr'>rationali</span> <span class='ocrx_word' id='word_1_217' title='bbox 1272 1292 1309 1321; x_wconf 90' lang='lat' dir='ltr'>et</span> <span class='ocrx_word' id='word_1_218' title='bbox 1327 1284 1409 1320; x_wconf 89' lang='lat' dir='ltr'>hin-</span> 
     </span>
     <span class='ocr_line' id='line_1_45' title="bbox 350 1339 1411 1388; baseline -0.009 -5"><span class='ocrx_word' id='word_1_219' title='bbox 350 1346 463 1383; x_wconf 89' lang='lat' dir='ltr'>nibili.</span> <span class='ocrx_word' id='word_1_220' title='bbox 493 1346 541 1382; x_wconf 91' lang='lat' dir='ltr'>Et</span> <span class='ocrx_word' id='word_1_221' title='bbox 569 1344 618 1380; x_wconf 90' lang='lat' dir='ltr'>ita</span> <span class='ocrx_word' id='word_1_222' title='bbox 646 1351 701 1379; x_wconf 90' lang='lat' dir='ltr'>est</span> <span class='ocrx_word' id='word_1_223' title='bbox 735 1339 1056 1378; x_wconf 87' lang='lat' dir='ltr'>considerandum</span> <span class='ocrx_word' id='word_1_224' title='bbox 1094 1350 1297 1388; x_wconf 86' lang='lat' dir='ltr'>quousque</span> <span class='ocrx_word' id='word_1_225' title='bbox 1325 1350 1411 1385; x_wconf 90' lang='lat' dir='ltr'>per-</span> 
     </span>
     <span class='ocr_line' id='line_1_46' title="bbox 349 1393 1409 1445; baseline -0.01 -8"><span class='ocrx_word' id='word_1_226' title='bbox 349 1399 522 1437; x_wconf 90' lang='lat' dir='ltr'>veniatur</span> <span class='ocrx_word' id='word_1_227' title='bbox 536 1399 583 1435; x_wconf 94' lang='lat' dir='ltr'>ad</span> <span class='ocrx_word' id='word_1_228' title='bbox 603 1395 924 1445; x_wconf 73' lang='lat' dir='ltr'>aliquam*unam</span> <span class='ocrx_word' id='word_1_229' title='bbox 944 1393 1130 1429; x_wconf 87' lang='lat' dir='ltr'>rationem</span> <span class='ocrx_word' id='word_1_230' title='bbox 1147 1403 1409 1428; x_wconf 89' lang='lat' dir='ltr'>communem.</span> 
     </span>
     <span class='ocr_line' id='line_1_47' title="bbox 350 1444 1410 1489; baseline -0.008 0"><span class='ocrx_word' id='word_1_231' title='bbox 350 1454 456 1489; x_wconf 88' lang='lat' dir='ltr'>Haec</span> <span class='ocrx_word' id='word_1_232' title='bbox 471 1452 571 1488; x_wconf 91' lang='lat' dir='ltr'>enim</span> <span class='ocrx_word' id='word_1_233' title='bbox 591 1451 659 1487; x_wconf 90' lang='lat' dir='ltr'>erit</span> <span class='ocrx_word' id='word_1_234' title='bbox 677 1448 845 1486; x_wconf 88' lang='lat' dir='ltr'>definitio</span> <span class='ocrx_word' id='word_1_235' title='bbox 870 1446 934 1484; x_wconf 89' lang='lat' dir='ltr'>rei.</span> <span class='ocrx_word' id='word_1_236' title='bbox 962 1446 1001 1483; x_wconf 91' lang='lat' dir='ltr'>Si</span> <span class='ocrx_word' id='word_1_237' title='bbox 1015 1458 1110 1482; x_wconf 91' lang='lat' dir='ltr'>vero</span> <span class='ocrx_word' id='word_1_238' title='bbox 1135 1445 1217 1482; x_wconf 91' lang='lat' dir='ltr'>talis</span> <span class='ocrx_word' id='word_1_239' title='bbox 1239 1444 1410 1481; x_wconf 90' lang='lat' dir='ltr'>conside-</span> 
     </span>
     <span class='ocr_line' id='line_1_48' title="bbox 350 1500 1409 1544; baseline -0.009 -1"><span class='ocrx_word' id='word_1_240' title='bbox 350 1506 443 1543; x_wconf 84' lang='lat' dir='ltr'>ratio</span> <span class='ocrx_word' id='word_1_241' title='bbox 472 1517 548 1542; x_wconf 89' lang='lat' dir='ltr'>non</span> <span class='ocrx_word' id='word_1_242' title='bbox 569 1504 720 1541; x_wconf 90' lang='lat' dir='ltr'>inducat</span> <span class='ocrx_word' id='word_1_243' title='bbox 739 1502 775 1538; x_wconf 90' lang='lat' dir='ltr'>in</span> <span class='ocrx_word' id='word_1_244' title='bbox 795 1513 913 1538; x_wconf 91' lang='lat' dir='ltr'>unam</span> <span class='ocrx_word' id='word_1_245' title='bbox 934 1500 1119 1537; x_wconf 90' lang='lat' dir='ltr'>rationem</span> <span class='ocrx_word' id='word_1_246' title='bbox 1142 1510 1409 1544; x_wconf 88' lang='lat' dir='ltr'>communem,</span> 
     </span>
     <span class='ocr_line' id='line_1_49' title="bbox 350 1551 1410 1598; baseline -0.008 -2"><span class='ocrx_word' id='word_1_247' title='bbox 350 1559 417 1596; x_wconf 90' lang='lat' dir='ltr'>sed</span> <span class='ocrx_word' id='word_1_248' title='bbox 437 1558 588 1595; x_wconf 91' lang='lat' dir='ltr'>inducat</span> <span class='ocrx_word' id='word_1_249' title='bbox 605 1558 642 1594; x_wconf 91' lang='lat' dir='ltr'>in</span> <span class='ocrx_word' id='word_1_250' title='bbox 663 1556 757 1593; x_wconf 89' lang='lat' dir='ltr'>duas</span> <span class='ocrx_word' id='word_1_251' title='bbox 777 1555 940 1591; x_wconf 91' lang='lat' dir='ltr'>rationes</span> <span class='ocrx_word' id='word_1_252' title='bbox 961 1554 1141 1598; x_wconf 87' lang='lat' dir='ltr'>diversas,</span> <span class='ocrx_word' id='word_1_253' title='bbox 1164 1560 1228 1588; x_wconf 87' lang='lat' dir='ltr'>aut</span> <span class='ocrx_word' id='word_1_254' title='bbox 1243 1551 1356 1588; x_wconf 89' lang='lat' dir='ltr'>etiam</span> <span class='ocrx_word' id='word_1_255' title='bbox 1372 1551 1410 1588; x_wconf 91' lang='lat' dir='ltr'>in</span> 
     </span>
     <span class='ocr_line' id='line_1_50' title="bbox 349 1604 1409 1661; baseline -0.008 -12"><span class='ocrx_word' id='word_1_256' title='bbox 349 1613 491 1661; x_wconf 88' lang='lat' dir='ltr'>plures;</span> <span class='ocrx_word' id='word_1_257' title='bbox 521 1610 760 1648; x_wconf 89' lang='lat' dir='ltr'>manifestum</span> <span class='ocrx_word' id='word_1_258' title='bbox 777 1608 846 1645; x_wconf 87' lang='lat' dir='ltr'>erit</span> <span class='ocrx_word' id='word_1_259' title='bbox 874 1608 978 1656; x_wconf 92' lang='lat' dir='ltr'>quod</span> <span class='ocrx_word' id='word_1_260' title='bbox 994 1606 1083 1643; x_wconf 94' lang='lat' dir='ltr'>illud</span> <span class='ocrx_word' id='word_1_261' title='bbox 1113 1605 1219 1642; x_wconf 77' lang='lat' dir='ltr'>cuius</span> <span class='ocrx_word' id='word_1_262' title='bbox 1239 1604 1409 1642; x_wconf 90' lang='lat' dir='ltr'>definitio</span> 
     </span>
     <span class='ocr_line' id='line_1_51' title="bbox 350 1659 1408 1714; baseline -0.008 -12"><span class='ocrx_word' id='word_1_263' title='bbox 350 1665 552 1714; x_wconf 88' lang='lat' dir='ltr'>quaeritur,</span> <span class='ocrx_word' id='word_1_264' title='bbox 583 1676 660 1701; x_wconf 90' lang='lat' dir='ltr'>non</span> <span class='ocrx_word' id='word_1_265' title='bbox 695 1663 763 1699; x_wconf 88' lang='lat' dir='ltr'>erit</span> <span class='ocrx_word' id='word_1_266' title='bbox 790 1673 911 1698; x_wconf 91' lang='lat' dir='ltr'>unum</span> <span class='ocrx_word' id='word_1_267' title='bbox 941 1660 1154 1697; x_wconf 91' lang='lat' dir='ltr'>secundum</span> <span class='ocrx_word' id='word_1_268' title='bbox 1184 1659 1408 1705; x_wconf 83' lang='lat' dir='ltr'>essentiam,</span> 
     </span>
     <span class='ocr_line' id='line_1_52' title="bbox 349 1712 1411 1767; baseline -0.007 -11"><span class='ocrx_word' id='word_1_269' title='bbox 349 1719 417 1756; x_wconf 92' lang='lat' dir='ltr'>sed</span> <span class='ocrx_word' id='word_1_270' title='bbox 435 1719 558 1767; x_wconf 87' lang='lat' dir='ltr'>plura:</span> <span class='ocrx_word' id='word_1_271' title='bbox 580 1725 616 1754; x_wconf 92' lang='lat' dir='ltr'>et</span> <span class='ocrx_word' id='word_1_272' title='bbox 635 1717 684 1753; x_wconf 89' lang='lat' dir='ltr'>ita</span> <span class='ocrx_word' id='word_1_273' title='bbox 709 1728 787 1753; x_wconf 92' lang='lat' dir='ltr'>non</span> <span class='ocrx_word' id='word_1_274' title='bbox 811 1714 949 1764; x_wconf 91' lang='lat' dir='ltr'>poterit</span> <span class='ocrx_word' id='word_1_275' title='bbox 967 1714 1109 1751; x_wconf 87' lang='lat' dir='ltr'>habere</span> <span class='ocrx_word' id='word_1_276' title='bbox 1128 1725 1247 1750; x_wconf 89' lang='lat' dir='ltr'>unam</span> <span class='ocrx_word' id='word_1_277' title='bbox 1277 1712 1411 1750; x_wconf 87' lang='lat' dir='ltr'>defini-</span> 
     </span>
     <span class='ocr_line' id='line_1_53' title="bbox 351 1772 505 1809; baseline -0.006 0"><span class='ocrx_word' id='word_1_278' title='bbox 351 1772 505 1809; x_wconf 90' lang='lat' dir='ltr'>tionem.</span> 
     </span>
    </p>

    <p class='ocr_par' dir='ltr' id='par_1_21' title="bbox 349 1819 1416 2673">
     <span class='ocr_line' id='line_1_54' title="bbox 405 1819 1412 1869; baseline -0.006 -7"><span class='ocrx_word' id='word_1_279' title='bbox 405 1826 438 1862; x_wconf 87' lang='lat'>3.</span> <span class='ocrx_word' id='word_1_280' title='bbox 469 1824 615 1861; x_wconf 90' lang='lat' dir='ltr'>Deinde</span> <span class='ocrx_word' id='word_1_281' title='bbox 645 1835 731 1860; x_wconf 91' lang='lat' dir='ltr'>cum</span> <span class='ocrx_word' id='word_1_282' title='bbox 762 1822 865 1859; x_wconf 89' lang='lat' dir='ltr'>dicit:</span> <span class='ocrx_word' id='word_1_283' title='bbox 900 1822 949 1859; x_wconf 87' lang='lat' dir='ltr'>Ut</span> <span class='ocrx_word' id='word_1_284' title='bbox 961 1826 1066 1869; x_wconf 87' lang='lat' dir='ltr'>puta,</span> <span class='ocrx_word' id='word_1_285' title='bbox 1085 1819 1227 1868; x_wconf 80' lang='lat' dir='ltr'>siquid</span> <span class='ocrx_word' id='word_1_286' title='bbox 1252 1825 1306 1856; x_wconf 87' lang='lat' dir='ltr'>est</span> <span class='ocrx_word' id='word_1_287' title='bbox 1331 1831 1412 1856; x_wconf 88' lang='lat' dir='ltr'>ma-</span> 
     </span>
     <span class='ocr_line' id='line_1_55' title="bbox 349 1873 1412 1929; baseline -0.006 -14"><span class='ocrx_word' id='word_1_288' title='bbox 349 1878 578 1929; x_wconf 80' lang='lat' dir='ltr'>gnanimitas</span> <span class='ocrx_word' id='word_1_289' title='bbox 602 1884 685 1923; x_wconf 68' lang='lat' dir='ltr'>etc„</span> <span class='ocrx_word' id='word_1_290' title='bbox 714 1875 928 1912; x_wconf 90' lang='lat' dir='ltr'>manifestat</span> <span class='ocrx_word' id='word_1_291' title='bbox 948 1874 1053 1923; x_wconf 90' lang='lat' dir='ltr'>quod</span> <span class='ocrx_word' id='word_1_292' title='bbox 1082 1873 1225 1910; x_wconf 83' lang='lat' dir='ltr'>dixerat</span> <span class='ocrx_word' id='word_1_293' title='bbox 1252 1885 1322 1921; x_wconf 91' lang='lat' dir='ltr'>per</span> <span class='ocrx_word' id='word_1_294' title='bbox 1349 1886 1412 1910; x_wconf 86' lang='lat' dir='ltr'>ex-</span> 
     </span>
     <span class='ocr_line' id='line_1_56' title="bbox 352 1926 1411 1980; baseline -0.005 -12"><span class='ocrx_word' id='word_1_295' title='bbox 352 1932 539 1980; x_wconf 74' lang='lat' dir='ltr'>emplumt,</span> <span class='ocrx_word' id='word_1_296' title='bbox 570 1938 605 1967; x_wconf 94' lang='lat' dir='ltr'>et</span> <span class='ocrx_word' id='word_1_297' title='bbox 633 1929 719 1967; x_wconf 87' lang='lat' dir='ltr'>dicit</span> <span class='ocrx_word' id='word_1_298' title='bbox 753 1929 857 1977; x_wconf 92' lang='lat' dir='ltr'>quod</span> <span class='ocrx_word' id='word_1_299' title='bbox 886 1928 915 1965; x_wconf 90' lang='lat' dir='ltr'>si</span> <span class='ocrx_word' id='word_1_300' title='bbox 936 1939 1166 1976; x_wconf 87' lang='lat' dir='ltr'>quaeramus</span> <span class='ocrx_word' id='word_1_301' title='bbox 1195 1926 1286 1975; x_wconf 92' lang='lat' dir='ltr'>quid</span> <span class='ocrx_word' id='word_1_302' title='bbox 1315 1935 1371 1963; x_wconf 91' lang='lat' dir='ltr'>est</span> <span class='ocrx_word' id='word_1_303' title='bbox 1391 1927 1411 1946; x_wconf 70' lang='lat'>⁸</span> 
     </span>
     <span class='ocr_line' id='line_1_57' title="bbox 352 1980 1411 2032; baseline -0.004 -11"><span class='ocrx_word' id='word_1_304' title='bbox 352 1984 659 2032; x_wconf 83' lang='lat' dir='ltr'>magnanimitas,</span> <span class='ocrx_word' id='word_1_305' title='bbox 700 1983 885 2019; x_wconf 89' lang='lat' dir='ltr'>debemus</span> <span class='ocrx_word' id='word_1_306' title='bbox 918 1981 1111 2018; x_wconf 90' lang='lat' dir='ltr'>attendere</span> <span class='ocrx_word' id='word_1_307' title='bbox 1144 1981 1192 2017; x_wconf 89' lang='lat' dir='ltr'>ad</span> <span class='ocrx_word' id='word_1_308' title='bbox 1222 1980 1411 2028; x_wconf 91' lang='lat' dir='ltr'>quosdam</span> 
     </span>
     <span class='ocr_line' id='line_1_58' title="bbox 352 2033 1411 2085; baseline -0.005 -10"><span class='ocrx_word' id='word_1_309' title='bbox 352 2037 628 2085; x_wconf 87' lang='lat' dir='ltr'>magnanimos,</span> <span class='ocrx_word' id='word_1_310' title='bbox 648 2043 690 2073; x_wconf 88' lang='lat' dir='ltr'>ut</span> <span class='ocrx_word' id='word_1_311' title='bbox 717 2036 881 2072; x_wconf 88' lang='lat' dir='ltr'>sciamus</span> <span class='ocrx_word' id='word_1_312' title='bbox 898 2036 918 2056; x_wconf 87' lang='grc'><strong>*</strong></span> <span class='ocrx_word' id='word_1_313' title='bbox 937 2034 1026 2083; x_wconf 89' lang='lat' dir='ltr'>quid</span> <span class='ocrx_word' id='word_1_314' title='bbox 1055 2047 1177 2071; x_wconf 88' lang='lat' dir='ltr'>unum</span> <span class='ocrx_word' id='word_1_315' title='bbox 1206 2034 1349 2071; x_wconf 91' lang='lat' dir='ltr'>habent</span> <span class='ocrx_word' id='word_1_316' title='bbox 1374 2033 1411 2070; x_wconf 91' lang='lat' dir='ltr'>in</span> 
     </span>
     <span class='ocr_line' id='line_1_59' title="bbox 353 2086 1412 2141; baseline -0.005 -13"><span class='ocrx_word' id='word_1_317' title='bbox 353 2091 494 2140; x_wconf 90' lang='lat' dir='ltr'>seipsis,</span> <span class='ocrx_word' id='word_1_318' title='bbox 515 2091 552 2127; x_wconf 91' lang='lat' dir='ltr'>in</span> <span class='ocrx_word' id='word_1_319' title='bbox 570 2091 590 2111; x_wconf 87' lang='lat'><strong><em>*</em></strong></span> <span class='ocrx_word' id='word_1_320' title='bbox 608 2098 792 2139; x_wconf 89' lang='lat' dir='ltr'>quantum</span> <span class='ocrx_word' id='word_1_321' title='bbox 812 2088 1046 2137; x_wconf 88' lang='lat' dir='ltr'>magnanimi</span> <span class='ocrx_word' id='word_1_322' title='bbox 1066 2096 1163 2125; x_wconf 91' lang='lat' dir='ltr'>sunt.</span> <span class='ocrx_word' id='word_1_323' title='bbox 1186 2086 1412 2141; x_wconf 38' lang='lat' dir='ltr'>Sicut=Alci-</span> 
     </span>
     <span class='ocr_line' id='line_1_60' title="bbox 352 2140 1412 2190; baseline -0.004 -9"><span class='ocrx_word' id='word_1_324' title='bbox 352 2145 481 2182; x_wconf 90' lang='lat' dir='ltr'>biades</span> <span class='ocrx_word' id='word_1_325' title='bbox 502 2143 622 2181; x_wconf 90' lang='lat' dir='ltr'>dictus</span> <span class='ocrx_word' id='word_1_326' title='bbox 646 2150 701 2180; x_wconf 91' lang='lat' dir='ltr'>est</span> <span class='ocrx_word' id='word_1_327' title='bbox 729 2142 993 2190; x_wconf 88' lang='lat' dir='ltr'>magnanimus</span> <span class='ocrx_word' id='word_1_328' title='bbox 1008 2147 1033 2187; x_wconf 78' lang='lat'>⁷,</span> <span class='ocrx_word' id='word_1_329' title='bbox 1058 2150 1093 2178; x_wconf 91' lang='lat' dir='ltr'>et</span> <span class='ocrx_word' id='word_1_330' title='bbox 1113 2142 1133 2163; x_wconf 74' lang='lat'>&#39;¹²</span> <span class='ocrx_word' id='word_1_331' title='bbox 1152 2141 1266 2178; x_wconf 91' lang='lat' dir='ltr'>etiam</span> <span class='ocrx_word' id='word_1_332' title='bbox 1286 2140 1412 2178; x_wconf 91' lang='lat' dir='ltr'>Achil-</span> 
     </span>
     <span class='ocr_line' id='line_1_61' title="bbox 352 2194 1413 2244; baseline -0.003 -10"><span class='ocrx_word' id='word_1_333' title='bbox 352 2199 416 2243; x_wconf 90' lang='lat' dir='ltr'>les,</span> <span class='ocrx_word' id='word_1_334' title='bbox 447 2205 483 2234; x_wconf 90' lang='lat' dir='ltr'>et</span> <span class='ocrx_word' id='word_1_335' title='bbox 510 2197 622 2233; x_wconf 90' lang='lat' dir='ltr'>etiam</span> <span class='ocrx_word' id='word_1_336' title='bbox 642 2196 754 2241; x_wconf 90' lang='lat' dir='ltr'>Aiax;</span> <span class='ocrx_word' id='word_1_337' title='bbox 776 2195 839 2244; x_wconf 92' lang='lat' dir='ltr'>qui</span> <span class='ocrx_word' id='word_1_338' title='bbox 859 2207 995 2232; x_wconf 90' lang='lat' dir='ltr'>omnes</span> <span class='ocrx_word' id='word_1_339' title='bbox 1018 2195 1160 2232; x_wconf 90' lang='lat' dir='ltr'>habent</span> <span class='ocrx_word' id='word_1_340' title='bbox 1178 2207 1299 2232; x_wconf 90' lang='lat' dir='ltr'>unum</span> <span class='ocrx_word' id='word_1_341' title='bbox 1321 2194 1413 2243; x_wconf 91' lang='lat' dir='ltr'>quid</span> 
     </span>
     <span class='ocr_line' id='line_1_62' title="bbox 353 2247 1412 2298; baseline -0.002 -11"><span class='ocrx_word' id='word_1_342' title='bbox 353 2263 569 2296; x_wconf 90' lang='lat' dir='ltr'>commune,</span> <span class='ocrx_word' id='word_1_343' title='bbox 587 2250 691 2298; x_wconf 91' lang='lat' dir='ltr'>quod</span> <span class='ocrx_word' id='word_1_344' title='bbox 712 2256 767 2286; x_wconf 89' lang='lat' dir='ltr'>est</span> <span class='ocrx_word' id='word_1_345' title='bbox 781 2261 858 2285; x_wconf 89' lang='lat' dir='ltr'>non</span> <span class='ocrx_word' id='word_1_346' title='bbox 873 2249 894 2270; x_wconf 86' lang='lat'><strong>*</strong></span> <span class='ocrx_word' id='word_1_347' title='bbox 912 2248 1096 2285; x_wconf 89' lang='lat' dir='ltr'>sustinere</span> <span class='ocrx_word' id='word_1_348' title='bbox 1111 2248 1276 2285; x_wconf 87' lang='lat' dir='ltr'>iniurias.</span> <span class='ocrx_word' id='word_1_349' title='bbox 1293 2247 1412 2285; x_wconf 91' lang='lat' dir='ltr'>Cuius</span> 
     </span>
     <span class='ocr_line' id='line_1_63' title="bbox 353 2301 1413 2352; baseline -0.003 -11"><span class='ocrx_word' id='word_1_350' title='bbox 353 2304 500 2352; x_wconf 91' lang='lat' dir='ltr'>signum</span> <span class='ocrx_word' id='word_1_351' title='bbox 529 2311 594 2349; x_wconf 88' lang='lat' dir='ltr'>est,</span> <span class='ocrx_word' id='word_1_352' title='bbox 621 2303 724 2352; x_wconf 93' lang='lat' dir='ltr'>quod</span> <span class='ocrx_word' id='word_1_353' title='bbox 743 2303 764 2324; x_wconf 79' lang='grc'>*</span> <span class='ocrx_word' id='word_1_354' title='bbox 791 2302 1006 2339; x_wconf 88' lang='lat' dir='ltr'>Alcibiades</span> <span class='ocrx_word' id='word_1_355' title='bbox 1035 2314 1112 2339; x_wconf 90' lang='lat' dir='ltr'>non</span> <span class='ocrx_word' id='word_1_356' title='bbox 1142 2302 1329 2339; x_wconf 88' lang='lat' dir='ltr'>sustinens</span> <span class='ocrx_word' id='word_1_357' title='bbox 1358 2301 1413 2338; x_wconf 91' lang='lat' dir='ltr'>in-</span> 
     </span>
     <span class='ocr_line' id='line_1_64' title="bbox 352 2355 1413 2403; baseline -0.002 -9"><span class='ocrx_word' id='word_1_358' title='bbox 352 2357 464 2394; x_wconf 90' lang='lat' dir='ltr'>iurias</span> <span class='ocrx_word' id='word_1_359' title='bbox 484 2356 692 2403; x_wconf 89' lang='lat' dir='ltr'>dimicavit,</span> <span class='ocrx_word' id='word_1_360' title='bbox 713 2356 876 2393; x_wconf 88' lang='lat' dir='ltr'>Achilles</span> <span class='ocrx_word' id='word_1_361' title='bbox 896 2368 990 2393; x_wconf 90' lang='lat' dir='ltr'>vero</span> <span class='ocrx_word' id='word_1_362' title='bbox 1015 2355 1053 2392; x_wconf 91' lang='lat' dir='ltr'>in</span> <span class='ocrx_word' id='word_1_363' title='bbox 1073 2355 1258 2393; x_wconf 88' lang='lat' dir='ltr'>insaniam</span> <span class='ocrx_word' id='word_1_364' title='bbox 1278 2368 1413 2392; x_wconf 90' lang='lat' dir='ltr'>versus</span> 
     </span>
     <span class='ocr_line' id='line_1_65' title="bbox 353 2409 1412 2459; baseline -0.001 -12"><span class='ocrx_word' id='word_1_365' title='bbox 353 2419 408 2447; x_wconf 88' lang='lat' dir='ltr'>est</span> <span class='ocrx_word' id='word_1_366' title='bbox 435 2418 588 2459; x_wconf 90' lang='lat' dir='ltr'>propter</span> <span class='ocrx_word' id='word_1_367' title='bbox 615 2410 723 2456; x_wconf 90' lang='lat' dir='ltr'>iram,</span> <span class='ocrx_word' id='word_1_368' title='bbox 752 2409 847 2446; x_wconf 89' lang='lat' dir='ltr'>Aiax</span> <span class='ocrx_word' id='word_1_369' title='bbox 876 2417 1003 2446; x_wconf 91' lang='lat' dir='ltr'>autem</span> <span class='ocrx_word' id='word_1_370' title='bbox 1028 2409 1212 2446; x_wconf 86' lang='lat' dir='ltr'>interfecit</span> <span class='ocrx_word' id='word_1_371' title='bbox 1230 2409 1412 2458; x_wconf 90' lang='lat' dir='ltr'>seipsum.</span> 
     </span>
     <span class='ocr_line' id='line_1_66' title="bbox 354 2463 1414 2512; baseline -0.001 -11"><span class='ocrx_word' id='word_1_372' title='bbox 354 2466 492 2501; x_wconf 80' lang='lat' dir='ltr'>lterum</span> <span class='ocrx_word' id='word_1_373' title='bbox 509 2464 693 2501; x_wconf 88' lang='lat' dir='ltr'>debemus</span> <span class='ocrx_word' id='word_1_374' title='bbox 715 2463 953 2500; x_wconf 89' lang='lat' dir='ltr'>considerare</span> <span class='ocrx_word' id='word_1_375' title='bbox 970 2463 1007 2500; x_wconf 91' lang='lat' dir='ltr'>in</span> <span class='ocrx_word' id='word_1_376' title='bbox 1022 2463 1102 2500; x_wconf 87' lang='lat' dir='ltr'>aliis</span> <span class='ocrx_word' id='word_1_377' title='bbox 1122 2463 1186 2512; x_wconf 92' lang='lat' dir='ltr'>qui</span> <span class='ocrx_word' id='word_1_378' title='bbox 1203 2463 1378 2500; x_wconf 92' lang='lat' dir='ltr'>dicuntur</span> <span class='ocrx_word' id='word_1_379' title='bbox 1394 2464 1414 2484; x_wconf 66' lang='lat'>*²</span> 
     </span>
     <span class='ocr_line' id='line_1_67' title="bbox 354 2516 1414 2565; baseline -0.001 -11"><span class='ocrx_word' id='word_1_380' title='bbox 354 2517 595 2565; x_wconf 89' lang='lat' dir='ltr'>magnanimi,</span> <span class='ocrx_word' id='word_1_381' title='bbox 616 2517 710 2554; x_wconf 92' lang='lat' dir='ltr'>sicut</span> <span class='ocrx_word' id='word_1_382' title='bbox 728 2516 765 2553; x_wconf 91' lang='lat' dir='ltr'>in</span> <span class='ocrx_word' id='word_1_383' title='bbox 787 2516 987 2565; x_wconf 91' lang='lat' dir='ltr'>Lysandro</span> <span class='ocrx_word' id='word_1_384' title='bbox 1016 2524 1080 2554; x_wconf 90' lang='lat' dir='ltr'>aut</span> <span class='ocrx_word' id='word_1_385' title='bbox 1096 2518 1116 2538; x_wconf 71' lang='lat'>&#39;⁸‘</span> <span class='ocrx_word' id='word_1_386' title='bbox 1146 2518 1314 2554; x_wconf 87' lang='lat' dir='ltr'>Socrate.</span> <span class='ocrx_word' id='word_1_387' title='bbox 1337 2517 1414 2553; x_wconf 89' lang='lat' dir='ltr'>Ha-</span> 
     </span>
     <span class='ocr_line' id='line_1_68' title="bbox 353 2570 1416 2619; baseline 0 -12"><span class='ocrx_word' id='word_1_388' title='bbox 353 2572 443 2607; x_wconf 91' lang='lat' dir='ltr'>bent</span> <span class='ocrx_word' id='word_1_389' title='bbox 471 2571 571 2607; x_wconf 89' lang='lat' dir='ltr'>enirn</span> <span class='ocrx_word' id='word_1_390' title='bbox 599 2571 674 2607; x_wconf 92' lang='lat' dir='ltr'>hoc</span> <span class='ocrx_word' id='word_1_391' title='bbox 703 2582 922 2616; x_wconf 89' lang='lat' dir='ltr'>commune,</span> <span class='ocrx_word' id='word_1_392' title='bbox 939 2570 1044 2619; x_wconf 92' lang='lat' dir='ltr'>quod</span> <span class='ocrx_word' id='word_1_393' title='bbox 1073 2583 1150 2607; x_wconf 91' lang='lat' dir='ltr'>non</span> <span class='ocrx_word' id='word_1_394' title='bbox 1170 2571 1416 2607; x_wconf 89' lang='lat' dir='ltr'>mutabantur</span> 
     </span>
     <span class='ocr_line' id='line_1_69' title="bbox 352 2621 1415 2673; baseline -0.001 -12"><span class='ocrx_word' id='word_1_395' title='bbox 352 2632 507 2673; x_wconf 90' lang='lat' dir='ltr'>propter</span> <span class='ocrx_word' id='word_1_396' title='bbox 537 2624 826 2673; x_wconf 91' lang='lat' dir='ltr'>prosperitatem</span> <span class='ocrx_word' id='word_1_397' title='bbox 855 2621 868 2645; x_wconf 76' lang='lat'>⁸</span> <span class='ocrx_word' id='word_1_398' title='bbox 892 2624 1065 2661; x_wconf 87' lang='lat' dir='ltr'>fortunae</span> <span class='ocrx_word' id='word_1_399' title='bbox 1094 2631 1131 2660; x_wconf 88' lang='lat' dir='ltr'>et</span> <span class='ocrx_word' id='word_1_400' title='bbox 1157 2636 1226 2673; x_wconf 91' lang='lat' dir='ltr'>per</span> <span class='ocrx_word' id='word_1_401' title='bbox 1260 2623 1415 2661; x_wconf 81' lang='lat' dir='ltr'>infortu-</span> 
     </span>
    </p>
   </div>
   <div class='ocr_carea' id='block_1_20' title="bbox 352 2749 1417 3527">
    <p class='ocr_par' dir='ltr' id='par_1_22' title="bbox 352 2749 1416 3030">
     <span class='ocr_line' id='line_1_70' title="bbox 407 2749 1414 2783; baseline -0.001 -8"><span class='ocrx_word' id='word_1_402' title='bbox 407 2749 432 2783; x_wconf 90' lang='grc' dir='ltr'>β)</span> <span class='ocrx_word' id='word_1_403' title='bbox 452 2750 555 2775; x_wconf 80' lang='lat' dir='ltr'>Scilicet</span> <span class='ocrx_word' id='word_1_404' title='bbox 567 2750 714 2775; x_wconf 83' lang='lat' dir='ltr'>hominibus</span> <span class='ocrx_word' id='word_1_405' title='bbox 728 2755 777 2775; x_wconf 84' lang='lat' dir='ltr'>etc.</span> <span class='ocrx_word' id='word_1_406' title='bbox 786 2764 805 2768; x_wconf 94' lang='lat'><strong>—</strong></span> <span class='ocrx_word' id='word_1_407' title='bbox 814 2750 838 2775; x_wconf 95' lang='grc' dir='ltr'>Ο</span> <span class='ocrx_word' id='word_1_408' title='bbox 852 2757 906 2774; x_wconf 87' lang='lat' dir='ltr'>om.</span> <span class='ocrx_word' id='word_1_409' title='bbox 919 2749 982 2774; x_wconf 84' lang='lat' dir='ltr'>haec</span> <span class='ocrx_word' id='word_1_410' title='bbox 996 2750 1089 2780; x_wconf 82' lang='lat' dir='ltr'>verba;</span> <span class='ocrx_word' id='word_1_411' title='bbox 1104 2750 1134 2774; x_wconf 86' lang='lat' dir='ltr'>FI</span> <span class='ocrx_word' id='word_1_412' title='bbox 1148 2757 1201 2774; x_wconf 91' lang='lat' dir='ltr'>om.</span> <span class='ocrx_word' id='word_1_413' title='bbox 1213 2750 1320 2775; x_wconf 77' lang='lat' dir='ltr'>scilicet.</span> <span class='ocrx_word' id='word_1_414' title='bbox 1330 2764 1348 2769; x_wconf 87' lang='lat'>-</span> <span class='ocrx_word' id='word_1_415' title='bbox 1358 2750 1414 2775; x_wconf 82' lang='lat' dir='ltr'>FHI</span> 
     </span>
     <span class='ocr_line' id='line_1_71' title="bbox 353 2785 1415 2818; baseline 0 -8"><span class='ocrx_word' id='word_1_416' title='bbox 353 2786 478 2816; x_wconf 88' lang='lat' dir='ltr'>KMOQT</span> <span class='ocrx_word' id='word_1_417' title='bbox 497 2791 522 2810; x_wconf 90' lang='lat' dir='ltr'>et</span> <span class='ocrx_word' id='word_1_418' title='bbox 540 2794 562 2810; x_wconf 82' lang='lat' dir='ltr'>s.</span> <span class='ocrx_word' id='word_1_419' title='bbox 577 2794 611 2810; x_wconf 91' lang='lat' dir='ltr'>m.</span> <span class='ocrx_word' id='word_1_420' title='bbox 627 2786 663 2810; x_wconf 86' lang='lat' dir='ltr'>D:</span> <span class='ocrx_word' id='word_1_421' title='bbox 683 2789 709 2810; x_wconf 82' lang='lat' dir='ltr'>et</span> <span class='ocrx_word' id='word_1_422' title='bbox 727 2786 792 2818; x_wconf 88' lang='lat' dir='ltr'>quid</span> <span class='ocrx_word' id='word_1_423' title='bbox 810 2786 845 2810; x_wconf 81' lang='lat' dir='ltr'>sit</span> <span class='ocrx_word' id='word_1_424' title='bbox 864 2785 949 2814; x_wconf 71' lang='lat' dir='ltr'>idem:</span> <span class='ocrx_word' id='word_1_425' title='bbox 969 2785 988 2809; x_wconf 89' lang='grc' dir='ltr'>Ρ</span> <span class='ocrx_word' id='word_1_426' title='bbox 1003 2788 1029 2810; x_wconf 80' lang='lat' dir='ltr'>et</span> <span class='ocrx_word' id='word_1_427' title='bbox 1042 2785 1114 2817; x_wconf 83' lang='lat' dir='ltr'>quod</span> <span class='ocrx_word' id='word_1_428' title='bbox 1128 2790 1204 2810; x_wconf 89' lang='lat' dir='ltr'>etc.-</span> <span class='ocrx_word' id='word_1_429' title='bbox 1216 2786 1349 2816; x_wconf 83' lang='lat' dir='ltr'>BFHlOQ</span> <span class='ocrx_word' id='word_1_430' title='bbox 1361 2793 1415 2810; x_wconf 92' lang='lat' dir='ltr'>om.</span> 
     </span>
     <span class='ocr_line' id='line_1_72' title="bbox 353 2820 1415 2854; baseline -0.001 -8"><span class='ocrx_word' id='word_1_431' title='bbox 353 2829 409 2854; x_wconf 86' lang='lat' dir='ltr'>seq.</span> <span class='ocrx_word' id='word_1_432' title='bbox 427 2821 557 2846; x_wconf 87' lang='lat' dir='ltr'>similiter.</span> <span class='ocrx_word' id='word_1_433' title='bbox 569 2835 588 2840; x_wconf 88' lang='lat'>—-</span> <span class='ocrx_word' id='word_1_434' title='bbox 599 2821 736 2846; x_wconf 85' lang='lat' dir='ltr'>PFlKLO:</span> <span class='ocrx_word' id='word_1_435' title='bbox 757 2821 783 2846; x_wconf 81' lang='lat' dir='ltr'>in</span> <span class='ocrx_word' id='word_1_436' title='bbox 803 2821 923 2845; x_wconf 84' lang='lat' dir='ltr'>omnibus</span> <span class='ocrx_word' id='word_1_437' title='bbox 941 2820 1042 2854; x_wconf 65' lang='lat' dir='ltr'>scilicet</span> <span class='ocrx_word' id='word_1_438' title='bbox 1059 2820 1129 2852; x_wconf 86' lang='lat' dir='ltr'>(scil.</span> <span class='ocrx_word' id='word_1_439' title='bbox 1143 2828 1196 2845; x_wconf 89' lang='lat' dir='ltr'>om.</span> <span class='ocrx_word' id='word_1_440' title='bbox 1210 2821 1242 2853; x_wconf 88' lang='lat' dir='ltr'>L)</span> <span class='ocrx_word' id='word_1_441' title='bbox 1261 2821 1343 2853; x_wconf 77' lang='lat' dir='ltr'>equis.</span> <span class='ocrx_word' id='word_1_442' title='bbox 1362 2821 1415 2845; x_wconf 77' lang='lat' dir='ltr'>Ad-</span> 
     </span>
     <span class='ocr_line' id='line_1_73' title="bbox 353 2856 1416 2889; baseline -0.001 -8"><span class='ocrx_word' id='word_1_443' title='bbox 353 2857 437 2882; x_wconf 81' lang='lat' dir='ltr'>dimus</span> <span class='ocrx_word' id='word_1_444' title='bbox 451 2857 511 2881; x_wconf 84' lang='lat' dir='ltr'>aliis</span> <span class='ocrx_word' id='word_1_445' title='bbox 524 2864 553 2881; x_wconf 85' lang='lat' dir='ltr'>ex</span> <span class='ocrx_word' id='word_1_446' title='bbox 568 2862 616 2881; x_wconf 86' lang='lat' dir='ltr'>cet.</span> <span class='ocrx_word' id='word_1_447' title='bbox 630 2857 713 2887; x_wconf 89' lang='lat' dir='ltr'>codd.,</span> <span class='ocrx_word' id='word_1_448' title='bbox 726 2862 754 2881; x_wconf 91' lang='lat' dir='ltr'>ut</span> <span class='ocrx_word' id='word_1_449' title='bbox 767 2857 914 2881; x_wconf 77' lang='lat' dir='ltr'>immediate</span> <span class='ocrx_word' id='word_1_450' title='bbox 929 2856 1106 2889; x_wconf 78' lang='lat' dir='ltr'>praecedentia</span> <span class='ocrx_word' id='word_1_451' title='bbox 1116 2857 1248 2888; x_wconf 82' lang='lat' dir='ltr'>postulare</span> <span class='ocrx_word' id='word_1_452' title='bbox 1261 2856 1388 2881; x_wconf 90' lang='lat' dir='ltr'>videntur.</span> <span class='ocrx_word' id='word_1_453' title='bbox 1397 2870 1416 2876; x_wconf 83' lang='lat'><em>-</em></span> 
     </span>
     <span class='ocr_line' id='line_1_74' title="bbox 353 2891 1416 2924; baseline -0.001 -7"><span class='ocrx_word' id='word_1_454' title='bbox 353 2893 414 2917; x_wconf 83' lang='lat' dir='ltr'>Item</span> <span class='ocrx_word' id='word_1_455' title='bbox 435 2892 521 2917; x_wconf 89' lang='lat' dir='ltr'>codd.:</span> <span class='ocrx_word' id='word_1_456' title='bbox 541 2892 603 2924; x_wconf 91' lang='lat' dir='ltr'>quia</span> <span class='ocrx_word' id='word_1_457' title='bbox 622 2892 761 2921; x_wconf 86' lang='lat' dir='ltr'>hinnibile;</span> <span class='ocrx_word' id='word_1_458' title='bbox 780 2892 798 2916; x_wconf 84' lang='lat' dir='ltr'>P</span> <span class='ocrx_word' id='word_1_459' title='bbox 813 2899 866 2916; x_wconf 88' lang='lat' dir='ltr'>om.</span> <span class='ocrx_word' id='word_1_460' title='bbox 883 2891 982 2923; x_wconf 86' lang='lat' dir='ltr'>quia.-</span> <span class='ocrx_word' id='word_1_461' title='bbox 993 2892 1126 2916; x_wconf 84' lang='lat' dir='ltr'>Praeterea</span> <span class='ocrx_word' id='word_1_462' title='bbox 1146 2892 1229 2921; x_wconf 65' lang='lat' dir='ltr'>codd„</span> <span class='ocrx_word' id='word_1_463' title='bbox 1249 2899 1303 2916; x_wconf 88' lang='lat' dir='ltr'>exc.</span> <span class='ocrx_word' id='word_1_464' title='bbox 1318 2891 1379 2922; x_wconf 85' lang='lat' dir='ltr'>LQ:</span> <span class='ocrx_word' id='word_1_465' title='bbox 1392 2891 1416 2916; x_wconf 85' lang='lat' dir='ltr'>si</span> 
     </span>
     <span class='ocr_line' id='line_1_75' title="bbox 352 2927 1414 2960; baseline -0.001 -8"><span class='ocrx_word' id='word_1_466' title='bbox 352 2928 453 2960; x_wconf 84' lang='lat' dir='ltr'>aliquid</span> <span class='ocrx_word' id='word_1_467' title='bbox 472 2927 540 2952; x_wconf 81' lang='lat' dir='ltr'>idem</span> <span class='ocrx_word' id='word_1_468' title='bbox 559 2930 611 2955; x_wconf 81' lang='lat' dir='ltr'>est,·</span> <span class='ocrx_word' id='word_1_469' title='bbox 631 2928 664 2952; x_wconf 84' lang='lat' dir='ltr'>L:</span> <span class='ocrx_word' id='word_1_470' title='bbox 684 2927 708 2952; x_wconf 80' lang='lat' dir='ltr'>si</span> <span class='ocrx_word' id='word_1_471' title='bbox 726 2927 795 2952; x_wconf 87' lang='lat' dir='ltr'>idem</span> <span class='ocrx_word' id='word_1_472' title='bbox 814 2927 917 2959; x_wconf 86' lang='lat' dir='ltr'>aliquid</span> <span class='ocrx_word' id='word_1_473' title='bbox 936 2930 989 2956; x_wconf 84' lang='lat' dir='ltr'>est‚·</span> <span class='ocrx_word' id='word_1_474' title='bbox 1009 2927 1033 2957; x_wconf 94' lang='lat' dir='ltr'>Q</span> <span class='ocrx_word' id='word_1_475' title='bbox 1051 2935 1104 2951; x_wconf 88' lang='lat' dir='ltr'>om.</span> <span class='ocrx_word' id='word_1_476' title='bbox 1118 2927 1224 2952; x_wconf 84' lang='lat' dir='ltr'>idem.—</span> <span class='ocrx_word' id='word_1_477' title='bbox 1239 2927 1357 2959; x_wconf 86' lang='lat' dir='ltr'>Denique</span> <span class='ocrx_word' id='word_1_478' title='bbox 1376 2928 1414 2952; x_wconf 84' lang='lat' dir='ltr'>H:</span> 
     </span>
     <span class='ocr_line' id='line_1_76' title="bbox 352 2962 1415 2998; baseline 0.001 -11"><span class='ocrx_word' id='word_1_479' title='bbox 352 2963 449 2988; x_wconf 83' lang='lat' dir='ltr'>scilicet</span> <span class='ocrx_word' id='word_1_480' title='bbox 473 2963 600 2987; x_wconf 76' lang='lat' dir='ltr'>ratzonati</span> <span class='ocrx_word' id='word_1_481' title='bbox 618 2966 644 2988; x_wconf 80' lang='lat' dir='ltr'>et</span> <span class='ocrx_word' id='word_1_482' title='bbox 666 2963 788 2987; x_wconf 88' lang='lat' dir='ltr'>hinnibili</span> <span class='ocrx_word' id='word_1_483' title='bbox 794 2970 802 2991; x_wconf 87' lang='lat'>;</span> <span class='ocrx_word' id='word_1_484' title='bbox 821 2963 877 2987; x_wconf 84' lang='lat' dir='ltr'>CE:</span> <span class='ocrx_word' id='word_1_485' title='bbox 896 2966 923 2998; x_wconf 73' lang='lat' dir='ltr'>et</span> <span class='ocrx_word' id='word_1_486' title='bbox 942 2962 967 2987; x_wconf 88' lang='lat' dir='ltr'>in</span> <span class='ocrx_word' id='word_1_487' title='bbox 989 2962 1120 2987; x_wconf 75' lang='lat' dir='ltr'>hinnibili.</span> <span class='ocrx_word' id='word_1_488' title='bbox 1139 2962 1263 2995; x_wconf 81' lang='lat' dir='ltr'>Legimus</span> <span class='ocrx_word' id='word_1_489' title='bbox 1288 2970 1348 2987; x_wconf 87' lang='lat' dir='ltr'>cum</span> <span class='ocrx_word' id='word_1_490' title='bbox 1367 2968 1415 2988; x_wconf 87' lang='lat' dir='ltr'>cet.</span> 
     </span>
     <span class='ocr_line' id='line_1_77' title="bbox 353 2998 960 3030; baseline -0.002 -7"><span class='ocrx_word' id='word_1_491' title='bbox 353 2998 434 3023; x_wconf 83' lang='lat' dir='ltr'>codd.:</span> <span class='ocrx_word' id='word_1_492' title='bbox 454 3001 479 3022; x_wconf 81' lang='lat' dir='ltr'>et</span> <span class='ocrx_word' id='word_1_493' title='bbox 497 2998 632 3028; x_wconf 86' lang='lat' dir='ltr'>hinnibili;</span> <span class='ocrx_word' id='word_1_494' title='bbox 651 2998 685 3022; x_wconf 87' lang='lat' dir='ltr'>P:</span> <span class='ocrx_word' id='word_1_495' title='bbox 704 3001 731 3023; x_wconf 78' lang='lat' dir='ltr'>et</span> <span class='ocrx_word' id='word_1_496' title='bbox 750 2998 811 3030; x_wconf 87' lang='lat' dir='ltr'>quia</span> <span class='ocrx_word' id='word_1_497' title='bbox 830 2998 960 3022; x_wconf 76' lang='lat' dir='ltr'>hinnibili.</span> 
     </span>
    </p>

    <p class='ocr_par' dir='ltr' id='par_1_23' title="bbox 353 3032 1417 3445">
     <span class='ocr_line' id='line_1_78' title="bbox 404 3032 1415 3066; baseline 0 -8"><span class='ocrx_word' id='word_1_498' title='bbox 404 3034 430 3066; x_wconf 89' lang='grc' dir='ltr'>γ)</span> <span class='ocrx_word' id='word_1_499' title='bbox 445 3033 520 3058; x_wconf 80' lang='lat' dir='ltr'>Sicut</span> <span class='ocrx_word' id='word_1_500' title='bbox 529 3034 677 3058; x_wconf 79' lang='lat' dir='ltr'>Alcibiades</span> <span class='ocrx_word' id='word_1_501' title='bbox 691 3034 778 3058; x_wconf 81' lang='lat' dir='ltr'>dictus</span> <span class='ocrx_word' id='word_1_502' title='bbox 790 3036 829 3058; x_wconf 80' lang='lat' dir='ltr'>est</span> <span class='ocrx_word' id='word_1_503' title='bbox 844 3033 1038 3066; x_wconf 77' lang='lat' dir='ltr'>magnanimus.</span> <span class='ocrx_word' id='word_1_504' title='bbox 1047 3047 1066 3052; x_wconf 94' lang='lat'>—</span> <span class='ocrx_word' id='word_1_505' title='bbox 1076 3033 1110 3058; x_wconf 82' lang='lat' dir='ltr'>P:</span> <span class='ocrx_word' id='word_1_506' title='bbox 1125 3033 1200 3058; x_wconf 81' lang='lat' dir='ltr'>Sicut</span> <span class='ocrx_word' id='word_1_507' title='bbox 1211 3033 1317 3059; x_wconf 80' lang='lat' dir='ltr'>Alcides</span> <span class='ocrx_word' id='word_1_508' title='bbox 1331 3032 1368 3066; x_wconf 83' lang='lat' dir='ltr'>(et</span> <span class='ocrx_word' id='word_1_509' title='bbox 1382 3033 1415 3058; x_wconf 89' lang='lat' dir='ltr'>ita</span> 
     </span>
     <span class='ocr_line' id='line_1_79' title="bbox 354 3069 1416 3103; baseline 0.001 -10"><span class='ocrx_word' id='word_1_510' title='bbox 354 3069 437 3103; x_wconf 82' lang='lat' dir='ltr'>infra),</span> <span class='ocrx_word' id='word_1_511' title='bbox 451 3069 518 3093; x_wconf 83' lang='lat' dir='ltr'>idest</span> <span class='ocrx_word' id='word_1_512' title='bbox 537 3069 671 3098; x_wconf 78' lang='lat' dir='ltr'>Hercules,</span> <span class='ocrx_word' id='word_1_513' title='bbox 692 3069 778 3093; x_wconf 77' lang='lat' dir='ltr'>dictus</span> <span class='ocrx_word' id='word_1_514' title='bbox 793 3074 839 3092; x_wconf 91' lang='lat' dir='ltr'>etc.</span> <span class='ocrx_word' id='word_1_515' title='bbox 860 3069 891 3092; x_wconf 86' lang='lat' dir='ltr'>Et</span> <span class='ocrx_word' id='word_1_516' title='bbox 905 3069 1011 3093; x_wconf 82' lang='lat' dir='ltr'>Alcides</span> <span class='ocrx_word' id='word_1_517' title='bbox 1030 3074 1078 3093; x_wconf 90' lang='lat' dir='ltr'>etc.</span> <span class='ocrx_word' id='word_1_518' title='bbox 1098 3074 1138 3093; x_wconf 90' lang='lat' dir='ltr'>est</span> <span class='ocrx_word' id='word_1_519' title='bbox 1157 3069 1233 3094; x_wconf 86' lang='lat' dir='ltr'>etiam</span> <span class='ocrx_word' id='word_1_520' title='bbox 1253 3069 1277 3094; x_wconf 89' lang='lat' dir='ltr'>in</span> <span class='ocrx_word' id='word_1_521' title='bbox 1296 3069 1416 3094; x_wconf 82' lang='lat' dir='ltr'>versione</span> 
     </span>
     <span class='ocr_line' id='line_1_80' title="bbox 354 3103 1415 3136; baseline 0.002 -8"><span class='ocrx_word' id='word_1_522' title='bbox 354 3112 420 3136; x_wconf 85' lang='lat' dir='ltr'>quae</span> <span class='ocrx_word' id='word_1_523' title='bbox 438 3105 462 3128; x_wconf 90' lang='lat' dir='ltr'>in</span> <span class='ocrx_word' id='word_1_524' title='bbox 482 3104 558 3128; x_wconf 72' lang='lat' dir='ltr'>Plana</span> <span class='ocrx_word' id='word_1_525' title='bbox 577 3104 653 3128; x_wconf 85' lang='lat' dir='ltr'>textui</span> <span class='ocrx_word' id='word_1_526' title='bbox 677 3103 833 3136; x_wconf 84' lang='lat' dir='ltr'>praefigitur.</span> <span class='ocrx_word' id='word_1_527' title='bbox 854 3103 1027 3128; x_wconf 79' lang='lat' dir='ltr'>DEFIKLMN</span> <span class='ocrx_word' id='word_1_528' title='bbox 1048 3109 1073 3128; x_wconf 92' lang='lat' dir='ltr'>et</span> <span class='ocrx_word' id='word_1_529' title='bbox 1092 3112 1117 3136; x_wconf 88' lang='grc' dir='ltr'>ρ.</span> <span class='ocrx_word' id='word_1_530' title='bbox 1133 3112 1167 3128; x_wconf 89' lang='lat' dir='ltr'>m.</span> <span class='ocrx_word' id='word_1_531' title='bbox 1181 3105 1199 3129; x_wconf 91' lang='lat' dir='ltr'>S</span> <span class='ocrx_word' id='word_1_532' title='bbox 1217 3112 1270 3129; x_wconf 91' lang='lat' dir='ltr'>om.</span> <span class='ocrx_word' id='word_1_533' title='bbox 1290 3105 1379 3133; x_wconf 55' lang='lat' dir='ltr'>Sinum</span> <span class='ocrx_word' id='word_1_534' title='bbox 1397 3105 1415 3130; x_wconf 93' lang='lat' dir='ltr'>S</span> 
     </span>
     <span class='ocr_line' id='line_1_81' title="bbox 353 3139 1417 3173; baseline 0.002 -10"><span class='ocrx_word' id='word_1_535' title='bbox 353 3146 375 3163; x_wconf 91' lang='lat' dir='ltr'>s.</span> <span class='ocrx_word' id='word_1_536' title='bbox 390 3147 432 3163; x_wconf 91' lang='lat' dir='ltr'>m.:</span> <span class='ocrx_word' id='word_1_537' title='bbox 452 3142 495 3165; x_wconf 78' lang='lat' dir='ltr'>ut:</span> <span class='ocrx_word' id='word_1_538' title='bbox 514 3139 539 3169; x_wconf 93' lang='lat' dir='ltr'>Q</span> <span class='ocrx_word' id='word_1_539' title='bbox 552 3139 616 3171; x_wconf 87' lang='lat' dir='ltr'>(om.</span> <span class='ocrx_word' id='word_1_540' title='bbox 630 3139 732 3170; x_wconf 80' lang='lat' dir='ltr'>Sicut).·</span> <span class='ocrx_word' id='word_1_541' title='bbox 751 3139 879 3164; x_wconf 85' lang='lat' dir='ltr'>Hercules</span> <span class='ocrx_word' id='word_1_542' title='bbox 899 3139 997 3169; x_wconf 84' lang='lat' dir='ltr'>dictus,·</span> <span class='ocrx_word' id='word_1_543' title='bbox 1016 3140 1051 3163; x_wconf 85' lang='lat' dir='ltr'>A:</span> <span class='ocrx_word' id='word_1_544' title='bbox 1071 3139 1171 3164; x_wconf 82' lang='lat' dir='ltr'>dicitur</span> <span class='ocrx_word' id='word_1_545' title='bbox 1189 3141 1384 3173; x_wconf 80' lang='lat' dir='ltr'>magnanimus.</span> <span class='ocrx_word' id='word_1_546' title='bbox 1397 3154 1417 3160; x_wconf 89' lang='lat'><em>-</em></span> 
     </span>
     <span class='ocr_line' id='line_1_82' title="bbox 354 3174 1415 3205; baseline 0.001 -6"><span class='ocrx_word' id='word_1_547' title='bbox 354 3174 475 3205; x_wconf 77' lang='lat' dir='ltr'>Codices,</span> <span class='ocrx_word' id='word_1_548' title='bbox 494 3181 547 3199; x_wconf 87' lang='lat' dir='ltr'>exc.</span> <span class='ocrx_word' id='word_1_549' title='bbox 567 3174 616 3199; x_wconf 95' lang='lat' dir='ltr'>GO</span> <span class='ocrx_word' id='word_1_550' title='bbox 635 3174 802 3204; x_wconf 75' lang='lat' dir='ltr'>(Alcid&#39;des)</span> <span class='ocrx_word' id='word_1_551' title='bbox 821 3179 846 3199; x_wconf 88' lang='lat' dir='ltr'>et</span> <span class='ocrx_word' id='word_1_552' title='bbox 864 3182 885 3198; x_wconf 87' lang='lat' dir='ltr'>s.</span> <span class='ocrx_word' id='word_1_553' title='bbox 900 3182 934 3198; x_wconf 91' lang='lat' dir='ltr'>m.</span> <span class='ocrx_word' id='word_1_554' title='bbox 954 3174 1017 3205; x_wconf 86' lang='lat' dir='ltr'>KM,</span> <span class='ocrx_word' id='word_1_555' title='bbox 1038 3182 1089 3199; x_wconf 90' lang='lat' dir='ltr'>non</span> <span class='ocrx_word' id='word_1_556' title='bbox 1108 3175 1214 3200; x_wconf 82' lang='lat' dir='ltr'>Alcides</span> <span class='ocrx_word' id='word_1_557' title='bbox 1237 3175 1344 3205; x_wconf 84' lang='lat' dir='ltr'>habent,</span> <span class='ocrx_word' id='word_1_558' title='bbox 1368 3176 1415 3200; x_wconf 82' lang='lat' dir='ltr'>aed</span> 
     </span>
     <span class='ocr_line' id='line_1_83' title="bbox 354 3209 1414 3242; baseline 0.002 -8"><span class='ocrx_word' id='word_1_559' title='bbox 354 3210 411 3242; x_wconf 86' lang='lat' dir='ltr'>plus</span> <span class='ocrx_word' id='word_1_560' title='bbox 427 3210 544 3234; x_wconf 87' lang='lat' dir='ltr'>minusve</span> <span class='ocrx_word' id='word_1_561' title='bbox 558 3215 676 3241; x_wconf 84' lang='lat' dir='ltr'>corrupte</span> <span class='ocrx_word' id='word_1_562' title='bbox 691 3210 847 3239; x_wconf 81' lang='lat' dir='ltr'>Alcibiades,</span> <span class='ocrx_word' id='word_1_563' title='bbox 862 3215 890 3234; x_wconf 92' lang='lat' dir='ltr'>ut</span> <span class='ocrx_word' id='word_1_564' title='bbox 905 3209 1012 3234; x_wconf 86' lang='lat' dir='ltr'>habetur</span> <span class='ocrx_word' id='word_1_565' title='bbox 1024 3210 1050 3234; x_wconf 92' lang='lat' dir='ltr'>in</span> <span class='ocrx_word' id='word_1_566' title='bbox 1064 3215 1133 3235; x_wconf 87' lang='lat' dir='ltr'>textu</span> <span class='ocrx_word' id='word_1_567' title='bbox 1148 3218 1249 3242; x_wconf 74' lang='lat' dir='ltr'>graeco.</span> <span class='ocrx_word' id='word_1_568' title='bbox 1265 3211 1327 3236; x_wconf 89' lang='lat' dir='ltr'>ltem</span> <span class='ocrx_word' id='word_1_569' title='bbox 1342 3211 1414 3241; x_wconf 80' lang='lat' dir='ltr'>infra,</span> 
     </span>
     <span class='ocr_line' id='line_1_84' title="bbox 354 3245 1415 3279; baseline 0.002 -10"><span class='ocrx_word' id='word_1_570' title='bbox 354 3252 406 3269; x_wconf 86' lang='lat' dir='ltr'>exc.</span> <span class='ocrx_word' id='word_1_571' title='bbox 421 3245 469 3269; x_wconf 86' lang='lat' dir='ltr'>GM</span> <span class='ocrx_word' id='word_1_572' title='bbox 489 3250 514 3270; x_wconf 90' lang='lat' dir='ltr'>et</span> <span class='ocrx_word' id='word_1_573' title='bbox 532 3253 554 3270; x_wconf 84' lang='lat' dir='ltr'>s.</span> <span class='ocrx_word' id='word_1_574' title='bbox 568 3253 604 3270; x_wconf 86' lang='lat' dir='ltr'>m.</span> <span class='ocrx_word' id='word_1_575' title='bbox 619 3245 649 3269; x_wconf 90' lang='grc' dir='ltr'>Κ.</span> <span class='ocrx_word' id='word_1_576' title='bbox 670 3245 701 3269; x_wconf 84' lang='lat' dir='ltr'>Et</span> <span class='ocrx_word' id='word_1_577' title='bbox 720 3253 778 3269; x_wconf 89' lang='lat' dir='ltr'>cum</span> <span class='ocrx_word' id='word_1_578' title='bbox 798 3245 873 3270; x_wconf 79' lang='lat' dir='ltr'>codd.</span> <span class='ocrx_word' id='word_1_579' title='bbox 892 3245 952 3278; x_wconf 83' lang='lat' dir='ltr'>legit</span> <span class='ocrx_word' id='word_1_580' title='bbox 971 3245 1100 3278; x_wconf 83' lang='lat' dir='ltr'>antiquior</span> <span class='ocrx_word' id='word_1_581' title='bbox 1118 3246 1157 3271; x_wconf 86' lang='lat' dir='ltr'>ed.</span> <span class='ocrx_word' id='word_1_582' title='bbox 1172 3254 1197 3271; x_wconf 83' lang='lat' dir='ltr'>a.</span> <span class='ocrx_word' id='word_1_583' title='bbox 1217 3247 1250 3270; x_wconf 82' lang='lat' dir='ltr'>At</span> <span class='ocrx_word' id='word_1_584' title='bbox 1265 3246 1312 3271; x_wconf 82' lang='lat' dir='ltr'>hac</span> <span class='ocrx_word' id='word_1_585' title='bbox 1331 3247 1415 3279; x_wconf 81' lang='lat' dir='ltr'>posita</span> 
     </span>
     <span class='ocr_line' id='line_1_85' title="bbox 354 3280 1415 3313; baseline 0.003 -9"><span class='ocrx_word' id='word_1_586' title='bbox 354 3280 469 3310; x_wconf 86' lang='lat' dir='ltr'>lectione,</span> <span class='ocrx_word' id='word_1_587' title='bbox 485 3281 578 3304; x_wconf 88' lang='lat' dir='ltr'>mirum</span> <span class='ocrx_word' id='word_1_588' title='bbox 594 3285 634 3304; x_wconf 86' lang='lat' dir='ltr'>est</span> <span class='ocrx_word' id='word_1_589' title='bbox 648 3280 718 3313; x_wconf 89' lang='lat' dir='ltr'>quod</span> <span class='ocrx_word' id='word_1_590' title='bbox 732 3280 833 3305; x_wconf 84' lang='lat' dir='ltr'>codices</span> <span class='ocrx_word' id='word_1_591' title='bbox 847 3286 871 3305; x_wconf 90' lang='lat' dir='ltr'>et</span> <span class='ocrx_word' id='word_1_592' title='bbox 886 3281 927 3305; x_wconf 89' lang='lat' dir='ltr'>ed.</span> <span class='ocrx_word' id='word_1_593' title='bbox 939 3287 957 3305; x_wconf 85' lang='lat' dir='ltr'>a</span> <span class='ocrx_word' id='word_1_594' title='bbox 970 3281 1095 3306; x_wconf 76' lang='lat' dir='ltr'>retineant</span> <span class='ocrx_word' id='word_1_595' title='bbox 1109 3281 1177 3307; x_wconf 78' lang='lat' dir='ltr'>idest</span> <span class='ocrx_word' id='word_1_596' title='bbox 1191 3282 1327 3307; x_wconf 82' lang='lat' dir='ltr'>Hercules.</span> <span class='ocrx_word' id='word_1_597' title='bbox 1343 3282 1415 3307; x_wconf 86' lang='lat' dir='ltr'>Duae</span> 
     </span>
     <span class='ocr_line' id='line_1_86' title="bbox 354 3315 1413 3349; baseline 0.004 -10"><span class='ocrx_word' id='word_1_598' title='bbox 354 3316 421 3339; x_wconf 89' lang='lat' dir='ltr'>enim</span> <span class='ocrx_word' id='word_1_599' title='bbox 441 3315 504 3340; x_wconf 79' lang='lat' dir='ltr'>istae</span> <span class='ocrx_word' id='word_1_600' title='bbox 524 3316 645 3340; x_wconf 85' lang='lat' dir='ltr'>lectiones</span> <span class='ocrx_word' id='word_1_601' title='bbox 658 3316 734 3340; x_wconf 83' lang='lat' dir='ltr'>simul</span> <span class='ocrx_word' id='word_1_602' title='bbox 750 3316 890 3340; x_wconf 76' lang='lat' dir='ltr'>consistere</span> <span class='ocrx_word' id='word_1_603' title='bbox 905 3324 956 3340; x_wconf 91' lang='lat' dir='ltr'>non</span> <span class='ocrx_word' id='word_1_604' title='bbox 975 3322 1094 3349; x_wconf 80' lang='lat' dir='ltr'>possunt.</span> <span class='ocrx_word' id='word_1_605' title='bbox 1113 3317 1179 3342; x_wconf 89' lang='lat' dir='ltr'>Cum</span> <span class='ocrx_word' id='word_1_606' title='bbox 1199 3325 1262 3347; x_wconf 73' lang='lat' dir='ltr'>ergo</span> <span class='ocrx_word' id='word_1_607' title='bbox 1281 3317 1356 3343; x_wconf 86' lang='lat' dir='ltr'>lectio</span> <span class='ocrx_word' id='word_1_608' title='bbox 1367 3319 1413 3343; x_wconf 91' lang='lat' dir='ltr'>Al-</span> 
     </span>
     <span class='ocr_line' id='line_1_87' title="bbox 354 3350 1415 3381; baseline 0.004 -7"><span class='ocrx_word' id='word_1_609' title='bbox 354 3350 468 3375; x_wconf 80' lang='lat' dir='ltr'>cibiades</span> <span class='ocrx_word' id='word_1_610' title='bbox 481 3359 539 3375; x_wconf 88' lang='lat' dir='ltr'>cum</span> <span class='ocrx_word' id='word_1_611' title='bbox 553 3351 627 3375; x_wconf 85' lang='lat' dir='ltr'>codd.</span> <span class='ocrx_word' id='word_1_612' title='bbox 637 3356 662 3375; x_wconf 89' lang='lat' dir='ltr'>et</span> <span class='ocrx_word' id='word_1_613' title='bbox 676 3355 744 3375; x_wconf 88' lang='lat' dir='ltr'>textu</span> <span class='ocrx_word' id='word_1_614' title='bbox 760 3351 792 3375; x_wconf 88' lang='lat' dir='ltr'>sit</span> <span class='ocrx_word' id='word_1_615' title='bbox 807 3351 946 3381; x_wconf 87' lang='lat' dir='ltr'>retinenda,</span> <span class='ocrx_word' id='word_1_616' title='bbox 960 3352 1123 3377; x_wconf 82' lang='lat' dir='ltr'>manifestum</span> <span class='ocrx_word' id='word_1_617' title='bbox 1139 3353 1241 3377; x_wconf 87' lang='lat' dir='ltr'>videtur</span> <span class='ocrx_word' id='word_1_618' title='bbox 1253 3353 1331 3378; x_wconf 87' lang='lat' dir='ltr'>verba</span> <span class='ocrx_word' id='word_1_619' title='bbox 1346 3353 1415 3378; x_wconf 80' lang='lat' dir='ltr'>idest</span> 
     </span>
     <span class='ocr_line' id='line_1_88' title="bbox 354 3385 1415 3421; baseline 0.005 -12"><span class='ocrx_word' id='word_1_620' title='bbox 354 3385 480 3410; x_wconf 85' lang='lat' dir='ltr'>Hercules</span> <span class='ocrx_word' id='word_1_621' title='bbox 498 3386 577 3410; x_wconf 84' lang='lat' dir='ltr'>fuisse</span> <span class='ocrx_word' id='word_1_622' title='bbox 591 3386 622 3410; x_wconf 81' lang='lat' dir='ltr'>ab</span> <span class='ocrx_word' id='word_1_623' title='bbox 635 3387 784 3411; x_wconf 78' lang='lat' dir='ltr'>amanuensi</span> <span class='ocrx_word' id='word_1_624' title='bbox 804 3387 954 3412; x_wconf 77' lang='lat' dir='ltr'>introducta.</span> <span class='ocrx_word' id='word_1_625' title='bbox 974 3387 1047 3412; x_wconf 88' lang='lat' dir='ltr'>Unde</span> <span class='ocrx_word' id='word_1_626' title='bbox 1062 3396 1092 3413; x_wconf 86' lang='lat' dir='ltr'>ea</span> <span class='ocrx_word' id='word_1_627' title='bbox 1106 3396 1252 3421; x_wconf 84' lang='lat' dir='ltr'>expungere</span> <span class='ocrx_word' id='word_1_628' title='bbox 1270 3396 1322 3413; x_wconf 92' lang='lat' dir='ltr'>non</span> <span class='ocrx_word' id='word_1_629' title='bbox 1341 3389 1415 3414; x_wconf 87' lang='lat' dir='ltr'>dubi-</span> 
     </span>
     <span class='ocr_line' id='line_1_89' title="bbox 354 3425 447 3445; baseline 0.011 -1"><span class='ocrx_word' id='word_1_630' title='bbox 354 3425 447 3445; x_wconf 81' lang='lat' dir='ltr'>tamus.</span> 
     </span>
    </p>

    <p class='ocr_par' dir='ltr' id='par_1_24' title="bbox 356 3454 1414 3527">
     <span class='ocr_line' id='line_1_90' title="bbox 407 3454 1412 3491; baseline 0.005 -12"><span class='ocrx_word' id='word_1_631' title='bbox 407 3454 431 3487; x_wconf 83' lang='grc' dir='ltr'>δ)</span> <span class='ocrx_word' id='word_1_632' title='bbox 451 3456 564 3487; x_wconf 80' lang='lat' dir='ltr'>Propter</span> <span class='ocrx_word' id='word_1_633' title='bbox 585 3457 790 3488; x_wconf 77' lang='lat' dir='ltr'>prosperitatem</span> <span class='ocrx_word' id='word_1_634' title='bbox 811 3458 983 3482; x_wconf 85' lang='lat' dir='ltr'>etc.-CDKS</span> <span class='ocrx_word' id='word_1_635' title='bbox 1002 3466 1027 3491; x_wconf 87' lang='lat' dir='ltr'>p.</span> <span class='ocrx_word' id='word_1_636' title='bbox 1043 3466 1077 3483; x_wconf 90' lang='lat' dir='ltr'>m.</span> <span class='ocrx_word' id='word_1_637' title='bbox 1092 3466 1145 3483; x_wconf 90' lang='lat' dir='ltr'>om.</span> <span class='ocrx_word' id='word_1_638' title='bbox 1161 3462 1288 3491; x_wconf 83' lang='lat' dir='ltr'>propter,·</span> <span class='ocrx_word' id='word_1_639' title='bbox 1307 3460 1412 3484; x_wconf 85' lang='grc' dir='ltr'>ΑΕΙΜΝ</span> 
     </span>
     <span class='ocr_line' id='line_1_91' title="bbox 356 3491 1414 3527; baseline 0.006 -13"><span class='ocrx_word' id='word_1_640' title='bbox 356 3494 381 3514; x_wconf 86' lang='lat' dir='ltr'>et</span> <span class='ocrx_word' id='word_1_641' title='bbox 399 3498 419 3514; x_wconf 89' lang='lat' dir='ltr'>s.</span> <span class='ocrx_word' id='word_1_642' title='bbox 433 3498 468 3515; x_wconf 90' lang='lat' dir='ltr'>m.</span> <span class='ocrx_word' id='word_1_643' title='bbox 487 3491 586 3515; x_wconf 80' lang='lat' dir='ltr'>CDKS:</span> <span class='ocrx_word' id='word_1_644' title='bbox 607 3499 658 3523; x_wconf 73' lang='lat' dir='ltr'>pen·</span> <span class='ocrx_word' id='word_1_645' title='bbox 673 3493 887 3523; x_wconf 80' lang='lat' dir='ltr'>prosperitatem.</span> <span class='ocrx_word' id='word_1_646' title='bbox 908 3494 942 3517; x_wconf 86' lang='lat' dir='ltr'>L:</span> <span class='ocrx_word' id='word_1_647' title='bbox 963 3492 1031 3526; x_wconf 88' lang='lat' dir='ltr'>(om.</span> <span class='ocrx_word' id='word_1_648' title='bbox 1044 3495 1171 3527; x_wconf 83' lang='lat' dir='ltr'>propter)</span> <span class='ocrx_word' id='word_1_649' title='bbox 1192 3495 1382 3527; x_wconf 75' lang='lat' dir='ltr'>prosperitate.</span> <span class='ocrx_word' id='word_1_650' title='bbox 1395 3509 1414 3514; x_wconf 86' lang='lat'>—</span> 
     </span>
    </p>
   </div>
   <div class='ocr_carea' id='block_1_21' title="bbox 298 3524 1414 3564">
    <p class='ocr_par' dir='ltr' id='par_1_25' title="bbox 298 3524 1414 3564">
     <span class='ocr_line' id='line_1_92' title="bbox 298 3524 1414 3564; baseline 0.006 -16"><span class='ocrx_word' id='word_1_651' title='bbox 298 3536 302 3540; x_wconf 93' lang='lat'>·</span> <span class='ocrx_word' id='word_1_652' title='bbox 356 3524 437 3549; x_wconf 82' lang='lat' dir='ltr'>ALN:</span> <span class='ocrx_word' id='word_1_653' title='bbox 453 3533 554 3557; x_wconf 82' lang='lat' dir='ltr'>necper</span> <span class='ocrx_word' id='word_1_654' title='bbox 569 3526 731 3559; x_wconf 78' lang='lat' dir='ltr'>infortunia;</span> <span class='ocrx_word' id='word_1_655' title='bbox 746 3528 783 3552; x_wconf 82' lang='lat' dir='ltr'>M:</span> <span class='ocrx_word' id='word_1_656' title='bbox 799 3528 838 3552; x_wconf 79' lang='lat' dir='ltr'>vel</span> <span class='ocrx_word' id='word_1_657' title='bbox 848 3535 900 3559; x_wconf 86' lang='lat' dir='ltr'>per</span> <span class='ocrx_word' id='word_1_658' title='bbox 914 3528 1077 3561; x_wconf 80' lang='lat' dir='ltr'>infortunia,·</span> <span class='ocrx_word' id='word_1_659' title='bbox 1092 3530 1154 3556; x_wconf 80' lang='lat' dir='ltr'>HT:</span> <span class='ocrx_word' id='word_1_660' title='bbox 1169 3534 1195 3555; x_wconf 83' lang='lat' dir='ltr'>et</span> <span class='ocrx_word' id='word_1_661' title='bbox 1202 3533 1314 3562; x_wconf 82' lang='lat' dir='ltr'>propter</span> <span class='ocrx_word' id='word_1_662' title='bbox 1329 3531 1414 3564; x_wconf 89' lang='lat' dir='ltr'>insor-</span> 
     </span>
    </p>
   </div>
   <div class='ocr_carea' id='block_1_22' title="bbox 356 3560 1414 3634">
    <p class='ocr_par' dir='ltr' id='par_1_26' title="bbox 356 3560 1414 3634">
     <span class='ocr_line' id='line_1_93' title="bbox 356 3560 1414 3599; baseline 0.008 -16"><span class='ocrx_word' id='word_1_663' title='bbox 356 3560 446 3589; x_wconf 74' lang='lat' dir='ltr'>mnia,-</span> <span class='ocrx_word' id='word_1_664' title='bbox 466 3560 502 3590; x_wconf 77' lang='lat' dir='ltr'>Q:</span> <span class='ocrx_word' id='word_1_665' title='bbox 517 3565 542 3585; x_wconf 72' lang='lat' dir='ltr'>ct</span> <span class='ocrx_word' id='word_1_666' title='bbox 558 3561 712 3595; x_wconf 71' lang='lat' dir='ltr'>infortunii:</span> <span class='ocrx_word' id='word_1_667' title='bbox 732 3568 788 3587; x_wconf 82' lang='lat' dir='ltr'>cet.:</span> <span class='ocrx_word' id='word_1_668' title='bbox 802 3566 827 3588; x_wconf 81' lang='lat' dir='ltr'>et</span> <span class='ocrx_word' id='word_1_669' title='bbox 836 3570 887 3595; x_wconf 85' lang='lat' dir='ltr'>per</span> <span class='ocrx_word' id='word_1_670' title='bbox 899 3563 1056 3596; x_wconf 79' lang='lat' dir='ltr'>infortunia.</span> <span class='ocrx_word' id='word_1_671' title='bbox 1072 3565 1107 3590; x_wconf 82' lang='lat' dir='ltr'>P:</span> <span class='ocrx_word' id='word_1_672' title='bbox 1123 3568 1149 3590; x_wconf 77' lang='lat' dir='ltr'>ee</span> <span class='ocrx_word' id='word_1_673' title='bbox 1163 3573 1215 3598; x_wconf 84' lang='lat' dir='ltr'>per</span> <span class='ocrx_word' id='word_1_674' title='bbox 1229 3566 1414 3599; x_wconf 75' lang='lat' dir='ltr'>infortunium.</span> 
     </span>
     <span class='ocr_line' id='line_1_94' title="bbox 410 3595 1414 3634; baseline 0.008 -15"><span class='ocrx_word' id='word_1_675' title='bbox 410 3595 431 3626; x_wconf 81' lang='grc' dir='ltr'>ε)</span> <span class='ocrx_word' id='word_1_676' title='bbox 458 3595 487 3619; x_wconf 86' lang='lat' dir='ltr'>In</span> <span class='ocrx_word' id='word_1_677' title='bbox 507 3596 555 3621; x_wconf 87' lang='lat' dir='ltr'>hoc</span> <span class='ocrx_word' id='word_1_678' title='bbox 577 3597 645 3621; x_wconf 86' lang='lat' dir='ltr'>enim</span> <span class='ocrx_word' id='word_1_679' title='bbox 667 3597 787 3622; x_wconf 80' lang='lat' dir='ltr'>consistit</span> <span class='ocrx_word' id='word_1_680' title='bbox 810 3599 881 3623; x_wconf 75' lang='lat' dir='ltr'>ratio</span> <span class='ocrx_word' id='word_1_681' title='bbox 905 3600 1175 3632; x_wconf 76' lang='lat' dir='ltr'>magnanimitatis.-</span> <span class='ocrx_word' id='word_1_682' title='bbox 1193 3601 1252 3626; x_wconf 89' lang='lat' dir='ltr'>Duo</span> <span class='ocrx_word' id='word_1_683' title='bbox 1271 3602 1414 3634; x_wconf 71' lang='lat' dir='ltr'>praemissa</span> 
     </span>
    </p>
   </div>
   <div class='ocr_carea' id='block_1_23' title="bbox 920 235 1948 288">
    <p class='ocr_par' dir='ltr' id='par_1_27' title="bbox 920 235 1948 288">
     <span class='ocr_line' id='line_1_95' title="bbox 920 235 1948 288; baseline -0.018 0"><span class='ocrx_word' id='word_1_684' title='bbox 920 245 1303 288; x_wconf 89' lang='lat' dir='ltr'>POSTERIORUM</span> <span class='ocrx_word' id='word_1_685' title='bbox 1331 238 1762 279; x_wconf 91' lang='lat' dir='ltr'><strong>ANALYTICORUM</strong></span> <span class='ocrx_word' id='word_1_686' title='bbox 1790 236 1884 271; x_wconf 90' lang='lat' dir='ltr'>LIB.</span> <span class='ocrx_word' id='word_1_687' title='bbox 1916 235 1948 270; x_wconf 96' lang='lat' dir='ltr'>Il</span> 
     </span>
    </p>
   </div>
   <div class='ocr_carea' id='block_1_24' title="bbox 1462 311 2788 2672">
    <p class='ocr_par' dir='ltr' id='par_1_28' title="bbox 1462 311 2780 1050">
     <span class='ocr_line' id='line_1_96' title="bbox 1462 311 2532 364; baseline -0.007 -9"><span class='ocrx_word' id='word_1_688' title='bbox 1462 319 1536 364; x_wconf 89' lang='lat' dir='ltr'>nia,</span> <span class='ocrx_word' id='word_1_689' title='bbox 1553 317 1621 354; x_wconf 90' lang='lat' dir='ltr'>sed</span> <span class='ocrx_word' id='word_1_690' title='bbox 1645 315 1905 353; x_wconf 89' lang='lat' dir='ltr'>indifferenter</span> <span class='ocrx_word' id='word_1_691' title='bbox 1924 325 1965 349; x_wconf 89' lang='lat' dir='ltr'>se</span> <span class='ocrx_word' id='word_1_692' title='bbox 1987 311 2181 348; x_wconf 90' lang='lat' dir='ltr'>habebant</span> <span class='ocrx_word' id='word_1_693' title='bbox 2199 311 2237 347; x_wconf 93' lang='lat' dir='ltr'>in</span> <span class='ocrx_word' id='word_1_694' title='bbox 2256 311 2438 360; x_wconf 90' lang='lat' dir='ltr'>utrisque.</span> <span class='ocrx_word' id='word_1_695' title='bbox 2459 314 2532 348; x_wconf 94' lang='lat' dir='ltr'>Ac-</span> 
     </span>
     <span class='ocr_line' id='line_1_97' title="bbox 1463 364 2532 419; baseline -0.005 -12"><span class='ocrx_word' id='word_1_696' title='bbox 1463 371 1648 419; x_wconf 90' lang='lat' dir='ltr'>cipiamus</span> <span class='ocrx_word' id='word_1_697' title='bbox 1673 381 1763 416; x_wconf 89' lang='lat' dir='ltr'>ergo</span> <span class='ocrx_word' id='word_1_698' title='bbox 1789 369 1885 404; x_wconf 89' lang='lat' dir='ltr'>haec</span> <span class='ocrx_word' id='word_1_699' title='bbox 1912 366 2002 411; x_wconf 83' lang='lat' dir='ltr'>duo,</span> <span class='ocrx_word' id='word_1_700' title='bbox 2028 365 2168 401; x_wconf 89' lang='lat' dir='ltr'>scilicet</span> <span class='ocrx_word' id='word_1_701' title='bbox 2191 364 2532 413; x_wconf 88' lang='lat' dir='ltr'>impassibilitatem</span> 
     </span>
     <span class='ocr_line' id='line_1_98' title="bbox 1463 418 2532 465; baseline -0.007 -4"><span class='ocrx_word' id='word_1_702' title='bbox 1463 437 1485 460; x_wconf 90' lang='lat' dir='ltr'>a</span> <span class='ocrx_word' id='word_1_703' title='bbox 1505 423 1664 460; x_wconf 78' lang='lat' dir='ltr'>fortuitis</span> <span class='ocrx_word' id='word_1_704' title='bbox 1685 422 1835 458; x_wconf 89' lang='lat' dir='ltr'>casibus</span> <span class='ocrx_word' id='word_1_705' title='bbox 1864 427 1901 455; x_wconf 92' lang='lat' dir='ltr'>et</span> <span class='ocrx_word' id='word_1_706' title='bbox 1924 431 2003 455; x_wconf 91' lang='lat' dir='ltr'>non</span> <span class='ocrx_word' id='word_1_707' title='bbox 2022 419 2184 454; x_wconf 87' lang='lat' dir='ltr'>tolerare</span> <span class='ocrx_word' id='word_1_708' title='bbox 2204 418 2370 465; x_wconf 89' lang='lat' dir='ltr'>iniurias,</span> <span class='ocrx_word' id='word_1_709' title='bbox 2387 426 2424 455; x_wconf 93' lang='lat' dir='ltr'>et</span> <span class='ocrx_word' id='word_1_710' title='bbox 2443 431 2532 455; x_wconf 91' lang='lat' dir='ltr'>con—</span> 
     </span>
     <span class='ocr_line' id='line_1_99' title="bbox 1463 472 2534 521; baseline -0.007 -7"><span class='ocrx_word' id='word_1_711' title='bbox 1463 477 1676 514; x_wconf 89' lang='lat' dir='ltr'>sideremus</span> <span class='ocrx_word' id='word_1_712' title='bbox 1696 476 1726 511; x_wconf 91' lang='lat' dir='ltr'>si</span> <span class='ocrx_word' id='word_1_713' title='bbox 1743 482 1798 510; x_wconf 87' lang='lat' dir='ltr'>est</span> <span class='ocrx_word' id='word_1_714' title='bbox 1813 472 1954 521; x_wconf 89' lang='lat' dir='ltr'>aliquid</span> <span class='ocrx_word' id='word_1_715' title='bbox 1975 484 2184 508; x_wconf 87' lang='lat' dir='ltr'>commune</span> <span class='ocrx_word' id='word_1_716' title='bbox 2200 472 2265 508; x_wconf 89' lang='lat' dir='ltr'>eis.</span> <span class='ocrx_word' id='word_1_717' title='bbox 2283 473 2326 508; x_wconf 94' lang='lat' dir='ltr'>ln</span> <span class='ocrx_word' id='word_1_718' title='bbox 2340 473 2416 508; x_wconf 89' lang='lat' dir='ltr'>hoc</span> <span class='ocrx_word' id='word_1_719' title='bbox 2431 472 2534 508; x_wconf 89' lang='lat' dir='ltr'>enirn</span> 
     </span>
     <span class='ocr_line' id='line_1_100' title="bbox 1465 525 2678 574; baseline -0.005 -7"><span class='ocrx_word' id='word_1_720' title='bbox 1465 531 1633 567; x_wconf 89' lang='lat' dir='ltr'>consistit</span> <span class='ocrx_word' id='word_1_721' title='bbox 1661 528 1759 565; x_wconf 87' lang='lat' dir='ltr'>ratio</span> <span class='ocrx_word' id='word_1_722' title='bbox 1781 525 2100 574; x_wconf 88' lang='lat' dir='ltr'>magnanimitatis</span> <span class='ocrx_word' id='word_1_723' title='bbox 2119 531 2141 561; x_wconf 88' lang='lat'>‘.</span> <span class='ocrx_word' id='word_1_724' title='bbox 2169 525 2274 562; x_wconf 88' lang='lat' dir='ltr'>Sicut</span> <span class='ocrx_word' id='word_1_725' title='bbox 2302 525 2333 561; x_wconf 90' lang='lat' dir='ltr'>si</span> <span class='ocrx_word' id='word_1_726' title='bbox 2362 525 2535 562; x_wconf 88' lang='lat' dir='ltr'>dicamus</span> <span class='ocrx_word' id='word_1_727' title='bbox 2667 539 2678 554; x_wconf 84' lang='grc' dir='ltr'>ε</span> 
     </span>
     <span class='ocr_line' id='line_1_101' title="bbox 1464 579 2777 633; baseline -0.008 -12"><span class='ocrx_word' id='word_1_728' title='bbox 1464 584 1569 633; x_wconf 92' lang='lat' dir='ltr'>quod</span> <span class='ocrx_word' id='word_1_729' title='bbox 1588 591 1795 630; x_wconf 88' lang='lat' dir='ltr'>utrumque</span> <span class='ocrx_word' id='word_1_730' title='bbox 1816 580 1996 627; x_wconf 89' lang='lat' dir='ltr'>contingit</span> <span class='ocrx_word' id='word_1_731' title='bbox 2011 579 2031 599; x_wconf 80' lang='lat'><em>*</em></span> <span class='ocrx_word' id='word_1_732' title='bbox 2050 586 2208 627; x_wconf 92' lang='lat' dir='ltr'>propter</span> <span class='ocrx_word' id='word_1_733' title='bbox 2235 580 2322 625; x_wconf 91' lang='lat' dir='ltr'>hoc,</span> <span class='ocrx_word' id='word_1_734' title='bbox 2345 579 2450 627; x_wconf 88' lang='lat' dir='ltr'>quod</span> <span class='ocrx_word' id='word_1_735' title='bbox 2470 579 2534 615; x_wconf 93' lang='lat' dir='ltr'>ali—</span> <span class='ocrx_word' id='word_1_736' title='bbox 2563 591 2609 612; x_wconf 57' lang='grc' dir='ltr'>-ιι</span> <span class='ocrx_word' id='word_1_737' title='bbox 2627 591 2777 618; x_wconf 67' lang='lat' dir='ltr'>contingat.-</span> 
     </span>
     <span class='ocr_line' id='line_1_102' title="bbox 1465 621 2777 686; baseline -0.008 -12"><span class='ocrx_word' id='word_1_738' title='bbox 1465 637 1548 686; x_wconf 91' lang='lat' dir='ltr'>quis</span> <span class='ocrx_word' id='word_1_739' title='bbox 1578 636 1765 672; x_wconf 90' lang='lat' dir='ltr'>existimat</span> <span class='ocrx_word' id='word_1_740' title='bbox 1793 646 1833 670; x_wconf 92' lang='lat' dir='ltr'>se</span> <span class='ocrx_word' id='word_1_741' title='bbox 1863 633 2022 681; x_wconf 88' lang='lat' dir='ltr'>dignum</span> <span class='ocrx_word' id='word_1_742' title='bbox 2050 632 2209 680; x_wconf 77' lang='lat' dir='ltr'>magnis.</span> <span class='ocrx_word' id='word_1_743' title='bbox 2241 633 2299 669; x_wconf 90' lang='lat' dir='ltr'>Ex</span> <span class='ocrx_word' id='word_1_744' title='bbox 2327 633 2403 669; x_wconf 94' lang='lat' dir='ltr'>hoc</span> <span class='ocrx_word' id='word_1_745' title='bbox 2432 632 2534 669; x_wconf 89' lang='lat' dir='ltr'>enim</span> <span class='ocrx_word' id='word_1_746' title='bbox 2562 621 2777 672; x_wconf 51' lang='lat' dir='ltr'>Ersszsszfflfm·</span> 
     </span>
     <span class='ocr_line' id='line_1_103' title="bbox 1466 686 2777 740; baseline -0.004 -13"><span class='ocrx_word' id='word_1_747' title='bbox 1466 690 1647 737; x_wconf 87' lang='lat' dir='ltr'>contingit</span> <span class='ocrx_word' id='word_1_748' title='bbox 1683 688 1789 738; x_wconf 93' lang='lat' dir='ltr'>quod</span> <span class='ocrx_word' id='word_1_749' title='bbox 1817 688 1938 723; x_wconf 91' lang='lat' dir='ltr'>homo</span> <span class='ocrx_word' id='word_1_750' title='bbox 1968 698 2047 723; x_wconf 90' lang='lat' dir='ltr'>non</span> <span class='ocrx_word' id='word_1_751' title='bbox 2079 686 2218 735; x_wconf 88' lang='lat' dir='ltr'>patitur</span> <span class='ocrx_word' id='word_1_752' title='bbox 2250 686 2426 733; x_wconf 90' lang='lat' dir='ltr'>iniurias;</span> <span class='ocrx_word' id='word_1_753' title='bbox 2461 694 2497 723; x_wconf 91' lang='lat' dir='ltr'>et</span> <span class='ocrx_word' id='word_1_754' title='bbox 2515 687 2536 707; x_wconf 82' lang='grc'>*</span> <span class='ocrx_word' id='word_1_755' title='bbox 2563 692 2777 740; x_wconf 56' lang='lat' dir='ltr'>:nsstxom-vwi’-</span> 
     </span>
     <span class='ocr_line' id='line_1_104' title="bbox 1465 735 2779 800; baseline -0.005 -19"><span class='ocrx_word' id='word_1_756' title='bbox 1465 757 1511 781; x_wconf 91' lang='lat' dir='ltr'>ex</span> <span class='ocrx_word' id='word_1_757' title='bbox 1530 745 1606 780; x_wconf 91' lang='lat' dir='ltr'>hoc</span> <span class='ocrx_word' id='word_1_758' title='bbox 1625 742 1739 779; x_wconf 89' lang='lat' dir='ltr'>etiam</span> <span class='ocrx_word' id='word_1_759' title='bbox 1755 741 1775 762; x_wconf 79' lang='lat'><em>*</em></span> <span class='ocrx_word' id='word_1_760' title='bbox 1792 740 1973 788; x_wconf 90' lang='lat' dir='ltr'>contingit</span> <span class='ocrx_word' id='word_1_761' title='bbox 1996 740 2102 788; x_wconf 86' lang='lat' dir='ltr'>quod</span> <span class='ocrx_word' id='word_1_762' title='bbox 2129 740 2338 776; x_wconf 84' lang='lat' dir='ltr'>contemnit</span> <span class='ocrx_word' id='word_1_763' title='bbox 2357 740 2534 777; x_wconf 89' lang='lat' dir='ltr'>mutatio·</span> <span class='ocrx_word' id='word_1_764' title='bbox 2565 735 2779 800; x_wconf 45' lang='lat' dir='ltr'>&#39;litia&#39;nexqoddff</span> 
     </span>
     <span class='ocr_line' id='line_1_105' title="bbox 1465 781 2761 842; baseline -0.004 -8"><span class='ocrx_word' id='word_1_765' title='bbox 1465 810 1556 834; x_wconf 91' lang='lat' dir='ltr'>nem</span> <span class='ocrx_word' id='word_1_766' title='bbox 1583 795 1815 832; x_wconf 88' lang='lat' dir='ltr'>exteriorum</span> <span class='ocrx_word' id='word_1_767' title='bbox 1845 795 2050 840; x_wconf 91' lang='lat' dir='ltr'>bonorum,</span> <span class='ocrx_word' id='word_1_768' title='bbox 2066 801 2250 842; x_wconf 87' lang='lat' dir='ltr'>tanquam</span> <span class='ocrx_word' id='word_1_769' title='bbox 2271 794 2534 830; x_wconf 90' lang='lat' dir='ltr'>minimorum.</span> <span class='ocrx_word' id='word_1_770' title='bbox 2563 781 2761 826; x_wconf 50' lang='lat' dir='ltr'>{tetcssii&#39;t&#39;e&#39;ni‘tf</span> 
     </span>
     <span class='ocr_line' id='line_1_106' title="bbox 1466 847 2536 888; baseline -0.004 0"><span class='ocrx_word' id='word_1_771' title='bbox 1466 852 1506 888; x_wconf 89' lang='lat' dir='ltr'>Si</span> <span class='ocrx_word' id='word_1_772' title='bbox 1535 858 1664 887; x_wconf 90' lang='lat' dir='ltr'>autem</span> <span class='ocrx_word' id='word_1_773' title='bbox 1689 849 1780 885; x_wconf 89' lang='lat' dir='ltr'>nihil</span> <span class='ocrx_word' id='word_1_774' title='bbox 1801 859 2011 884; x_wconf 89' lang='lat' dir='ltr'>commune</span> <span class='ocrx_word' id='word_1_775' title='bbox 2039 847 2274 884; x_wconf 88' lang='lat' dir='ltr'>inveniretur</span> <span class='ocrx_word' id='word_1_776' title='bbox 2292 847 2362 884; x_wconf 92' lang='lat' dir='ltr'>illis</span> <span class='ocrx_word' id='word_1_777' title='bbox 2383 847 2536 884; x_wconf 86' lang='lat' dir='ltr'>duobus</span> 
     </span>
     <span class='ocr_line' id='line_1_107' title="bbox 1465 900 2535 953; baseline -0.005 -11"><span class='ocrx_word' id='word_1_778' title='bbox 1465 904 1648 953; x_wconf 89' lang='lat' dir='ltr'>acceptis,</span> <span class='ocrx_word' id='word_1_779' title='bbox 1678 915 1756 939; x_wconf 91' lang='lat' dir='ltr'>non</span> <span class='ocrx_word' id='word_1_780' title='bbox 1787 909 1886 938; x_wconf 89' lang='lat' dir='ltr'>esset</span> <span class='ocrx_word' id='word_1_781' title='bbox 1912 913 1990 937; x_wconf 91' lang='lat' dir='ltr'>una</span> <span class='ocrx_word' id='word_1_782' title='bbox 2018 901 2165 949; x_wconf 87' lang='lat' dir='ltr'>species</span> <span class='ocrx_word' id='word_1_783' title='bbox 2202 900 2535 948; x_wconf 88' lang='lat' dir='ltr'>magnanimitatis,</span> 
     </span>
     <span class='ocr_line' id='line_1_108' title="bbox 1465 954 2780 1012; baseline -0.005 -17"><span class='ocrx_word' id='word_1_784' title='bbox 1465 959 1533 996; x_wconf 92' lang='lat' dir='ltr'>sed</span> <span class='ocrx_word' id='word_1_785' title='bbox 1562 958 1673 994; x_wconf 87' lang='lat' dir='ltr'>duae.</span> <span class='ocrx_word' id='word_1_786' title='bbox 1703 955 1816 993; x_wconf 91' lang='lat' dir='ltr'>Unde</span> <span class='ocrx_word' id='word_1_787' title='bbox 1840 967 1919 1000; x_wconf 85' lang='lat' dir='ltr'>non</span> <span class='ocrx_word' id='word_1_788' title='bbox 1937 962 2069 1003; x_wconf 87' lang='lat' dir='ltr'>posset</span> <span class='ocrx_word' id='word_1_789' title='bbox 2088 954 2169 991; x_wconf 91' lang='lat' dir='ltr'>dari</span> <span class='ocrx_word' id='word_1_790' title='bbox 2187 967 2266 991; x_wconf 90' lang='lat' dir='ltr'>una</span> <span class='ocrx_word' id='word_1_791' title='bbox 2285 954 2503 991; x_wconf 89' lang='lat' dir='ltr'>communis</span> <span class='ocrx_word' id='word_1_792' title='bbox 2518 955 2538 976; x_wconf 84' lang='grc'>*</span> <span class='ocrx_word' id='word_1_793' title='bbox 2564 961 2720 1012; x_wconf 55' lang='lat' dir='ltr'>:com-im</span> <span class='ocrx_word' id='word_1_794' title='bbox 2729 971 2780 988; x_wconf 79' lang='lat' dir='ltr'>om.</span> 
     </span>
     <span class='ocr_line' id='line_1_109' title="bbox 1466 1008 2586 1050; baseline -0.004 0"><span class='ocrx_word' id='word_1_795' title='bbox 1466 1011 1649 1050; x_wconf 90' lang='lat' dir='ltr'>definitio.</span> <span class='ocrx_word' id='word_1_796' title='bbox 2580 1008 2586 1013; x_wconf 81' lang='grc'><strong>”</strong></span> 
     </span>
    </p>

    <p class='ocr_par' dir='ltr' id='par_1_29' title="bbox 1465 1060 2782 1703">
     <span class='ocr_line' id='line_1_110' title="bbox 1517 1060 2536 1113; baseline -0.004 -11"><span class='ocrx_word' id='word_1_797' title='bbox 1517 1077 1555 1113; x_wconf 89' lang='lat'>4.</span> <span class='ocrx_word' id='word_1_798' title='bbox 1565 1062 1716 1102; x_wconf 90' lang='lat' dir='ltr'>Deinde</span> <span class='ocrx_word' id='word_1_799' title='bbox 1728 1074 1817 1098; x_wconf 90' lang='lat' dir='ltr'>cum</span> <span class='ocrx_word' id='word_1_800' title='bbox 1834 1060 1933 1098; x_wconf 86' lang='lat' dir='ltr'>dicit:</span> <span class='ocrx_word' id='word_1_801' title='bbox 1946 1061 2103 1109; x_wconf 86' lang='lat' dir='ltr'>Semper</span> <span class='ocrx_word' id='word_1_802' title='bbox 2112 1067 2237 1098; x_wconf 88' lang='lat' dir='ltr'>autem</span> <span class='ocrx_word' id='word_1_803' title='bbox 2253 1066 2307 1098; x_wconf 81' lang='lat' dir='ltr'>est</span> <span class='ocrx_word' id='word_1_804' title='bbox 2320 1061 2443 1098; x_wconf 80' lang='lat' dir='ltr'>omnis</span> <span class='ocrx_word' id='word_1_805' title='bbox 2453 1068 2536 1109; x_wconf 91' lang='lat' dir='ltr'>etc.,</span> 
     </span>
     <span class='ocr_line' id='line_1_111' title="bbox 1465 1115 2539 1165; baseline -0.005 -9"><span class='ocrx_word' id='word_1_806' title='bbox 1465 1118 1631 1156; x_wconf 89' lang='lat' dir='ltr'>ostendit</span> <span class='ocrx_word' id='word_1_807' title='bbox 1666 1116 1923 1165; x_wconf 89' lang='lat' dir='ltr'>praemissum</span> <span class='ocrx_word' id='word_1_808' title='bbox 1961 1115 2126 1151; x_wconf 89' lang='lat' dir='ltr'>modum</span> <span class='ocrx_word' id='word_1_809' title='bbox 2168 1115 2390 1152; x_wconf 90' lang='lat' dir='ltr'>inveniendi</span> <span class='ocrx_word' id='word_1_810' title='bbox 2433 1115 2539 1164; x_wconf 89' lang='lat' dir='ltr'>quod</span> 
     </span>
     <span class='ocr_line' id='line_1_112' title="bbox 1466 1168 2537 1223; baseline -0.005 -13"><span class='ocrx_word' id='word_1_811' title='bbox 1466 1173 1556 1223; x_wconf 88' lang='lat' dir='ltr'>quid</span> <span class='ocrx_word' id='word_1_812' title='bbox 1586 1179 1642 1209; x_wconf 92' lang='lat' dir='ltr'>est</span> <span class='ocrx_word' id='word_1_813' title='bbox 1670 1183 1752 1208; x_wconf 90' lang='lat' dir='ltr'>esse</span> <span class='ocrx_word' id='word_1_814' title='bbox 1774 1169 2082 1206; x_wconf 85' lang='lat' dir='ltr'>convenientem.</span> <span class='ocrx_word' id='word_1_815' title='bbox 2104 1169 2154 1205; x_wconf 91' lang='lat' dir='ltr'>Et</span> <span class='ocrx_word' id='word_1_816' title='bbox 2173 1168 2272 1206; x_wconf 84' lang='lat' dir='ltr'>circa</span> <span class='ocrx_word' id='word_1_817' title='bbox 2291 1170 2367 1205; x_wconf 88' lang='lat' dir='ltr'>hoc</span> <span class='ocrx_word' id='word_1_818' title='bbox 2386 1168 2465 1206; x_wconf 92' lang='lat' dir='ltr'>duo</span> <span class='ocrx_word' id='word_1_819' title='bbox 2486 1169 2537 1205; x_wconf 86' lang='lat' dir='ltr'>fa-</span> 
     </span>
     <span class='ocr_line' id='line_1_113' title="bbox 1466 1222 2781 1280; baseline -0.008 -16"><span class='ocrx_word' id='word_1_820' title='bbox 1466 1228 1532 1264; x_wconf 88' lang='lat' dir='ltr'>cit:</span> <span class='ocrx_word' id='word_1_821' title='bbox 1560 1226 1709 1275; x_wconf 90' lang='lat' dir='ltr'>primo,</span> <span class='ocrx_word' id='word_1_822' title='bbox 1739 1223 1905 1260; x_wconf 91' lang='lat' dir='ltr'>ostendit</span> <span class='ocrx_word' id='word_1_823' title='bbox 1932 1223 2035 1259; x_wconf 91' lang='lat' dir='ltr'>hunc</span> <span class='ocrx_word' id='word_1_824' title='bbox 2062 1222 2226 1259; x_wconf 87' lang='lat' dir='ltr'>modurn</span> <span class='ocrx_word' id='word_1_825' title='bbox 2256 1234 2339 1259; x_wconf 90' lang='lat' dir='ltr'>esse</span> <span class='ocrx_word' id='word_1_826' title='bbox 2356 1224 2376 1244; x_wconf 75' lang='lat'>*</span> <span class='ocrx_word' id='word_1_827' title='bbox 2397 1235 2538 1271; x_wconf 71' lang='lat' dir='ltr'>conye-</span> <span class='ocrx_word' id='word_1_828' title='bbox 2566 1231 2781 1280; x_wconf 43' lang='lat' dir='ltr'>‘iz-seutiam,</span> 
     </span>
     <span class='ocr_line' id='line_1_114' title="bbox 1466 1265 2781 1325; baseline -0.005 -7"><span class='ocrx_word' id='word_1_829' title='bbox 1466 1281 1654 1324; x_wconf 86' lang='lat' dir='ltr'>nientem;</span> <span class='ocrx_word' id='word_1_830' title='bbox 1683 1278 1873 1325; x_wconf 92' lang='lat' dir='ltr'>secundo,</span> <span class='ocrx_word' id='word_1_831' title='bbox 1904 1276 2069 1313; x_wconf 90' lang='lat' dir='ltr'>ostendit</span> <span class='ocrx_word' id='word_1_832' title='bbox 2097 1277 2189 1325; x_wconf 92' lang='lat' dir='ltr'>quid</span> <span class='ocrx_word' id='word_1_833' title='bbox 2218 1284 2369 1325; x_wconf 89' lang='lat' dir='ltr'>oportet</span> <span class='ocrx_word' id='word_1_834' title='bbox 2396 1277 2435 1313; x_wconf 93' lang='lat' dir='ltr'>in</span> <span class='ocrx_word' id='word_1_835' title='bbox 2463 1277 2539 1313; x_wconf 91' lang='lat' dir='ltr'>hoc</span> <span class='ocrx_word' id='word_1_836' title='bbox 2566 1265 2686 1308; x_wconf 50' lang='grc' dir='ltr'>ῗιῗιῖἶῗιέῗ</span> <span class='ocrx_word' id='word_1_837' title='bbox 2710 1265 2781 1287; x_wconf 63' lang='lat'>‘²⁴¹¹&#39;</span> 
     </span>
     <span class='ocr_line' id='line_1_115' title="bbox 1466 1331 2694 1379; baseline -0.002 -8"><span class='ocrx_word' id='word_1_838' title='bbox 1466 1334 1586 1371; x_wconf 92' lang='lat' dir='ltr'>modo</span> <span class='ocrx_word' id='word_1_839' title='bbox 1607 1333 1748 1379; x_wconf 89' lang='lat' dir='ltr'>vitare;</span> <span class='ocrx_word' id='word_1_840' title='bbox 1771 1331 1840 1368; x_wconf 88' lang='lat' dir='ltr'>ibi:</span> <span class='ocrx_word' id='word_1_841' title='bbox 1867 1332 1910 1368; x_wconf 88' lang='lat' dir='ltr'>Si</span> <span class='ocrx_word' id='word_1_842' title='bbox 1926 1336 2052 1367; x_wconf 88' lang='lat' dir='ltr'>autem</span> <span class='ocrx_word' id='word_1_843' title='bbox 2073 1336 2193 1379; x_wconf 78' lang='lat' dir='ltr'>neque</span> <span class='ocrx_word' id='word_1_844' title='bbox 2217 1331 2408 1379; x_wconf 78' lang='lat' dir='ltr'>disputare</span> <span class='ocrx_word' id='word_1_845' title='bbox 2427 1331 2447 1352; x_wconf 62' lang='lat'>¹*</span> <span class='ocrx_word' id='word_1_846' title='bbox 2468 1338 2539 1368; x_wconf 88' lang='lat' dir='ltr'>etc.</span> <span class='ocrx_word' id='word_1_847' title='bbox 2567 1339 2577 1350; x_wconf 88' lang='lat'><strong>·</strong></span> <span class='ocrx_word' id='word_1_848' title='bbox 2592 1338 2656 1361; x_wconf 77' lang='lat' dir='ltr'>Nun</span> <span class='ocrx_word' id='word_1_849' title='bbox 2670 1341 2694 1363; x_wconf 81' lang='lat'>8·</span> 
     </span>
     <span class='ocr_line' id='line_1_116' title="bbox 1467 1384 2539 1435; baseline -0.002 -12"><span class='ocrx_word' id='word_1_850' title='bbox 1467 1388 1578 1424; x_wconf 92' lang='lat' dir='ltr'>Circa</span> <span class='ocrx_word' id='word_1_851' title='bbox 1605 1386 1775 1435; x_wconf 87' lang='lat' dir='ltr'>primum</span> <span class='ocrx_word' id='word_1_852' title='bbox 1805 1385 1883 1422; x_wconf 92' lang='lat' dir='ltr'>duo</span> <span class='ocrx_word' id='word_1_853' title='bbox 1908 1384 2012 1421; x_wconf 89' lang='lat' dir='ltr'>facit:</span> <span class='ocrx_word' id='word_1_854' title='bbox 2038 1384 2178 1433; x_wconf 88' lang='lat' dir='ltr'>primo,</span> <span class='ocrx_word' id='word_1_855' title='bbox 2199 1384 2366 1421; x_wconf 87' lang='lat' dir='ltr'>ostendit</span> <span class='ocrx_word' id='word_1_856' title='bbox 2389 1384 2539 1433; x_wconf 88' lang='lat' dir='ltr'>praedi-</span> 
     </span>
     <span class='ocr_line' id='line_1_117' title="bbox 1467 1438 2538 1487; baseline -0.001 -10"><span class='ocrx_word' id='word_1_857' title='bbox 1467 1449 1571 1477; x_wconf 90' lang='lat' dir='ltr'>ctum</span> <span class='ocrx_word' id='word_1_858' title='bbox 1591 1439 1754 1476; x_wconf 89' lang='lat' dir='ltr'>modum</span> <span class='ocrx_word' id='word_1_859' title='bbox 1775 1451 1858 1475; x_wconf 87' lang='lat' dir='ltr'>esse</span> <span class='ocrx_word' id='word_1_860' title='bbox 1879 1439 2174 1475; x_wconf 82' lang='lat' dir='ltr'>convenientem</span> <span class='ocrx_word' id='word_1_861' title='bbox 2195 1446 2380 1487; x_wconf 91' lang='lat' dir='ltr'>quantum</span> <span class='ocrx_word' id='word_1_862' title='bbox 2401 1438 2452 1476; x_wconf 87' lang='lat' dir='ltr'>ad</span> <span class='ocrx_word' id='word_1_863' title='bbox 2468 1445 2538 1476; x_wconf 89' lang='lat' dir='ltr'>ter-</span> 
     </span>
     <span class='ocr_line' id='line_1_118' title="bbox 1467 1492 2540 1542; baseline -0.001 -12"><span class='ocrx_word' id='word_1_864' title='bbox 1467 1495 1630 1541; x_wconf 90' lang='lat' dir='ltr'>minum,</span> <span class='ocrx_word' id='word_1_865' title='bbox 1658 1500 1774 1542; x_wconf 91' lang='lat' dir='ltr'>prout</span> <span class='ocrx_word' id='word_1_866' title='bbox 1799 1492 1939 1528; x_wconf 89' lang='lat' dir='ltr'>scilicet</span> <span class='ocrx_word' id='word_1_867' title='bbox 1956 1493 2180 1541; x_wconf 90' lang='lat' dir='ltr'>pervenitur</span> <span class='ocrx_word' id='word_1_868' title='bbox 2202 1493 2252 1529; x_wconf 91' lang='lat' dir='ltr'>ad</span> <span class='ocrx_word' id='word_1_869' title='bbox 2271 1492 2414 1542; x_wconf 88' lang='lat' dir='ltr'>aliquid</span> <span class='ocrx_word' id='word_1_870' title='bbox 2434 1504 2540 1529; x_wconf 91' lang='lat' dir='ltr'>com—</span> 
     </span>
     <span class='ocr_line' id='line_1_119' title="bbox 1466 1546 2542 1595; baseline 0 -11"><span class='ocrx_word' id='word_1_871' title='bbox 1466 1559 1603 1593; x_wconf 90' lang='lat' dir='ltr'>mune;</span> <span class='ocrx_word' id='word_1_872' title='bbox 1633 1546 1823 1592; x_wconf 87' lang='lat' dir='ltr'>secundo,</span> <span class='ocrx_word' id='word_1_873' title='bbox 1857 1553 2043 1594; x_wconf 89' lang='lat' dir='ltr'>quantum</span> <span class='ocrx_word' id='word_1_874' title='bbox 2072 1546 2122 1583; x_wconf 91' lang='lat' dir='ltr'>ad</span> <span class='ocrx_word' id='word_1_875' title='bbox 2148 1558 2397 1595; x_wconf 90' lang='lat' dir='ltr'>processum,</span> <span class='ocrx_word' id='word_1_876' title='bbox 2425 1553 2542 1595; x_wconf 92' lang='lat' dir='ltr'>prout</span> 
     </span>
     <span class='ocr_line' id='line_1_120' title="bbox 1466 1599 2782 1650; baseline -0.002 -11"><span class='ocrx_word' id='word_1_877' title='bbox 1466 1601 1607 1639; x_wconf 88' lang='lat' dir='ltr'>scilicet</span> <span class='ocrx_word' id='word_1_878' title='bbox 1633 1599 1855 1650; x_wconf 90' lang='lat' dir='ltr'>proceditur</span> <span class='ocrx_word' id='word_1_879' title='bbox 1882 1599 1920 1636; x_wconf 93' lang='lat' dir='ltr'>in</span> <span class='ocrx_word' id='word_1_880' title='bbox 1935 1600 1956 1619; x_wconf 72' lang='lat'>⁴*</span> <span class='ocrx_word' id='word_1_881' title='bbox 1976 1599 2173 1649; x_wconf 86' lang='lat' dir='ltr'>praedicto</span> <span class='ocrx_word' id='word_1_882' title='bbox 2194 1600 2314 1637; x_wconf 90' lang='lat' dir='ltr'>modo</span> <span class='ocrx_word' id='word_1_883' title='bbox 2335 1613 2358 1637; x_wconf 93' lang='lat' dir='ltr'>a</span> <span class='ocrx_word' id='word_1_884' title='bbox 2376 1600 2540 1649; x_wconf 85' lang='lat' dir='ltr'>particu-</span> <span class='ocrx_word' id='word_1_885' title='bbox 2568 1616 2782 1642; x_wconf 64' lang='lat' dir='ltr'>mmmmm.</span> 
     </span>
     <span class='ocr_line' id='line_1_121' title="bbox 1466 1653 2697 1703; baseline -0.001 -10"><span class='ocrx_word' id='word_1_886' title='bbox 1466 1655 1628 1700; x_wconf 88' lang='lat' dir='ltr'>laribus;</span> <span class='ocrx_word' id='word_1_887' title='bbox 1658 1653 1727 1691; x_wconf 94' lang='lat' dir='ltr'>ibi:</span> <span class='ocrx_word' id='word_1_888' title='bbox 1756 1653 1997 1701; x_wconf 85' lang='lat' dir='ltr'>Faciliusque</span> <span class='ocrx_word' id='word_1_889' title='bbox 2024 1658 2077 1690; x_wconf 87' lang='lat' dir='ltr'>est</span> <span class='ocrx_word' id='word_1_890' title='bbox 2102 1653 2301 1703; x_wconf 83' lang='lat' dir='ltr'>singulare</span> <span class='ocrx_word' id='word_1_891' title='bbox 2320 1655 2340 1675; x_wconf 84' lang='grc'>*</span> <span class='ocrx_word' id='word_1_892' title='bbox 2361 1661 2431 1691; x_wconf 91' lang='lat' dir='ltr'>etc.</span> <span class='ocrx_word' id='word_1_893' title='bbox 2566 1669 2697 1692; x_wconf 61' lang='lat' dir='ltr'>wama.</span> 
     </span>
    </p>

    <p class='ocr_par' dir='ltr' id='par_1_30' title="bbox 1465 1707 2786 2294">
     <span class='ocr_line' id='line_1_122' title="bbox 1524 1707 2540 1756; baseline -0.001 -10"><span class='ocrx_word' id='word_1_894' title='bbox 1524 1711 1556 1746; x_wconf 91' lang='lat'>5.</span> <span class='ocrx_word' id='word_1_895' title='bbox 1583 1708 1683 1746; x_wconf 91' lang='lat' dir='ltr'>Dicit</span> <span class='ocrx_word' id='word_1_896' title='bbox 1702 1719 1794 1755; x_wconf 88' lang='lat' dir='ltr'>ergo</span> <span class='ocrx_word' id='word_1_897' title='bbox 1818 1707 1944 1756; x_wconf 91' lang='lat' dir='ltr'>primo</span> <span class='ocrx_word' id='word_1_898' title='bbox 1974 1707 2080 1756; x_wconf 92' lang='lat' dir='ltr'>quod</span> <span class='ocrx_word' id='word_1_899' title='bbox 2101 1708 2376 1747; x_wconf 82' lang='lat' dir='ltr'>convenienter</span> <span class='ocrx_word' id='word_1_900' title='bbox 2395 1707 2540 1745; x_wconf 86' lang='lat' dir='ltr'>dictum</span> 
     </span>
     <span class='ocr_line' id='line_1_123' title="bbox 1467 1760 2784 1819; baseline -0.002 -20"><span class='ocrx_word' id='word_1_901' title='bbox 1467 1770 1525 1799; x_wconf 91' lang='lat' dir='ltr'>est</span> <span class='ocrx_word' id='word_1_902' title='bbox 1543 1762 1649 1812; x_wconf 95' lang='lat' dir='ltr'>quod</span> <span class='ocrx_word' id='word_1_903' title='bbox 1668 1768 1820 1810; x_wconf 88' lang='lat' dir='ltr'>oportet</span> <span class='ocrx_word' id='word_1_904' title='bbox 1843 1761 2098 1810; x_wconf 89' lang='lat' dir='ltr'>inquirentem</span> <span class='ocrx_word' id='word_1_905' title='bbox 2111 1760 2131 1782; x_wconf 69' lang='lat'>*⁶</span> <span class='ocrx_word' id='word_1_906' title='bbox 2151 1762 2253 1810; x_wconf 88' lang='lat' dir='ltr'>quod</span> <span class='ocrx_word' id='word_1_907' title='bbox 2270 1761 2362 1810; x_wconf 86' lang='lat' dir='ltr'>quid</span> <span class='ocrx_word' id='word_1_908' title='bbox 2378 1767 2434 1799; x_wconf 81' lang='lat' dir='ltr'>est</span> <span class='ocrx_word' id='word_1_909' title='bbox 2454 1773 2540 1811; x_wconf 85' lang='lat' dir='ltr'>per·</span> <span class='ocrx_word' id='word_1_910' title='bbox 2567 1770 2734 1819; x_wconf 57' lang='lat' dir='ltr'>moda-:22</span> <span class='ocrx_word' id='word_1_911' title='bbox 2747 1770 2784 1792; x_wconf 67' lang='lat' dir='ltr'>tn-</span> 
     </span>
     <span class='ocr_line' id='line_1_124' title="bbox 1465 1814 2699 1864; baseline -0.001 -11"><span class='ocrx_word' id='word_1_912' title='bbox 1465 1817 1598 1854; x_wconf 84' lang='lat' dir='ltr'>venire</span> <span class='ocrx_word' id='word_1_913' title='bbox 1618 1816 1668 1852; x_wconf 91' lang='lat' dir='ltr'>ad</span> <span class='ocrx_word' id='word_1_914' title='bbox 1687 1815 1843 1864; x_wconf 88' lang='lat' dir='ltr'>aliquod</span> <span class='ocrx_word' id='word_1_915' title='bbox 1868 1827 2089 1860; x_wconf 90' lang='lat' dir='ltr'>commune,</span> <span class='ocrx_word' id='word_1_916' title='bbox 2111 1815 2200 1863; x_wconf 89' lang='lat' dir='ltr'>quia</span> <span class='ocrx_word' id='word_1_917' title='bbox 2220 1815 2347 1852; x_wconf 91' lang='lat' dir='ltr'>omnis</span> <span class='ocrx_word' id='word_1_918' title='bbox 2367 1814 2539 1853; x_wconf 90' lang='lat' dir='ltr'>definitio</span> <span class='ocrx_word' id='word_1_919' title='bbox 2692 1814 2699 1820; x_wconf 84' lang='grc'><em>’</em></span> 
     </span>
     <span class='ocr_line' id='line_1_125' title="bbox 1468 1869 2542 1918; baseline 0 -11"><span class='ocrx_word' id='word_1_920' title='bbox 1468 1870 1579 1907; x_wconf 91' lang='lat' dir='ltr'>datur</span> <span class='ocrx_word' id='word_1_921' title='bbox 1607 1869 1655 1907; x_wconf 92' lang='lat' dir='ltr'>de</span> <span class='ocrx_word' id='word_1_922' title='bbox 1684 1869 1812 1918; x_wconf 89' lang='lat' dir='ltr'>aliquo</span> <span class='ocrx_word' id='word_1_923' title='bbox 1842 1869 2055 1906; x_wconf 87' lang='lat' dir='ltr'>secundum</span> <span class='ocrx_word' id='word_1_924' title='bbox 2086 1869 2192 1918; x_wconf 90' lang='lat' dir='ltr'>quod</span> <span class='ocrx_word' id='word_1_925' title='bbox 2221 1869 2484 1907; x_wconf 87' lang='lat' dir='ltr'>consideratur</span> <span class='ocrx_word' id='word_1_926' title='bbox 2501 1869 2542 1907; x_wconf 89' lang='lat' dir='ltr'>in</span> 
     </span>
     <span class='ocr_line' id='line_1_126' title="bbox 1466 1922 2786 1972; baseline -0.002 -11"><span class='ocrx_word' id='word_1_927' title='bbox 1466 1923 1671 1961; x_wconf 71' lang='lat' dir='ltr'>universali</span> <span class='ocrx_word' id='word_1_928' title='bbox 1687 1924 1720 1970; x_wconf 82' lang='lat'>*,</span> <span class='ocrx_word' id='word_1_929' title='bbox 1741 1935 1819 1960; x_wconf 90' lang='lat' dir='ltr'>non</span> <span class='ocrx_word' id='word_1_930' title='bbox 1840 1930 1970 1960; x_wconf 89' lang='lat' dir='ltr'>autem</span> <span class='ocrx_word' id='word_1_931' title='bbox 1989 1922 2204 1960; x_wconf 88' lang='lat' dir='ltr'>secundum</span> <span class='ocrx_word' id='word_1_932' title='bbox 2233 1923 2340 1972; x_wconf 91' lang='lat' dir='ltr'>quod</span> <span class='ocrx_word' id='word_1_933' title='bbox 2369 1923 2541 1961; x_wconf 89' lang='lat' dir='ltr'>conside·</span> <span class='ocrx_word' id='word_1_934' title='bbox 2568 1930 2786 1959; x_wconf 55' lang='lat' dir='ltr'>&#39;emmanu-</span> 
     </span>
     <span class='ocr_line' id='line_1_127' title="bbox 1467 1976 2785 2034; baseline -0.001 -20"><span class='ocrx_word' id='word_1_935' title='bbox 1467 1985 1570 2014; x_wconf 89' lang='lat' dir='ltr'>ratur</span> <span class='ocrx_word' id='word_1_936' title='bbox 1590 1977 1626 2013; x_wconf 93' lang='lat' dir='ltr'>in</span> <span class='ocrx_word' id='word_1_937' title='bbox 1646 1977 1722 2014; x_wconf 92' lang='lat' dir='ltr'>hoc</span> <span class='ocrx_word' id='word_1_938' title='bbox 1741 1976 1919 2024; x_wconf 89' lang='lat' dir='ltr'>singulari</span> <span class='ocrx_word' id='word_1_939' title='bbox 1938 1977 2000 2013; x_wconf 89' lang='lat' dir='ltr'>vel</span> <span class='ocrx_word' id='word_1_940' title='bbox 2021 1976 2059 2013; x_wconf 90' lang='lat' dir='ltr'>in</span> <span class='ocrx_word' id='word_1_941' title='bbox 2073 1976 2094 1997; x_wconf 80' lang='grc'>*</span> <span class='ocrx_word' id='word_1_942' title='bbox 2112 1976 2188 2013; x_wconf 90' lang='lat' dir='ltr'>illo.</span> <span class='ocrx_word' id='word_1_943' title='bbox 2219 1977 2311 2013; x_wconf 92' lang='lat' dir='ltr'>Non</span> <span class='ocrx_word' id='word_1_944' title='bbox 2336 1977 2439 2015; x_wconf 86' lang='lat' dir='ltr'>enim</span> <span class='ocrx_word' id='word_1_945' title='bbox 2460 1989 2542 2014; x_wconf 91' lang='lat' dir='ltr'>me·</span> <span class='ocrx_word' id='word_1_946' title='bbox 2570 1986 2785 2034; x_wconf 52' lang='lat' dir='ltr'>&#39;gon-mo</span> 
     </span>
     <span class='ocr_line' id='line_1_128' title="bbox 1468 2018 2625 2079; baseline 0.001 -11"><span class='ocrx_word' id='word_1_947' title='bbox 1468 2031 1575 2068; x_wconf 92' lang='lat' dir='ltr'>dicus</span> <span class='ocrx_word' id='word_1_948' title='bbox 1604 2030 1738 2068; x_wconf 90' lang='lat' dir='ltr'>definit</span> <span class='ocrx_word' id='word_1_949' title='bbox 1765 2030 1857 2079; x_wconf 92' lang='lat' dir='ltr'>quid</span> <span class='ocrx_word' id='word_1_950' title='bbox 1886 2030 1932 2067; x_wconf 90' lang='lat' dir='ltr'>sit</span> <span class='ocrx_word' id='word_1_951' title='bbox 1960 2041 2098 2066; x_wconf 88' lang='lat' dir='ltr'>sanum</span> <span class='ocrx_word' id='word_1_952' title='bbox 2126 2029 2164 2066; x_wconf 91' lang='lat' dir='ltr'>in</span> <span class='ocrx_word' id='word_1_953' title='bbox 2191 2030 2266 2067; x_wconf 89' lang='lat' dir='ltr'>hoc</span> <span class='ocrx_word' id='word_1_954' title='bbox 2294 2031 2410 2068; x_wconf 93' lang='lat' dir='ltr'>oculo</span> <span class='ocrx_word' id='word_1_955' title='bbox 2428 2031 2542 2069; x_wconf 86' lang='lat' dir='ltr'>huius</span> <span class='ocrx_word' id='word_1_956' title='bbox 2570 2018 2589 2038; x_wconf 47' lang='grc' dir='ltr'>α</span> <span class='ocrx_word' id='word_1_957' title='bbox 2618 2027 2625 2034; x_wconf 85' lang='grc'><strong>”</strong></span> 
     </span>
     <span class='ocr_line' id='line_1_129' title="bbox 1467 2083 2785 2134; baseline -0.004 -12"><span class='ocrx_word' id='word_1_958' title='bbox 1467 2084 1656 2131; x_wconf 84' lang='lat' dir='ltr'>hominis3</span> <span class='ocrx_word' id='word_1_959' title='bbox 1686 2083 1755 2121; x_wconf 92' lang='lat' dir='ltr'>sed</span> <span class='ocrx_word' id='word_1_960' title='bbox 1772 2085 1836 2121; x_wconf 84' lang='lat' dir='ltr'>vel</span> <span class='ocrx_word' id='word_1_961' title='bbox 1852 2083 1873 2104; x_wconf 67' lang='lat'>³⁸</span> <span class='ocrx_word' id='word_1_962' title='bbox 1893 2083 1930 2120; x_wconf 90' lang='lat' dir='ltr'>in</span> <span class='ocrx_word' id='word_1_963' title='bbox 1950 2083 2157 2120; x_wconf 86' lang='lat' dir='ltr'>universali</span> <span class='ocrx_word' id='word_1_964' title='bbox 2181 2083 2403 2133; x_wconf 89' lang='lat' dir='ltr'>simpliciter</span> <span class='ocrx_word' id='word_1_965' title='bbox 2422 2096 2540 2134; x_wconf 87' lang='lat' dir='ltr'>quan·</span> <span class='ocrx_word' id='word_1_966' title='bbox 2570 2095 2785 2122; x_wconf 52' lang='lat' dir='ltr'>welca-nos.</span> 
     </span>
     <span class='ocr_line' id='line_1_130' title="bbox 1467 2122 2770 2186; baseline 0.001 -11"><span class='ocrx_word' id='word_1_967' title='bbox 1467 2146 1549 2175; x_wconf 92' lang='lat' dir='ltr'>tum</span> <span class='ocrx_word' id='word_1_968' title='bbox 1579 2139 1628 2176; x_wconf 94' lang='lat' dir='ltr'>ad</span> <span class='ocrx_word' id='word_1_969' title='bbox 1657 2150 1815 2186; x_wconf 90' lang='lat' dir='ltr'>omnes,</span> <span class='ocrx_word' id='word_1_970' title='bbox 1844 2138 1907 2175; x_wconf 91' lang='lat' dir='ltr'>vel</span> <span class='ocrx_word' id='word_1_971' title='bbox 1937 2137 2129 2186; x_wconf 89' lang='lat' dir='ltr'>distinguit</span> <span class='ocrx_word' id='word_1_972' title='bbox 2157 2150 2295 2175; x_wconf 87' lang='lat' dir='ltr'>sanum</span> <span class='ocrx_word' id='word_1_973' title='bbox 2325 2139 2541 2177; x_wconf 87' lang='lat' dir='ltr'>secundum</span> <span class='ocrx_word' id='word_1_974' title='bbox 2573 2123 2630 2145; x_wconf 70' lang='lat'>&#39;¹⁸</span> <span class='ocrx_word' id='word_1_975' title='bbox 2650 2129 2680 2145; x_wconf 72' lang='lat'>⁸¹</span> <span class='ocrx_word' id='word_1_976' title='bbox 2699 2122 2770 2145; x_wconf 68' lang='lat'><strong>‘³⁰⁶⁶&#39;</strong></span> 
     </span>
     <span class='ocr_line' id='line_1_131' title="bbox 1469 2191 2542 2241; baseline 0.001 -11"><span class='ocrx_word' id='word_1_977' title='bbox 1469 2193 1640 2230; x_wconf 88' lang='lat' dir='ltr'>diversas</span> <span class='ocrx_word' id='word_1_978' title='bbox 1659 2192 1818 2241; x_wconf 90' lang='lat' dir='ltr'>species,</span> <span class='ocrx_word' id='word_1_979' title='bbox 1839 2198 1931 2240; x_wconf 90' lang='lat' dir='ltr'>puta</span> <span class='ocrx_word' id='word_1_980' title='bbox 1960 2203 2050 2228; x_wconf 90' lang='lat' dir='ltr'>cum</span> <span class='ocrx_word' id='word_1_981' title='bbox 2079 2191 2168 2229; x_wconf 91' lang='lat' dir='ltr'>dicit</span> <span class='ocrx_word' id='word_1_982' title='bbox 2195 2193 2271 2229; x_wconf 92' lang='lat' dir='ltr'>hoc</span> <span class='ocrx_word' id='word_1_983' title='bbox 2300 2204 2384 2229; x_wconf 89' lang='lat' dir='ltr'>esse</span> <span class='ocrx_word' id='word_1_984' title='bbox 2404 2205 2542 2231; x_wconf 86' lang='lat' dir='ltr'>sanum</span> 
     </span>
     <span class='ocr_line' id='line_1_132' title="bbox 1469 2245 2439 2294; baseline -0.002 -10"><span class='ocrx_word' id='word_1_985' title='bbox 1469 2245 1688 2292; x_wconf 90' lang='lat' dir='ltr'>cholericis,</span> <span class='ocrx_word' id='word_1_986' title='bbox 1718 2245 1811 2283; x_wconf 92' lang='lat' dir='ltr'>illud</span> <span class='ocrx_word' id='word_1_987' title='bbox 1839 2253 1968 2282; x_wconf 90' lang='lat' dir='ltr'>autem</span> <span class='ocrx_word' id='word_1_988' title='bbox 1996 2245 2272 2294; x_wconf 87' lang='lat' dir='ltr'>phlegmaticis.</span> <span class='ocrx_word' id='word_1_989' title='bbox 2309 2259 2314 2265; x_wconf 84' lang='lat'><strong>·</strong></span> <span class='ocrx_word' id='word_1_990' title='bbox 2437 2291 2439 2293; x_wconf 21' lang='grc' dir='ltr'>Ι</span> 
     </span>
    </p>

    <p class='ocr_par' dir='ltr' id='par_1_31' title="bbox 1467 2299 2788 2672">
     <span class='ocr_line' id='line_1_133' title="bbox 1523 2299 2542 2350; baseline 0 -13"><span class='ocrx_word' id='word_1_991' title='bbox 1523 2300 1559 2337; x_wconf 88' lang='grc'>6.</span> <span class='ocrx_word' id='word_1_992' title='bbox 1582 2300 1733 2337; x_wconf 89' lang='lat' dir='ltr'>Deinde</span> <span class='ocrx_word' id='word_1_993' title='bbox 1762 2311 1851 2336; x_wconf 90' lang='lat' dir='ltr'>cum</span> <span class='ocrx_word' id='word_1_994' title='bbox 1881 2299 1987 2336; x_wconf 89' lang='lat' dir='ltr'>dicit:</span> <span class='ocrx_word' id='word_1_995' title='bbox 2007 2300 2175 2336; x_wconf 85' lang='lat' dir='ltr'>Facilius</span> <span class='ocrx_word' id='word_1_996' title='bbox 2193 2305 2319 2336; x_wconf 86' lang='lat' dir='ltr'>autem</span> <span class='ocrx_word' id='word_1_997' title='bbox 2339 2305 2394 2336; x_wconf 84' lang='lat' dir='ltr'>est</span> <span class='ocrx_word' id='word_1_998' title='bbox 2411 2300 2542 2350; x_wconf 83' lang='lat' dir='ltr'>singu-</span> 
     </span>
     <span class='ocr_line' id='line_1_134' title="bbox 1468 2352 2542 2403; baseline -0.001 -12"><span class='ocrx_word' id='word_1_999' title='bbox 1468 2354 1550 2391; x_wconf 82' lang='lat' dir='ltr'>lare</span> <span class='ocrx_word' id='word_1_1000' title='bbox 1578 2361 1661 2401; x_wconf 67' lang='lat' dir='ltr'>etc„</span> <span class='ocrx_word' id='word_1_1001' title='bbox 1692 2353 1858 2390; x_wconf 89' lang='lat' dir='ltr'>ostendit</span> <span class='ocrx_word' id='word_1_1002' title='bbox 1884 2352 2318 2403; x_wconf 89' lang='lat' dir='ltr'>praedictum.modum</span> <span class='ocrx_word' id='word_1_1003' title='bbox 2348 2365 2432 2390; x_wconf 88' lang='lat' dir='ltr'>esse</span> <span class='ocrx_word' id='word_1_1004' title='bbox 2452 2365 2542 2391; x_wconf 91' lang='lat' dir='ltr'>con-</span> 
     </span>
     <span class='ocr_line' id='line_1_135' title="bbox 1467 2406 2544 2458; baseline 0.001 -14"><span class='ocrx_word' id='word_1_1005' title='bbox 1467 2408 1689 2445; x_wconf 88' lang='lat' dir='ltr'>venientem</span> <span class='ocrx_word' id='word_1_1006' title='bbox 1718 2414 1905 2457; x_wconf 89' lang='lat' dir='ltr'>quantum</span> <span class='ocrx_word' id='word_1_1007' title='bbox 1935 2406 1985 2444; x_wconf 89' lang='lat' dir='ltr'>ad</span> <span class='ocrx_word' id='word_1_1008' title='bbox 2018 2419 2266 2456; x_wconf 82' lang='lat' dir='ltr'>processum.</span> <span class='ocrx_word' id='word_1_1009' title='bbox 2295 2420 2374 2458; x_wconf 92' lang='lat' dir='ltr'>quo</span> <span class='ocrx_word' id='word_1_1010' title='bbox 2402 2407 2544 2445; x_wconf 85' lang='lat' dir='ltr'>scilicet</span> 
     </span>
     <span class='ocr_line' id='line_1_136' title="bbox 1469 2461 2787 2518; baseline -0.002 -20"><span class='ocrx_word' id='word_1_1011' title='bbox 1469 2461 1689 2511; x_wconf 91' lang='lat' dir='ltr'>proceditur</span> <span class='ocrx_word' id='word_1_1012' title='bbox 1712 2474 1734 2498; x_wconf 90' lang='lat' dir='ltr'>a</span> <span class='ocrx_word' id='word_1_1013' title='bbox 1753 2461 1881 2498; x_wconf 91' lang='lat' dir='ltr'>minus</span> <span class='ocrx_word' id='word_1_1014' title='bbox 1902 2461 2176 2498; x_wconf 90' lang='lat' dir='ltr'>communibus</span> <span class='ocrx_word' id='word_1_1015' title='bbox 2194 2461 2244 2498; x_wconf 84' lang='lat' dir='ltr'>ad</span> <span class='ocrx_word' id='word_1_1016' title='bbox 2263 2461 2384 2509; x_wconf 89' lang='lat' dir='ltr'>magis</span> <span class='ocrx_word' id='word_1_1017' title='bbox 2400 2461 2420 2483; x_wconf 78' lang='lat'>²⁸⁸</span> <span class='ocrx_word' id='word_1_1018' title='bbox 2437 2473 2542 2499; x_wconf 87' lang='lat' dir='ltr'>com·</span> <span class='ocrx_word' id='word_1_1019' title='bbox 2569 2469 2787 2518; x_wconf 50' lang='lat' dir='ltr'>§snm-&#39;²⁸⁶-</span> 
     </span>
     <span class='ocr_line' id='line_1_137' title="bbox 1469 2512 2787 2572; baseline 0 -20"><span class='ocrx_word' id='word_1_1020' title='bbox 1469 2527 1599 2552; x_wconf 91' lang='lat' dir='ltr'>mune.</span> <span class='ocrx_word' id='word_1_1021' title='bbox 1630 2516 1679 2552; x_wconf 88' lang='lat' dir='ltr'>Et</span> <span class='ocrx_word' id='word_1_1022' title='bbox 1707 2515 1782 2552; x_wconf 91' lang='lat' dir='ltr'>hoc</span> <span class='ocrx_word' id='word_1_1023' title='bbox 1811 2514 2030 2564; x_wconf 89' lang='lat' dir='ltr'>dupliciter:</span> <span class='ocrx_word' id='word_1_1024' title='bbox 2065 2515 2213 2564; x_wconf 91' lang='lat' dir='ltr'>primo,</span> <span class='ocrx_word' id='word_1_1025' title='bbox 2249 2515 2394 2552; x_wconf 90' lang='lat' dir='ltr'>ratione</span> <span class='ocrx_word' id='word_1_1026' title='bbox 2429 2515 2542 2553; x_wconf 82' lang='lat' dir='ltr'>faciti·</span> <span class='ocrx_word' id='word_1_1027' title='bbox 2571 2512 2617 2571; x_wconf 56' lang='grc' dir='ltr'>,η’</span> <span class='ocrx_word' id='word_1_1028' title='bbox 2637 2557 2643 2563; x_wconf 51' lang='grc'><strong>,</strong></span> <span class='ocrx_word' id='word_1_1029' title='bbox 2658 2549 2787 2572; x_wconf 48' lang='lat' dir='ltr'><em>eum-B</em></span> 
     </span>
     <span class='ocr_line' id='line_1_138' title="bbox 1469 2555 2788 2625; baseline 0 -20"><span class='ocrx_word' id='word_1_1030' title='bbox 1469 2568 1569 2606; x_wconf 90' lang='lat' dir='ltr'>tatis:</span> <span class='ocrx_word' id='word_1_1031' title='bbox 1589 2568 1763 2618; x_wconf 87' lang='lat' dir='ltr'>procedit</span> <span class='ocrx_word' id='word_1_1032' title='bbox 1782 2569 1884 2605; x_wconf 90' lang='lat' dir='ltr'>enim</span> <span class='ocrx_word' id='word_1_1033' title='bbox 1911 2568 2109 2618; x_wconf 91' lang='lat' dir='ltr'>disciplina</span> <span class='ocrx_word' id='word_1_1034' title='bbox 2129 2581 2151 2606; x_wconf 91' lang='lat' dir='ltr'>a</span> <span class='ocrx_word' id='word_1_1035' title='bbox 2171 2568 2413 2606; x_wconf 84' lang='lat' dir='ltr'>facilioribus.</span> <span class='ocrx_word' id='word_1_1036' title='bbox 2436 2569 2542 2606; x_wconf 84' lang='lat' dir='ltr'>Faci·</span> <span class='ocrx_word' id='word_1_1037' title='bbox 2569 2555 2699 2625; x_wconf 51' lang='lat'>⁰5:⁸2³*</span> <span class='ocrx_word' id='word_1_1038' title='bbox 2721 2566 2788 2599; x_wconf 70' lang='lat'>&#39;⁴¹1-</span> 
     </span>
     <span class='ocr_line' id='line_1_139' title="bbox 1470 2609 2693 2672; baseline 0.002 -13"><span class='ocrx_word' id='word_1_1039' title='bbox 1470 2622 1541 2659; x_wconf 90' lang='lat' dir='ltr'>lius</span> <span class='ocrx_word' id='word_1_1040' title='bbox 1561 2630 1690 2659; x_wconf 89' lang='lat' dir='ltr'>autem</span> <span class='ocrx_word' id='word_1_1041' title='bbox 1708 2622 1728 2643; x_wconf 74' lang='lat'>¹·</span> <span class='ocrx_word' id='word_1_1042' title='bbox 1747 2630 1803 2659; x_wconf 91' lang='lat' dir='ltr'>est</span> <span class='ocrx_word' id='word_1_1043' title='bbox 1823 2622 1982 2659; x_wconf 88' lang='lat' dir='ltr'>definire</span> <span class='ocrx_word' id='word_1_1044' title='bbox 2011 2622 2200 2670; x_wconf 85' lang='lat' dir='ltr'>singulare</span> <span class='ocrx_word' id='word_1_1045' title='bbox 2215 2622 2241 2670; x_wconf 60' lang='grc' dir='ltr'>ζ,</span> <span class='ocrx_word' id='word_1_1046' title='bbox 2262 2622 2359 2660; x_wconf 91' lang='lat' dir='ltr'>idest</span> <span class='ocrx_word' id='word_1_1047' title='bbox 2386 2622 2542 2672; x_wconf 89' lang='lat' dir='ltr'>aliquod</span> <span class='ocrx_word' id='word_1_1048' title='bbox 2569 2609 2586 2631; x_wconf 73' lang='lat'>⁹</span> <span class='ocrx_word' id='word_1_1049' title='bbox 2629 2619 2635 2625; x_wconf 79' lang='grc'><em>“</em></span> <span class='ocrx_word' id='word_1_1050' title='bbox 2666 2631 2693 2662; x_wconf 78' lang='grc' dir='ltr'>ζ’</span> 
     </span>
    </p>
   </div>
   <div class='ocr_carea' id='block_1_25' title="bbox 1466 2750 2543 3638">
    <p class='ocr_par' dir='ltr' id='par_1_32' title="bbox 1466 2750 2543 3460">
     <span class='ocr_line' id='line_1_140' title="bbox 1468 2750 2542 2782; baseline 0.002 -8"><span class='ocrx_word' id='word_1_1051' title='bbox 1468 2755 1529 2775; x_wconf 77' lang='lat' dir='ltr'>sunt</span> <span class='ocrx_word' id='word_1_1052' title='bbox 1547 2750 1573 2774; x_wconf 88' lang='lat' dir='ltr'>in</span> <span class='ocrx_word' id='word_1_1053' title='bbox 1591 2750 1754 2782; x_wconf 72' lang='lat' dir='ltr'>praecedenti</span> <span class='ocrx_word' id='word_1_1054' title='bbox 1773 2757 1897 2774; x_wconf 82' lang='lat' dir='ltr'>numero:</span> <span class='ocrx_word' id='word_1_1055' title='bbox 1917 2757 2030 2782; x_wconf 83' lang='lat' dir='ltr'>quorum</span> <span class='ocrx_word' id='word_1_1056' title='bbox 2053 2757 2135 2774; x_wconf 90' lang='lat' dir='ltr'>unum</span> <span class='ocrx_word' id='word_1_1057' title='bbox 2155 2753 2203 2780; x_wconf 86' lang='lat' dir='ltr'>est,</span> <span class='ocrx_word' id='word_1_1058' title='bbox 2223 2750 2294 2782; x_wconf 89' lang='lat' dir='ltr'>quod</span> <span class='ocrx_word' id='word_1_1059' title='bbox 2313 2750 2334 2774; x_wconf 87' lang='lat' dir='ltr'>si</span> <span class='ocrx_word' id='word_1_1060' title='bbox 2354 2750 2498 2776; x_wconf 76' lang='lat' dir='ltr'>inveniatur</span> <span class='ocrx_word' id='word_1_1061' title='bbox 2516 2751 2542 2776; x_wconf 85' lang='lat' dir='ltr'>in</span> 
     </span>
     <span class='ocr_line' id='line_1_141' title="bbox 1468 2784 2542 2816; baseline 0.002 -6"><span class='ocrx_word' id='word_1_1062' title='bbox 1468 2785 1595 2810; x_wconf 83' lang='lat' dir='ltr'>similibus</span> <span class='ocrx_word' id='word_1_1063' title='bbox 1614 2791 1639 2810; x_wconf 88' lang='lat' dir='ltr'>et</span> <span class='ocrx_word' id='word_1_1064' title='bbox 1659 2785 1829 2810; x_wconf 77' lang='lat' dir='ltr'>dissimilibus</span> <span class='ocrx_word' id='word_1_1065' title='bbox 1849 2792 1930 2810; x_wconf 78' lang='lat' dir='ltr'>unum</span> <span class='ocrx_word' id='word_1_1066' title='bbox 1954 2792 2109 2816; x_wconf 90' lang='lat' dir='ltr'>commune,</span> <span class='ocrx_word' id='word_1_1067' title='bbox 2133 2785 2260 2810; x_wconf 90' lang='lat' dir='ltr'>invenitur</span> <span class='ocrx_word' id='word_1_1068' title='bbox 2283 2784 2410 2816; x_wconf 86' lang='lat' dir='ltr'>definitio;</span> <span class='ocrx_word' id='word_1_1069' title='bbox 2430 2787 2542 2812; x_wconf 73' lang='lat' dir='ltr'>alterurn</span> 
     </span>
     <span class='ocr_line' id='line_1_142' title="bbox 1469 2819 2543 2854; baseline 0.003 -9"><span class='ocrx_word' id='word_1_1070' title='bbox 1469 2826 1516 2851; x_wconf 81' lang='lat' dir='ltr'>est,</span> <span class='ocrx_word' id='word_1_1071' title='bbox 1536 2821 1607 2854; x_wconf 91' lang='lat' dir='ltr'>quod</span> <span class='ocrx_word' id='word_1_1072' title='bbox 1626 2820 1647 2845; x_wconf 86' lang='lat' dir='ltr'>si</span> <span class='ocrx_word' id='word_1_1073' title='bbox 1667 2821 1730 2845; x_wconf 87' lang='lat' dir='ltr'>illud</span> <span class='ocrx_word' id='word_1_1074' title='bbox 1749 2828 1889 2845; x_wconf 89' lang='lat' dir='ltr'>commune</span> <span class='ocrx_word' id='word_1_1075' title='bbox 1912 2828 1965 2845; x_wconf 89' lang='lat' dir='ltr'>non</span> <span class='ocrx_word' id='word_1_1076' title='bbox 1985 2821 2142 2851; x_wconf 84' lang='lat' dir='ltr'>inveniatur,</span> <span class='ocrx_word' id='word_1_1077' title='bbox 2162 2819 2275 2845; x_wconf 87' lang='lat' dir='ltr'>definitio</span> <span class='ocrx_word' id='word_1_1078' title='bbox 2295 2829 2346 2845; x_wconf 92' lang='lat' dir='ltr'>non</span> <span class='ocrx_word' id='word_1_1079' title='bbox 2366 2821 2422 2847; x_wconf 90' lang='lat' dir='ltr'>erit.</span> <span class='ocrx_word' id='word_1_1080' title='bbox 2442 2821 2543 2848; x_wconf 83' lang='lat' dir='ltr'>Deinde</span> 
     </span>
     <span class='ocr_line' id='line_1_143' title="bbox 1468 2856 2541 2889; baseline 0.002 -8"><span class='ocrx_word' id='word_1_1081' title='bbox 1468 2856 1531 2881; x_wconf 83' lang='lat' dir='ltr'>haec</span> <span class='ocrx_word' id='word_1_1082' title='bbox 1550 2857 1712 2881; x_wconf 76' lang='lat' dir='ltr'>declarantur</span> <span class='ocrx_word' id='word_1_1083' title='bbox 1731 2863 1777 2888; x_wconf 84' lang='lat' dir='ltr'>per</span> <span class='ocrx_word' id='word_1_1084' title='bbox 1795 2857 1944 2889; x_wconf 85' lang='lat' dir='ltr'>exemplum</span> <span class='ocrx_word' id='word_1_1085' title='bbox 1960 2857 1992 2881; x_wconf 90' lang='lat' dir='ltr'>de</span> <span class='ocrx_word' id='word_1_1086' title='bbox 2007 2856 2225 2889; x_wconf 75' lang='lat' dir='ltr'>magnanimitate.</span> <span class='ocrx_word' id='word_1_1087' title='bbox 2240 2857 2291 2881; x_wconf 89' lang='lat' dir='ltr'>Sed</span> <span class='ocrx_word' id='word_1_1088' title='bbox 2306 2857 2439 2889; x_wconf 84' lang='lat' dir='ltr'>quaeritur</span> <span class='ocrx_word' id='word_1_1089' title='bbox 2453 2863 2541 2883; x_wconf 84' lang='lat' dir='ltr'>utrum</span> 
     </span>
     <span class='ocr_line' id='line_1_144' title="bbox 1468 2891 2542 2927; baseline 0.002 -11"><span class='ocrx_word' id='word_1_1090' title='bbox 1468 2891 1621 2916; x_wconf 80' lang='lat' dir='ltr'>Aristoteles</span> <span class='ocrx_word' id='word_1_1091' title='bbox 1640 2892 1777 2917; x_wconf 84' lang='lat' dir='ltr'>concludat</span> <span class='ocrx_word' id='word_1_1092' title='bbox 1795 2892 1821 2916; x_wconf 93' lang='lat' dir='ltr'>in</span> <span class='ocrx_word' id='word_1_1093' title='bbox 1840 2892 2049 2923; x_wconf 77' lang='lat' dir='ltr'>magnanimitate</span> <span class='ocrx_word' id='word_1_1094' title='bbox 2068 2892 2219 2922; x_wconf 73' lang='lat' dir='ltr'>Alcibiadis,</span> <span class='ocrx_word' id='word_1_1095' title='bbox 2238 2892 2353 2923; x_wconf 80' lang='lat' dir='ltr'>Achillis,</span> <span class='ocrx_word' id='word_1_1096' title='bbox 2374 2892 2468 2924; x_wconf 72' lang='lat' dir='ltr'>Aiacis,</span> <span class='ocrx_word' id='word_1_1097' title='bbox 2487 2893 2542 2927; x_wconf 89' lang='lat' dir='ltr'>Ly-</span> 
     </span>
     <span class='ocr_line' id='line_1_145' title="bbox 1469 2927 2541 2959; baseline 0.003 -8"><span class='ocrx_word' id='word_1_1098' title='bbox 1469 2927 1554 2952; x_wconf 88' lang='lat' dir='ltr'>sandri</span> <span class='ocrx_word' id='word_1_1099' title='bbox 1568 2932 1594 2951; x_wconf 92' lang='lat' dir='ltr'>et</span> <span class='ocrx_word' id='word_1_1100' title='bbox 1608 2927 1719 2952; x_wconf 86' lang='lat' dir='ltr'>Socratis</span> <span class='ocrx_word' id='word_1_1101' title='bbox 1734 2934 1793 2952; x_wconf 84' lang='lat' dir='ltr'>esse</span> <span class='ocrx_word' id='word_1_1102' title='bbox 1813 2935 1894 2952; x_wconf 89' lang='lat' dir='ltr'>unum</span> <span class='ocrx_word' id='word_1_1103' title='bbox 1914 2935 2061 2958; x_wconf 85' lang='lat' dir='ltr'>commune,</span> <span class='ocrx_word' id='word_1_1104' title='bbox 2075 2933 2100 2952; x_wconf 90' lang='lat' dir='ltr'>et</span> <span class='ocrx_word' id='word_1_1105' title='bbox 2114 2927 2172 2952; x_wconf 90' lang='lat' dir='ltr'>ideo</span> <span class='ocrx_word' id='word_1_1106' title='bbox 2187 2927 2426 2959; x_wconf 73' lang='lat' dir='ltr'>magnanimitatem</span> <span class='ocrx_word' id='word_1_1107' title='bbox 2444 2928 2541 2955; x_wconf 77' lang='lat' dir='ltr'>habere</span> 
     </span>
     <span class='ocr_line' id='line_1_146' title="bbox 1468 2961 2541 2996; baseline 0.003 -9"><span class='ocrx_word' id='word_1_1108' title='bbox 1468 2961 1656 2993; x_wconf 65' lang='lat' dir='ltr'>definitionem</span> <span class='ocrx_word' id='word_1_1109' title='bbox 1671 2970 1702 2987; x_wconf 88' lang='lat' dir='ltr'>an</span> <span class='ocrx_word' id='word_1_1110' title='bbox 1713 2963 1774 2987; x_wconf 87' lang='lat' dir='ltr'>velit</span> <span class='ocrx_word' id='word_1_1111' title='bbox 1789 2963 1944 2988; x_wconf 89' lang='lat' dir='ltr'>concludere</span> <span class='ocrx_word' id='word_1_1112' title='bbox 1958 2963 2118 2996; x_wconf 87' lang='lat' dir='ltr'>oppositum,</span> <span class='ocrx_word' id='word_1_1113' title='bbox 2130 2971 2225 2996; x_wconf 87' lang='lat' dir='ltr'>nempe</span> <span class='ocrx_word' id='word_1_1114' title='bbox 2237 2971 2289 2988; x_wconf 91' lang='lat' dir='ltr'>non</span> <span class='ocrx_word' id='word_1_1115' title='bbox 2304 2971 2364 2989; x_wconf 81' lang='lat' dir='ltr'>ease</span> <span class='ocrx_word' id='word_1_1116' title='bbox 2373 2972 2455 2990; x_wconf 82' lang='lat' dir='ltr'>unum</span> <span class='ocrx_word' id='word_1_1117' title='bbox 2468 2971 2541 2990; x_wconf 78' lang='lat' dir='ltr'>eom-</span> 
     </span>
     <span class='ocr_line' id='line_1_147' title="bbox 1468 2997 2541 3031; baseline 0.003 -8"><span class='ocrx_word' id='word_1_1118' title='bbox 1468 3006 1556 3027; x_wconf 84' lang='lat' dir='ltr'>mune,</span> <span class='ocrx_word' id='word_1_1119' title='bbox 1571 3003 1596 3023; x_wconf 88' lang='lat' dir='ltr'>et</span> <span class='ocrx_word' id='word_1_1120' title='bbox 1609 3004 1801 3031; x_wconf 80' lang='lat' dir='ltr'>consequenter</span> <span class='ocrx_word' id='word_1_1121' title='bbox 1815 3007 1867 3023; x_wconf 88' lang='lat' dir='ltr'>non</span> <span class='ocrx_word' id='word_1_1122' title='bbox 1881 2998 1969 3023; x_wconf 83' lang='lat' dir='ltr'>haberi</span> <span class='ocrx_word' id='word_1_1123' title='bbox 1988 2997 2164 3023; x_wconf 84' lang='lat' dir='ltr'>definitionem</span> <span class='ocrx_word' id='word_1_1124' title='bbox 2179 2999 2405 3031; x_wconf 65' lang='lat' dir='ltr'>magnanimitatis,</span> <span class='ocrx_word' id='word_1_1125' title='bbox 2418 3000 2466 3026; x_wconf 77' lang='lat' dir='ltr'>aed</span> <span class='ocrx_word' id='word_1_1126' title='bbox 2480 3007 2541 3026; x_wconf 70' lang='lat' dir='ltr'>esee</span> 
     </span>
     <span class='ocr_line' id='line_1_148' title="bbox 1468 3034 2540 3067; baseline 0.003 -9"><span class='ocrx_word' id='word_1_1127' title='bbox 1468 3041 1559 3059; x_wconf 89' lang='lat' dir='ltr'>vocem</span> <span class='ocrx_word' id='word_1_1128' title='bbox 1584 3035 1761 3066; x_wconf 82' lang='lat' dir='ltr'>aequivocam.</span> <span class='ocrx_word' id='word_1_1129' title='bbox 1781 3034 1832 3058; x_wconf 86' lang='lat' dir='ltr'>Pro</span> <span class='ocrx_word' id='word_1_1130' title='bbox 1851 3034 1898 3059; x_wconf 82' lang='lat' dir='ltr'>hac</span> <span class='ocrx_word' id='word_1_1131' title='bbox 1917 3035 2031 3060; x_wconf 85' lang='lat' dir='ltr'>secunda</span> <span class='ocrx_word' id='word_1_1132' title='bbox 2051 3039 2123 3067; x_wconf 84' lang='lat' dir='ltr'>parte</span> <span class='ocrx_word' id='word_1_1133' title='bbox 2142 3039 2212 3059; x_wconf 76' lang='lat' dir='ltr'>stant</span> <span class='ocrx_word' id='word_1_1134' title='bbox 2230 3035 2254 3059; x_wconf 87' lang='lat' dir='ltr'><strong>T</strong></span> <span class='ocrx_word' id='word_1_1135' title='bbox 2255 3034 2391 3060; x_wconf 75' lang='lat' dir='ltr'>hemistius</span> <span class='ocrx_word' id='word_1_1136' title='bbox 2410 3035 2436 3060; x_wconf 85' lang='lat' dir='ltr'>in</span> <span class='ocrx_word' id='word_1_1137' title='bbox 2454 3035 2475 3061; x_wconf 86' lang='lat'>11</span> <span class='ocrx_word' id='word_1_1138' title='bbox 2488 3035 2540 3062; x_wconf 69' lang='lat' dir='ltr'>R&gt;-</span> 
     </span>
     <span class='ocr_line' id='line_1_149' title="bbox 1467 3069 2540 3103; baseline 0.004 -9"><span class='ocrx_word' id='word_1_1139' title='bbox 1467 3072 1540 3098; x_wconf 74' lang='lat' dir='ltr'>ster„</span> <span class='ocrx_word' id='word_1_1140' title='bbox 1556 3077 1611 3102; x_wconf 87' lang='lat' dir='ltr'>cap.</span> <span class='ocrx_word' id='word_1_1141' title='bbox 1624 3077 1674 3100; x_wconf 78' lang='lat' dir='ltr'>xxi,</span> <span class='ocrx_word' id='word_1_1142' title='bbox 1691 3077 1749 3103; x_wconf 80' lang='lat' dir='ltr'>pag.</span> <span class='ocrx_word' id='word_1_1143' title='bbox 1763 3077 1812 3100; x_wconf 74' lang='lat' dir='ltr'>4o;</span> <span class='ocrx_word' id='word_1_1144' title='bbox 1832 3069 1994 3103; x_wconf 78' lang='lat' dir='ltr'>Philoponua</span> <span class='ocrx_word' id='word_1_1145' title='bbox 2009 3071 2053 3100; x_wconf 68' lang='lat' dir='ltr'>ib„</span> <span class='ocrx_word' id='word_1_1146' title='bbox 2063 3070 2080 3103; x_wconf 63' lang='lat' dir='ltr'>fi</span> <span class='ocrx_word' id='word_1_1147' title='bbox 2093 3070 2230 3100; x_wconf 80' lang='lat' dir='ltr'>Quaerere</span> <span class='ocrx_word' id='word_1_1148' title='bbox 2247 3074 2337 3096; x_wconf 78' lang='lat' dir='ltr'>autem</span> <span class='ocrx_word' id='word_1_1149' title='bbox 2356 3074 2464 3103; x_wconf 72' lang='lat' dir='ltr'>oportet</span> <span class='ocrx_word' id='word_1_1150' title='bbox 2481 3077 2540 3103; x_wconf 64' lang='lat' dir='ltr'>ete„</span> 
     </span>
     <span class='ocr_line' id='line_1_150' title="bbox 1468 3105 2539 3140; baseline 0.003 -11"><span class='ocrx_word' id='word_1_1151' title='bbox 1468 3113 1526 3138; x_wconf 78' lang='lat' dir='ltr'>pag.</span> <span class='ocrx_word' id='word_1_1152' title='bbox 1541 3112 1596 3136; x_wconf 84' lang='lat'>140,</span> <span class='ocrx_word' id='word_1_1153' title='bbox 1612 3106 1660 3130; x_wconf 89' lang='lat' dir='ltr'>col.</span> <span class='ocrx_word' id='word_1_1154' title='bbox 1676 3113 1701 3135; x_wconf 69' lang='grc' dir='ltr'>ις</span> <span class='ocrx_word' id='word_1_1155' title='bbox 1720 3105 1866 3130; x_wconf 78' lang='lat' dir='ltr'>Eustratius</span> <span class='ocrx_word' id='word_1_1156' title='bbox 1886 3106 1928 3135; x_wconf 86' lang='lat' dir='ltr'>ib.,</span> <span class='ocrx_word' id='word_1_1157' title='bbox 1942 3106 1958 3138; x_wconf 57' lang='grc' dir='ltr'>ᾖ</span> <span class='ocrx_word' id='word_1_1158' title='bbox 1975 3106 2040 3131; x_wconf 88' lang='lat' dir='ltr'>Cum</span> <span class='ocrx_word' id='word_1_1159' title='bbox 2060 3106 2124 3131; x_wconf 81' lang='lat' dir='ltr'>haec</span> <span class='ocrx_word' id='word_1_1160' title='bbox 2143 3106 2197 3131; x_wconf 89' lang='lat' dir='ltr'>duo</span> <span class='ocrx_word' id='word_1_1161' title='bbox 2216 3112 2279 3136; x_wconf 83' lang='lat' dir='ltr'>etc.,</span> <span class='ocrx_word' id='word_1_1162' title='bbox 2303 3114 2362 3139; x_wconf 82' lang='lat' dir='ltr'>pag.</span> <span class='ocrx_word' id='word_1_1163' title='bbox 2376 3114 2425 3140; x_wconf 80' lang='lat'>91,</span> <span class='ocrx_word' id='word_1_1164' title='bbox 2445 3107 2494 3132; x_wconf 88' lang='lat' dir='ltr'>col.</span> <span class='ocrx_word' id='word_1_1165' title='bbox 2510 3114 2539 3139; x_wconf 73' lang='lat'>²3</span> 
     </span>
     <span class='ocr_line' id='line_1_151' title="bbox 1468 3140 2539 3173; baseline 0.003 -8"><span class='ocrx_word' id='word_1_1166' title='bbox 1468 3141 1622 3173; x_wconf 73' lang='lat' dir='ltr'>anonymus</span> <span class='ocrx_word' id='word_1_1167' title='bbox 1642 3141 1684 3171; x_wconf 65' lang='lat' dir='ltr'>ib„</span> <span class='ocrx_word' id='word_1_1168' title='bbox 1703 3140 1719 3173; x_wconf 64' lang='grc' dir='ltr'><strong>ἕ</strong></span> <span class='ocrx_word' id='word_1_1169' title='bbox 1734 3141 1766 3165; x_wconf 90' lang='lat' dir='ltr'>Si</span> <span class='ocrx_word' id='word_1_1170' title='bbox 1783 3144 1872 3166; x_wconf 78' lang='lat' dir='ltr'>autem</span> <span class='ocrx_word' id='word_1_1171' title='bbox 1893 3141 1959 3166; x_wconf 85' lang='lat' dir='ltr'>nihil</span> <span class='ocrx_word' id='word_1_1172' title='bbox 1977 3141 2169 3170; x_wconf 81' lang='lat' dir='ltr'>etc.-Contra,</span> <span class='ocrx_word' id='word_1_1173' title='bbox 2189 3149 2211 3166; x_wconf 83' lang='lat' dir='ltr'>s.</span> <span class='ocrx_word' id='word_1_1174' title='bbox 2220 3141 2338 3167; x_wconf 73' lang='lat' dir='ltr'>Thomas</span> <span class='ocrx_word' id='word_1_1175' title='bbox 2357 3142 2455 3168; x_wconf 84' lang='lat' dir='ltr'>invenit</span> <span class='ocrx_word' id='word_1_1176' title='bbox 2468 3150 2539 3168; x_wconf 85' lang='lat' dir='ltr'>cotn-</span> 
     </span>
     <span class='ocr_line' id='line_1_152' title="bbox 1468 3176 2540 3211; baseline 0.004 -11"><span class='ocrx_word' id='word_1_1177' title='bbox 1468 3183 1547 3201; x_wconf 90' lang='lat' dir='ltr'>mune</span> <span class='ocrx_word' id='word_1_1178' title='bbox 1561 3176 1623 3200; x_wconf 91' lang='lat' dir='ltr'>illud</span> <span class='ocrx_word' id='word_1_1179' title='bbox 1642 3177 1667 3201; x_wconf 86' lang='lat' dir='ltr'>in</span> <span class='ocrx_word' id='word_1_1180' title='bbox 1686 3183 1719 3201; x_wconf 87' lang='lat' dir='ltr'>eo</span> <span class='ocrx_word' id='word_1_1181' title='bbox 1737 3177 1809 3209; x_wconf 89' lang='lat' dir='ltr'>quod</span> <span class='ocrx_word' id='word_1_1182' title='bbox 1822 3177 1915 3210; x_wconf 81' lang='lat' dir='ltr'>aliquis</span> <span class='ocrx_word' id='word_1_1183' title='bbox 1931 3177 2059 3202; x_wconf 83' lang='lat' dir='ltr'>existimat</span> <span class='ocrx_word' id='word_1_1184' title='bbox 2078 3185 2107 3201; x_wconf 85' lang='lat' dir='ltr'>se</span> <span class='ocrx_word' id='word_1_1185' title='bbox 2126 3177 2234 3208; x_wconf 70' lang='lat' dir='ltr'>dignum</span> <span class='ocrx_word' id='word_1_1186' title='bbox 2253 3178 2363 3211; x_wconf 77' lang='lat' dir='ltr'>magnis.</span> <span class='ocrx_word' id='word_1_1187' title='bbox 2382 3177 2494 3207; x_wconf 76' lang='lat' dir='ltr'>Toletu·</span> <span class='ocrx_word' id='word_1_1188' title='bbox 2513 3178 2540 3204; x_wconf 79' lang='lat' dir='ltr'>in</span> 
     </span>
     <span class='ocr_line' id='line_1_153' title="bbox 1468 3211 2541 3247; baseline 0.003 -11"><span class='ocrx_word' id='word_1_1189' title='bbox 1468 3211 1486 3236; x_wconf 85' lang='lat' dir='ltr'>ll</span> <span class='ocrx_word' id='word_1_1190' title='bbox 1503 3211 1613 3241; x_wconf 75' lang='lat' dir='ltr'>Foster..</span> <span class='ocrx_word' id='word_1_1191' title='bbox 1628 3219 1683 3244; x_wconf 84' lang='lat' dir='ltr'>cap.</span> <span class='ocrx_word' id='word_1_1192' title='bbox 1694 3219 1744 3242; x_wconf 76' lang='lat' dir='ltr'>xw,</span> <span class='ocrx_word' id='word_1_1193' title='bbox 1759 3220 1785 3237; x_wconf 88' lang='lat' dir='ltr'>n.</span> <span class='ocrx_word' id='word_1_1194' title='bbox 1804 3220 1843 3244; x_wconf 83' lang='lat'>14,</span> <span class='ocrx_word' id='word_1_1195' title='bbox 1859 3211 1918 3246; x_wconf 81' lang='lat' dir='ltr'>(fol.</span> <span class='ocrx_word' id='word_1_1196' title='bbox 1935 3220 1994 3246; x_wconf 77' lang='lat'>229,</span> <span class='ocrx_word' id='word_1_1197' title='bbox 2009 3213 2058 3238; x_wconf 88' lang='lat' dir='ltr'>col.</span> <span class='ocrx_word' id='word_1_1198' title='bbox 2071 3212 2110 3247; x_wconf 80' lang='lat'>⁴)·</span> <span class='ocrx_word' id='word_1_1199' title='bbox 2124 3217 2263 3246; x_wconf 82' lang='lat' dir='ltr'>utramque</span> <span class='ocrx_word' id='word_1_1200' title='bbox 2277 3213 2466 3246; x_wconf 70' lang='lat' dir='ltr'>expo-itionem</span> <span class='ocrx_word' id='word_1_1201' title='bbox 2480 3214 2541 3239; x_wconf 78' lang='lat' dir='ltr'>dicit</span> 
     </span>
     <span class='ocr_line' id='line_1_154' title="bbox 1467 3247 2540 3282; baseline 0.003 -11"><span class='ocrx_word' id='word_1_1202' title='bbox 1467 3247 1605 3272; x_wconf 86' lang='lat' dir='ltr'>convenire</span> <span class='ocrx_word' id='word_1_1203' title='bbox 1624 3248 1711 3272; x_wconf 83' lang='lat' dir='ltr'>textui.</span> <span class='ocrx_word' id='word_1_1204' title='bbox 1730 3247 1790 3272; x_wconf 83' lang='lat' dir='ltr'>Mihi</span> <span class='ocrx_word' id='word_1_1205' title='bbox 1809 3248 1911 3272; x_wconf 87' lang='lat' dir='ltr'>videtur</span> <span class='ocrx_word' id='word_1_1206' title='bbox 1930 3248 2149 3273; x_wconf 81' lang='lat' dir='ltr'>subscribendum</span> <span class='ocrx_word' id='word_1_1207' title='bbox 2168 3256 2228 3274; x_wconf 78' lang='lat' dir='ltr'>esse</span> <span class='ocrx_word' id='word_1_1208' title='bbox 2247 3257 2269 3273; x_wconf 84' lang='lat' dir='ltr'>s.</span> <span class='ocrx_word' id='word_1_1209' title='bbox 2282 3248 2413 3279; x_wconf 81' lang='lat' dir='ltr'>Thomae,</span> <span class='ocrx_word' id='word_1_1210' title='bbox 2437 3249 2483 3282; x_wconf 85' lang='lat' dir='ltr'>qui</span> <span class='ocrx_word' id='word_1_1211' title='bbox 2501 3254 2540 3274; x_wconf 77' lang='lat' dir='ltr'>te-</span> 
     </span>
     <span class='ocr_line' id='line_1_155' title="bbox 1466 3283 2540 3318; baseline 0.003 -11"><span class='ocrx_word' id='word_1_1212' title='bbox 1466 3288 1538 3307; x_wconf 84' lang='lat' dir='ltr'>xtum</span> <span class='ocrx_word' id='word_1_1213' title='bbox 1557 3283 1703 3308; x_wconf 81' lang='lat' dir='ltr'>Aristotelis</span> <span class='ocrx_word' id='word_1_1214' title='bbox 1722 3283 1835 3308; x_wconf 80' lang='lat' dir='ltr'>declarat</span> <span class='ocrx_word' id='word_1_1215' title='bbox 1853 3288 1931 3316; x_wconf 87' lang='lat' dir='ltr'>atque</span> <span class='ocrx_word' id='word_1_1216' title='bbox 1947 3285 2061 3318; x_wconf 85' lang='lat' dir='ltr'>complet</span> <span class='ocrx_word' id='word_1_1217' title='bbox 2079 3292 2109 3309; x_wconf 88' lang='lat' dir='ltr'>ex</span> <span class='ocrx_word' id='word_1_1218' title='bbox 2128 3284 2159 3308; x_wconf 78' lang='lat' dir='ltr'>iis</span> <span class='ocrx_word' id='word_1_1219' title='bbox 2178 3292 2246 3317; x_wconf 84' lang='lat' dir='ltr'>quae</span> <span class='ocrx_word' id='word_1_1220' title='bbox 2260 3285 2372 3317; x_wconf 77' lang='lat' dir='ltr'>ipsemet</span> <span class='ocrx_word' id='word_1_1221' title='bbox 2385 3284 2540 3310; x_wconf 70' lang='lat' dir='ltr'>Aristotelea</span> 
     </span>
     <span class='ocr_line' id='line_1_156' title="bbox 1466 3317 2541 3353; baseline 0.002 -10"><span class='ocrx_word' id='word_1_1222' title='bbox 1466 3318 1543 3343; x_wconf 83' lang='lat' dir='ltr'>tradit</span> <span class='ocrx_word' id='word_1_1223' title='bbox 1562 3319 1587 3343; x_wconf 89' lang='lat' dir='ltr'>in</span> <span class='ocrx_word' id='word_1_1224' title='bbox 1602 3318 1691 3343; x_wconf 83' lang='lat' dir='ltr'>Ethica</span> <span class='ocrx_word' id='word_1_1225' title='bbox 1710 3318 1818 3348; x_wconf 76' lang='lat' dir='ltr'>Nicom..</span> <span class='ocrx_word' id='word_1_1226' title='bbox 1834 3319 1876 3344; x_wconf 90' lang='lat' dir='ltr'>lib.</span> <span class='ocrx_word' id='word_1_1227' title='bbox 1887 3327 1920 3350; x_wconf 79' lang='lat' dir='ltr'>iv,</span> <span class='ocrx_word' id='word_1_1228' title='bbox 1935 3327 1990 3352; x_wconf 88' lang='lat' dir='ltr'>cap.</span> <span class='ocrx_word' id='word_1_1229' title='bbox 2001 3327 2038 3350; x_wconf 86' lang='grc' dir='ltr'>ιιι,</span> <span class='ocrx_word' id='word_1_1230' title='bbox 2053 3328 2079 3346; x_wconf 88' lang='lat' dir='ltr'>n.</span> <span class='ocrx_word' id='word_1_1231' title='bbox 2096 3319 2109 3345; x_wconf 88' lang='lat'><strong>3</strong></span> <span class='ocrx_word' id='word_1_1232' title='bbox 2126 3319 2190 3351; x_wconf 85' lang='lat' dir='ltr'>(Ed.</span> <span class='ocrx_word' id='word_1_1233' title='bbox 2206 3320 2296 3353; x_wconf 85' lang='lat' dir='ltr'>Did.):</span> <span class='ocrx_word' id='word_1_1234' title='bbox 2311 3319 2392 3345; x_wconf 72' lang='grc' dir='ltr'><strong>Δοκεῖ</strong></span> <span class='ocrx_word' id='word_1_1235' title='bbox 2403 3317 2440 3351; x_wconf 59' lang='grc' dir='ltr'>δὲ,</span> <span class='ocrx_word' id='word_1_1236' title='bbox 2455 3320 2541 3353; x_wconf 84' lang='lat' dir='ltr'>inquit</span> 
     </span>
     <span class='ocr_line' id='line_1_157' title="bbox 1467 3347 2540 3389; baseline 0.003 -11"><span class='ocrx_word' id='word_1_1237' title='bbox 1467 3354 1631 3385; x_wconf 79' lang='lat' dir='ltr'>Aristoteles,</span> <span class='ocrx_word' id='word_1_1238' title='bbox 1651 3352 1835 3389; x_wconf 71' lang='grc' dir='ltr'>μεγαλόψυχος</span> <span class='ocrx_word' id='word_1_1239' title='bbox 1854 3347 1917 3379; x_wconf 68' lang='grc' dir='ltr'>εἶναι</span> <span class='ocrx_word' id='word_1_1240' title='bbox 1937 3352 2056 3389; x_wconf 69' lang='grc' dir='ltr'><strong>μεγάλων</strong></span> <span class='ocrx_word' id='word_1_1241' title='bbox 2075 3353 2155 3381; x_wconf 72' lang='grc' dir='ltr'>αὑτὸν</span> <span class='ocrx_word' id='word_1_1242' title='bbox 2175 3350 2251 3386; x_wconf 71' lang='grc' dir='ltr'>ἀξιῶν</span> <span class='ocrx_word' id='word_1_1243' title='bbox 2271 3353 2342 3386; x_wconf 81' lang='grc' dir='ltr'>ἄξιος</span> <span class='ocrx_word' id='word_1_1244' title='bbox 2359 3353 2412 3381; x_wconf 59' lang='lat' dir='ltr'>&amp;vt</span> <span class='ocrx_word' id='word_1_1245' title='bbox 2432 3355 2540 3381; x_wconf 68' lang='lat' dir='ltr'>videtur</span> 
     </span>
     <span class='ocr_line' id='line_1_158' title="bbox 1466 3390 2541 3426; baseline 0.004 -13"><span class='ocrx_word' id='word_1_1246' title='bbox 1466 3393 1555 3414; x_wconf 77' lang='lat' dir='ltr'>autem</span> <span class='ocrx_word' id='word_1_1247' title='bbox 1572 3390 1760 3422; x_wconf 75' lang='lat' dir='ltr'>magnanimus</span> <span class='ocrx_word' id='word_1_1248' title='bbox 1775 3397 1831 3415; x_wconf 76' lang='lat' dir='ltr'>esse</span> <span class='ocrx_word' id='word_1_1249' title='bbox 1849 3391 1895 3423; x_wconf 76' lang='lat' dir='ltr'>qui</span> <span class='ocrx_word' id='word_1_1250' title='bbox 1912 3391 2053 3416; x_wconf 72' lang='lat' dir='ltr'>existimat</span> <span class='ocrx_word' id='word_1_1251' title='bbox 2065 3398 2093 3417; x_wconf 75' lang='lat' dir='ltr'>se</span> <span class='ocrx_word' id='word_1_1252' title='bbox 2107 3392 2221 3426; x_wconf 76' lang='lat' dir='ltr'>dignum</span> <span class='ocrx_word' id='word_1_1253' title='bbox 2236 3392 2349 3426; x_wconf 78' lang='lat' dir='ltr'>magnis,</span> <span class='ocrx_word' id='word_1_1254' title='bbox 2363 3399 2423 3417; x_wconf 76' lang='lat' dir='ltr'>cum</span> <span class='ocrx_word' id='word_1_1255' title='bbox 2443 3397 2541 3417; x_wconf 76' lang='lat' dir='ltr'>mm</span> 
     </span>
     <span class='ocr_line' id='line_1_159' title="bbox 1467 3425 2232 3460; baseline 0.004 -11"><span class='ocrx_word' id='word_1_1256' title='bbox 1467 3425 1565 3458; x_wconf 75' lang='lat' dir='ltr'>dignus</span> <span class='ocrx_word' id='word_1_1257' title='bbox 1582 3426 1627 3450; x_wconf 77' lang='lat' dir='ltr'>sit.</span> <span class='ocrx_word' id='word_1_1258' title='bbox 1647 3426 1685 3450; x_wconf 90' lang='lat' dir='ltr'>De</span> <span class='ocrx_word' id='word_1_1259' title='bbox 1709 3426 1918 3452; x_wconf 58' lang='lat' dir='ltr'>magnanimitate</span> <span class='ocrx_word' id='word_1_1260' title='bbox 1937 3426 1970 3451; x_wconf 78' lang='lat' dir='ltr'>cf.</span> <span class='ocrx_word' id='word_1_1261' title='bbox 1990 3427 2064 3457; x_wconf 88' lang='lat' dir='ltr'>ll—ll‚</span> <span class='ocrx_word' id='word_1_1262' title='bbox 2089 3435 2134 3460; x_wconf 88' lang='lat' dir='ltr'>qu.</span> <span class='ocrx_word' id='word_1_1263' title='bbox 2149 3434 2232 3452; x_wconf 76' lang='lat' dir='ltr'>cxxxx.</span> 
     </span>
    </p>

    <p class='ocr_par' dir='ltr' id='par_1_33' title="bbox 1466 3459 2538 3638">
     <span class='ocr_line' id='line_1_160' title="bbox 1519 3459 2538 3495; baseline 0.001 -10"><span class='ocrx_word' id='word_1_1264' title='bbox 1519 3459 1544 3494; x_wconf 76' lang='grc' dir='ltr'>ζ)</span> <span class='ocrx_word' id='word_1_1265' title='bbox 1566 3461 1681 3486; x_wconf 84' lang='lat' dir='ltr'>Facilius</span> <span class='ocrx_word' id='word_1_1266' title='bbox 1699 3464 1788 3486; x_wconf 79' lang='lat' dir='ltr'>autem</span> <span class='ocrx_word' id='word_1_1267' title='bbox 1804 3465 1844 3486; x_wconf 83' lang='lat' dir='ltr'>est</span> <span class='ocrx_word' id='word_1_1268' title='bbox 1863 3462 1974 3495; x_wconf 81' lang='lat' dir='ltr'>definire</span> <span class='ocrx_word' id='word_1_1269' title='bbox 1987 3462 2127 3491; x_wconf 67' lang='lat' dir='ltr'>sinoeulare</span> <span class='ocrx_word' id='word_1_1270' title='bbox 2148 3461 2379 3488; x_wconf 63' lang='lat' dir='ltr'>ete-Difficultas</span> <span class='ocrx_word' id='word_1_1271' title='bbox 2402 3462 2485 3487; x_wconf 82' lang='lat' dir='ltr'>oritur</span> <span class='ocrx_word' id='word_1_1272' title='bbox 2507 3468 2538 3486; x_wconf 83' lang='lat' dir='ltr'>ex</span> 
     </span>
     <span class='ocr_line' id='line_1_161' title="bbox 1466 3493 2536 3532; baseline 0 -12"><span class='ocrx_word' id='word_1_1273' title='bbox 1466 3495 1536 3520; x_wconf 84' lang='lat' dir='ltr'>hisce</span> <span class='ocrx_word' id='word_1_1274' title='bbox 1547 3496 1641 3527; x_wconf 80' lang='lat' dir='ltr'>verbis,</span> <span class='ocrx_word' id='word_1_1275' title='bbox 1656 3502 1799 3531; x_wconf 75' lang='lat' dir='ltr'>quaesunt</span> <span class='ocrx_word' id='word_1_1276' title='bbox 1809 3497 1970 3522; x_wconf 77' lang='lat' dir='ltr'>Aristotelis:</span> <span class='ocrx_word' id='word_1_1277' title='bbox 1984 3496 2065 3532; x_wconf 65' lang='grc' dir='ltr'>Ῥᾇῦν</span> <span class='ocrx_word' id='word_1_1278' title='bbox 2081 3506 2106 3522; x_wconf 74' lang='grc' dir='ltr'>τε</span> <span class='ocrx_word' id='word_1_1279' title='bbox 2121 3494 2150 3523; x_wconf 81' lang='grc' dir='ltr'>τὸ</span> <span class='ocrx_word' id='word_1_1280' title='bbox 2165 3496 2223 3523; x_wconf 75' lang='grc' dir='ltr'>καθ’</span> <span class='ocrx_word' id='word_1_1281' title='bbox 2244 3497 2354 3523; x_wconf 64' lang='grc' dir='ltr'>ἕκατι-ον</span> <span class='ocrx_word' id='word_1_1282' title='bbox 2371 3494 2506 3531; x_wconf 67' lang='grc' dir='ltr'>ὁρίσασθαι</span> <span class='ocrx_word' id='word_1_1283' title='bbox 2520 3493 2536 3528; x_wconf 76' lang='grc' dir='ltr'><strong>ἢ</strong></span> 
     </span>
     <span class='ocr_line' id='line_1_162' title="bbox 1467 3527 2538 3567; baseline 0.002 -12"><span class='ocrx_word' id='word_1_1284' title='bbox 1467 3527 1497 3556; x_wconf 84' lang='grc' dir='ltr'>τὸ</span> <span class='ocrx_word' id='word_1_1285' title='bbox 1513 3529 1643 3556; x_wconf 68' lang='grc' dir='ltr'>καθόλουε</span> <span class='ocrx_word' id='word_1_1286' title='bbox 1658 3537 1714 3557; x_wconf 89' lang='lat' dir='ltr'>tum</span> <span class='ocrx_word' id='word_1_1287' title='bbox 1729 3533 1798 3557; x_wconf 85' lang='lat' dir='ltr'>enim</span> <span class='ocrx_word' id='word_1_1288' title='bbox 1811 3533 1963 3558; x_wconf 83' lang='lat' dir='ltr'>Aristoteles</span> <span class='ocrx_word' id='word_1_1289' title='bbox 1978 3539 2033 3558; x_wconf 87' lang='lat' dir='ltr'>tum</span> <span class='ocrx_word' id='word_1_1290' title='bbox 2053 3533 2194 3559; x_wconf 78' lang='lat' dir='ltr'>a.Thomas</span> <span class='ocrx_word' id='word_1_1291' title='bbox 2209 3533 2307 3567; x_wconf 75' lang='lat' dir='ltr'>passim</span> <span class='ocrx_word' id='word_1_1292' title='bbox 2318 3533 2411 3558; x_wconf 87' lang='lat' dir='ltr'>docent</span> <span class='ocrx_word' id='word_1_1293' title='bbox 2424 3532 2538 3564; x_wconf 68' lang='lat' dir='ltr'>singula-</span> 
     </span>
     <span class='ocr_line' id='line_1_163' title="bbox 1466 3565 2537 3602; baseline 0.001 -11"><span class='ocrx_word' id='word_1_1294' title='bbox 1466 3566 1503 3591; x_wconf 91' lang='lat' dir='ltr'>ria</span> <span class='ocrx_word' id='word_1_1295' title='bbox 1517 3574 1532 3591; x_wconf 82' lang='lat' dir='ltr'>a</span> <span class='ocrx_word' id='word_1_1296' title='bbox 1546 3572 1636 3592; x_wconf 84' lang='lat' dir='ltr'>nostro</span> <span class='ocrx_word' id='word_1_1297' title='bbox 1659 3568 1789 3592; x_wconf 89' lang='lat' dir='ltr'>intellectu</span> <span class='ocrx_word' id='word_1_1298' title='bbox 1809 3576 1860 3593; x_wconf 94' lang='lat' dir='ltr'>non</span> <span class='ocrx_word' id='word_1_1299' title='bbox 1876 3568 1998 3602; x_wconf 78' lang='lat' dir='ltr'>cognosci</span> <span class='ocrx_word' id='word_1_1300' title='bbox 2022 3569 2070 3594; x_wconf 76' lang='lat' dir='ltr'>nisi</span> <span class='ocrx_word' id='word_1_1301' title='bbox 2095 3576 2140 3602; x_wconf 87' lang='lat' dir='ltr'>per</span> <span class='ocrx_word' id='word_1_1302' title='bbox 2159 3569 2300 3602; x_wconf 82' lang='lat' dir='ltr'>quamdam</span> <span class='ocrx_word' id='word_1_1303' title='bbox 2315 3567 2479 3594; x_wconf 80' lang='lat' dir='ltr'>reflexionem</span> <span class='ocrx_word' id='word_1_1304' title='bbox 2493 3565 2537 3601; x_wconf 82' lang='lat' dir='ltr'>(cf.</span> 
     </span>
     <span class='ocr_line' id='line_1_164' title="bbox 1467 3602 2537 3638; baseline 0 -11"><span class='ocrx_word' id='word_1_1305' title='bbox 1467 3602 1509 3627; x_wconf 88' lang='lat' dir='ltr'>lib.</span> <span class='ocrx_word' id='word_1_1306' title='bbox 1521 3602 1538 3632; x_wconf 89' lang='lat'>1.</span> <span class='ocrx_word' id='word_1_1307' title='bbox 1547 3603 1605 3628; x_wconf 87' lang='lat' dir='ltr'>lect.</span> <span class='ocrx_word' id='word_1_1308' title='bbox 1615 3610 1714 3633; x_wconf 73' lang='lat' dir='ltr'>xxxviii,</span> <span class='ocrx_word' id='word_1_1309' title='bbox 1725 3611 1749 3628; x_wconf 89' lang='lat' dir='ltr'>n.</span> <span class='ocrx_word' id='word_1_1310' title='bbox 1757 3602 1794 3638; x_wconf 88' lang='lat'>8),</span> <span class='ocrx_word' id='word_1_1311' title='bbox 1806 3604 1902 3629; x_wconf 84' lang='lat' dir='ltr'>directe</span> <span class='ocrx_word' id='word_1_1312' title='bbox 1921 3610 2008 3629; x_wconf 83' lang='lat' dir='ltr'>autem</span> <span class='ocrx_word' id='word_1_1313' title='bbox 2028 3605 2151 3638; x_wconf 74' lang='lat' dir='ltr'>cognosci</span> <span class='ocrx_word' id='word_1_1314' title='bbox 2165 3604 2324 3636; x_wconf 55' lang='lat' dir='ltr'>univer-salta</span> <span class='ocrx_word' id='word_1_1315' title='bbox 2338 3611 2368 3629; x_wconf 82' lang='lat' dir='ltr'>ac</span> <span class='ocrx_word' id='word_1_1316' title='bbox 2381 3602 2474 3628; x_wconf 82' lang='lat' dir='ltr'>deinde</span> <span class='ocrx_word' id='word_1_1317' title='bbox 2484 3610 2537 3628; x_wconf 86' lang='lat' dir='ltr'>non</span> 
     </span>
    </p>
   </div>
  </div>
 </body>
</html>
