2548 4192
235 285 341 312 LXVIII

233 352 395 390 Pontificis
411 355 524 390 partes
542 353 668 380 secutus
683 347 814 388 fuisset.
841 344 960 375 Verum
980 343 1139 373 enimvero
1155 338 1298 370 Comites

232 396 351 438 Aquini
366 405 404 425 00
419 404 502 424 anno
532 394 630 432 1239,
654 392 684 422 et
703 391 896 429 insequente,
913 394 943 417 et
957 396 1040 436 anno
1061 385 1141 424 1243
1160 393 1225 424 quo
1245 392 1296 411 ve-

232 448 312 472 stem
326 438 568 470 Dominicanam
591 436 694 466 induit
716 434 876 470 Thomas,
906 441 941 461 ac
967 431 1112 468 deinceps
1137 428 1176 457 ad
1195 435 1296 466 usque

231 485 442 524 Lugdunense
465 481 646 513 Concilium
667 476 918 510 Oecumenicum
939 484 1022 504 anno
1051 474 1129 511 1245
1162 471 1295 519 celebra-

231 537 318 566 tum,
348 526 493 557 Friderici
517 531 618 565 partes
642 529 766 553 secutos
790 530 873 557 esse,
901 517 1047 548 historiae
1071 516 1220 556 produnt.
1241 514 1294 544 R1-

233 572 364 604 chardus
388 571 425 600 de
457 581 479 600 5.
506 570 664 600 Germano
695 566 734 595 ad
763 573 882 594 annum
911 562 991 601 1239
1017 561 1162 592 adnotat:
1181 559 1295 588 Mense

231 617 329 647 madii
344 637 447 646 .....
477 614 625 643 Ἠιοηιαηι
656 611 695 640 de
722 609 866 648 Aquino,
896 607 1092 635 Acerrarum
1121 603 1291 638 Comitem,

232 666 376 692 vocatum
400 658 443 688 ad
464 657 692 696 Imperatorem
713 655 745 683 in
765 649 990 682 Lombardiam
1011 647 1190 696 profectum
1214 655 1290 675 esse.

231 704 377 735 Editione
405 708 477 731 utor
506 709 602 740 quam
626 697 752 728 Gattula
783 693 914 726 correxit
940 699 970 722 et
993 692 1179 721 emendavn.
1205 690 1292 719 Haec

232 757 355 778 rursum
387 746 479 775 habet
497 744 536 774 ad
555 751 675 772 annum
712 747 810 780 1240:
836 740 948 768 Mense
975 737 1072 772 iunii,
1109 734 1291 784 Imperator

231 802 300 823 cum
325 790 465 820 exercitu
488 797 563 824 suo,
587 795 678 826 quem
706 785 746 816 de
772 785 885 824 Regno
914 781 1108 820 collegerat,
1135 783 1220 809 vemt
1248 776 1291 806 ad

229 846 254 866 s.
281 835 486 869 Germanum,
514 831 567 861 ubi
579 840 641 870 per
663 839 721 860 sex
743 829 811 860 dies
833 835 956 857 moram
973 824 1180 864 protrahens,
1201 831 1219 851 e
1238 830 1288 851 ve-

229 879 323 919 stigio
340 872 403 917 per
424 876 584 916 Aquinum
613 875 784 904 transitum
804 871 953 912 faciens,
979 873 1009 898 et
1035 877 1141 898 secum
1170 865 1290 916 ducens

229 921 448 961 Pandulphum
468 920 640 950 Dominum
664 918 802 958 Aquini,
832 914 919 955 apud
941 912 1079 943 insulam
1103 912 1213 941 Pontis
1231 909 1288 939 So-

229 967 323 998 lerati
334 966 444 1005 posuit
463 969 569 994 castra
587 972 657 993 sua.
673 963 784 992 Narrat
798 960 892 990 etiam
907 956 1095 988 Guillelmus
1111 955 1149 985 de
1167 954 1286 984 Tocco:

228 1011 388 1041 Thomam
411 1018 516 1039 recens
545 1007 694 1037 indutum
722 1012 842 1036 vestem
865 1001 1125 1035 Dominicanam,
1159 1005 1288 1049 captum

227 1055 322 1085 fuisse
341 1064 360 1084 a
378 1052 545 1094 fratribus
562 1051 738 1092 germanis,
759 1050 814 1090 qui
832 1052 925 1078 erant
944 1056 1014 1077 cum
1032 1044 1203 1094 Frederzco
1222 1042 1287 1072 Im-

220 1103 374 1140 peratore
392 1098 424 1127 in
447 1101 551 1127 castro
571 1094 862 1135 Aquae-pendentis
881 1091 1015 1121 Tusciae
1029 1090 1191 1129 regionis:
1205 1096 1287 1127 quae

226 1152 340 1182 nempe
363 1151 446 1171 anno
477 1141 555 1179 1243
580 1139 629 1169 vel
650 1139 840 1178 insequente
863 1135 1050 1166 acciderunt.
1080 1135 1127 1163 Ac
1156 1131 1287 1161 demum

227 1198 263 1218 ex
281 1187 328 1216 his
347 1186 492 1216 Thomae
512 1184 655 1214 fratribus
667 1206 675 1221 ‚
699 1183 831 1213 alterum
856 1186 949 1210 vocat
973 1176 1190 1227 Reginaldum
1209 1176 1286 1226 *Pto-

226 1232 368 1262 lomaeus
396 1229 546 1260 Lucensis
576 1228 655 1258 libro
679 1227 765 1257 XXII
790 1226 870 1256 Hist.
896 1223 982 1260 eccl„
1009 1228 1108 1262 capite
1131 1231 1182 1271 1111,
1203 1225 1287 1250 mter

225 1276 369 1306 Maiores
387 1275 419 1304 in
444 1274 534 1305 curia
553 1272 726 1302 Frederici.
749 1267 1010 1301 Luculentissime
1030 1267 1105 1296 haec
1127 1270 1285 1314 evincunt,

227 1318 424 1359 Imperatoris
443 1317 582 1358 partibus
597 1316 658 1346 hoc
677 1322 818 1355 tempore
834 1312 1007 1343 adhaesisse
1028 1310 1171 1341 Comites
1186 1311 1285 1359 Aqui-

226 1370 320 1394 nates.
341 1363 481 1393 Adnotat
502 1371 576 1391 vero
596 1360 680 1390 idem
699 1359 912 1395 Ptolomaeus,
927 1355 1122 1397 praedictum
1141 1353 1286 1404 Regmal-

226 1408 303 1438 dum
320 1412 432 1447 postea
456 1406 496 1436 ab
519 1406 586 1445 ipso
605 1405 794 1444 Imperatore
814 1402 908 1432 fuisse
932 1399 1156 1440 interfectum;
1175 1398 1286 1429 Comi-

225 1459 357 1492 tumque
376 1451 414 1481 de
433 1450 561 1491 Aquino
576 1449 764 1489 progeniem
785 1448 816 1477 in
831 1451 928 1487 parte
946 1455 964 1475 a
983 1444 1141 1475 Friderico
1161 1443 1285 1494 destru-

225 1502 319 1534 ctam,
330 1497 404 1536 quia
415 1494 527 1535 fideles
541 1499 634 1524 erant
646 1493 828 1528 Ecclesiae;
844 1490 1052 1529 eamdemque
1061 1487 1287 1537 praevaluisse

225 1541 356 1571 demum
370 1545 509 1579 tempore
525 1538 647 1568 Caroli:
661 1547 742 1577 quae
761 1535 940 1575 contingere
956 1544 1021 1564 non
1038 1538 1212 1573 potuerunt
1226 1542 1286 1582 11151

225 1591 297 1625 post
327 1583 507 1615 Concilium
536 1582 747 1621 Lugdunense
781 1590 865 1610 anno
902 1579 981 1618 1245
1013 1578 1221 1614 celebratum,
1252 1586 1286 1628 ¹.¹¹

198 1626 202 1629 ’
224 1639 289 1670 quo
313 1627 515 1659 anathematis
539 1626 670 1656 fulmine
693 1634 859 1666 percussus
890 1630 935 1654 est
966 1623 1149 1662 Imperator.
1174 1621 1286 1652 Paucis

224 1683 297 1713 ergo
321 1673 354 1702 in
379 1670 593 1712 Disquisitoris
623 1670 724 1700 verbis
754 1675 935 1700 commenta
965 1667 1056 1707 plura
1086 1665 1287 1707 putidissima

223 1717 437 1747 innotescunt:
454 1715 568 1756 quibus
587 1720 807 1754 superstructa,
823 1722 980 1754 quaenam
999 1711 1092 1742 fuerit
1107 1710 1287 1741 coniectura

223 1761 289 1791 eius
304 1761 342 1791 de
356 1760 527 1790 monastica
540 1766 635 1795 veste,
650 1768 748 1799 quam
762 1758 906 1788 Thomas
921 1764 990 1788 111111
1010 1756 1142 1786 demum
1156 1754 1286 1793 exuerit,

223 1815 296 1836 cum
318 1805 449 1835 meliora
463 1803 647 1835 charismata
665 1812 832 1844 quaerens,
857 1801 1012 1833 Ordinem
1030 1799 1287 1831 Praedicatorum

222 1850 377 1890 ingressus
401 1846 465 1879 est?

605 1909 801 1947 CAPUT
830 1909 899 1946 v1.

221 1983 338 2008 Thomae
357 1981 484 2015 Aquinati,
499 1981 548 2006 iam
567 1985 667 2005 vestem
682 1979 875 2004 Dominicanam
891 1979 990 2009 induto,
1010 1979 1180 2004 Casinensem
1200 1978 1287 2003 Abba-

291 2018 352 2043 tiam
367 2018 398 2042 ab
413 2016 561 2042 Innocentio
575 2021 667 2049 quarto
682 2016 791 2040 Summo
806 2013 929 2039 Pontifice
943 2014 1066 2045 oblatam,
1082 2014 1196 2040 referunt
1214 2013 1287 2039 ’rho-

291 2061 347 2078 mas
366 2054 398 2078 de
417 2053 590 2085 Cantirnprato
614 2056 639 2076 et
663 2051 828 2076 Ptolomaeus
849 2050 983 2075 Lucensis.
1009 2051 1079 2076 Haec
1099 2050 1210 2075 narratio
1230 2050 1287 2075 dili-

291 2089 393 2122 gentius
412 2088 569 2121 expenditur.
589 2087 756 2112 Monachatus
775 2086 893 2111 Thomae
914 2086 1007 2111 iterum
1027 2086 1187 2119 profligatur.

223 2160 244 2190 I.
344 2159 441 2189 homa
477 2159 515 2188 de
551 2157 769 2198 Cantimprato
806 2164 837 2188 et
868 2157 1056 2188 Ptolomaeo
1085 2157 1222 2188 Lucensi
1253 2157 1287 2188 in

344 2210 435 2234 testes
459 2202 627 2240 advocatis,
642 2212 724 2243 quos
743 2208 920 2243 sequuntur
938 2208 969 2232 et
988 2202 1150 2232 excribunt
1169 2202 1287 2233 Paulus

221 2248 358 2288 Langius
385 2247 417 2277 in
444 2247 592 2278 chronico
620 2246 767 2277 Citizensi
795 2247 834 2276 ad
861 2256 983 2277 annum
1014 2247 1112 2284 1263,
1135 2252 1166 2277 et
1187 2247 1287 2277 Lean-

222 2293 275 2323 der
297 2292 442 2323 Albertus
466 2291 518 2322 lib.
542 2291 582 2321 III
609 2291 648 2321 de
664 2290 744 2322 Viris
764 2290 956 2328 illustribus,
984 2301 1052 2322 rem
1083 2291 1286 2332 singularem

215 2337 315 2377 plane
341 2341 371 2367 et
393 2336 610 2367 observatione
632 2335 764 2377 dignam
797 2335 889 2366 refert
916 2335 1111 2376 Disquisitor
1142 2335 1243 2376 capite
1267 2346 1287 2366 v

222 2381 260 2412 de
270 2380 402 2411 Abbatia
416 2379 578 2411 Casinensi
595 2380 627 2410 in
644 2380 774 2420 gratiam
790 2386 956 2420 parentum
973 2380 1121 2411 Thomae
1134 2380 1287 2421 Aquinati

222 2425 326 2456 oblata
355 2435 373 2455 a
402 2425 547 2455 Romano
578 2423 745 2455 Pontifice:
770 2424 907 2465 indeque
937 2425 1167 2456 monachatum
1197 2425 1286 2456 Tho-

222 2480 292 2500 mae
311 2469 367 2500 sibi
387 2469 508 2500 videtur
526 2469 656 2509 probare
676 2475 706 2499 et
725 2468 864 2500 evincere
884 2476 994 2509 posse:
1023 2469 1110 2507 Quid
1126 2469 1187 2501 sibi
1205 2470 1284 2507 vult,

220 2514 376 2555 inquienS,
388 2523 424 2544 ea
439 2514 504 2544 divi
523 2514 659 2544 Thomae
675 2514 955 2545 Praedicatoribus
978 2519 1125 2545 recenter
1138 2514 1284 2546 adiuncti

222 2559 254 2588 in
278 2558 426 2588 Abbatem
453 2558 655 2588 Casinensem
681 2559 808 2597 electio,
838 2559 867 2590 si
889 2559 1136 2596 Benedictinus,
1162 2564 1192 2589 et
1215 2560 1285 2600 qui-

221 2602 291 2633 dem
316 2611 463 2642 expresse
488 2602 675 2643 professus,
700 2604 805 2643 reipsa
830 2613 892 2634 non
917 2603 1016 2634 erat?
1034 2603 1132 2634 Addit
1154 2603 1286 2634 Pontifi-

222 2657 296 2678 cum
318 2647 538 2677 Romanorum
568 2647 706 2685 decreta,
739 2647 912 2679 Innocentii
940 2647 980 2678 111
1013 2654 1043 2678 et
1074 2647 1219 2687 Gregorii
1243 2648 1286 2679 IX

221 2691 310 2732 queis
329 2697 457 2722 cautum
481 2698 536 2728 est,
556 2701 595 2722 ne
619 2692 781 2723 monachis
806 2691 1047 2732 praeficerentur
1073 2692 1212 2723 Abbates
1235 2702 1286 2723 ex-

221 2735 329 2773 tranei,
349 2742 384 2766 ut
402 2735 501 2775 magis
520 2735 666 2767 Thomae
685 2737 912 2768 monachatum
931 2746 990 2777 pro
1010 2735 1129 2767 viribus
1158 2736 1286 2777 colligat

223 2787 252 2810 et
275 2778 448 2810 confirmet.

288 2824 458 2865 Utriusque
478 2824 635 2864 scriptoris
653 2826 746 2856 verba
766 2827 824 2856 sub
844 2825 956 2857 oculos
976 2825 1117 2866 primum
1137 2826 1287 2866 ponenda

223 2875 312 2906 sunt;
327 2868 461 2899 invicem
480 2875 635 2908 praeterea
654 2869 842 2901 conferenda
862 2880 898 2901 ac
917 2869 1079 2901 nonnullis
1098 2870 1287 2911 detergenda

223 2912 361 2950 mendis;
385 2922 451 2953 quo
475 2913 606 2944 demum
628 2913 692 2951 fiat,
716 2924 783 2945 rem
806 2915 886 2946 hanc
909 2914 1103 2955 singularem
1126 2921 1158 2946 et
1181 2915 1287 2946 obser-

222 2957 346 2987 vatione
370 2957 514 2997 dignam,
545 2965 640 2998 prout
663 2968 733 2989 eam
763 2959 855 2999 prisci
886 2965 1012 2990 narrant
1041 2958 1199 2997 historici,
1228 2959 1287 2990 mi-

223 3000 307 3031 nime
325 3001 471 3032 Thomae
493 3002 719 3033 monachatum
740 3002 937 3041 confirmare,
957 3004 1012 3034 sed
1031 3010 1176 3035 evertere.
1198 3003 1287 3035 Tho—

224 3054 291 3075 mas
315 3045 351 3075 de
376 3045 593 3086 Cantimprato
623 3047 675 3078 lib.
701 3047 712 3077 I
737 3048 775 3078 de
805 3047 945 3088 Apibus,
970 3048 1071 3088 capite
1095 3058 1152 3086 xx,
1177 3048 1206 3089 g.
1237 3058 1286 3087 10,

226 3088 369 3119 editionis
384 3089 510 3129 Georgii
525 3090 713 3129 Colvenerii‚
729 3091 829 3122 Duaci
850 3093 942 3134 1627,
954 3092 1029 3123 haec
1043 3092 1154 3126 habet:
1172 3105 1187 3120 α
1201 3092 1287 3124 Cum

229 3144 243 3159 »
266 3132 395 3172 quidam
424 3134 538 3164 nobilis
567 3135 765 3174 adolescens,
806 3136 844 3166 de
875 3137 1098 3168 Romanorum
1128 3137 1287 3177 partibus,

230 3189 245 3203 »
267 3176 409 3207 Thomas
424 3177 462 3207 de
476 3178 604 3218 Aquino
620 3179 760 3217 nomine,
775 3180 851 3211 haec
866 3187 895 3211 et
910 3180 958 3211 his
973 3181 1085 3212 similia
1100 3179 1162 3222 (de
1174 3182 1289 3223 quibus

231 3233 245 3247 »
267 3225 362 3251 antea
385 3221 600 3264 disseruerat)
624 3231 796 3262 vereretur,
823 3224 948 3255 intravit
970 3225 1126 3256 Ordinem
1156 3225 1289 3258 fratrum

231 3276 245 3291 »
267 3264 519 3296 Praedicatorum
542 3266 713 3298 Bononiae.
739 3268 803 3306 Qui
836 3278 910 3299 curn
942 3269 1084 3300 Domino
1107 3269 1226 3301 ibidem
1255 3270 1288 3301 in

231 3321 246 3335 >v
268 3318 384 3348 magno
408 3308 527 3340 fervore
559 3317 589 3341 et
621 3311 774 3343 alacritate
806 3312 932 3352 spiritus
964 3314 1147 3352 deserviret,
1177 3314 1290 3346 invidit

231 3365 246 3379 »
269 3352 429 3390 diabolus,
461 3360 491 3384 et
520 3353 676 3394 instigavit
703 3363 845 3396 parentes
874 3357 940 3387 eius
973 3364 1003 3389 et
1031 3358 1169 3389 maxime
1206 3359 1289 3390 duos

232 3409 246 3423 »
270 3396 375 3427 1101105
398 3397 480 3428 illius
504 3399 739 3438 potentissimos
757 3411 792 3431 ac
817 3400 950 3439 feroces,
970 3402 1025 3443 qui
1044 3402 1250 3435 obtinuerunt
1271 3413 1290 3434 a

233 3452 248 3467 ›
269 3440 370 3480 Papa,
401 3448 436 3472 ut
464 3442 503 3472 ad
527 3443 645 3473 curiam
677 3454 732 3484 per
763 3445 878 3475 litteras
901 3446 1100 3486 Apostolicas
1133 3447 1287 3479 citaretur.

234 3495 249 3510 2»
271 3484 334 3521 Qui
357 3491 393 3515 ut
415 3486 608 3526 comparuit,
632 3487 735 3519 iussus
755 3496 800 3520 est
819 3489 962 3520 habitum
981 3490 1109 3521 Ordinis
1131 3491 1289 3532 deponere

235 3539 250 3554 2
272 3534 302 3558 et
329 3528 528 3568 dignitatibus
556 3531 766 3564 ecclesiasticis
794 3533 943 3573 insigniri.
970 3534 1070 3572 Quod
1103 3545 1178 3566 cum
1205 3546 1290 3576 sper-

237 3582 252 3597 »
274 3578 359 3602 neret
381 3572 458 3603 mira
480 3575 663 3613 constantia,
683 3574 791 3607 furtim
816 3587 834 3607 a
852 3577 916 3608 suis
943 3577 1087 3609 fratribus
1106 3586 1213 3619 raptus
1232 3587 1289 3619 est,

237 3625 253 3641 »
275 3620 304 3644 01
322 3614 354 3644 111
373 3625 524 3647 carcerem
543 3618 623 3648 clam
646 3619 798 3651 detrusus.
822 3633 836 3648 »
859 3621 989 3652 iniurias
1012 3622 1157 3654 Thomae
1180 3623 1291 3656 inlatas

957 258 1414 302 DISSERTATIONES
1445 257 1699 294 CRITICAE

1352 336 1562 375 postmodum
1586 341 1688 365 narrat
1696 341 1705 371 ;
1730 333 1901 372 fratresque
1930 331 2059 362 tandem
2082 333 2121 363 ab
2147 333 2359 374 Imperatore,
2385 344 2424 365 ne

1351 379 1478 410 fratrem
1501 379 1582 409 male
1606 379 1766 414 haberent,
1787 376 1954 406 cohibitos.
1985 376 2111 413 Quibus
2133 379 2303 417 recensitis,
2322 380 2426 420 pergit

1351 430 1489 453 narrare:
1514 436 1528 450 «
1546 423 1611 452 Nec
1636 422 1689 451 diu
1714 421 1808 451 Satan
1833 420 1954 450 distulit
1976 420 2106 451 insidias
2126 422 2319 454 adolescenti
2338 435 2423 464 spar-

1353 480 1367 494 »
1389 477 1470 506 gere.
1494 466 1644 496 Instinctu
1668 465 1754 495 enirn
1774 464 1907 494 fratrum
1935 474 2070 495 suorum
2097 466 2272 497 carnalium
2296 474 2327 498 et
2345 469 2423 499 ami-

1352 524 1366 538 »
1390 520 1501 541 corum
1525 520 1607 550 quos
1642 509 1778 539 habebat
1805 508 1838 538 in
1863 508 1966 546 curia,
1995 519 2052 548 per
2081 509 2199 540 litteras
2220 513 2423 552 Apostolicas

1351 568 1365 582 »
1389 555 1504 585 iterum
1519 554 1688 584 mandatus
1704 559 1750 582 est
1767 552 1861 582 frater
1879 552 2033 583 Thomas,
2056 554 2202 585 Venienti
2222 563 2331 587 autem
2346 567 2423 588 mox

1351 612 1364 626 »
1388 609 1406 628 a
1428 599 1514 638 Papa
1539 597 1744 638 praecipitur,
1770 603 1806 626 ut
1830 595 1970 635 regimen
1991 598 2146 629 Abbatiae
2167 599 2286 631 Montis
2313 600 2422 632 Casini

1349 655 1363 670 >›
1387 642 1601 682 susciperet....
1621 640 1738 671 Renuit
1762 650 1836 680 ergo
1861 641 2129 680 praeclarissimus
2148 643 2343 684 adolescens,
2363 656 2421 677 nec

1349 700 1362 713 »
1386 686 1540 717 Ordinem
1560 685 1608 716 vel
1627 685 1773 715 habitum
1793 694 1890 715 suum
1907 685 2047 716 deserere
2067 687 2132 718 ulla
2147 688 2330 720 conditione
2345 700 2421 721 con-

1348 743 1362 757 »
1385 730 1490 760 5011511.
1511 729 1573 760 Cui
1595 739 1670 760 cum
1693 729 1779 768 Papa
1794 729 1997 769 concederet,
2018 736 2054 761 ut
2068 732 2100 762 in
2120 731 2244 764 Ordine
2266 739 2297 764 et
2310 735 2420 765 habitu

1347 788 1362 802 »
1383 784 1442 804 suo
1452 779 1618 813 praeesset
1633 773 1752 814 officie,
1769 773 1873 804 noluit
1891 774 1960 812 ille;
1975 782 2006 805 et
2021 775 2103 806 clam
2117 777 2286 818 prolapsus
2301 788 2320 809 a
2334 779 2420 810 curia

1347 831 1361 846 »
1385 818 1466 858 fugit
1500 825 1530 848 et
1558 818 1591 847 in
1620 817 1794 848 Coloniam
1821 818 2033 859 Agrippinam
2061 821 2155 851 venit.
2181 834 2195 849 »
2227 822 2315 854 Haec
2345 823 2418 862 ille,

1343 862 1398 903 qui
1422 872 1501 892 aevo
1526 862 1588 892 divi
1609 862 1756 892 Thomae
1779 862 1878 892 vitam
1901 864 2030 903 agebat,
2062 872 2264 907 mortemque
2294 867 2420 899 videtur

1343 906 1458 936 obiisse
1488 916 1573 936 anno
1605 906 1725 937 circiter
1754 916 1847 948 1272,
1871 907 1922 937 vel
1947 907 2043 938 etiam
2073 916 2194 949 postea.
2220 911 2316 943 Hunc
2346 912 2420 943 facit

1342 950 1535 991 Disquisitor
1548 951 1741 991 Episcopum
1756 951 2008 992 suffraganeum
2027 953 2306 987 Cameracensem:
2320 966 2419 998 quam

1341 995 1386 1025 illi
1410 1002 1517 1025 tamen
1541 995 1727 1035 dignitatem
1747 996 1858 1027 adimit
1876 996 2010 1027 lacobus
2034 997 2197 1029 Echardus
2218 998 2251 1030 in
2275 1000 2420 1032 eiusdem
2471 1004 2473 1006 '

1341 1039 1468 1079 Elogio.
1500 1039 1675 1081 Dionysius
1706 1041 1967 1072 Sammarthanus
1995 1038 2093 1073 tomo*
2113 1043 2154 1073 111
2186 1043 2307 1075 Galliae
2339 1045 2419 1076 chri-

1341 1083 1476 1122 stianae,
1509 1084 1547 1115 de
1571 1085 1705 1116 Nicolao
1730 1085 1771 1116 111
1796 1085 2017 1117 Cameracensi
2037 1087 2200 1128 Episcopo
2219 1098 2332 1129 agens,
2360 1090 2417 1131 qui

1341 1128 1450 1159 sedem
1472 1129 1561 1159 illam
1584 1130 1686 1160 tenuit
1714 1131 1753 1160 ab
1782 1140 1867 1160 anno
1902 1131 1995 1170 1234,
2020 1138 2052 1162 et
2079 1142 2164 1163 anno
2199 1143 2281 1175 ¹272
2314 1134 2418 1165 adhuc

1339 1172 1372 1203 in
1396 1173 1475 1203 vivis
1499 1181 1574 1212 erat,
1599 1174 1676 1205 11000
1700 1175 1809 1206 habet:
1829 1175 1896 1206 Sub
1913 1176 1974 1206 hoc
1985 1177 2143 1216 praesule
2172 1177 2309 1209 Thomas
2331 1179 2417 1210 Can—

1340 1218 1601 1258 timpratensis....
1628 1225 1835 1250 consecratus
1857 1220 1916 1250 sub
1939 1221 2033 1251 titulo
2064 1222 2245 1253 mendicato
2265 1223 2418 1264 Episcopi

1339 1262 1519 1300 Lusentini,
1531 1264 1642 1294 munia
1651 1265 1836 1304 pastoralia
1858 1270 1889 1295 et
1905 1266 2098 1305 episcopalia
2113 1266 2209 1297 obivit
2223 1268 2292 1298 vice
2305 1269 2416 1308 ipsius.

1339 1307 1422 1337 Rem
1445 1317 1505 1347 ego
1530 1308 1562 1338 in
1586 1309 1694 1339 medio
1718 1309 1874 1350 relinquo.

1407 1351 1557 1392 Sequitur
1579 1353 1785 1385 Ptolomaeus
1809 1353 1981 1392 Lucensis,
2011 1354 2102 1385 cuius
2125 1355 2203 1386 haec
2226 1357 2320 1387 verba
2343 1364 2419 1389 sunt

1338 1396 1420 1426 libro
1451 1397 1539 1427 XXII
1564 1397 1646 1428 Hist.
1674 1398 1760 1436 eccl„
1781 1398 1883 1439 capite
1914 1409 1986 1438 xx1,
2011 1409 2078 1429 non
2108 1407 2199 1431 xxrx:
2223 1400 2272 1431 De
2296 1411 2417 1433 carcere

1339 1440 1492 1471 eductum
1511 1441 1687 1481 Thomam,
1706 1444 1814 1474 statim
1834 1444 1991 1474 animalia
2010 1449 2087 1474 sunt
2099 1450 2223 1484 parata
2241 1446 2287 1477 ad
2311 1447 2416 1487 ipsum

1339 1485 1561 1516 deducendum
1585 1487 1732 1518 Romam.
1766 1487 1848 1518 Inde
1880 1488 1969 1519 vadit
2004 1488 2172 1520 Coloniam
2201 1490 2246 1520 ad
2266 1490 2416 1532 fratrem

1338 1530 1526 1568 Albertum,
1552 1531 1606 1562 ubi
1638 1532 1738 1562 multo
1762 1537 1904 1573 tempore
1926 1532 2022 1573 fuit;
2045 1538 2075 1564 et
2098 1533 2211 1564 ibidem
2245 1536 2415 1572 existenti,

1340 1575 1446 1606 oblata
1457 1574 1531 1616 fuit
1558 1575 1660 1606 eidem
1679 1577 1815 1608 Abbatia
1834 1577 1958 1608 Montis
1978 1577 2092 1609 Casini
2107 1587 2173 1619 per
2189 1579 2416 1611 Alexandrum

1339 1621 1452 1660 gratia
1470 1626 1659 1660 parentum,
1679 1622 1756 1662 quia
1781 1627 1876 1652 erant
1899 1622 2027 1662 expulsi
2048 1622 2089 1653 de
2111 1623 2250 1664 Regum
2273 1629 2304 1655 et
2326 1633 2418 1656 recu-

1340 1665 1433 1695 savit.
1468 1665 1544 1702 Quo
1568 1665 1642 1696 loco
1667 1666 1904 1697 emendandum
1935 1666 2066 1698 adnotat
2089 1667 2253 1699 Echardus
2275 1668 2326 1699 vel
2343 1668 2419 1701 Pto-

1341 1709 1517 1748 lomaeum,
1541 1710 1590 1740 vel
1614 1710 1723 1750 potius
1747 1711 1815 1742 eius
1839 1711 2019 1750 Notarium,
2044 1711 2100 1752 qui
2123 1712 2350 1744 Alexandrum
2370 1712 2426 1744 IV

1342 1753 1466 1794 scripsit
1496 1756 1555 1794 pro
1580 1754 1769 1786 Innocentio
1792 1755 1850 1786 IV.
1871 1755 1961 1786 Pauli
1985 1755 2098 1796 Langii
2132 1763 2164 1787 et
2194 1757 2331 1788 Leandri
2362 1758 2419 1789 Al-

1342 1798 1420 1829 berti
1443 1799 1539 1829 verba
1562 1806 1745 1839 praetereo,
1769 1800 1825 1841 qui
1849 1800 1996 1841 sequiore
2020 1807 2120 1832 aetate
2148 1800 2344 1842 floruerunt,
2367 1812 2419 1834 ex-

1342 1842 1598 1884 scripseruntque
1620 1844 1846 1875 Ptolomaeum
1870 1851 1901 1875 et
1925 1844 2245 1886 Cantimpratensem.

1410 1887 1446 1918 II.
1472 1888 1589 1919 Menda
1611 1888 1715 1929 plura,
1734 1889 1851 1931 quibus
1875 1889 1952 1920 haec
1975 1889 2113 1921 narratio
2137 1897 2245 1930 scatet,
2260 1891 2420 1923 advertere

1342 1931 1484 1972 primum
1507 1932 1618 1971 liceat;
1641 1943 1763 1975 quaeve
1786 1941 1842 1965 aut
1865 1943 1937 1964 vera
1958 1940 2014 1965 aut
2036 1933 2219 1966 verisimilia
2241 1945 2309 1967 non
2327 1942 2419 1976 sunt,

1342 1983 1397 2008 aut
1421 1976 1518 2007 dubia
1549 1977 1697 2009 indicare.
1731 1978 1899 2019 Negaverit
1931 1988 2028 2009 nemo
2062 1989 2081 2009 a
2103 1979 2232 2011 veritate
2269 1980 2419 2012 abludere

1341 2021 1507 2052 Thomam
1531 2022 1570 2053 de
1594 2022 1837 2064 Cantimprato,
1861 2023 1941 2054 dum
1964 2030 2087 2054 narrat:
2118 2034 2143 2054 1.
2164 2024 2360 2066 Aquinatem
2378 2025 2418 2056 de

1342 2066 1566 2097 Romanorum
1590 2066 1732 2107 partibus
1754 2067 1876 2099 venisse
1894 2068 2076 2098 Bononiam
2082 2075 2096 2106 ;
2117 2077 2146 2099 2.
2171 2068 2419 2101 Dominicanam

1342 2117 1462 2141 vestem
1485 2111 1651 2142 Bononiae
1674 2111 1841 2150 indutum,
1866 2112 1979 2143 ibidem
2003 2112 2202 2154 aliquamdiu
2221 2113 2416 2152 subsu‘tisse3

1346 2156 1373 2186 3.
1400 2155 1435 2186 In
1459 2155 1580 2186 curiam
1604 2156 1702 2187 semel
1726 2163 1757 2188 et
1779 2157 1895 2188 iterum
1914 2166 1980 2198 per
1997 2157 2124 2188 litteras
2141 2158 2343 2198 Apostolicas
2360 2167 2417 2190 vo-

1342 2206 1450 2231 catum
1477 2210 1580 2242 eoque
1605 2201 1786 2241 profectum
1805 2209 1890 2241 esse;
1914 2211 1946 2242 4.
1967 2201 2182 2242 Dignitatibus
2201 2202 2417 2235 ecclesiasticis

1342 2254 1360 2274 a
1390 2244 1544 2276 Pontifice
1577 2245 1692 2277 oblatis
1724 2246 1866 2286 insigniri
1897 2245 2082 2285 nolentem,
2116 2253 2193 2278 tunc
2222 2257 2241 2278 a
2270 2246 2418 2280 fratribus

1333 2288 1456 2330 furtim
1482 2295 1610 2330 raptum
1635 2297 1666 2321 et
1688 2290 1722 2320 in
1746 2300 1902 2322 carcerem
1930 2290 2115 2329 detrusum
2142 2292 2171 2322 5.
2199 2291 2225 2322 E
2250 2292 2339 2323 curia
2360 2291 2416 2324 de·

1342 2343 1435 2365 mum
1467 2334 1606 2365 secunda
1628 2334 1696 2366 vice
1720 2335 1803 2366 clam
1823 2336 2037 2376 prolapsum,
2072 2335 2247 2366 Coloniam
2268 2336 2418 2378 Agrippi-

1342 2388 1418 2409 nam
1441 2378 1577 2419 petiisse.
1602 2379 1758 2411 Probatus
1782 2389 1879 2411 nemo
1898 2380 1981 2411 vitae
2002 2379 2150 2411 Thomae
2171 2380 2295 2421 priscus
2318 2380 2417 2413 histo-

1341 2422 1435 2461 ricus,
1459 2430 1514 2461 aut
1537 2423 1744 2455 Ptolomaeus
1767 2424 1931 2464 Lucensis,
1946 2430 2002 2455 aut
2020 2423 2213 2456 Guillelmus
2236 2425 2275 2456 de
2294 2425 2417 2465 Tocco,

1341 2475 1397 2499 aut
1419 2467 1598 2499 Bernardus
1631 2468 1810 2508 Gnidonis,
1837 2476 1893 2500 aut
1915 2468 2046 2500 adhibiti
2079 2475 2173 2500 testes
2205 2469 2239 2500 in
2262 2469 2416 2502 Processu

1341 2512 1611 2551 canonizationis,
1635 2513 1803 2554 quidpiam
1833 2513 1936 2545 simile
1959 2520 2104 2545 narrant:
2129 2513 2320 2556 hominique
2341 2514 2417 2547 Bra—

1341 2557 1449 2588 bantio
1473 2557 1568 2598 longe
1584 2557 1706 2597 dissito,
1728 2558 1805 2590 haec
1824 2557 1960 2590 narranti
1980 2567 2017 2589 ex
2035 2558 2152 2590 incerta
2172 2558 2268 2598 fama,
2287 2568 2417 2601 parcen-

1341 2601 1420 2632 dum
1444 2609 1499 2633 est.

1409 2646 1471 2677 Sed
1494 2657 1599 2688 neque
1618 2644 1798 2688 paria‘sunt
1817 2654 1847 2679 et
1866 2657 2019 2686 consona,
2039 2647 2107 2678 imo
2126 2647 2222 2688 longe
2241 2647 2363 2679 diversa
2380 2657 2417 2679 ac

1342 2690 1566 2731 repugnantia,
1582 2701 1664 2733 quae
1679 2691 1818 2723 referunt
1841 2691 2125 2732 Cantimpratensis
2145 2698 2176 2723 et
2198 2691 2415 2723 Ptolomaeus.

1342 2735 1455 2766 Scribit
1477 2735 1546 2774 iste,
1561 2736 1709 2767 Thomae
1727 2736 1882 2768 Coloniae
1904 2737 2055 2768 existenti
2073 2735 2244 2767 Abbatiam
2263 2735 2415 2768 Casinen-

1342 2789 1410 2810 sem
1433 2779 1575 2811 oblatam
1594 2779 1708 2818 fuisse;
1733 2787 1836 2811 narrat
1854 2780 1918 2819 ille,
1937 2780 1971 2811 id
1989 2781 2120 2819 factum,
2140 2787 2313 2822 antequam
2330 2780 2417 2812 idem

1342 2823 1488 2855 Thomas
1511 2823 1685 2856 Coloniam
1708 2824 1968 2866 proficisceretur.
2002 2825 2057 2856 Ait
2080 2824 2175 2856 etiam
2198 2824 2416 2864 Ptolomaeus,

1341 2868 1512 2900 Abbatiam
1535 2869 1639 2900 eidem
1662 2869 1757 2910 longe
1783 2879 1801 2900 a
1827 2869 1913 2901 curia
1931 2868 2098 2901 Pontificia
2117 2869 2228 2901 dissito
2246 2879 2304 2911 per
2322 2869 2417 2901 Inno—

1343 2913 1484 2944 centium
1516 2913 1676 2953 oblatam,
1705 2914 1748 2945 ait
1770 2924 1846 2945 vero
1870 2913 2171 2955 Cantimpratanus,
2195 2914 2361 2946 Thomam
2383 2915 2417 2945 in

1342 2958 1466 2989 curiam
1491 2958 1683 2990 advocatum
1707 2957 1890 3000 ibidemque
1917 2958 2119 2997 existentem,
2139 2957 2227 2989 inam
2252 2958 2312 2990 sibi
2330 2958 2418 2990 obla-

1342 3009 1409 3033 tam
1432 3002 1598 3043 respuisse.
1623 3003 1723 3041 Quod
1741 3003 1839 3034 semel
1861 3003 1994 3035 demum
2013 3003 2181 3044 contigisse
2204 3010 2308 3035 narrat
2325 3002 2418 3043 alten

1343 3046 1402 3086 bis,
1426 3047 1512 3078 alter.

1411 3091 1499 3123 Haec
1531 3091 1662 3123 fortasse
1685 3091 1783 3123 videri
1808 3091 1948 3133 cuipiam
1976 3098 2127 3133 poterunt
2159 3092 2295 3124 totidem
2325 3102 2418 3134 argu-

1345 3143 1472 3174 menta,
1497 3136 1587 3178 queis
1619 3136 1755 3168 narratio
1778 3134 1837 3167 illa'
1861 3137 1900 3167 de
1922 3136 2058 3168 Abbatia
2081 3136 2247 3168 Casinensi
2270 3137 2419 3168 Thomae

1344 3181 1450 3212 oblata
1472 3180 1505 3211 in
1529 3180 1665 3212 dubium
1687 3180 1794 3212 vocari
1817 3180 1918 3222 possit
1940 3191 1977 3212 ac
2000 3181 2095 3212 etiam
2119 3181 2257 3222 explodi.
2295 3181 2371 3213 Non
2391 3181 2418 3212 is

1344 3235 1419 3256 vero
1444 3234 1503 3265 ego
1527 3235 1611 3264 sum,
1631 3225 1686 3267 qui
1705 3225 1738 3256 id
1757 3225 1959 3257 contendam.
1980 3225 2027 3256 Ea
2045 3232 2172 3257 tantum
2189 3225 2223 3257 in
2240 3224 2326 3257 illius
2344 3225 2419 3258 facti

1345 3269 1488 3301 examine
1511 3279 1602 3301 mens
1625 3269 1704 3300 mihi
1725 3269 1796 3309 fuit,
1821 3277 1856 3301 ut
1879 3280 1897 3300 a
1921 3269 2042 3301 fabellis
2066 3269 2222 3302 adiunctis
2245 3269 2299 3302 det

1344 3321 1415 3352 tur;
1448 3314 1614 3356 ipsamque
1637 3313 1807 3345 Abbatiam
1830 3324 1937 3345 revera
1960 3314 2108 3346 Thomae
2133 3314 2274 3346 oblatam
2297 3314 2323 3346 si
2345 3314 2418 3356 quis

1345 3365 1445 3399 putet,
1460 3358 1546 3390 iuxta
1569 3358 1667 3390 fidem
1685 3358 1851 3400 utriusque
1870 3358 2049 3400 scriptoris,
2069 3369 2126 3400 per
2143 3369 2196 3390 me
2214 3358 2296 3390 licet.
2321 3357 2418 3390 Obla-

1344 3402 1440 3434 tionis
1473 3402 1572 3434 factae
1599 3409 1743 3444 tempus,
1772 3410 1931 3445 quantum
1954 3403 2059 3435 ferunt
2086 3402 2314 3444 probabiliores
2343 3412 2418 3434 con-

1345 3447 1491 3486 iecturae,
1502 3447 1730 3489 inquirendum
1745 3454 1799 3479 est.
1816 3448 1915 3486 Quod
1930 3455 1967 3479 ut
1980 3454 2148 3489 praestem,
2162 3445 2332 3489 praemitto
2347 3456 2418 3488 par-

1345 3498 1410 3522 tem
1425 3491 1695 3533 chronographiae
1705 3498 1869 3533 gestorum
1883 3491 1982 3524 sancti
1990 3492 2149 3531 Thomae,
2167 3500 2266 3533 quam
2285 3490 2419 3522 lacobus

1345 3535 1528 3575 Echardus,
1561 3535 1798 3577 diligentissime
1830 3536 2018 3578 synchronis
2041 3535 2246 3577 scriptoribus
2278 3534 2418 3574 collatis,

1345 3580 1481 3620 digessit.
1515 3580 1566 3612 Sic
1589 3580 1684 3612 habet
1711 3581 1762 3612 ille
1792 3581 1825 3612 in
1850 3581 1923 3613 Vita
1953 3581 2004 3613 vel
2034 3579 2150 3621 Elogio
2173 3579 2292 3621 ipsius:
2321 3592 2335 3607 ι
2352 3580 2418 3610 An-

1348 3637 1362 3652 »
1386 3634 1427 3655 no
1456 3625 1536 3664 1243
1561 3624 1717 3656 Ordinem
1738 3625 1995 3657 Praedicatorum
2013 3623 2148 3666 Neapoli
2174 3623 2208 3655 in
2234 3623 2333 3655 sancti
2352 3623 2418 3655 Do-
