2548 4192
187 279 268 304 CCIV

191 360 205 374 »
229 345 347 386 aliquid
372 344 446 375 dicit
468 354 524 384 per
547 343 683 373 modum
707 340 924 371 declarationis
948 339 1035 376 iuris,
1053 338 1078 367 si
1102 337 1259 386 bullatum

191 404 205 419 »
229 397 285 429 est,
310 390 350 420 ad
373 398 485 419 omnes
508 398 542 418 se
567 386 713 424 extendit,
738 385 860 416 etiamsi
884 394 949 414 non
974 383 1013 412 sit
1036 382 1189 431 insertum
1212 390 1258 410 1n-

191 448 205 462 »
229 441 275 465 ter
298 434 373 464 alias
396 432 590 463 Decretales:
616 440 690 470 ergo
716 440 790 460 cum
814 428 992 468 Episcopus
1016 436 1083 456 non
1107 432 1147 455 sit
1166 435 1260 465 super

191 492 206 507 »
229 479 401 515 Statutum,
426 476 561 507 confessi
585 475 643 505 sibi
667 474 716 504 vel
739 473 832 503 alicui
857 471 1041 502 auctoritate
1062 470 1130 500 eius
1152 476 1259 500 tenen-

192 537 206 551 »
229 530 281 554 tur
304 523 419 553 eodem
436 531 519 550 anno
535 530 594 550 suo
611 519 730 550 Curato
747 516 887 547 inferiori
903 515 999 545 semel
1015 514 1167 545 confiteri.
1185 514 1259 544 Non

191 581 206 595 >›
229 568 273 598 sic
296 574 403 597 autem
427 565 596 594 dicendum
625 569 671 593 est
694 562 732 591 de
757 560 979 591 confitentibus
1003 560 1106 599 Papae
1132 558 1182 588 vel
1206 558 1260 588 ha-

192 625 206 640 »
230 611 375 642 bentibus
400 609 466 639 eius
490 607 708 638 auctoritatem
732 605 886 641 absolute,
907 603 982 644 quia
1001 604 1087 643 Papa
1104 610 1150 633 est
1166 612 1261 643 super

192 670 206 684 s
230 655 412 686 Concilium
435 652 587 691 generale.
608 663 622 677 »

262 699 348 730 Nihil
380 697 535 727 haesitans
568 700 783 724 memoratum
814 693 935 733 Papam
969 691 1107 732 intellige
1142 692 1260 722 Marti-

190 754 265 775 num
290 742 336 778 Π,
363 742 483 771 dictum
507 740 559 770 IV.
583 739 702 769 Datum
726 738 764 768 ab
789 737 857 775 illo,
877 736 967 777 quod
997 736 1112 767 dicitur
1135 735 1259 776 privile-

188 789 278 828 gium
299 786 465 827 fratribus
495 783 678 814 Minoribus
702 788 731 813 et
754 782 1056 818 Praedicatoribus,
1082 791 1148 810 non
1173 780 1259 810 aliud

189 839 234 862 est
257 840 354 871 quam
377 828 468 859 Bulla
493 828 571 866 eius,
591 837 672 868 quae
687 827 814 867 incipit,
838 826 890 857 Ad
904 826 1042 867 fructus
1066 826 1188 856 uberes.
1211 825 1259 854 In—

188 883 307 916 tegram
330 873 469 904 referunt
491 873 632 903 Martene
656 878 686 902 et
707 871 839 902 Durand
861 877 980 901 ascetae
996 869 1260 910 Congregationis

188 931 212 950 s.
236 919 338 950 Mauri
362 925 453 948 torno
478 918 489 947 I
514 916 670 947 Thesauri
694 916 943 954 anecdotorum,
969 915 1028 945 col.
1060 924 1140 956 1172
1159 921 1189 945 et
1206 914 1257 944 Io-

187 973 283 994 annes
307 962 471 993 Launoius
494 961 527 991 in
552 960 721 1001 opusculo,
746 960 797 991 cui
821 960 931 990 titulus
955 960 1128 1000 Explicata
1151 959 1261 990 Eccle-

187 1010 255 1039 siae
278 1007 408 1038 traditio
433 1007 520 1037 circa
545 1015 716 1043 canonem,
746 1004 859 1035 Omnis
883 1006 1051 1044 utriusque
1072 1014 1186 1041 sexus,
1213 1013 1261 1033 ca-

187 1053 251 1093 pite
275 1051 377 1082 tertio.
402 1052 493 1088 Quae
516 1051 625 1090 Papae
649 1056 679 1080 et
702 1050 871 1091 Privilegii
894 1049 988 1079 verba
1012 1049 1106 1079 citato
1122 1049 1194 1079 loco
1214 1058 1260 1078 re-

188 1097 350 1133 feruntur,
375 1095 533 1136 ipsissima
557 1101 631 1125 sunt
653 1094 685 1124 in
709 1094 818 1124 Bulla:
850 1094 1002 1124 Volumus
1025 1099 1151 1130 autem,
1177 1093 1263 1133 quod

189 1142 222 1171 hi
244 1142 299 1181 qui
322 1140 493 1171 Fratribus
521 1139 757 1180 confitebuntur
780 1139 908 1176 eisdem,
928 1139 996 1168 suis
1019 1138 1262 1168 Parochialibus

183 1186 386 1226 presbyteris
409 1184 555 1225 confiteri
577 1184 690 1214 saltem
713 1183 812 1213 semel
835 1184 867 1213 in
883 1193 980 1220 anno,
992 1188 1094 1222 prout
1106 1182 1262 1223 generale

191 1230 368 1260 Concilium
393 1229 522 1266 statuit,
548 1228 755 1258 nihilominus
779 1232 969 1258 teneantur:
991 1236 1072 1267 quae
1097 1226 1182 1266 apud
1207 1236 1261 1256 an-

187 1274 339 1314 tiquiores
363 1272 531 1303 Pontifices
556 1272 669 1303 frustra
687 1282 829 1312 quaeras.
845 1272 926 1302 Data
940 1270 1032 1302 Bulla
1045 1271 1159 1311 legitur
1173 1270 1261 1311 apud

192 1318 446 1348 Urbemveterem
471 1327 502 1347 1v
526 1317 598 1347 idus
621 1317 784 1354 ianuarii,
809 1316 1018 1357 Pontificatus
1050 1316 1153 1346 nostri
1175 1325 1261 1345 anno

182 1364 301 1402 primo.
327 1362 491 1392 Launoius
507 1361 654 1391 adnotat:
678 1360 745 1391 Hic
767 1370 875 1391 annus
897 1361 1038 1390 Martini
1059 1361 1188 1400 primus
1212 1361 1259 1390 in-

188 1407 264 1437 cidit
288 1408 320 1437 in
345 1416 467 1436 annum
495 1405 615 1436 Christi
638 1404 730 1443 1281,
763 1405 845 1446 stylo
870 1404 986 1435 scilicet
1004 1404 1100 1435 veteri
1116 1411 1151 1435 ut
1166 1414 1261 1444 expo-

187 1451 233 1481 nit
256 1451 434 1481 Echardus:
459 1450 492 1480 in
517 1460 609 1480 cursu
630 1457 694 1480 erat
708 1449 828 1490 quippe
843 1459 945 1479 annus
966 1449 1047 1479 1282
1064 1449 1147 1489 stylo
1162 1458 1259 1478 novo.

187 1496 223 1526 In
247 1495 439 1526 Cathedram
467 1494 549 1525 Petri
573 1493 756 1524 conscendit
784 1493 937 1524 Martinus
969 1503 1053 1523 anno
1091 1493 1185 1530 1281,
1211 1492 1260 1522 die

190 1540 230 1570 28
256 1539 420 1578 februarii3
451 1539 536 1569 unde
555 1548 587 1568 1v
617 1538 689 1569 idus
721 1539 865 1568 ianuarii
893 1547 948 1567 seu
978 1538 1027 1567 die
1058 1548 1093 1568 10
1119 1537 1262 1567 eiusdem

189 1584 306 1614 mensis
329 1594 414 1614 anno
445 1583 523 1613 1282
547 1582 650 1612 adhuc
675 1583 804 1622 primus
821 1592 922 1612 annus
941 1582 1150 1621 Pontificatus
1165 1581 1260 1611 habe-

189 1629 290 1659 batur.
316 1628 382 1658 Iam
406 1637 480 1667 ergo
501 1627 648 1657 chronica
671 1633 748 1657 nota
772 1627 881 1667 fulget,
901 1636 983 1667 quae
1002 1627 1073 1657 luce
1089 1626 1261 1656 meridiana

190 1672 302 1703 clarius
326 1671 472 1712 patefacit
492 1671 662 1713 Speculum
685 1671 814 1702 Morale
830 1671 954 1702 foetum
970 1681 1037 1701 esse
1052 1677 1151 1702 aetate
1165 1670 1261 1710 longe

188 1717 397 1757 posteriorem
420 1723 490 1746 tum
505 1715 673 1746 Vincentio
686 1715 913 1753 Bellovacensi,
931 1722 1001 1746 tum
1015 1715 1144 1746 Thoma
1159 1715 1260 1756 Aqui-

187 1767 278 1798 nate3
304 1770 438 1801 eamque
462 1760 710 1791 controversiam
732 1760 765 1790 in
789 1770 880 1790 auras
904 1760 999 1798 abire,
1015 1769 1097 1801 quae
1119 1766 1212 1790 vocat
1227 1759 1260 1790 in

188 1805 425 1846 quaestionem,
454 1814 535 1835 num
559 1815 595 1835 ex
625 1804 842 1835 Bellovacensi
871 1804 1015 1835 Thomas
1039 1814 1079 1834 an
1103 1804 1154 1834 ille
1178 1810 1260 1834 tran-

187 1849 343 1889 scripserit
367 1859 403 1879 ex
426 1849 504 1879 isto:
537 1849 592 1879 sed
615 1849 759 1889 plagium
783 1849 919 1890 denique
944 1855 1028 1879 certo
1052 1849 1259 1888 innotescere,

186 1903 253 1934 quo
281 1893 446 1924 Summam
476 1894 699 1934 leeologicam
724 1893 892 1934 Aquinatis
917 1893 1071 1924 recentior
1101 1893 1261 1934 quispiam

187 1937 376 1978 expilaverit.

253 1981 307 2013 Vis
331 1988 464 2022 augetur
487 1981 664 2022 argumenti
689 1981 808 2012 mirum
832 1981 865 2012 in
896 1982 1052 2020 modum;
1079 1988 1259 2022 propterea-

187 2026 276 2067 quod
306 2026 450 2057 laudatae
473 2027 696 2057 Distinctionis
727 2026 867 2057 decimae
899 2026 1021 2066 primus
1051 2026 1200 2057 articulus
1225 2036 1260 2057 ac

187 2070 295 2101 tertius
320 2070 431 2101 citatus
456 2077 486 2101 et
509 2070 639 2111 quintus
655 2070 789 2101 totidem
812 2071 914 2101 verbis
931 2078 1075 2111 prostant
1098 2071 1183 2111 apud
1205 2071 1259 2101 Ri-

187 2115 317 2145 cardum
341 2115 380 2145 de
403 2115 582 2145 Mediavilla
605 2115 734 2146 Ordinis
767 2115 931 2146 Minorum
954 2115 987 2146 in
1011 2115 1081 2146 libri
1110 2115 1153 2146 1V
1182 2115 1259 2146 Sen-

185 2159 370 2196 tentiarum,
388 2158 589 2189 distinctione
611 2169 685 2197 xvn,
702 2159 834 2190 articulo
858 2170 911 2198 111,
937 2160 1123 2200 quaestione
1146 2170 1168 2197 1,
1184 2170 1207 2189 ιι
1230 2167 1260 2190 et

184 2214 227 2233 m.
244 2203 368 2243 Nempe
392 2203 524 2233 articulo
548 2214 558 2233 1
589 2203 683 2234 citato
708 2204 869 2244 quaeritur
898 2205 932 2235 in
961 2204 1098 2244 Speculo
1122 2204 1256 2235 Morali:

189 2247 303 2278 Utrum
329 2257 455 2278 necesse
483 2248 525 2278 sit
553 2248 681 2278 cuilibet
703 2248 850 2289 confiteri
870 2250 1007 2289 proprio
1034 2249 1204 2287 sacerdoti,
1230 2255 1260 2280 et

185 2291 349 2331 responsio
365 2298 425 2322 est:
447 2291 541 2328 Quod
553 2293 710 2332 proprius
719 2293 871 2323 sacerdos
885 2293 1141 2334 quadrupliciter
1153 2298 1260 2334 potest

184 2337 286 2376 accipi
309 2341 366 2366 etc.
387 2336 530 2366 Articulo
550 2344 599 2367 111:
628 2337 743 2367 Utrum
764 2337 823 2375 illi,
841 2339 897 2378 qui
915 2337 1055 2379 confessi
1069 2343 1145 2368 sunt
1161 2338 1261 2368 alicui

177 2385 367 2420 potestatem
391 2381 568 2420 superioris
591 2381 729 2418 habenti,
748 2386 922 2412 teneantur
945 2382 1054 2413 eodem
1080 2392 1168 2413 anno
1184 2392 1259 2413 con-

174 2425 271 2465 fiteri
285 2434 344 2454 suo
360 2425 545 2455 Parochiali
559 2425 739 2456 sacerdoti:
755 2426 952 2464 Dicendum,
977 2427 1063 2467 quod
1078 2427 1260 2467 Episcopus

184 2469 279 2499 habet
294 2468 494 2499 ordinariam
507 2469 757 2500 iurisdictionem
774 2475 831 2501 etc.
844 2471 987 2502 Articulo
998 2479 1033 2501 v:
1055 2471 1170 2502 Utrum
1186 2481 1259 2502 con-

176 2512 264 2553 fessi
287 2512 465 2553 consessori
488 2523 551 2543 non
568 2514 746 2551 sacerdoti,
771 2524 863 2554 quem
886 2515 1086 2546 Parochialis
1108 2516 1260 2547 sacerdos

180 2558 291 2597 posuit
307 2557 376 2587 loco
399 2558 451 2587 sui
467 2562 524 2588 etc.
541 2558 733 2596 Dicendum,
750 2559 836 2599 quod
858 2560 939 2590 tales
960 2565 1110 2591 tenentur
1133 2561 1190 2591 illa
1207 2571 1258 2591 ea-

187 2601 257 2632 dem
276 2606 432 2641 peccata,
458 2602 488 2632 si
511 2602 640 2632 illorum
664 2607 740 2632 sunt
763 2612 938 2641 memores,
969 2605 1084 2634 iterum
1114 2605 1260 2645 confiteri

186 2646 347 2676 sacerdoti
370 2651 427 2676 etc.
446 2646 537 2683 Quae
561 2646 670 2676 omnia
694 2653 768 2677 sunt
790 2647 928 2686 integrae
952 2655 1054 2687 partes
1078 2649 1160 2687 illae,
1178 2659 1259 2690 quae

187 2689 309 2720 articuli
333 2689 383 2720 vel
411 2690 606 2731 quaestionis
639 2700 775 2731 corpora
804 2690 864 2722 dici
895 2700 1147 2731 consueverunt,
1173 2694 1259 2734 apud

186 2734 401 2764 Mediavillam
425 2741 579 2765 exstantes
610 2735 796 2775 quaestione
820 2746 850 2774 1,
876 2746 898 2766 11
927 2742 957 2767 et
980 2747 1023 2767 tn.
1052 2737 1184 2777 Insignis
1206 2737 1260 2768 ille

187 2777 316 2809 Ordinis
340 2778 504 2809 Minorum
528 2778 661 2819 scriptor
683 2781 770 2811 circa
794 2789 916 2810 annum
938 2781 1021 2811 1300
1047 2781 1161 2812 obiisse
1184 2781 1259 2812 dici-

187 2829 239 2852 tur
261 2832 279 2852 a
297 2822 438 2853 Pitsaeo:
455 2823 514 2854 hoc
537 2833 613 2854 vero
629 2829 770 2864 tempore
791 2830 954 2865 superstes
969 2825 1126 2856 iudicatur
1148 2836 1166 2856 a
1182 2826 1259 2856 Wa-

187 2866 295 2906 dingO,
312 2877 398 2897 anno
422 2867 538 2898 scilicet
567 2869 660 2905 1302,
683 2868 738 2899 ubi
754 2879 844 2900 num.
870 2880 907 2900 io
931 2869 970 2900 de
993 2869 1061 2900 viro
1085 2870 1259 2901 clarissimo

186 2911 385 2941 mentionem
412 2911 533 2952 ingerit.
559 2913 671 2953 Neque
700 2913 873 2953 praedictas
902 2920 1028 2945 tantum
1057 2915 1259 2955 quaestiones

185 2955 383 2986 Mediavillae
400 2956 552 2996 surripuit
573 2957 807 2988 consarcinator
830 2958 960 2999 Speculi
979 2959 1127 2990 Moralis:
1148 2969 1259 3000 quarn-

185 2999 292 3039 plures
316 2999 410 3030 etiam
434 3000 510 3031 alias
541 3001 744 3041 depraedatas
768 3002 885 3034 indicat
916 3012 1028 3034 omnes
1053 3003 1258 3035 doctissimus

187 3043 508 3119 diligentissimdusque
531 3045 705 3077 Echardus.
729 3046 844 3078 Finem
873 3047 920 3078 liti
949 3047 1139 3088 impositum
1162 3058 1258 3079 nemo

186 3097 251 3117 iarn
274 3097 340 3118 non
363 3099 394 3118 vi
417 3095 457 3119 et.

568 3187 767 3225 CAPUT
807 3189 881 3226 IV.

188 3282 245 3307 Alia
259 3282 387 3315 quaedam
402 3283 493 3308 indicia
507 3288 533 3308 et
547 3289 710 3315 argumenta,
730 3293 798 3318 quae
813 3285 965 3319 plagiarium
981 3285 1102 3311 exhibent
1115 3287 1258 3319 genuinum

259 3325 281 3342 s.
295 3317 414 3343 Thomae
433 3318 508 3351 Opus
528 3319 693 3352 expilantem.
715 3321 775 3351 Quo
794 3321 873 3346 vitam
897 3325 1015 3354 tempore
1033 3322 1115 3354 egerit
1134 3322 1193 3354 ine,
1213 3330 1257 3348 cu-

259 3353 332 3378 iusve
351 3354 426 3379 fuerit
444 3353 629 3388 professionis?
644 3356 704 3386 Quo
724 3364 804 3381 sensu
823 3356 964 3390 plagiarius
983 3357 1031 3382 dici
1050 3356 1158 3383 debeat?

190 3443 213 3473 l.
235 3435 429 3517 Dubium
459 3444 523 3476 iam
553 3455 649 3476 omne
680 3446 879 3478 eliminatum
908 3454 971 3486 est,
1004 3455 1153 3490 certoque
1183 3458 1258 3480 con-

317 3495 376 3520 stat
397 3496 559 3520 auctorem
581 3490 707 3531 Speculi
724 3491 864 3530 Moralis,
882 3502 957 3523 cum
980 3493 1140 3534 Aquinate
1163 3493 1258 3534 longe

188 3531 341 3562 recentior
363 3533 412 3571 sit,
438 3533 601 3565 Summam
626 3535 693 3566 eius
727 3536 949 3578 Theologicam
974 3537 1006 3568 in
1036 3537 1073 3568 iis
1106 3538 1257 3578 expilasse

189 3574 284 3623 locis,
308 3576 362 3606 ubi
386 3577 550 3617 ipsissimis
582 3580 726 3620 concepti
750 3580 920 3622 scriptique
951 3581 1054 3612 verbis
1084 3588 1256 3613 occurrunt

190 3619 310 3650 articuli
334 3630 429 3660 opere
444 3621 476 3652 in
493 3629 638 3663 utroque.
656 3624 730 3654 Pars
754 3624 811 3655 ista
833 3624 1012 3665 farraginis,
1033 3636 1100 3667 quo
1124 3626 1255 3667 diligen-

919 257 1378 297 DISSERTATIONES
1409 256 1658 293 CRITICAE

1314 336 1377 365 tius
1394 335 1633 376 accuratiusque
1649 336 1851 376 expenditur,
1868 347 1907 367 eo
1924 338 2015 378 plura
2031 338 2073 368 ob
2091 338 2202 369 oculos
2219 337 2312 378 ponit
2328 338 2391 368 evi-

1315 379 1499 410 dentissima
1515 380 1612 420 plagii
1628 380 1727 420 signa.
1745 381 1816 411 Hoc
1833 382 2009 421 argumenti
2031 393 2132 422 genus
2149 382 2392 422 diligentissimo

1315 424 1438 455 criterio
1454 432 1557 455 versat
1581 425 1714 455 Iacobus
1730 425 1892 456 Echardus
1904 449 1912 465 ,
1932 427 2076 468 illudque
2099 434 2191 458 antea
2213 436 2391 467 proposue-

1315 475 1362 499 rat
1378 479 1413 499 ac
1436 468 1645 500 illustraverat
1661 469 1846 500 Vincentius
1868 471 1961 501 Ferre
1991 478 2083 502 tomo
2108 472 2119 502 I
2143 472 2194 502 De
2221 471 2392 502 virtutibus

1315 514 1502 555 theologicis
1528 519 1558 544 et
1582 515 1667 544 vitiis
1690 516 1861 554 oppositis,
1896 515 1928 545 in
1952 516 2138 556 quaestione
2162 516 2391 556 prolegomena

1315 558 1354 588 de
1377 568 1452 588 vero
1471 565 1599 589 auctore
1623 558 1787 589 Secundae
1811 559 1907 599 partis
1927 559 2079 591 Summae
2095 560 2320 600 Theologicae.
2338 560 2391 591 Se-

1314 602 1454 641 lectiora,
1472 613 1554 643 quae
1578 603 1696 633 habent
1719 603 1775 642 illi,
1793 603 1932 644 profero.

1381 647 1606 678 Animadverte
1629 658 1666 678 ex
1695 648 1934 688 quaestionibus
1956 659 2037 687 cxxv,
2062 649 2178 689 quibus
2201 649 2311 679 Prima
2334 649 2389 679 Se-

1315 692 1441 722 cundae
1455 698 1588 730 constat,
1605 699 1727 732 septem
1742 703 1838 732 supra
1852 693 2051 733 septuaginta
2065 693 2192 734 reperiri
2206 693 2240 723 in
2254 694 2389 734 Speculo

1315 736 1457 773 Morali,
1486 736 1592 766 deesse
1616 736 1742 776 triginta
1767 744 1904 777 septem:
1931 738 2109 778 pariterque
2131 748 2168 768 ex
2198 738 2391 778 quaestioni-

1315 781 1374 810 bus
1392 790 1524 810 chxxtx
1546 790 1625 821 quas
1643 781 1864 820 complectitur
1883 782 2032 812 Secunda
2048 783 2235 819 Secundae,
2262 789 2390 813 centum

1315 824 1376 864 legi
1401 831 1432 854 et
1447 824 1654 865 quadraginta
1672 825 1814 866 quinque
1839 825 1873 855 in
1898 826 2012 856 eodem
2029 827 2154 857 Mor-ali
2177 827 2334 866 Speculo,
2361 834 2392 857 et

1315 870 1423 899 abesse
1444 876 1583 909 quatuor
1599 875 1629 899 et
1645 869 1784 908 triginta:
1806 879 1979 910 earumque
1996 871 2222 910 quaestionum
2243 871 2391 901 articulos

1315 914 1488 954 plusquam
1503 913 1711 954 quadraginta
1725 913 1864 953 integros
1875 914 1990 944 omitti.
2003 915 2048 944 Ita
2057 924 2133 944 vero
2147 915 2255 945 inserti
2270 915 2391 946 articuli

1316 964 1400 996 sunt,
1418 957 1474 998 qui
1490 957 1616 995 insunt,
1637 964 1673 988 ut
1689 967 1761 997 pars
1777 957 1840 996 illa,
1858 968 1940 999 quae
1959 958 2085 999 Corpus
2101 958 2225 996 dicitur,
2244 959 2391 999 frequen-

1315 1003 1378 1033 tius
1402 1002 1634 1040 transcribatur,
1652 1002 1814 1032 adiiciatur
1834 1003 2005 1043 aliquando
2034 1009 2259 1043 argumentum
2282 1003 2391 1043 prolu-

1316 1047 1438 1077 sorium
1462 1047 1526 1077 Sed
1554 1052 1689 1084 contra;
1722 1047 1822 1077 modo
1851 1048 1946 1078 etiam
1979 1047 2145 1087 responsio
2178 1047 2222 1078 ad
2245 1048 2389 1088 primum

1316 1098 1469 1130 occurrat,
1482 1092 1581 1121 modo
1592 1092 1635 1122 ad
1650 1091 1837 1129 secundum,
1850 1092 1950 1122 modo
1960 1092 2004 1122 ad
2018 1094 2161 1130 tertium,
2178 1092 2278 1122 modo
2296 1091 2391 1122 etiam

1316 1137 1359 1166 ad
1382 1136 1457 1173 duo,
1476 1136 1575 1166 modo
1600 1136 1736 1176 denique
1760 1136 1804 1166 ad
1827 1138 1934 1167 omnia
1942 1144 1955 1174 ;
1979 1137 2034 1166 sed
2058 1144 2088 1167 et
2111 1137 2180 1177 ipsa
2202 1136 2390 1167 intersecan-

1316 1187 1368 1211 tur
1400 1181 1571 1221 aliquando
1605 1180 1754 1221 opposita
1786 1188 1972 1220 argumenta
2008 1191 2083 1211 cum
2116 1180 2388 1221 responsionibus.

1317 1225 1404 1256 Haec
1428 1225 1516 1265 signa
1533 1232 1607 1255 sunt
1630 1225 1771 1265 plagiarii
1787 1225 1969 1263 cuiusdam,
1993 1225 2049 1266 qui
2073 1226 2220 1256 Thomae
2241 1225 2390 1256 articulos

1317 1276 1371 1300 aut
1394 1269 1533 1309 integros
1548 1277 1604 1300 aut
1619 1279 1656 1300 ex
1673 1277 1770 1310 parte,
1790 1277 1888 1310 prout
1903 1270 1971 1301 eius
1994 1270 2175 1310 postulabat
2199 1269 2390 1309 consilium,

1318 1314 1514 1354 surripiebat.
2055 1347 2058 1349 Α

1385 1359 1420 1388 In
1444 1369 1491 1397 ea,
1517 1369 1617 1399 quam
1640 1358 1825 1397 innuimus,
1849 1359 2056 1390 articulorum
2089 1358 2313 1397 multitudine,
2338 1368 2390 1389 sex

1300 1428 1302 1431 ,
1317 1402 1480 1434 dumtaxat
1503 1403 1650 1443 exceptis,
1669 1403 1773 1433 mutili
1789 1410 1863 1434 sunt
1879 1414 2001 1434 omnes.
2019 1403 2148 1443 Corpus
2166 1403 2288 1434 articuli
2307 1410 2390 1434 tran-

1317 1447 1480 1483 scribitur,
1514 1447 1641 1478 caeteris
1665 1448 1806 1488 partibus
1835 1455 1890 1485 aut
1922 1449 2056 1479 omnino
2081 1447 2306 1488 praetermissis
2335 1453 2391 1478 aut

1317 1501 1426 1521 earum
1442 1491 1601 1532 aliquibus
1615 1498 1741 1523 tantum
1755 1493 1918 1532 appositis.
1937 1493 1982 1523 Ita
1996 1503 2071 1523 vero
2089 1499 2296 1532 apponuntur
2310 1502 2341 1523 v.
2358 1501 2388 1532 g.

1316 1535 1540 1576 responsiones
1557 1543 1830 1575 argumentorum,
1846 1544 1882 1568 ut
1897 1544 2083 1577 argumenta
2098 1537 2186 1567 nulla
2202 1543 2388 1577 appareant;

1317 1586 1347 1610 et
1370 1580 1438 1619 ipsa
1459 1589 1542 1620 quae
1565 1580 1598 1610 in
1621 1580 1883 1620 responsionibus
1907 1582 2050 1612 doctrina
2073 1581 2224 1620 traditur,
2251 1581 2390 1621 speciem

1316 1624 1439 1654 nullam
1463 1624 1631 1655 solutionis
1654 1625 1694 1654 ad
1717 1632 1903 1664 argumenta
1926 1626 2089 1665 praebeat;
2109 1625 2291 1666 insulseque
2314 1635 2390 1656 con-

1316 1668 1424 1699 iuncta
1447 1668 1486 1700 sit
1501 1669 1627 1709 corpori
1652 1668 1773 1700 articuli
1792 1679 1848 1709 per
1862 1679 1956 1700 voces
1980 1670 2048 1700 illas
2072 1675 2159 1707 nota,
2182 1666 2268 1707 item,
2287 1670 2389 1700 scien·

1316 1713 1391 1744 dum
1423 1718 1530 1744 autem
1554 1713 1747 1754 similesque.
1776 1714 1839 1744 Fac
1867 1724 1943 1744 vero
1968 1714 2036 1754 ipsa
2066 1713 2154 1744 reddi
2183 1720 2390 1754 argumenta,

1317 1767 1398 1798 quae
1423 1767 1567 1798 supressa
1584 1757 1723 1796 fuerunt,
1739 1758 1960 1799 habenturque
1975 1759 2008 1789 in
2025 1759 2159 1789 Summa
2174 1757 2390 1799 Theologica;

1316 1802 1364 1832 his
1389 1802 1484 1832 etiam
1508 1802 1580 1832 addi
1597 1810 1822 1842 argumentum
1838 1803 2056 1843 prolusorium
2079 1803 2143 1834 Sed
2173 1808 2305 1841 contra;
2320 1810 2391 1834 tum

1317 1846 1468 1886 coniungi
1492 1846 1680 1885 doctrinam,
1696 1857 1778 1887 quae
1801 1847 1835 1877 in
1859 1847 1997 1888 Speculo
2021 1847 2136 1878 Morali
2159 1847 2284 1887 legitur,
2305 1857 2390 1878 eam—

1315 1901 1379 1932 que
1403 1891 1481 1931 poni
1504 1891 1578 1922 loco
1602 1891 1745 1931 corporis
1768 1891 1901 1922 articuli.
1925 1892 2012 1930 Quid
2035 1889 2129 1922 inde?
2155 1892 2246 1929 Quae
2275 1901 2391 1932 nempe

1315 1935 1348 1966 in
1372 1936 1487 1966 eodem
1503 1936 1641 1976 Speculo
1659 1935 1872 1967 additamenta
1888 1936 2046 1976 leguntur,
2062 1935 2194 1967 vocibus
2215 1935 2277 1966 illis
2298 1937 2389 1975 item,

1316 1985 1409 2018 nota,
1442 1980 1607 2011 sciendum
1638 1980 1793 2019 exclusis,
1825 1981 1960 2012 totidem
1990 1986 2142 2021 apparent
2165 1979 2389 2020 responsiones

1315 2024 1355 2054 ad
1378 2025 1541 2065 superiora
1564 2031 1760 2065 argumenta.
1780 2027 1829 2055 An
1853 2025 2030 2056 evidentius
2053 2024 2160 2056 haberi
2184 2025 2312 2065 signum
2328 2034 2387 2066 po-

1315 2075 1375 2099 test
1396 2068 1536 2109 integros
1571 2069 1731 2110 quosdam
1763 2069 1912 2100 articulos
1943 2076 2097 2108 exstasse,
2127 2069 2183 2110 qui
2213 2069 2387 2101 detruncati

1315 2111 1451 2144 fuerint?
1471 2113 1546 2144 Illos
1562 2123 1689 2154 nempe,
1707 2124 1789 2154 quos
1813 2114 1943 2154 proprio
1963 2120 2063 2144 marte
2086 2113 2209 2154 scripsit
2231 2113 2387 2154 Aquinas,

1315 2157 1473 2189 mutilavit
1496 2164 1607 2198 postea
1630 2158 1800 2198 plagiarius
1825 2158 2069 2189 consarcinator.

1382 2202 1546 2233 Festivum
1570 2202 1778 2244 lepidumque
1804 2202 1971 2244 quidpiam
1999 2212 2065 2233 non
2088 2208 2271 2242 praetereo,
2297 2202 2388 2244 quod

1315 2247 1427 2278 accidit
1450 2247 1482 2278 in
1506 2247 1598 2278 tertio
1632 2247 1765 2278 articulo
1798 2247 1993 2288 quaestionis
2025 2245 2235 2287 sexagesimae
2266 2246 2387 2288 primae

1315 2301 1352 2322 ex
1366 2291 1472 2322 Prima
1487 2292 1660 2323 Secundae.
1678 2292 1810 2330 Quaerit
1826 2292 1947 2323 Doctor
1956 2291 2144 2332 Angelicus:
2165 2290 2281 2322 Utrum
2301 2291 2389 2323 aliae

1315 2337 1450 2368 virtutes
1473 2337 1580 2377 magis
1601 2336 1737 2367 debeant
1759 2337 1824 2368 dici
1833 2337 2051 2377 principales,
2068 2346 2164 2377 quam
2189 2337 2270 2367 istae
2290 2334 2388 2378 (qua-

1313 2387 1389 2412 tuor
1412 2378 1619 2423 cardinales)?
1647 2381 1723 2412 Tria
1746 2381 1884 2422 opponit
1899 2388 2102 2421 argumenta:
2132 2380 2274 2422 sequitur
2297 2390 2389 2421 argu-

1314 2431 1461 2456 mentum
1476 2425 1540 2456 Sed
1559 2430 1692 2456 contra:
1711 2436 1827 2466 corpus
1851 2424 1901 2468 (ut
1923 2424 2058 2468 vocant)
2081 2424 2204 2456 articuli
2231 2424 2388 2465 succedit,

1314 2470 1404 2511 quod
1427 2469 1475 2501 his
1498 2469 1602 2500 verbis
1625 2470 1771 2501 clausum
1794 2470 1909 2511 legitur
1931 2470 1965 2501 in
1987 2470 2099 2501 eadem
2123 2469 2257 2501 Summa
2279 2469 2388 2501 Theo-

1314 2514 1436 2555 logica:
1456 2514 1499 2546 Et
1521 2516 1568 2546 sic
1591 2515 1686 2546 etiam
1711 2520 1838 2546 cessant
1859 2515 2060 2552 obiectiones‚
2076 2515 2153 2556 quia
2177 2515 2263 2545 aliae
2286 2515 2387 2546 uirtu-

1314 2564 1360 2590 tes
1378 2565 1516 2600 possunt
1538 2559 1656 2590 habere
1678 2560 1807 2600 aliquas
1830 2560 1914 2590 alias
1931 2560 2210 2600 principalitates:
2227 2558 2285 2590 sed
2306 2559 2388 2591 istae

1313 2604 1468 2634 dicuntur
1484 2604 1684 2644 principales
1708 2605 1835 2635 ratione
1858 2605 2032 2643 materiae,
2057 2609 2093 2635 ut
2115 2613 2215 2644 supra
2240 2601 2292 2645 (in
2314 2602 2386 2644 ipso

1315 2646 1471 2689 corpore)
1501 2648 1620 2679 dictum
1645 2653 1702 2679 est.
1732 2649 1820 2679 Idem
1843 2648 1979 2679 occurrit
2010 2648 2160 2679 articulus
2191 2647 2224 2678 in
2248 2647 2386 2688 Speculo

1314 2691 1427 2722 Morali
1451 2691 1532 2722 libro
1557 2692 1580 2730 1,
1597 2698 1683 2732 parte
1701 2692 1753 2730 111,
1771 2692 1972 2723 distinctione
1989 2702 2030 2722 vr.
2048 2692 2120 2722 Hoc
2144 2698 2201 2730 est,
2218 2701 2385 2732 argumen-

1314 2736 1353 2766 tis
1377 2735 1622 2776 praetermissis,
1650 2746 1765 2776 corpus
1781 2736 1941 2776 integrum
1963 2735 2078 2776 legitur
2099 2745 2136 2766 ac
2159 2735 2289 2775 insuper
2311 2735 2385 2767 toti-

1314 2779 1413 2810 tidem
1436 2779 1538 2810 verbis
1561 2780 1703 2811 clausula
1726 2780 1880 2821 superior.
1897 2782 1940 2811 At
1962 2780 2069 2811 nullae
2093 2789 2168 2811 cum
2191 2779 2394 2816 obiectionesv

1314 2831 1501 2864 appareant,
1527 2834 1583 2855 cur
1606 2824 1796 2855 admonetur
1819 2825 1917 2855 lector
1938 2834 2065 2856 cessare
2087 2824 2303 2856 abiectiones?
2329 2824 2385 2856 Ni-

1314 2868 1432 2899 mirum
1465 2868 1634 2909 plagiarius
1667 2869 1763 2909 plagii
1796 2869 1846 2900 sui
1879 2869 1967 2909 signa
1997 2868 2134 2910 reliquit.
2160 2868 2386 2901 Animadverte

1314 2913 1400 2954 apud
1414 2913 1579 2944 Thomam
1597 2912 1674 2953 legi:
1694 2913 1738 2944 Et
1754 2915 1801 2944 sic
1815 2914 1910 2944 etiam
1935 2919 2061 2945 cessant
2081 2913 2281 2952 obiectiones,
2303 2923 2386 2955 quae

1313 2967 1430 2998 nempe
1452 2957 1485 2988 in
1509 2957 1612 2998 prima
1635 2964 1722 2998 parte
1748 2957 1870 2989 articuli
1894 2958 2015 2998 positae
2040 2965 2123 2990 sunt.
2141 2958 2264 2989 Vocem
2287 2967 2386 2989 unam

1313 3002 1400 3033 addit
1423 3001 1603 3042 plagiarius,
1620 3007 1650 3033 et
1672 3003 1719 3034 sic
1735 3003 1831 3034 etiam
1855 3001 2031 3045 (inquiens)
2051 3008 2177 3034 cessant
2199 3003 2286 3034 aliae
2301 3002 2385 3034 obie-

1313 3048 1451 3078 ctiones:
1469 3056 1550 3088 quae
1574 3046 1692 3078 scilicet
1713 3047 1819 3078 venire
1843 3047 1875 3077 in
1899 3054 2040 3078 mentem
2063 3054 2209 3088 possunt.

1380 3091 1440 3122 Sex
1462 3091 1535 3122 illos
1559 3091 1718 3129 articulos,
1738 3102 1821 3132 quos
1841 3091 1979 3132 integros
1998 3091 2221 3123 adnotavimus
2245 3097 2385 3132 prostare

1312 3135 1346 3166 in
1370 3135 1508 3176 Speculo
1532 3135 1663 3174 Morali,
1688 3146 1847 3167 recensere
1871 3143 2006 3177 praestat
2031 3146 2067 3167 ex
2091 3136 2240 3168 Secunda
2263 3135 2384 3168 Secun-

1312 3180 1374 3211 dae
1401 3180 1626 3221 depromptos:
1655 3181 1785 3211 Primus
1817 3187 1864 3211 est
1887 3190 1924 3211 ex
1947 3181 2134 3222 quaestione
2162 3190 2241 3211 cxxx
2260 3180 2312 3212 De
2333 3181 2383 3213 iu·

1310 3226 1417 3255 stitiae
1439 3226 1578 3255 annexis
1601 3225 1791 3263 virtutibus;
1809 3224 1864 3266 qui
1888 3225 2020 3257 habetur
2036 3226 2069 3256 in
2093 3225 2230 3266 Speculo
2253 3224 2334 3256 libro
2357 3223 2383 3263 1,

1312 3276 1399 3309 parte
1423 3269 1476 3308 111,
1493 3269 1564 3300 dist.
1582 3279 1631 3300 Lx.
1650 3269 1729 3300 item
1752 3280 1789 3301 ex
1812 3276 1933 3310 quaest.
1951 3280 2095 3308 cxxxvm,
2111 3271 2163 3301 De
2181 3269 2314 3301 mollitie
2334 3277 2382 3299 ar-

1312 3313 1428 3345 ticulus
1452 3313 1592 3354 primus3
1612 3323 1710 3355 quem
1733 3314 1908 3358 Speculum
1932 3321 2068 3355 praestat
2096 3314 2211 3346 eodem
2233 3313 2267 3344 in
2289 3312 2382 3351 libro,

1274 3369 1277 3372 ’
1313 3358 1487 3399 eademque
1511 3365 1608 3399 parte,
1626 3358 1696 3390 dist.
1714 3369 1755 3398 nr,
1778 3365 1834 3390 art.
1852 3369 1873 3390 1.
1891 3359 1980 3390 Turn
2003 3359 2099 3390 etiam
2122 3369 2159 3390 ex
2181 3368 2237 3400 qu.
2252 3367 2312 3388 xcv
2334 3366 2382 3388 ar·

1312 3402 1428 3434 ticulus
1451 3413 1516 3442 vm,
1531 3403 1583 3434 De
1605 3403 1802 3435 divinatione
1824 3413 1908 3444 quae
1919 3403 1966 3445 fit
1982 3414 2046 3445 per
2065 3409 2179 3442 sortes,
2195 3402 2229 3434 in
2243 3400 2380 3442 Speculo

1312 3454 1432 3487 prostat
1455 3447 1536 3478 libro
1561 3447 1614 3486 111,
1631 3455 1718 3489 parte
1742 3449 1795 3487 111,
1818 3447 1889 3480 dist.
1912 3457 2006 3487 xxvn,
2028 3455 2084 3480 art.
2102 3458 2156 3479 vn.
2176 3445 2320 3486 Denique
2344 3454 2381 3475 ex

1311 3502 1366 3533 qu.
1383 3502 1455 3522 xcv1
1477 3492 1626 3523 articulus
1650 3503 1676 3531 1,
1693 3503 1727 3524 ιιι
1746 3499 1777 3524 et
1791 3503 1832 3531 ιν,
1850 3493 1902 3524 De
1917 3491 2194 3534 superstitionibus
2209 3490 2380 3521 observan-

1311 3538 1452 3574 tiarum,·
1470 3536 1525 3578 qui
1549 3536 1726 3569 referuntur
1748 3537 1782 3568 in
1805 3537 1944 3579 Speculo
1967 3537 2000 3568 in
2024 3537 2138 3568 eodem
2161 3535 2242 3565 libro
2267 3534 2326 3573 111,
2351 3540 2381 3564 et

1311 3588 1398 3621 parte
1422 3581 1474 3619 111,
1492 3581 1562 3612 dist.
1579 3591 1666 3619 xvm,
1683 3588 1739 3613 art.
1757 3592 1790 3621 n,
1807 3593 1851 3620 m,
1867 3592 1909 3613 xv.
1926 3581 2024 3621 Plagii
2047 3580 2175 3620 signum
2201 3578 2381 3619 praeferunt

1310 3635 1363 3657 sex
1385 3625 1435 3656 isti
1459 3625 1591 3664 articuli,
1607 3625 1663 3667 qui
1686 3626 1780 3657 solidi
1803 3633 1834 3657 et
1856 3625 1967 3666 integri
1990 3625 2070 3656 inter
2092 3623 2264 3664 plusquam
2289 3622 2379 3653 mille
