2788 4204
68 369 76 375 '
87 374 100 387 Α
111 373 204 388 erronee
215 374 280 394 pror-

67 400 106 414 sus
120 401 124 414 ε
149 394 212 421 quod
235 401 279 415 non

67 426 96 440 ex
110 424 152 441 etc.

66 685 74 692 ·
87 685 121 706 Cf.
133 685 183 707 lect.
196 692 278 712 praec,

67 717 104 732 nn.
117 718 137 738 7,
150 718 175 733 ιι.

67 791 75 798 ·
87 790 160 811 Codd.
176 802 185 806 —
199 797 233 812 1².:
254 797 278 812 e—

67 819 129 837 rant.

64 1270 72 1278 ·
84 1268 153 1289 Num.
166 1275 187 1295 7.

64 1429 72 1436 ·
84 1428 154 1449 Num.
166 1434 214 1455 seq.

61 2132 69 2140 ⁶
77 2138 98 2152 a:
106 2131 194 2153 scilicet
199 2130 271 2159 quod.

61 2401 69 2409 ·
80 2405 113 2420 nt=
122 2399 176 2420 sint.

62 2454 70 2461 '
81 2459 102 2473 Αε
113 2453 188 2473 motus
203 2451 236 2472 ad
246 2457 273 2472 α-

58 2478 161 2506 gendum
181 2478 273 2500 habent.

316 225 364 261 66

310 317 472 353 sequens
489 312 544 341 est
563 305 667 353 quod
681 306 986 354 unumquodque
1005 317 1138 341 eorum
1155 316 1251 352 quae
1267 304 1374 349 fiunt,

309 358 362 394 sic
381 370 420 394 se
440 359 578 394 habeat
596 366 637 394 ut
658 371 702 394 ex
716 359 735 379 *
755 358 973 394 necessitate
995 358 1070 393 fiat.
1093 358 1141 393 Et
1155 356 1375 393 huiusmodi

310 412 600 460 consequentiae
631 411 815 447 rationem
838 411 999 458 assignat
1026 423 1095 459 per
1113 411 1198 457 hoc,
1221 410 1325 458 quod
1345 410 1375 446 si

307 472 471 513 ponatur
499 464 663 513 aliquem
691 476 781 500 vere
808 464 930 500 dicere
961 464 1064 511 quod
1093 464 1167 499 hoc
1197 463 1275 510 erit,
1297 475 1375 499 non

307 525 431 566 potest
467 530 545 554 non
574 518 741 554 futurum
772 530 864 553 esse.
897 517 1000 553 Sicut
1035 516 1231 565 supposito
1270 516 1374 564 quod

308 570 353 607 sit
380 572 511 616 homo,
541 583 618 606 non
646 578 770 618 potest
807 582 885 606 non
915 582 995 606 esse
1025 569 1164 605 animal
1193 569 1373 606 rationale

308 625 477 660 mortale.
496 624 580 659 Hoc
596 623 696 659 enirn
718 623 958 670 significatur,
977 635 1064 659 cum
1081 622 1215 659 dicitur
1234 623 1373 671 aliquid

307 690 396 713 vere
427 676 508 723 dici,
531 676 668 712 scilicet
696 676 800 724 quod
820 676 870 712 ita
898 676 943 712 sit
962 683 1003 712 ut
1023 675 1156 712 dicitur
1172 677 1202 712 θ’.
1225 675 1373 712 Eadem

307 738 434 766 autem
462 729 644 766 habitudo
675 737 730 765 est
759 742 906 775 eorum,
928 742 1025 778 quae
1055 742 1156 765 nunc
1186 729 1371 776 dicuntur,

306 783 353 819 ad
383 795 427 818 ea
455 795 551 831 quae
572 783 696 827 futura
725 791 821 830 sunt,
844 795 940 831 quae
967 790 1044 819 erat
1062 783 1082 803 *
1102 794 1248 829 eorum,
1275 795 1372 831 quae

304 836 407 885 prius
437 836 668 883 dicebantur,
690 838 737 874 ad
767 849 811 873 ea
840 849 937 885 quae
967 843 1054 872 sunt
1080 836 1293 885 praesentia
1311 837 1373 872 vel

304 890 522 938 praeterita3
545 897 581 926 et
608 889 658 926 ita
678 890 807 927 omnia
838 902 882 926 ex
902 890 1121 926 necessitate
1141 889 1370 936 acciderunt,

306 950 341 978 et
368 943 553 990 accidunt,
576 951 611 979 et
639 944 829 991 accident,
851 943 939 992 quia
968 943 1072 992 quod
1101 956 1202 979 nunc
1231 944 1371 979 factum

306 1004 359 1032 est
373 1001 398 1043 ⁷,
419 1003 550 1045 utpote
570 996 607 1033 in
626 997 814 1046 praesenti
833 998 895 1034 vel
915 997 953 1033 in
974 996 1175 1045 praeterito
1197 997 1369 1043 existens,

304 1061 455 1098 semper
474 1061 611 1086 verum
632 1058 710 1087 erat
730 1050 871 1097 dicere,
893 1050 1076 1099 quoniam
1098 1050 1165 1086 erit
1189 1050 1369 1087 futurum.

361 1104 392 1139 5.
410 1102 662 1146 Deindecum
680 1103 783 1141 dicit:
806 1104 915 1146 Quod
931 1105 965 1140 si
981 1105 1074 1140 haec
1087 1104 1279 1152 possibilia
1295 1116 1369 1140 non

301 1162 388 1193 sunt
406 1164 488 1203 etc.,
519 1157 681 1194 ostendit
708 1157 900 1206 praedicta
930 1170 1011 1194 esse
1040 1157 1304 1206 impossibilia:
1336 1165 1372 1194 et

302 1210 438 1259 primo,
455 1223 523 1259 per
543 1211 745 1257 rationem3
768 1211 948 1257 secundo,
969 1223 1038 1259 per
1064 1212 1236 1259 exempla
1255 1210 1371 1247 sensi-

303 1263 406 1310 bilia;
427 1263 495 1300 ibi:
512 1265 564 1300 Et
575 1265 693 1301 multa
709 1265 814 1301 nobis
829 1264 1027 1312 manifesta
1046 1264 1065 1285 ’¹‘
1081 1271 1148 1300 etc.
1167 1264 1276 1300 Circa
1294 1264 1369 1313 pri-

303 1329 411 1353 mum
437 1317 513 1354 duo
534 1318 636 1354 facit:
657 1317 795 1366 prim0,
813 1317 975 1354 ostendit
993 1317 1234 1366 propositum
1255 1317 1292 1353 in
1313 1329 1368 1353 re-

302 1371 373 1407 bus
388 1371 581 1418 humanis;
604 1371 785 1418 secundo,
803 1370 915 1407 etiam
931 1370 969 1406 in
985 1370 1063 1406 aliis
1084 1370 1215 1416 rebus;
1236 1370 1305 1406 ibi:
1320 1371 1373 1406 Et

302 1424 480 1472 quoniam
502 1430 556 1460 est
581 1425 734 1461 omnino
749 1425 768 1445 ’¹‘
784 1432 851 1460 etc.
875 1424 1071 1469 Quantum
1092 1430 1220 1459 autem
1241 1423 1289 1459 ad
1309 1435 1368 1459 res

301 1479 489 1514 humanas
506 1478 667 1515 ostendit
683 1490 763 1514 esse
779 1476 1026 1526 impossibilia
1042 1488 1139 1524 quae
1156 1476 1254 1512 dicta
1269 1484 1367 1524 sunt,

299 1543 369 1579 per
387 1532 462 1567 hoc
482 1531 585 1580 quod
604 1532 724 1568 homo
745 1530 941 1567 manifeste
960 1529 1111 1566 videtur
1132 1542 1212 1566 esse
1232 1529 1368 1578 princi-

300 1584 407 1633 pium
425 1597 558 1621 eorum
579 1585 794 1621 futurorum
810 1581 834 1630 δ,
854 1595 952 1632 quae
969 1583 1042 1631 agit
1057 1582 1164 1632 quasi
1187 1582 1367 1620 dominus

301 1638 461 1674 existens
490 1650 648 1674 suorum
678 1646 843 1684 actuum,
867 1645 902 1673 et
926 1637 963 1673 in
992 1648 1060 1673 sua
1088 1644 1272 1686 potestate
1301 1638 1367 1674 ha—

300 1692 393 1728 bens
409 1703 519 1738 agere
534 1692 595 1728 vel
610 1704 688 1728 non
699 1703 826 1739 agere3
848 1690 952 1739 quod
968 1690 1124 1739 quidem
1138 1690 1367 1740 principium

300 1745 329 1781 si
359 1752 612 1791 removeatur,
640 1744 778 1781 tollitur
805 1752 906 1781 totus
944 1744 1039 1781 ordo
1070 1745 1368 1782 conv'ersationis

299 1800 502 1845 humanae,
525 1806 560 1836 et
588 1798 718 1835 omnia
745 1797 929 1848 principia
948 1797 1212 1846 philosophiae
1242 1810 1367 1835 mora-

299 1852 353 1889 lis.
375 1853 462 1889 Hoc
483 1853 584 1889 enim
613 1853 761 1889 sublato
782 1864 860 1889 non
890 1852 957 1888 erit
977 1851 1101 1900 aliqua
1129 1851 1265 1888 utilitas
1283 1865 1368 1901 per-

300 1906 497 1953 suasionis,
519 1919 590 1943 nec
619 1905 946 1952 comminationis,
976 1917 1047 1942 nec
1074 1905 1280 1953 punitionis
1305 1913 1369 1942 aut

300 1961 613 1997 remunerationis
641 1966 672 2007 ‘,
703 1960 840 2009 quibus
872 1959 1048 1996 homines
1082 1958 1291 1995 alliciuntur
1320 1960 1368 1996 ad

301 2015 402 2051 bona
423 2022 458 2051 et
486 2015 726 2051 retrahuntur
745 2027 767 2050 a
786 2013 906 2059 malis,
929 2020 964 2049 et
992 2013 1045 2050 sic
1065 2020 1271 2049 evacuatur
1290 2020 1369 2050 tota

301 2067 417 2104 civilis
446 2067 610 2104 scientia.
633 2068 718 2104 Hoc
748 2080 837 2115 ergo
858 2066 1114 2116 Philosophus
1143 2065 1278 2115 accipit
1290 2079 1366 2126 'pro

298 2121 483 2171 principio
513 2121 712 2158 manifesto
742 2121 847 2170 quod
870 2121 890 2142 *
918 2121 1037 2157 homo
1067 2120 1113 2157 sit
1139 2119 1367 2169 principium

300 2176 531 2222 futurorum3
553 2188 630 2212 non
661 2183 715 2212 est
743 2183 871 2212 autem
895 2174 1110 2211 futurorum
1139 2173 1367 2223 principium

300 2229 369 2266 nisi
397 2242 466 2278 per
493 2230 568 2266 hoc
588 2229 692 2278 quod
722 2228 937 2267 consiliatur
958 2235 993 2264 et
1017 2228 1103 2265 facit
1131 2226 1288 2276 aliquid:
1324 2239 1369 2264 ea

302 2282 402 2319 enim
428 2295 524 2332 quae
546 2290 660 2330 agunt
679 2284 823 2332 absque
851 2281 1007 2319 consilio
1028 2294 1107 2318 non
1130 2281 1272 2318 habent
1301 2280 1368 2318 do-

301 2336 462 2373 minium
491 2337 547 2373 sui
577 2344 698 2383 actus,
726 2336 833 2386 quasi
862 2336 977 2373 libere
997 2335 1205 2372 iudicantes
1235 2334 1281 2371 de
1310 2334 1368 2371 his

302 2402 399 2439 quae
420 2398 506 2426 sunt
524 2391 543 2411 '¹‘
563 2390 720 2438 agenda,
742 2390 809 2427 sed
829 2390 998 2439 quodam
1019 2389 1177 2426 naturali
1193 2388 1368 2425 instinctu

301 2451 506 2480 moventur
531 2444 579 2480 ad
608 2443 798 2491 agendum
819 2444 849 2490 ³¹⁶,
878 2451 920 2480 ut
947 2451 1049 2492 patet
1076 2443 1114 2480 in
1143 2441 1369 2479 animalibus

301 2496 431 2533 brutis.
452 2497 562 2534 Unde
592 2496 823 2546 impossibile
854 2504 909 2533 est
937 2496 1041 2545 quod
1074 2508 1188 2545 supra
1217 2495 1368 2532 conclu-

354 2618 381 2653 γ)
403 2618 472 2648 Quia
485 2617 556 2651 quod
570 2624 639 2642 nunc
645 2617 750 2651 sactum
770 2620 810 2642 est
823 2621 900 2642 etc.—
914 2617 996 2642 Codd.
1011 2617 1113 2642 ABCE:
1133 2617 1196 2649 quia
1215 2616 1286 2649 quod
1299 2624 1369 2642 nunc

296 2655 402 2689 sactum
415 2657 461 2683 est,
478 2656 568 2685 utpote
587 2653 612 2677 in
623 2652 762 2684 praesenti
774 2653 814 2677 vel
829 2650 864 2686 (C
884 2653 924 2677 vel
943 2651 983 2687 in)
999 2652 1184 2711 praeteritop
1164 2657 1242 2676 etc.—-
1253 2652 1290 2676 D:
1305 2652 1368 2684 quia

303 2690 373 2723 quod
392 2697 461 2715 nunc
473 2690 579 2723 sactum
598 2691 637 2713 est
655 2688 681 2712 ἰη
696 2688 835 2720 praesenti
853 2688 894 2712 vel
907 2688 1057 2719 praeterito
1073 2693 1143 2712 etc.-
1192 2687 1282 2720 :quia
1297 2687 1369 2719 quod

303 2733 372 2751 nunc
384 2726 490 2759 sactum
510 2727 549 2750 est
567 2724 594 2749 in
609 2724 755 2756 praesenti,
766 2723 801 2748 in
817 2723 967 2755 praeterito
986 2728 1034 2748 etc.

356 2759 381 2795 ὃ)
398 2760 560 2792 Prt'ncipium
571 2766 661 2784 eorum
669 2759 828 2793 futurorum
843 2764 911 2783 etc.-
892 2758 1007 2783 -.:Codd
1018 2758 1181 2790 principium
1191 2757 1367 2790 quorumdam

297 2797 464 2831 futurorum.
483 2796 541 2820 Non
561 2795 754 2820 indeterminate
773 2794 886 2827 loquitur
909 2802 929 2818 s.
944 2793 1061 2818 Thomas
1084 2794 1116 2818 de
1141 2793 1232 2818 futuris
1257 2800 1368 2826 quorum

304 2833 384 2856 homo
403 2837 441 2856 est
460 2830 630 2864 principium,
654 2830 701 2855 sed
726 2829 893 2855 determinate
912 2828 1042 2862 specificat
1065 2837 1131 2861 quae
1151 2829 1201 2853 sint
1219 2828 1368 2853 huiusmodi

304 2868 401 2897 sutura,
421 2874 516 2900 nempe
540 2873 585 2894 ea,
610 2873 678 2899 quae
696 2865 776 2890 homo
794 2865 853 2898 agit
874 2865 950 2898 quasi
972 2864 1095 2890 dominus
1117 2864 1235 2889 existens
1259 2871 1367 2889 suorum

303 2907 445 2928 actuumoe
458 2902 594 2927 Caeterum
610 2901 735 2926 sententia
749 2901 839 2925 eadem
855 2906 895 2925 est
913 2901 937 2924 in
952 2905 1062 2932 utraque
1080 2899 1202 2930 lectione,
1222 2899 1305 2924 forma
1324 2899 1369 2924 ali-

305 2939 457 2971 quantulum
472 2938 581 2962 diversa.
599 2938 730 2962 Alterutra
749 2944 810 2968 ergo
824 2943 873 2968 pro
892 2935 973 2960 lubito
991 2940 1077 2960 utatur
1096 2935 1184 2960 lector.

357 2972 379 3007 ε)
393 2974 448 2998 Nee
458 2972 606 3005 punitionis
620 2975 669 2997 aut
682 2971 912 2997 remunerationis.
923 2971 958 2995 lta
973 2971 1046 2995 codd.
1057 2970 1158 2995 BCD.—
1167 2970 1188 2994 E
1202 2969 1296 2995 omittit
1304 2969 1369 2994 haec

304 3009 390 3039 verba,
410 3010 455 3033 sed
473 3016 520 3033 nec
534 3008 611 3033 habet
628 3007 764 3032 lectionem
784 3007 903 3031 Pianam:
923 3013 970 3031 nec
984 3006 1191 3038 permutationis
1211 3009 1259 3030 aut
1281 3012 1369 3030 remu-

306 3045 458 3070 nerationis.
478 3044 639 3068 Vocabulum
661 3042 826 3075 permutatio
845 3042 947 3075 irrepsit
970 3049 1000 3066 ex
1019 3041 1239 3074 typographorum
1259 3041 1368 3071 incuria,

306 3088 356 3105 non
375 3087 450 3104 secus
469 3087 498 3104 ac
517 3078 666 3103 amanuensi
685 3079 741 3103 cod.
760 3079 783 3103 A
802 3077 893 3103 excidit
916 3077 1144 3102 rememorationis
1162 3084 1214 3109 quo
1233 3075 1292 3109 (sic)
1312 3077 1369 3101 loco

306 3115 535 3140 remunerationis.
556 3115 628 3139 Patet
647 3114 786 3146 legendum
805 3121 864 3138 esse
883 3121 943 3138 cum
963 3113 1038 3137 codd.
1052 3112 1151 3143 ABCD,
1166 3112 1323 3144 punitionis,
1339 3119 1369 3136 ex

306 3159 352 3175 suo
365 3150 486 3183 opposito
500 3150 570 3183 quod
585 3149 708 3182 sequitur,
724 3149 953 3174 remunerationis.
969 3148 1034 3173 Hinc
1049 3147 1074 3172 in
1088 3148 1200 3172 Summa
1213 3147 1369 3180 theologica,

306 3195 330 3219 p.
341 3187 359 3216 1,
370 3194 414 3218 qu.
429 3193 532 3215 Lxxiuu,
547 3185 616 3209 artic.
627 3192 647 3209 1:
660 3185 772 3209 «Homo
786 3189 825 3209 est
840 3184 912 3209 liberi
927 3183 1034 3208 arbitrii:
1048 3183 1161 3224 alioquin
1175 3183 1269 3208 frustra
1283 3188 1371 3208 essent

308 3221 449 3251 »consilia,
465 3220 661 3250 exhortationes,
681 3225 824 3252 praecepta,
844 3218 1038 3260 prohibitiones,
1058 3218 1172 3251 praemia
1191 3224 1216 3243 et
1234 3226 1368 3251 poenae.»

304 3270 322 3277 -
336 3257 412 3282 Notet
436 3262 522 3282 autem
546 3255 656 3280 novitius
679 3260 830 3287 argumenta
848 3255 895 3279 ista
914 3255 946 3279 ad
965 3254 1194 3280 demonstrandum
1214 3254 1323 3279 liberum
1343 3253 1370 3278 in

308 3292 412 3317 homine
426 3291 571 3321 arbitrium,
585 3291 654 3324 quod
668 3295 707 3315 est
719 3290 861 3315 dominium
874 3289 1038 3331 propriorum
1051 3295 1167 3320 actuum
1181 3297 1239 3314 esse
1253 3296 1270 3314 a
1280 3292 1369 3321 poste-

308 3327 373 3352 riori
392 3335 438 3352 seu
457 3334 487 3352 ex
506 3326 638 3351 effectibus
651 3326 739 3355 ducta3
757 3332 775 3350 a
788 3325 879 3358 priori
891 3325 961 3350 enim
980 3325 1124 3358 loquendo,
1142 3330 1167 3350 et
1180 3332 1284 3350 causam
1297 3324 1369 3349 liberi

307 3362 400 3387 arbitrii
419 3362 586 3394 assignando,
607 3368 708 3386 necesse
719 3364 759 3386 est
772 3361 844 3393 quod
855 3361 933 3386 homo
947 3361 982 3386 sit
994 3361 1070 3386 liberi
1083 3360 1190 3386 arbitrii
1203 3367 1240 3386 ex
1253 3360 1301 3385 hoc
1313 3360 1370 3392 ipso

308 3398 378 3429 quod
396 3397 535 3422 rationalis
553 3400 604 3426 est,
623 3402 652 3421 ut
670 3404 691 3421 s.
702 3396 817 3421 Thomas
836 3396 914 3421 habet
933 3397 981 3421 loc.
995 3396 1036 3421 cit.
1056 3396 1107 3421 Sed
1126 3396 1158 3421 de
1176 3395 1216 3420 his
1235 3395 1302 3421 alibi.

360 3432 385 3466 ζ)
405 3433 512 3458 Natura
526 3432 717 3464 possibilitatis.
741 3432 777 3456 Ita
797 3431 874 3456 Plana
894 3439 953 3456 cum
972 3431 1046 3456 codd.
1061 3431 1115 3456 Ac.
1129 3444 1148 3449 —
1167 3430 1370 3456 Cod.13:vera

310 3470 407 3492 natura
421 3468 643 3499 possibilitatis5-
634 3467 694 3492 -D
709 3474 772 3492 vera
786 3467 988 3499 possibilita35-
1002 3467 1036 3492 E.
1052 3466 1166 3492 materia
1175 3466 1368 3507 possibilitatis.

310 3503 382 3531 Quae
395 3503 483 3527 ultima
498 3503 572 3527 lectio
591 3511 641 3527 non
660 3507 700 3527 est
713 3503 880 3535 acceptanda,
900 3502 959 3535 quia
979 3502 1037 3527 licet
1049 3502 1112 3527 salsa
1125 3510 1176 3526 non
1191 3501 1224 3526 sit
1238 3500 1371 3535 (materiae

310 3537 377 3561 enim
397 3545 491 3562 nomen
510 3538 632 3562 latissime
648 3542 717 3570 patet
735 3538 759 3562 in
774 3545 853 3562 sensu
869 3537 1010 3569 analogic0‚
1028 3542 1057 3562 ut
1075 3537 1171 3562 dictum
1185 3542 1225 3562 est
1244 3537 1301 3562 lect.
1315 3544 1369 3567 vm,

310 3572 334 3596 in
353 3572 420 3597 notis
433 3581 447 3596 κ
461 3578 486 3597 et
504 3572 541 3606 ν),
560 3578 646 3598 tamen
659 3573 773 3598 materia
785 3573 826 3597 vel
842 3573 955 3598 materia
969 3571 1156 3604 possibilitatis
1169 3571 1270 3597 videtur
1283 3554 1369 3597 locum’

1422 2801 1440 2826 ᾖ

1077 227 1195 262 PERI
1226 226 1572 262 HERMENEIAS
1612 227 1705 264 LlB.
1738 229 1751 264 l

1431 317 1516 341 sum
1533 313 1587 342 est
1603 307 1706 366 quod
1723 319 1800 344 non
1821 315 1993 357 oporteat
2012 321 2083 345 nos
2098 309 2280 357 negotiari
2300 310 2393 347 *vel
2410 324 2499 350 con-

1430 357 1551 395 siliari.
1574 360 1623 396 Et
1651 360 1703 396 sic
1732 360 1845 397 etiam
1882 361 2115 410 impossibile
2146 370 2200 399 est
2228 363 2317 400 illud
2347 377 2392 400 ex
2413 378 2497 424 'quo

1430 412 1678 460 sequebatur,
1710 413 1848 450 scilicet
1884 415 1988 463 quod
2027 416 2156 452 omnia
2195 428 2239 452 ex
2277 418 2498 456 necessitate

1431 464 1617 502 eveniant.

1484 518 1519 554 6.
1536 518 1684 555 Deinde
1701 531 1788 556 cum
1805 519 1908 557 dicit:
1920 522 1972 556 Et
1983 522 2161 569 quoniam
2178 528 2233 558 est
2245 524 2398 560 omnino
2414 532 2496 572 etc.,

1430 571 1593 607 ostendit
1611 571 1714 608 idem
1736 572 1848 609 etiam
1868 573 1906 609 in
1926 573 2005 610 aliis
2029 575 2154 611 rebus.
2177 576 2422 613 Manifestum
2444 586 2499 615 est

1430 623 1531 659 enirn
1562 624 1675 661 etiam
1704 625 1741 661 in
1770 626 1883 662 rebus
1912 628 2144 664 naturalibus
2174 641 2255 665 esse
2286 630 2496 690 quaedam,

1429 688 1526 724 quae
1556 689 1635 713 non
1663 690 1815 726 semper
1843 686 1928 715 actu
1957 688 2059 726 sunt;
2088 693 2176 728 ergo
2205 681 2244 718 in
2273 683 2325 719 eis
2355 684 2498 720 contin-

1428 729 1478 776 git
1507 742 1588 766 esse
1628 738 1663 766 et
1682 743 1760 766 non
1781 743 1880 768 esse:
1907 732 2073 781 alioquin
2092 735 2153 770 vel
2178 747 2330 784 semper
2355 745 2496 786 essent,

1428 782 1488 818 vel
1517 795 1669 832 semper
1697 796 1775 820 non
1805 792 1939 821 essent.
1963 786 2004 822 Id
2033 793 2160 823 autem
2190 788 2294 835 quod
2322 801 2400 826 non
2430 798 2495 838 est,

1427 834 1556 884 incipit
1585 848 1666 872 esse
1695 836 1836 885 aliquid
1863 850 1932 886 per
1959 839 2035 874 hoc
2062 839 2167 898 quod
2195 841 2238 877 fit
2265 841 2372 888 illud;
2402 843 2498 880 sicut

1426 888 1465 925 id
1494 889 1599 937 quod
1627 901 1706 926 non
1736 898 1791 927 est
1823 892 1971 938 album,
2002 891 2130 941 incipit
2159 905 2241 929 esse
2270 894 2400 931 album
2427 908 2497 944 per

1426 943 1501 978 hoc
1529 942 1634 990 quod
1662 943 1705 979 fit
1733 944 1874 980 album.
1906 944 1945 980 Si
1975 952 2102 981 autem
2131 958 2210 982 non
2239 946 2306 983 fiat
2333 948 2533 985 album*

1425 1003 1625 1043 permanet
1643 1008 1722 1032 non
1752 1009 1818 1033 ens
1838 998 1979 1034 album.
2002 999 2103 1046 Ergo
2133 999 2171 1036 in
2191 1000 2328 1048 quibus
2354 1002 2496 1039 contin-

1426 1049 1476 1096 git
1506 1061 1586 1085 esse
1617 1057 1653 1085 et
1681 1062 1759 1086 non
1781 1062 1874 1098 esse,
1897 1051 2077 1099 contingit
2105 1052 2218 1089 etiam
2242 1053 2325 1090 fieri
2354 1062 2390 1092 et
2417 1067 2496 1092 non

1425 1102 1519 1147 fieri.
1542 1103 1634 1139 Non
1655 1115 1742 1151 ergo
1772 1103 1859 1140 talia
1879 1116 1924 1140 ex
1952 1105 2172 1142 necessitate
2194 1114 2280 1143 sunt
2304 1109 2367 1144 vel
2385 1109 2494 1156 fiunt,

1426 1153 1503 1192 sed
1523 1163 1578 1192 est
1600 1156 1638 1193 in
1668 1157 1720 1193 eis
1746 1165 1879 1194 natura
1906 1158 2160 1207 possibilitatis
2180 1160 2205 1207 ζ,
2222 1172 2290 1209 per
2318 1173 2435 1210 quam
2456 1175 2495 1199 se

1424 1210 1566 1246 habent
1595 1210 1643 1247 ad
1671 1210 1754 1247 fieri
1784 1218 1819 1247 et
1847 1223 1925 1247 non
1953 1211 2047 1259 fieri,
2070 1225 2152 1249 esse
2182 1221 2218 1250 et
2246 1226 2325 1251 non
2354 1227 2448 1252 esse.

1479 1275 1514 1311 7.
1536 1263 1684 1300 Deinde
1715 1276 1803 1300 cum
1833 1264 1937 1301 dicit:
1963 1265 2022 1301 Ac
2050 1266 2167 1303 multa
2202 1267 2308 1304 nobis
2336 1281 2424 1306 man
2428 1269 2494 1318 se-

1422 1321 1479 1352 sta
1509 1323 1591 1363 etc.,
1613 1317 1776 1354 ostendit
1793 1318 2034 1366 propositum
2052 1331 2122 1368 per
2150 1320 2339 1357 sensibilia
2368 1334 2494 1358 exem-

1422 1369 1496 1417 pla.
1519 1369 1574 1405 Sit
1594 1369 1707 1417 enim,
1728 1378 1835 1419 puta,
1855 1371 1971 1408 vestis
1991 1384 2094 1409 nova
2111 1373 2144 1393 '¹⁶'
2137 1374 2410 1419 ‚manifestum
2440 1383 2495 1412 est

1424 1422 1528 1481 quod
1558 1434 1643 1459 eam
1671 1424 1850 1471 possibile
1881 1431 1935 1461 est
1963 1424 2095 1472 incidi,
2124 1426 2212 1475 quia
2244 1427 2335 1464 nihil
2364 1428 2495 1466 obviat

1423 1475 1607 1522 incisioni,
1641 1488 1713 1512 nec
1742 1488 1786 1512 ex
1813 1485 1919 1525 parte
1949 1478 2091 1525 agentis
2120 1492 2191 1516 nec
2221 1492 2265 1516 ex
2291 1488 2398 1530 parte
2426 1495 2492 1531 pa-

1422 1528 1556 1565 tientis.
1578 1505 1720 1565 Probat
1748 1536 1876 1566 autem
1906 1531 2011 1579 quod
2030 1531 2142 1568 simul
2172 1545 2259 1569 cum
2288 1534 2364 1570 hoc
2387 1535 2493 1583 quod

1421 1581 1601 1630 possibile
1631 1590 1686 1618 est
1715 1594 1800 1619 eam
1830 1582 1953 1630 incidi,
1973 1584 2153 1632 possibile
2179 1593 2234 1622 est
2263 1586 2376 1624 etiam
2406 1600 2492 1626 eam

1423 1647 1501 1672 non
1517 1635 1662 1683 incidit,
1676 1635 1814 1672 eodem
1826 1635 1944 1673 modo
1957 1649 2033 1686 quo
2050 1650 2164 1686 supra
2171 1638 2378 1688 *probavit
2398 1641 2505 1679 duas·

1422 1688 1637 1726 indefinitas
1657 1689 1851 1738 oppositas
1881 1702 1962 1726 esse
1983 1690 2095 1727 simul
2123 1704 2246 1740 veras,
2268 1693 2407 1731 scilicet
2424 1707 2494 1744 per

1423 1742 1725 1801 assumptionem
1756 1743 1942 1780 contrarii.
1965 1743 2070 1780 Sicut
2099 1744 2200 1781 enim
2228 1746 2408 1795 possibile
2439 1755 2495 1786 est

1422 1795 1533 1832 istam
1560 1803 1709 1832 vestem
1738 1796 1863 1844 incidi,
1888 1797 1938 1833 ita
1965 1797 2144 1846 possibile
2171 1806 2226 1835 est
2250 1812 2335 1837 eam
2366 1801 2492 1850 exteri,

1422 1849 1519 1886 idest
1545 1856 1730 1887 vetustate
1752 1850 1962 1899 corrumpi3
1989 1851 2056 1888 sed
2085 1851 2115 1887 si
2137 1852 2313 1890 exteritur
2340 1866 2419 1892 non
2438 1855 2493 1892 in-

1424 1903 1574 1950 ciditur;
1596 1915 1684 1951 ergo
1704 1911 1910 1953 utrumque
1938 1904 2117 1953 possibile
2153 1913 2218 1950 est,
2240 1906 2378 1944 scilicet
2407 1920 2493 1946 earn

1423 1957 1535 1994 incidi
1557 1965 1592 1994 et
1620 1969 1699 1994 non
1718 1957 1842 1994 incidi.
1864 1958 1913 1994 Et
1942 1969 1987 1994 ex
2011 1958 2086 1994 hoc
2113 1959 2375 1998 universaliter
2403 1974 2493 1999 con-

1423 2010 1538 2048 cludit
1565 2010 1696 2060 quod
1688 2023 1727 2048 in
1752 2010 1831 2048 aliis
1851 2011 1994 2058 futuris,
2015 2023 2114 2061 quae
2133 2024 2211 2049 non
2231 2021 2318 2050 sunt
2345 2014 2383 2051 in
2407 2022 2495 2053 actu

1423 2076 1586 2114 semper,
1608 2064 1676 2101 sed
1695 2072 1783 2101 sunt
1810 2064 1848 2101 in
1866 2065 2048 2125 potentia,
2075 2065 2151 2102 hoc
2174 2066 2418 2105 manifestum
2439 2075 2495 2116 est

1424 2117 1528 2167 quod
1557 2130 1635 2155 non
1674 2117 1804 2155 omnia
1834 2130 1878 2154 ex
1906 2119 2127 2156 necessitate
2165 2127 2252 2156 sunt
2285 2121 2347 2158 vel
2375 2121 2492 2170 fiunt,

1424 2171 1491 2208 sed
1508 2183 1642 2209 eorum
1663 2171 1853 2220 quaedam
1874 2178 1961 2209 sunt
1980 2171 2028 2209 ad
2047 2173 2279 2221 utrumlibet,
2301 2186 2399 2223 quae
2414 2187 2494 2213 non

1424 2237 1463 2261 se
1483 2225 1625 2262 habent
1644 2225 1764 2274 magis
1789 2225 1837 2262 ad
1861 2224 2186 2263 affirmationem⁰
2205 2239 2322 2276 quam
2351 2228 2400 2265 ad
2428 2241 2493 2266 ne-

1424 2278 1632 2339 gationefm
1653 2279 1724 2316 alia
1742 2291 1836 2315 vero
1859 2286 1946 2316 sunt
1959 2279 1998 2316 in
2018 2279 2156 2331 quibus
2176 2279 2349 2318 alterum
2358 2294 2493 2320 eorum

1424 2332 1604 2393 contingit
1621 2339 1663 2370 ut
1681 2332 1719 2369 in
1737 2331 1922 2382 pluribus,
1943 2334 2011 2370 sed
2030 2341 2158 2370 tamen
2179 2334 2359 2383 contingit
2378 2335 2492 2372 etiam

1423 2394 1464 2424 ut
1479 2386 1516 2423 in
1531 2386 1775 2435 paucioribus
1805 2386 1908 2435 quod
1929 2387 2043 2424 altera
2057 2399 2145 2447 paors
2165 2387 2211 2425 sit
2229 2400 2337 2435 vera,
2359 2396 2395 2426 et
2414 2401 2493 2426 non

1424 2440 1506 2486 alia,
1537 2452 1634 2489 quae
1664 2439 1802 2477 scilicet
1828 2440 2007 2488 contingit
2034 2449 2076 2478 ut
2103 2440 2142 2478 in
2169 2441 2378 2490 pluribus.
2359 2449 2368 2463 ¹

1479 2495 1513 2531 8.
1531 2495 1599 2531 Est
1615 2494 1777 2531 autem*
1797 2493 2117 2531 considerandum
2142 2494 2258 2544 quod,
2279 2495 2374 2533 sicut
2394 2495 2491 2532 Boe-

1422 2624 1474 2641 non
1493 2616 1589 2641 habere
1614 2616 1639 2640 in
1659 2624 1719 2641 casu
1745 2621 1841 2641 nostro.
1865 2617 1937 2641 Bona
1960 2622 2000 2641 est
2023 2616 2098 2641 lectio
2121 2617 2178 2641 cod.
2198 2617 2233 2649 D,
2259 2617 2305 2642 sed
2324 2625 2376 2642 non
2400 2618 2493 2643 melior

1423 2652 1515 2682 Piana;
1534 2652 1632 2684 optima
1651 2651 1713 2676 mihi
1731 2651 1833 2676 videtur
1852 2651 1939 2676 lectio
1945 2652 2003 2676 cod.
2022 2652 2051 2676 Β.

1476 2686 1512 2727 η).
1519 2687 1644 2712 Possibile
1662 2690 1701 2712 est
1719 2687 1799 2712 etiam
1815 2685 1873 2721 (BC
1887 2687 2009 2711 omittunt
2026 2685 2122 2720 etiam)
2142 2694 2200 2712 eam
2216 2694 2267 2712 non
2281 2687 2400 2714 incidiu-
2409 2689 2488 2714 Ama-

1422 2721 1527 2747 nuensis
1547 2723 1604 2747 cod.
1617 2723 1639 2746 A
1659 2730 1689 2746 ex
1708 2730 1814 2746 recursu
1833 2721 1905 2746 verbi
1925 2722 2020 2750 incidi,
2040 2722 2135 2747 omittit
2153 2722 2216 2747 haec
2235 2723 2322 2754 verba,
2342 2731 2410 2756 quae
2429 2731 2491 2749 con-

1422 2758 1530 2782 stituunt
1554 2758 1660 2782 alteram
1685 2763 1785 2790 partem
1805 2755 1945 2782 sententiae
1964 2765 1985 2782 s.
1998 2757 2130 2789 Thomae,
2149 2763 2178 2782 ut
2195 2763 2264 2791 patet
2283 2765 2313 2783 ex
2331 2758 2490 2792 probatione,

1441 2801 1490 2818 uae
1508 2793 1594 2818 statim
1613 2792 1786 2824 subiungitur:
1808 2793 1883 2818 Sicut
1901 2793 1969 2818 enim
1988 2798 2036 2818 etc.

1476 2826 1501 2861 0)
1520 2828 1611 2861 Magis
1629 2828 1667 2853 ad
1684 2828 1892 2862 affirmationem
1912 2834 1959 2853 etc.
1985 2828 2032 2853 Est
2051 2828 2127 2853 lectio
2143 2829 2218 2855 codd.
2238 2829 2329 2854 ABDE
2349 2834 2375 2854 et
2395 2829 2490 2855 substi-

1422 2864 1517 2888 tuenda
1535 2863 1646 2888 Pianae:
1670 2863 1758 2896 magis
1777 2863 1802 2888 in
1822 2863 2003 2897 affirmatione
2021 2870 2100 2896 quam
2125 2864 2151 2889 in
2172 2864 2355 2898 negatione.—
2335 2864 2432 2890 —.Cod
2451 2865 2490 2891 C:

1423 2899 1510 2933 magis
1528 2899 1565 2924 ad
1582 2899 1791 2940 affimtationeni
1810 2899 1851 2924 ve!
1869 2899 2045 2932 negationem.

1477 2932 1495 2968 ι)
1513 2935 1588 2965 Quae
1601 2934 1700 2960 scilicet
1717 2934 1851 2968 contingit
1870 2938 1899 2960 ut
1918 2934 1944 2959 in
1958 2935 2090 2967 pluribus.
2106 2935 2187 2960 Codd.
2202 2933 2292 2960 BCDE
2306 2935 2371 2960 hanc
2389 2936 2490 2970 perspi-

1423 2978 1498 2995 cuam
1512 2970 1646 3003 proferunt
1665 2969 1800 2994 lectionem
1820 2977 1899 3003 quam
1918 2970 2071 3003 adoptamus
2091 2970 2149 2995 loco
2161 2971 2263 2996 Pinnae.
2278 2971 2349 2996 Haec
2361 2970 2491 3004 siquidem

1423 3005 1586 3038 negationem
1607 3005 1742 3030 introducit
1755 3010 1780 3030 et
1792 3005 1865 3038 legit:
1879 3012 1946 3038 quae
1958 3005 2056 3031 scilicet
2070 3013 2121 3031 non
2135 3006 2267 3039 contingit
2281 3009 2311 3031 ut
2325 3006 2352 3031 in
2367 3006 2491 3039 p1uribus

1423 3041 1465 3066 sit.
1487 3041 1559 3071 Quae
1579 3041 1667 3072 lectio,
1685 3040 1722 3065 uti
1741 3040 1819 3071 iacet,
1835 3045 1860 3066 et
1874 3046 1913 3065 est
1932 3041 2032 3074 illogica
2051 3046 2076 3066 et
2090 3047 2178 3066 contra
2197 3047 2311 3066 mentem
2331 3049 2352 3067 3.
2363 3041 2490 3068 Thomae.

1423 3077 1563 3110 Comparat
1581 3076 1650 3101 enim
1669 3084 1690 3101 3.
1700 3075 1817 3101 Thomas
1836 3076 2039 3118 propositionem
2059 3084 2126 3110 quae
2144 3085 2205 3102 vera
2218 3083 2257 3102 est
2277 3080 2306 3102 ut
2325 3077 2351 3102 in
2365 3077 2490 3110 pluribus

1423 3120 1482 3136 cum
1506 3111 1680 3145 propositione
1705 3119 1772 3144 quae
1791 3117 1831 3136 est
1848 3119 1909 3136 vera
1933 3115 1962 3137 ut
1981 3112 2007 3137 in
2029 3112 2213 3144 paucioribus,
2239 3120 2359 3146 quaeque
2383 3112 2491 3146 proinde

1423 3147 1546 3179 contingit
1564 3153 1592 3172 ut
1610 3147 1643 3172 sit
1660 3155 1734 3177 vera,
1753 3147 1831 3172 altera
1850 3147 1898 3172 sibi
1920 3147 2040 3180 opposita
2059 3148 2143 3181 (quae
2161 3155 2256 3181 nempe
2274 3148 2397 3181 contingit
2415 3151 2446 3174 ut
2463 3147 2490 3173 in

1418 3182 1557 3215 pluribus)
1583 3182 1706 3208 existente
1725 3182 1797 3208 falsa.
1817 3182 1887 3213 Dixi,
1912 3183 1952 3208 uti
1976 3182 2058 3212 iacet,
2078 3188 2184 3216 propter
2201 3183 2280 3208 verba
2304 3186 2331 3208 et
2349 3191 2400 3209 non
2419 3182 2491 3212 aIia,

1424 3226 1490 3251 quae
1509 3218 1671 3243 concorditer
1688 3217 1783 3243 habent
1801 3222 1857 3245 tum
1877 3218 1951 3243 codd.
1967 3223 2023 3243 tum
2042 3218 2101 3244 edd.
2117 3218 2146 3244 Ρ.
2165 3223 2191 3243 et
2211 3219 2324 3244 Venetae
2341 3226 2444 3244 omnes.
2457 3217 2490 3244 Vi

1424 3254 1493 3278 enim
1508 3253 1613 3278 illorum
1626 3253 1766 3278 verborum
1778 3261 1922 3286 pronomen
1941 3253 2078 3279 relativum
2093 3261 2208 3287 sequens
2223 3252 2302 3287 (quae
2313 3253 2412 3280 scilicet
2430 3251 2489 3286 etc.)

1423 3289 1524 3314 videtur
1539 3289 1627 3314 referri
1642 3289 1674 3314 ad
1688 3288 1893 3322 propositionem
1908 3289 2068 3322 designatam
2084 3297 2131 3322 per
2144 3293 2171 3315 et
2185 3296 2236 3314 non
2255 3289 2324 3318 alicu
2343 3297 2411 3322 quae
2428 3295 2489 3321 pro—

1424 3325 1532 3357 positio,
1551 3329 1579 3349 ut
1603 3329 1643 3349 est
1666 3323 1845 3355 manifestum,
1871 3329 1912 3349 est
1934 3325 1966 3349 de
1985 3324 2025 3350 his
2048 3332 2117 3358 quae
2139 3324 2292 3357 contingunt
2316 3329 2344 3349 ut
2365 3324 2392 3349 in
2410 3323 2490 3356 pluri-

1424 3360 1483 3385 bus.
1502 3359 1618 3385 Ρι-3εῐ3αι
1636 3359 1715 3384 verba
1733 3359 1778 3391 (et
1796 3367 1847 3385 non
1867 3359 1939 3392 alia)
1959 3359 1981 3384 3ἰ
2000 3360 2136 3391 deessent,
2155 3359 2291 3393 perspicua
2309 3363 2380 3384 esset
2397 3358 2488 3390 Pinna,

1425 3403 1533 3428 nempe:
1551 3395 1608 3420 alia
1627 3402 1690 3420 vero
1707 3398 1770 3420 sunt
1788 3395 1815 3420 in
1834 3395 1927 3428 quibus
1945 3395 2060 3420 alterum
2079 3402 2184 3420 eorum.
2206 3394 2304 3428 .quod
2320 3394 2407 3420 altera
2420 3401 2489 3426 pars

1423 3430 1459 3456 sit
1472 3438 1550 3460 vera,
1569 3437 1637 3463 quae
1654 3430 1753 3456 scilicet
1776 3438 1828 3455 non
1851 3430 1983 3464 contingit
2002 3433 2031 3456 ut
2049 3430 2075 3455 in
2094 3430 2219 3463 pluribus
2236 3429 2279 3455 sit.
2296 3442 2316 3448 —
2329 3429 2489 3454 Eorumdem

1425 3466 1498 3491 codd.
1518 3471 1543 3491 et
1562 3466 1602 3491 ed.
1621 3473 1638 3490 a
1657 3465 1804 3491 auctoritate
1822 3466 1964 3491 omittimus
1983 3465 2019 3491 sit
2037 3465 2128 3498 quod*
2122 3473 2147 3490 tn
2161 3465 2239 3490 Pinna
2252 3464 2351 3496 legitur,
2366 3464 2489 3496 quodque

1425 3509 1477 3526 non
1491 3500 1662 3534 perspicuitati
1675 3500 1773 3526 confert
1787 3501 1840 3526 ullo
1854 3501 1968 3526 modo.—
1977 3501 2064 3530 Codex
2073 3501 2095 3526 Α
2106 3500 2181 3533 legit·
2194 3499 2243 3526 sed
2255 3502 2343 3525 tamen
2358 3499 2490 3532 contingit

1424 3537 1504 3562 etiam
1520 3540 1549 3562 ut
1563 3536 1589 3561 in
1605 3536 1737 3568 pluribus.
1751 3536 1856 3561 omissis
1871 3536 1976 3562 caeteris
1989 3535 2154 3566 intermediis,
2171 3538 2200 3561 ut
2214 3535 2240 3560 in
2253 3534 2426 3567 paucioribus
2441 3539 2489 3559 etc.

1424 3573 1458 3597 At
1470 3577 1550 3597 errat:
1566 3579 1626 3596 nam
1644 3571 1788 3596 omittendo
1807 3579 1874 3604 quae
1891 3571 1993 3603 omittit,
2012 3571 2122 3604 primam
2135 3575 2237 3603 partem
2254 3569 2396 3595 sententiae
2414 3569 2490 3602 (aIia

2532 318 2540 326 '
2555 324 2576 338 a.
2592 328 2602 333 -
2617 323 2651 339 tn:
2666 324 2743 346 agere

2532 343 2575 368 (Cf.
2586 350 2669 372 supra,
2680 351 2703 367 n.
2714 348 2742 371 2).

2539 957 2554 971 A
2561 950 2646 972 omittit
2652 951 2737 972 album.

2522 1381 2628 1403 'Codd.:
2635 1381 2669 1403 sit
2674 1381 2736 1404 enlm

2521 1414 2569 1429 una
2580 1408 2654 1430 vesus
2663 1414 2735 1430 nova.

2519 1652 2644 1705 'Leonta
2655 1684 2679 1699 n.
2687 1683 2719 1699 10.

2496 2439 2733 2512 aetinga*

2546 2516 2664 2538 Boethius.
