2548 4192
222 255 327 283 CCXIV

225 334 410 365 appensam,
435 332 506 356 tum
528 326 701 365 imaginem
717 325 757 355 ad
779 325 946 355 introitum
962 322 1102 363 Capituli
1126 321 1294 360 depictam,

225 369 362 400 novitias
386 380 464 408 esse,
489 377 525 400 ut
547 370 640 401 infert
663 369 837 407 Echardus,
862 368 999 409 antiquis
1027 365 1203 405 incognitas
1226 364 1295 394 nul-

225 413 352 454 liusque
376 414 542 445 momenti.

294 458 394 495 Quod
423 459 506 488 sumi
531 458 611 488 solet
642 469 679 489 ex
703 456 954 497 chronographia
984 454 1131 485 Halensis
1155 460 1185 484 et
1208 453 1296 483 Tho-

225 512 297 532 mae
330 510 574 542 argumentum,
609 502 656 532 his
690 502 815 532 eludere
845 500 946 530 verbis
977 498 1157 538 wadingus
1188 497 1298 527 nititur

225 557 315 577 num.
344 547 394 577 28:
423 560 437 574 α
456 548 540 577 Nam
564 553 594 577 et
608 546 744 576 Parisios
763 545 944 576 studiorum
959 543 1056 583 gratia
1072 542 1207 572 missum
1222 541 1297 572 fuis-

227 603 241 617 »
265 601 298 621 se
321 591 517 630 praeclarum
546 591 695 620 iuvenem
726 599 792 619 non
817 595 863 619 est
893 586 1129 626 ambigendum.
1158 586 1225 616 Nec
1255 586 1299 616 ita

227 647 241 661 ›
265 641 386 665 mature
409 635 482 664 inde
506 634 684 674 profectus:
710 634 765 663 sed
788 639 960 673 postquam
983 631 1016 660 in
1042 630 1174 661 Curiam
1197 640 1297 660 accer-

228 692 243 706 »
266 679 344 709 situs
381 678 520 708 oblatam
558 677 738 708 Casinensis
770 676 953 707 Monasterii
991 674 1298 705 administrationem

228 736 243 750 >›
266 722 368 752 renuit
392 729 422 752 et
445 722 527 752 clam
544 722 640 752 Curia
662 721 802 761 dilapsus
826 720 949 760 aufugit
966 719 1109 760 primum
1126 718 1298 749 Coloniam

228 779 242 793 ›
266 773 301 797 ut
324 773 433 796 auctor
457 773 502 796 est
526 766 815 806 Cantimpratanus,
831 765 887 806 qui
906 771 977 795 turn
999 763 1075 794 vixit
1090 770 1120 794 et
1134 763 1298 793 Thomam

228 823 242 837 >›
266 810 424 850 cognovit.
455 810 564 841 Potuit
587 820 662 850 ergo
692 810 909 840 Alexandrum
939 809 1113 846 audivisse,
1142 807 1297 848 quamdiu

227 866 242 882 ι»
265 854 389 885 Parisiis
414 855 516 894 degit,
539 854 595 885 illo
620 854 796 895 superstite.
821 854 887 884 Nec
911 854 1004 884 refert
1036 853 1061 883 si
1093 852 1163 890 diu,
1188 852 1214 882 si
1242 862 1296 892 pa-

227 911 241 926 »
264 909 347 936 rum,
371 899 471 929 modo
494 899 527 929 in
551 899 667 929 scholis
692 899 830 929 discendi
850 898 967 936 studio,
982 897 1198 928 Alexandrum
1222 906 1296 926 con-

228 956 242 971 »
265 943 394 973 veniens
425 943 554 974 audivit.
578 955 592 970 >v
619 943 714 974 Plura
738 950 811 974 sunt
835 942 1106 973 animadversione
1130 941 1234 981 digna.
1250 943 1297 971 Ac

226 987 331 1027 primo
355 987 449 1017 verba
472 987 535 1026 illa,
560 997 619 1018 nec
642 987 744 1029 refert
767 989 796 1018 si
818 988 885 1025 diu,
900 989 1075 1028 siparum,
1092 986 1171 1016 mihi
1189 985 1296 1015 viden-

226 1039 277 1062 tur
299 1031 500 1072 Wadingum
524 1031 667 1063 exhibere
691 1042 750 1072 pro
773 1032 891 1072 ingenii
922 1031 1068 1062 acumine
1091 1030 1297 1061 subdubitan-

226 1083 291 1107 tem
315 1076 354 1106 de
377 1075 432 1106 illa
455 1076 623 1117 Aquinatis
647 1077 706 1107 sub
726 1077 856 1107 Halensi
875 1076 1025 1117 magistro
1041 1075 1214 1116 disciplina.
1231 1074 1298 1106 Cur

228 1120 313 1151 enirn
337 1130 408 1150 eam
432 1121 588 1151 decantari
613 1121 816 1161 oportuisset,
840 1121 964 1152 tametsi
988 1120 1115 1161 probari
1141 1126 1171 1150 et
1197 1119 1297 1150 evinci

228 1171 336 1205 posset
365 1165 529 1195 Thomam
553 1165 658 1206 aliqua
681 1165 748 1196 vice
768 1165 955 1206 magistrum
971 1165 1145 1195 Halensem
1159 1165 1191 1194 in
1208 1164 1298 1195 scho-

228 1209 267 1239 lis
291 1209 459 1240 docentem
492 1209 668 1248 audivisse,
702 1220 768 1240 non
792 1210 887 1240 studii
911 1210 1028 1250 gratia,
1061 1210 1116 1240 sed
1139 1209 1244 1239 virum
1266 1208 1299 1238 in

229 1253 401 1284 Academia
423 1254 590 1284 Parisiensi
614 1254 854 1285 celeberrimum
877 1254 1090 1294 cognoscendi
1118 1250 1300 1284 desiderio?

229 1297 348 1328 Mirum
372 1305 417 1329 est
449 1299 488 1328 ab
520 1299 634 1329 eodem
666 1299 829 1339 Wadingo
858 1298 891 1328 in
915 1298 1074 1329 solutione
1102 1298 1301 1338 argumenti,

230 1342 319 1382 quod
335 1342 483 1373 Thomae
498 1343 784 1383 chronographiam
806 1349 935 1383 spectat,
951 1353 1055 1374 unum
1075 1343 1203 1373 laudare
1218 1342 1300 1373 Can-

229 1386 478 1426 timpratensem,
494 1387 745 1427 diligentioribus
761 1394 792 1418 et
807 1387 994 1428 synchronis
1009 1387 1234 1427 praetermissis
1258 1394 1301 1418 te-

230 1431 340 1470 stibus,
364 1431 553 1462 Ptolomaeo
577 1432 712 1462 Lucensi
737 1438 768 1462 et
791 1431 965 1463 Guillelmo
982 1432 1021 1462 de
1036 1432 1158 1462 Tocco.
1173 1432 1301 1470 Menda,

229 1475 345 1516 quibus
378 1475 542 1516 inquinata
565 1483 611 1507 est
643 1476 779 1507 narratio
804 1475 1075 1516 Cantimpratani‚
1108 1476 1302 1516 protulimus

230 1519 340 1550 omnia
363 1519 395 1550 in
424 1520 649 1551 Dissertatione
679 1521 836 1551 adversus
865 1521 1096 1551 Monaehatum
1121 1520 1300 1551 Benedicti-

231 1573 306 1594 num
335 1566 441 1594 sancti
468 1565 622 1602 Thomae,
649 1565 749 1605 capite
772 1575 814 1603 vr,
839 1575 928 1595 num.
956 1574 986 1603 2,
1011 1564 1066 1595 ubi
1090 1564 1300 1603 ostendimus,

229 1618 247 1638 a
270 1608 398 1638 veritate
421 1608 528 1648 ipsum
557 1609 722 1648 abludere,
747 1609 827 1640 dum
850 1616 963 1640 narrat:
994 1620 1019 1640 1.
1044 1609 1238 1650 Aquinatem
1262 1610 1301 1640 de

229 1652 453 1683 Romanorum
476 1653 617 1693 partibus
641 1653 763 1684 venisse
785 1654 978 1685 Bononiam:
1005 1663 1034 1684 2.
1054 1654 1302 1685 Dominicanam

228 1703 349 1726 vestem
372 1697 537 1727 Bononiae
560 1697 730 1737 indutum,
756 1698 868 1729 ibidem
893 1698 1090 1740 aliquamdiu
1115 1698 1299 1730 substitisse:

232 1741 259 1771 3.
281 1741 315 1770 In
333 1740 465 1771 Curiam
489 1742 586 1772 semel
605 1748 636 1772 et
658 1742 774 1773 iterum
790 1753 855 1783 per
877 1743 1003 1774 litteras
1025 1744 1226 1784 Apostolicas
1244 1753 1300 1774 vo-

229 1791 346 1823 catum,
371 1795 474 1826 eoque
498 1786 678 1826 profectum
702 1794 779 1817 esse:
803 1797 835 1827 4.
856 1787 1068 1828 Dignitatibus
1085 1787 1300 1819 ecclesiasticis

228 1839 246 1858 a
268 1829 421 1860 Pontifice
445 1830 559 1861 oblatis
582 1831 724 1871 insigniri
748 1832 923 1871 nolentem,
940 1840 1015 1864 tunc
1032 1843 1050 1863 a
1063 1833 1220 1873 germanis
1239 1833 1299 1863 fra-

228 1873 327 1904 tribus
340 1873 464 1914 furtim
489 1880 618 1915 raptum
643 1882 674 1906 et
696 1875 730 1906 in
761 1886 916 1907 carcerem
940 1878 1114 1908 detrusum:
1139 1879 1166 1909 5.
1184 1878 1210 1908 E
1235 1877 1299 1909 Cu-

228 1917 272 1948 ria
297 1918 428 1949 demum
454 1919 592 1950 secunda
605 1920 673 1951 vice
698 1921 781 1951 clam
794 1922 998 1962 prolapsum,
1017 1922 1190 1953 Coloniam
1210 1923 1300 1963 Agri-

203 1962 208 1969 '
228 1962 337 2002 pinam
361 1962 541 2003 profectum
564 1974 640 1995 esse.
659 1965 710 1995 Ad
733 1965 835 2005 ipsam
849 1967 1002 1998 Abbatiae
1018 1966 1198 1998 Casinensis
1213 1968 1299 1998 obla-

227 2006 349 2036 tionem
382 2007 470 2048 quod
494 2008 622 2047 attinet,
656 2009 682 2039 si
706 2008 783 2040 fides
807 2010 938 2051 quidem
970 2012 1147 2042 adhibenda
1171 2019 1236 2051 est,
1261 2012 1301 2042 ad

226 2061 347 2081 annum
377 2051 458 2091 1248
482 2052 532 2082 vel
555 2053 775 2094 insequentem
795 2055 901 2086 referri
921 2056 1091 2087 commode
1114 2067 1185 2088 eam
1206 2067 1301 2097 posse

226 2094 299 2125 loco
324 2095 418 2126 citato
441 2096 528 2127 haud
551 2097 673 2128 levibus
701 2099 890 2131 coniecturis
914 2101 1120 2132 confecimus.

295 2139 330 2169 In
354 2140 466 2170 eadem
494 2141 719 2173 Dissertatione
749 2144 850 2184 capite
872 2155 921 2184 nt,
951 2156 1040 2177 num.
1066 2157 1099 2185 1,
1123 2146 1301 2186 ingressum

228 2182 376 2214 Thomae
390 2184 424 2214 in
440 2184 596 2216 Ordinem
610 2186 742 2218 fratrum
757 2188 1026 2229 Praedicatorum‚
1042 2197 1205 2231 capturam
1219 2191 1301 2222 eius-

229 2227 302 2257 dem
325 2238 360 2258 ac
385 2228 600 2260 detentionem
629 2231 662 2261 in
687 2241 807 2263 carcere
838 2243 894 2273 per
917 2234 1082 2266 biennium
1115 2235 1227 2266 saltem
1254 2235 1301 2266 in-

228 2272 446 2312 completum,
464 2283 689 2316 egressumque
713 2276 846 2308 demum
877 2288 894 2309 e
918 2289 1038 2310 carcere
1061 2279 1301 2321 libertatemque

227 2315 288 2356 ipsi
312 2316 479 2356 donatam,
508 2328 546 2349 eo
570 2320 723 2360 temporis
751 2321 916 2353 intervallo
949 2323 1116 2363 concludi,
1142 2324 1232 2366 quod
1262 2325 1301 2356 ab

229 2370 314 2390 anno
334 2361 468 2396 vcadente
498 2364 578 2403 1243
618 2365 751 2396 excurrit
779 2366 820 2396 ad
849 2376 971 2398 annum
1009 2369 1090 2408 1245
1125 2368 1300 2408 ineuntem,

228 2414 294 2434 non
319 2405 517 2445 coniecturis,
532 2418 644 2438 verum
667 2410 840 2450 perspicuis
859 2413 1053 2452 argumentis
1073 2413 1301 2445 demonstravi-

228 2458 312 2479 mus.
330 2450 428 2490 Atqui
451 2460 546 2490 vero,
572 2451 647 2483 fune
672 2453 809 2485 demisso
834 2465 851 2485 e
873 2466 995 2488 carcere
1018 2457 1168 2497 Thoma,
1192 2459 1300 2490 statim

226 2493 386 2524 animalia
409 2500 485 2526 sunt
501 2501 624 2536 parata
647 2494 847 2539 (Ptolomaei
871 2501 1022 2532 Lucensis
1053 2502 1147 2533 verba
1171 2510 1245 2535 sunt
1268 2503 1300 2534 in

572 244 1032 282 DISSERTATIONES
1063 238 1311 278 CRITICAE
1341 239 1396 276 IN
1426 242 1464 278 S.
1486 243 1729 280 THOMAM
1757 244 2083 292 AQUINATEM

1348 320 1429 351 Hist.
1448 322 1523 353 eccl.
1540 323 1593 353 lib.
1611 324 1710 362 XXII,
1734 334 1802 365 cap.
1826 323 1895 367 xxi)
1919 325 1963 355 ad
1986 326 2089 365 ipsum
2114 324 2335 355 deducendum
2359 325 2424 355 Ro-

1348 374 1444 396 mam.
1462 366 1544 397 Inde
1561 367 1648 398 vadit
1665 368 1832 399 Coloniam
1849 369 1893 399 ad
1897 369 2043 410 fratrem
2060 369 2238 406 Albertum,
2256 369 2310 399 ubi
2323 369 2423 399 multo

1349 413 1490 449 tempore
1504 410 1587 451 fuit.
1605 412 1708 442 Verba
1732 412 1828 443 etiam
1851 413 1952 444 refero
1986 413 2151 445 Guillelmi
2175 413 2214 444 de
2239 413 2349 443 Tocco
2375 423 2424 443 ca-

1349 452 1413 492 pite
1437 465 1470 484 111
1492 455 1578 495 apud
1601 456 1748 487 Bollandi
1770 457 2018 488 Continuatores
2037 458 2231 499 inquientis:
2251 458 2423 498 Postquam

1350 507 1426 528 vero
1438 498 1556 539 frater
1592 501 1748 538 Thomas,
1775 502 1858 532 sicut
1880 502 2034 533 divinitus
2061 502 2178 533 Ordini
2206 502 2351 539 deditus,
2378 502 2424 532 sic

1340 540 1414 581 fuit
1436 543 1590 574 divinitus
1613 546 1832 576 restitutus...
1860 546 1995 577 Fratres
2018 548 2070 577 sui
2093 548 2195 587 ipsum
2220 547 2356 577 Romam
2381 545 2424 576 ad

1353 585 1538 626 Capitulum
1561 590 1718 629 generale
1734 591 1901 628 miserunt,
1920 591 1952 620 in
1976 601 2038 631 quo
2048 591 2279 631 provideretur
2302 591 2332 621 ei
2345 600 2426 630 pro—

1344 635 1421 669 pter
1443 641 1530 671 spem
1545 632 1662 672 futuri
1670 633 1841 674 profectus
1857 636 1889 665 in
1907 636 2061 675 proximo
2084 635 2124 666 de
2138 635 2244 666 studio
2261 635 2424 676 generali.

1344 674 1394 704 Ut
1417 675 1524 706 minus
1548 684 1691 708 accurata
1707 678 1784 709 haec
1807 679 1944 709 narratio
1961 679 2059 719 redigi
2075 679 2115 709 ad
2130 679 2294 710 veritatem
2310 686 2425 720 queat,

1350 718 1564 750 animadverte
1590 720 1731 752 Comitia
1761 722 1889 754 Ordinis
1917 723 2074 763 generalia
2096 734 2183 754 anno
2207 724 2292 761 1243
2319 723 2426 754 habita

1351 761 1447 793 fuisse
1469 764 1606 795 Parisiis
1622 765 1672 796 die
1691 766 1726 796 31
1756 766 1846 797 maii:
1870 777 1958 798 anno
1974 773 2058 805 1244
2080 768 2249 798 Bononiae
2269 777 2308 798 22
2330 767 2423 798 maii:

1350 817 1437 837 anno
1467 808 1552 844 1245
1579 808 1734 840 Coloniae
1761 820 1783 850 4
1806 811 1896 842 iunii.
1928 812 2020 842 Unde
2052 812 2215 842 Guillelmi
2244 812 2283 842 de
2313 812 2425 842 Tocco

1349 851 1444 881 verba
1467 851 1511 882 sic
1527 852 1678 893 intellige,
1695 861 1732 885 ut
1753 855 1898 895 Aquinas
1920 856 2055 886 Romam
2073 856 2188 886 missus
2212 855 2316 894 fuerit,
2337 855 2425 886 inde-

1350 905 1413 936 que
1445 896 1490 926 ad
1524 896 1710 937 Capitulum
1742 899 1899 939 generale
1932 900 2156 930 celebrandum
2199 899 2352 930 Coloniae
2385 910 2424 930 eo

1350 950 1434 970 anno
1465 942 1558 980 1245,
1575 941 1609 971 in
1629 952 1695 982 quo
1713 942 1751 973 de
1774 943 1880 974 studio
1903 944 2054 984 generali
2069 944 2169 974 eidem
2180 944 2422 984 provideretur.

1349 984 1395 1015 Ita
1410 984 1540 1015 factum:
1563 985 1644 1016 Cum
1669 987 1755 1017 enim
1778 987 1919 1018 Ioannes
1947 988 2160 1019 Theutonicus
2182 989 2345 1029 Magister
2363 987 2427 1018 Or-

1350 1029 1434 1060 dinis
1451 1027 1571 1071 (pergit
1593 1030 1706 1062 referre
1738 1031 1930 1063 Guillelmus
1954 1033 1993 1063 de
2024 1030 2156 1074 Tocco)
2180 1033 2291 1072 ipsum
2316 1033 2349 1062 in
2373 1042 2425 1062 ca—

1352 1075 1514 1105 rissimum
1539 1076 1571 1105 in
1599 1075 1726 1106 Christo
1740 1076 1853 1117 filium
1882 1078 2089 1117 suscepisset,
2114 1077 2208 1108 duxit
2231 1086 2303 1107 eum
2332 1077 2425 1107 Pari-

1351 1119 1415 1149 sios
1438 1124 1469 1149 et
1491 1119 1606 1150 deinde
1632 1120 1819 1159 Coloniam,
1850 1121 1905 1152 ubi
1929 1121 2014 1152 fratri
2038 1122 2169 1152 Albeno
2203 1128 2278 1152 tunc
2302 1120 2427 1151 florenti

1354 1163 1544 1194 erudiendus
1577 1164 1718 1196 traditur.
1751 1166 1931 1196 Par-isinum
1958 1166 2016 1197 iter
2046 1166 2116 1197 silet
2148 1165 2354 1197 Ptolomaeus
2388 1165 2427 1195 de

1354 1208 1457 1238 Luca:
1479 1208 1591 1239 diserte
1606 1217 1764 1241 memorat
1779 1210 1859 1241 illud
1882 1210 2074 1241 Guillelmus
2093 1211 2132 1241 de
2148 1211 2270 1241 Tocco.
2290 1210 2428 1250 Nempe,

1355 1262 1430 1283 cum
1452 1252 1503 1283 vix
1517 1253 1560 1283 ibi
1577 1261 1794 1285 commoratus
1819 1254 1912 1286 fuerit
1927 1255 2083 1294 Thomas,
2099 1255 2221 1296 iterque
2245 1264 2342 1284 suurn
2363 1253 2427 1284 Co-

1354 1296 1475 1327 loniam
1499 1307 1574 1328 cum
1592 1298 1744 1338 Magistro
1759 1299 1905 1330 Generali
1925 1299 2079 1330 continuo
2103 1298 2299 1340 perfecisset;
2315 1297 2428 1328 Parisi-

1355 1351 1430 1371 nam
1453 1341 1542 1372 illam
1565 1352 1669 1384 neque
1686 1344 1928 1374 memorandam
1947 1344 2036 1375 duxit
2050 1344 2256 1375 Ptolomaeus
2276 1341 2428 1374 Lucensis

1355 1385 1596 1426 profectionem.

1423 1430 1514 1467 Quae
1531 1431 1663 1463 demum
1687 1433 1920 1464 accuratissima
1936 1433 2190 1474 chronographia
2205 1432 2279 1463 satis
2303 1431 2429 1470 evincit,

1355 1483 1459 1515 neque
1482 1475 1558 1513 diu,
1586 1486 1691 1518 neque
1712 1487 1851 1517 parum,
1876 1477 2041 1508 Thomam
2064 1485 2211 1509 nostrum
2234 1478 2266 1507 in
2290 1476 2427 1514 scholis,

1354 1518 1498 1550 discendi
1519 1520 1646 1558 studio,
1672 1521 1889 1553 Alexandrum
1921 1523 2095 1553 Halensem
2124 1522 2305 1553 audivisse.-
2330 1530 2430 1562 quem

1355 1563 1472 1595 scilicet
1494 1565 1566 1604 ipso
1590 1575 1677 1596 anno
1705 1566 1790 1603 1245
1813 1566 1878 1597 vita
1900 1567 2050 1607 migrasse
2085 1567 2199 1598 fatetur
2227 1565 2429 1605 Wadingus,

1355 1608 1405 1638 die
1427 1618 1473 1639 x11
1512 1608 1670 1640 kalendas
1700 1610 1886 1650 septembris
1918 1622 1973 1642 seu
2005 1611 2055 1642 die
2090 1621 2126 1641 21
2160 1609 2306 1650 augusti,
2332 1616 2368 1640 ut
2395 1608 2430 1640 in

1355 1653 1517 1693 superiore
1539 1654 1676 1694 legimus
1697 1655 1870 1695 epitaphio,
1894 1655 1984 1697 quod
1999 1655 2163 1686 Echardus
2178 1655 2212 1685 in
2234 1654 2341 1684 lucem
2355 1662 2430 1694 pro-

1355 1698 1444 1736 tulit;
1464 1708 1539 1729 cum
1562 1698 1707 1730 Thomas
1723 1700 1788 1730 iam
1812 1699 1985 1731 Coloniam
2001 1699 2192 1740 pervenisset
2210 1704 2282 1729 ante
2305 1697 2388 1729 diem
2404 1702 2430 1735 4

1355 1743 1447 1780 iunii,
1473 1753 1539 1784 quo
1556 1743 1697 1775 Comitia
1721 1744 1850 1776 Ordinis
1873 1745 2030 1785 generalia
2050 1744 2184 1775 Ioannes
2207 1741 2431 1774 Theutonicus

1355 1787 1530 1819 celebravit.
1547 1787 1656 1825 Quid?
1675 1789 1765 1830 quod
1789 1789 1904 1820 eodem
1927 1799 1985 1820 nec
2009 1799 2094 1820 anno
2123 1789 2224 1828 1245,
2249 1796 2354 1828 neque
2377 1796 2431 1818 su-

1355 1832 1478 1872 periore
1501 1832 1610 1873 aliquo
1635 1840 1709 1873 post
1732 1844 1854 1865 annum
1888 1834 1969 1865 1238
1994 1841 2159 1874 tempore,
2183 1831 2319 1873 publicis
2342 1840 2431 1872 prae-

1356 1876 1452 1907 fuisse
1468 1876 1584 1908 scholis
1599 1878 1817 1909 Alexandrum
1840 1879 2013 1909 Halensem
2036 1877 2172 1909 Echardi
2196 1875 2350 1908 sententia
2366 1881 2430 1914 est,

1356 1931 1455 1962 quam
1478 1921 1530 1952 alii
1562 1922 1750 1963 expendant.
1777 1923 1886 1963 Ipsum
1911 1923 2042 1954 consule
2074 1922 2107 1952 in
2138 1921 2232 1952 Notis
2260 1921 2300 1951 ad
2332 1919 2431 1951 sancti

1356 1965 1504 1996 Thomae
1520 1966 1673 2007 elogium,
1690 1974 1721 1999 et
1736 1968 1882 1998 Natalem
1903 1967 2119 1998 Alexandrum
2136 1966 2170 1997 in
2186 1964 2355 2006 opusculo
2371 1963 2431 1995 hac

1357 2010 1395 2041 de
1419 2020 1451 2041 re
1475 2010 1572 2049 edito,
1589 2011 1712 2052 egregie
1736 2011 1931 2043 disserentes.

1423 2054 1498 2096 Ego
1519 2055 1655 2087 Doctori
1676 2057 1834 2097 Angelico
1853 2054 1984 2099 (iterum
2009 2055 2191 2096 Wadingus
2215 2062 2351 2085 numero
2374 2050 2432 2096 25)

1357 2099 1438 2129 nihil
1461 2100 1493 2130 in
1517 2100 1576 2131 hoc
1598 2100 1790 2142 derogatum
1815 2110 1884 2132 esse
1906 2101 2008 2138 video,
2030 2101 2058 2131 si
2081 2101 2145 2130 iam
2174 2108 2282 2130 senem
2306 2097 2432 2128 iuvenis

1356 2143 1490 2182 audivit,
1520 2154 1613 2185 quem
1637 2155 1738 2176 senex
1754 2155 1840 2186 prae
1870 2145 2003 2186 reliquis
2035 2145 2207 2184 assumpsit
2239 2141 2431 2173 imitandum

1357 2193 1387 2219 et
1409 2189 1617 2229 sequendum.
1639 2189 1782 2220 Priorem
1798 2189 1871 2220 facti
1891 2189 2112 2231 quaestionem
2134 2188 2200 2219 iam
2223 2186 2363 2218 solutam
2385 2185 2431 2216 di-

1357 2240 1578 2275 remptamque
1601 2241 1693 2275 puto.
1711 2235 1810 2272 Quod
1834 2234 1979 2273 additur,
2001 2234 2040 2264 ad
2064 2243 2197 2264 examen
2219 2237 2336 2262 vocent
2357 2228 2430 2260 alii:

1357 2287 1438 2308 num
1452 2278 1569 2310 scilicet
1582 2278 1625 2310 ita
1634 2279 1813 2310 Halensem
1827 2284 1982 2320 sequutus
1997 2283 2027 2310 et
2041 2279 2184 2309 imitatus
2185 2276 2296 2318 fuerit
2305 2286 2330 2306 s.
2341 2274 2432 2306 Tho-

1357 2332 1436 2361 mas,
1463 2329 1499 2354 ut
1521 2323 1629 2363 ipsum
1652 2323 1748 2354 etiam
1773 2323 1977 2364 superaverit,
2001 2322 2196 2364 theologiam
2214 2318 2433 2362 parturiendo

1357 2364 1473 2409 (verbis
1497 2374 1571 2398 utor
1584 2367 1704 2398 Natalis
1720 2366 1911 2410 Alexandri)
1933 2367 2162 2408 Summamque
2180 2363 2359 2402 scribendo,
2377 2372 2432 2394 cu-

1357 2412 1408 2442 ius
1425 2411 1467 2442 ab
1485 2412 1608 2450 ordine,
1627 2412 1784 2450 methodo,
1803 2413 2009 2450 sublimitate,
2027 2412 2142 2449 nitore,
2161 2410 2261 2452 strlo,
2278 2407 2432 2440 eruditio-

1358 2465 1408 2494 ne,
1429 2457 1648 2489 ratiocinandi
1671 2458 1722 2495 vi,
1749 2457 1883 2488 Summa
1907 2457 2047 2488 doctoris
2068 2455 2226 2487 Halensis
2254 2458 2319 2486 toto
2341 2451 2432 2484 eaelo
2453 2482 2457 2487 ,

1356 2500 1460 2532 distet.
