2548 4192
199 287 280 312 LXVI

198 354 242 384 ad
255 352 443 384 celebranda
459 351 635 382 communis
647 349 745 380 studii
759 347 897 379 eiusdem
905 346 1028 387 festiva
1039 345 1204 380 solemnia,
1213 343 1260 372 1ιὶ-

199 398 315 429 lariter
322 396 524 437 providimus
545 393 764 425 invitandum:
772 392 928 433 fidelitati
945 396 1019 420 tuae
1032 386 1261 428 praecipiendo

196 441 395 477 mandantes,
420 444 577 480 quatenus
599 439 638 468 de
653 437 775 478 favore
797 441 828 466 et
849 435 959 475 gratia
984 438 1094 463 nostra
1115 439 1259 466 securus,

196 486 239 517 ad
272 486 427 516 civitatem
459 485 558 523 ipsam
589 482 627 512 ob
655 481 866 511 reverentiam
898 477 1078 507 Maiestatis
1101 475 1258 510 Nostrae,

191 529 409 571 personaliter
431 532 588 563 recturus,
613 525 755 555 accedas.
780 524 822 553 Et
846 528 880 552 ut
903 526 1021 551 certam
1042 520 1203 558 concipias
1221 518 1260 547 de

197 579 326 604 nostrae
347 573 476 613 gratiae
494 570 683 600 liberalitate
696 568 866 609 fiduciam,
879 565 1018 604 firmiter
1037 569 1068 614 te
1082 569 1189 613 tenere
1208 571 1259 612 vo-

197 619 313 654 lumus,
331 616 415 656 quod
435 616 466 645 in
486 614 623 644 adventu
643 618 715 649 tuo,
732 613 764 641 in
787 612 917 651 signum
936 607 1135 639 secundioris
1153 615 1259 645 auspi-

197 663 248 700 cii,
273 662 312 692 de
330 660 438 691 valore
460 667 568 688 annuo
592 666 628 686 12
654 656 822 686 unciarum
846 654 922 684 auri
943 652 997 682 tibi
1013 651 1124 691 faciat
1148 655 1258 680 nostra

197 704 411 746 munificentia
432 701 603 742 provideri.
628 699 715 736 Quid
738 705 784 728 est
807 707 881 737 ergo
906 696 1003 733 ultra,
1024 701 1060 725 ut
1083 695 1121 724 de
1143 693 1259 743 scholis

196 747 421 788 neapolitanis,
454 755 532 786 quas
562 743 777 784 frequentabat
804 742 948 771 Thomas
972 740 1073 779 deque
1105 744 1259 777 magistris

198 793 263 823 eius
287 787 491 832 quaeramus?
520 788 665 828 Magister
688 787 774 817 adest
796 786 911 816 Petrus
933 784 972 834 de
994 783 1172 832 Hibernia:
1202 791 1259 831 ¹¹0ss

196 846 268 867 men
293 835 376 865 enim
406 841 436 864 et
459 833 556 873 patria
587 838 618 862 et
639 838 783 871 tempora
811 834 1003 860 convemunt
1025 833 1183 867 apprime3
1203 835 1258 866 qur

197 890 269 911 cum
299 879 330 908 in
361 877 474 908 scholis
503 876 635 916 publicis
667 882 696 906 et
720 874 927 905 saecularibus
957 872 1138 902 moderator
1168 876 1258 907 esset,

195 924 316 954 scholas
339 922 432 952 etiam
456 921 625 951 saeculares
649 926 679 950 et
702 919 841 959 publicas
865 917 975 947 adiisse
990 916 1153 946 Thomam
1172 924 1257 944 com-

196 975 320 1009 pertum
344 973 398 996 est.
1132 1003 1149 1009 ..

262 1012 311 1041 ΙΙΙ.
327 1011 473 1040 Thomae
491 1009 625 1049 Neapoli
640 1008 778 1048 degentis
792 1006 970 1047 profectum
985 1005 1015 1034 in
1033 1004 1167 1034 scientns
1182 1009 1258 1033 atte-

195 1062 328 1087 stantem
346 1055 498 1085 habemus
518 1053 616 1083 allatis
635 1053 698 1083 iam
721 1052 821 1082 verbis
841 1050 1049 1081 Guillelmum
1078 1049 1116 1078 de
1136 1048 1257 1077 Tocco.

195 1100 297 1131 Testis
321 1098 438 1129 accedit
460 1098 721 1128 Bartholomaeus
734 1097 783 1130 ,de
807 1095 918 1135 Capua
933 1093 1110 1133 Logotheta
1133 1092 1166 1122 in
1181 1092 1257 1122 Pro-

195 1154 282 1175 cessu
313 1142 558 1174 canonizationis
582 1152 648 1181 cap.
674 1151 714 1178 ix,
739 1150 827 1171 num.
853 1140 912 1180 76:
938 1139 1069 1174 Missus,
1099 1136 1257 1177 inquiens,

195 1189 238 1219 ad
260 1188 506 1228 Neapolitanum
529 1186 680 1223 studium,
706 1187 737 1215 in
761 1182 1059 1225 grammaticalibus
1082 1187 1112 1212 et
1136 1182 1257 1222 logica-

195 1233 276 1263 libus
305 1241 413 1263 omnes
441 1231 655 1267 antecedebat,
687 1228 880 1269 conferendo
908 1233 938 1258 et
960 1225 1163 1267 disputando.
1195 1225 1257 1256 Sed

195 1276 366 1308 christianis
389 1276 483 1306 etiam
506 1275 627 1315 piisque
651 1274 793 1304 moribus
816 1272 951 1302 maxime
971 1270 1169 1311 proficiebat:
1197 1270 1258 1300 Co-

194 1322 378 1362 gitabatque
413 1321 611 1350 commissum
649 1319 707 1349 sibi
744 1319 896 1348 talentum
935 1315 1096 1346 naturalis
1133 1316 1259 1356 ingenii

195 1364 301 1408 (verba
331 1370 403 1394 sunt
432 1364 547 1394 laudati
572 1361 747 1405 Guillelmi)
770 1362 853 1393 dono
875 1361 1005 1402 gratiae
1027 1360 1172 1400 spiritus,
1194 1369 1259 1400 per

195 1410 362 1440 transitum
378 1409 421 1439 ad
434 1408 570 1448 aliquem
589 1407 741 1438 Ordinem
761 1411 983 1447 augmentare.
1003 1403 1174 1445 Frequenti
1190 1411 1257 1435 ute-

194 1455 285 1484 batur
312 1453 443 1483 fratrum
461 1452 588 1483 Ordinis
615 1451 869 1482 Praedicatorum
893 1449 1136 1480 consuetudine:
1161 1449 1258 1479 duos-

195 1508 257 1539 que
280 1497 459 1538 praesertim
474 1497 604 1527 eximios
628 1497 711 1526 viros
730 1495 991 1526 Bartholomaeus
1007 1494 1045 1524 de
1061 1493 1173 1534 Capua
1193 1503 1258 1524 me-

195 1549 307 1581 morat,
326 1541 470 1583 fratrem
499 1541 652 1572 Ioannem
676 1541 715 1571 de
741 1540 878 1576 Caiatia,
905 1540 960 1579 qui
983 1544 1055 1569 erat
1077 1539 1170 1569 homo
1189 1548 1258 1568 ma-

194 1597 281 1628 gnae
299 1587 507 1623 auctoritatis,
524 1586 656 1616 multum
669 1585 871 1625 familiarem
893 1584 977 1614 dicto
981 1583 1092 1624 fratri
1107 1583 1259 1621 Thomae;

194 1637 225 1662 et
236 1631 381 1672 fratrem
400 1631 552 1660 Ioannem
571 1630 611 1660 de
628 1640 653 1660 s.
669 1629 809 1666 Iuliano,
833 1629 991 1659 hominem
1012 1638 1154 1669 magnae
1175 1629 1260 1671 vitae

195 1681 226 1706 et
247 1675 442 1706 humilitatis.

259 1719 388 1749 Divinae
407 1718 590 1757 vocationis,
605 1728 667 1759 qua
686 1728 718 1748 se
738 1724 929 1758 pertractum
944 1717 984 1748 ad
998 1717 1154 1748 Ordinem
1169 1717 1259 1747 Prae-

195 1764 369 1794 dicatorum
393 1763 559 1800 sentiebat,
589 1763 751 1793 conscium
775 1762 909 1793 reddidit
937 1762 1102 1792 laudatum
1133 1761 1260 1792 fratrem

194 1809 344 1838 Ioannem
367 1807 405 1837 de
429 1818 452 1838 s.
478 1807 613 1838 Iuliano:
639 1807 703 1844 Qui
727 1814 758 1838 et
781 1808 926 1838 iuvenem
951 1817 971 1837 a
990 1807 1060 1837 Deo
1082 1806 1143 1837 sibi
1165 1806 1260 1837 desti-

194 1858 302 1882 natum
328 1851 455 1892 optimis
479 1852 615 1882 consiliis
639 1851 768 1889 adiuvit,
784 1858 815 1882 et
833 1852 877 1882 ad
896 1853 1079 1892 ingressum
1098 1851 1261 1891 praedicti

196 1896 326 1927 Ordinis
344 1901 447 1927 mente
469 1897 652 1937 dispositum
673 1897 849 1927 inclinavit.
874 1896 977 1927 Verba
996 1902 1070 1926 sunt
1099 1895 1262 1926 Guillelmi

195 1941 233 1971 de
248 1941 367 1979 Tocco,
378 1951 458 1981 quae
477 1941 645 1971 verborum
659 1941 895 1971 Bartholomaei
910 1940 948 1971 de
964 1940 1088 1981 Capua,
1097 1940 1263 1971 dicebatur

196 1987 328 2023 notorie,
348 1985 532 2026 inquientis,
553 1985 698 2027 fratrem
724 1986 874 2016 Thomam
895 1985 935 2016 de
953 1986 1080 2026 Aquino
1100 1989 1261 2025 receptum

184 2029 294 2070 fuisse
319 2031 350 2060 in
373 2030 494 2061 Ordine
516 2030 778 2061 Praedicatorum
803 2041 821 2060 a
845 2030 936 2061 fratre
961 2030 1079 2060 Ioanne
1106 2029 1144 2060 de
1169 2040 1193 2060 S.
1213 2029 1262 2060 lu-

192 2074 288 2112 liano,
312 2074 488 2114 legitimum
508 2085 635 2105 sensum
654 2075 821 2114 declarant,
846 2075 1080 2106 adolescentem
1099 2073 1263 2104 Thomam

194 2118 329 2149 consiliis
354 2119 418 2149 eius
445 2119 484 2149 ad
499 2119 652 2150 Ordinem
675 2119 866 2150 adductum:
897 2125 1021 2151 constat
1044 2118 1176 2160 quippe,
1204 2118 1262 2149 fra-

193 2170 273 2193 trem
309 2163 470 2193 Thomam
506 2163 587 2203 Agni
621 2164 659 2194 de
691 2164 827 2195 Lentino
844 2187 852 2201 ,
891 2164 946 2205 qui
984 2170 1054 2194 tum
1087 2170 1264 2194 conventus

192 2207 332 2238 Priorem
362 2209 490 2248 agebat,
515 2218 589 2238 eum
616 2215 700 2239 veste
723 2209 874 2246 induisse,
903 2215 939 2240 ut
962 2208 1056 2239 habet
1085 2208 1264 2239 Bernardus

194 2252 358 2283 Guidonis.
385 2253 474 2290 Quae
498 2253 628 2283 demum
652 2254 770 2291 omnia,
786 2253 812 2284 si
836 2253 1002 2284 attentiore
1022 2259 1129 2283 mente
1149 2262 1264 2293 expen-

194 2297 315 2335 dantur,
340 2303 453 2327 notum
475 2296 510 2328 fit
533 2304 807 2339 compertumque,
833 2298 918 2329 haud
941 2298 984 2328 ita
1007 2297 1097 2328 facile
1116 2296 1264 2328 Thomae

194 2340 298 2371 iuveni
329 2341 493 2372 convenire
523 2342 681 2382 potuisse,
717 2342 742 2372 si
774 2343 909 2383 Neapoli
941 2342 1066 2373 frocum
1096 2348 1263 2382 gestasset,

194 2385 363 2426 litterisque
387 2396 421 2416 ac
445 2386 578 2417 scientiis
602 2387 633 2416 in
659 2387 863 2418 Benedictino
889 2386 1067 2424 coenobio,
1098 2393 1263 2428 tamquam

195 2430 368 2460 monachus
392 2440 497 2461 recens
521 2430 693 2471 professus,
719 2442 850 2472 operam
874 2432 1018 2463 dedisset.

587 2511 785 2572 CAPUUT
819 2512 865 2549 V.

195 2589 311 2614 Thomas
339 2594 395 2614 tum
423 2591 527 2615 saeculo
547 2591 651 2616 demum
676 2592 808 2623 valedixit,
833 2601 892 2618 curn
918 2593 1026 2618 fratrum
1052 2593 1263 2618 Praedicatorum

284 2625 374 2650 Ordini
394 2634 487 2651 nornen
508 2627 583 2651 dedit.
603 2627 782 2660 Disquisitoris
802 2629 869 2653 mala
888 2627 952 2654 fides
981 2633 1007 2654 et
1030 2629 1172 2654 oscitantia.

198 2699 220 2730 1.
325 2698 344 2728 d
376 2698 454 2728 illud
483 2698 613 2739 piissimi
646 2700 851 2731 adolescentis
884 2700 1031 2732 Thomae
1063 2701 1263 2742 praeclarum

325 2742 455 2781 facinus,
476 2753 549 2774 cum
567 2743 721 2775 Ordinem
739 2745 995 2776 Praedicatorum
1019 2746 1184 2787 amplexus
1205 2752 1262 2783 est,

198 2788 261 2819 iam
284 2797 387 2818 sermo
418 2787 556 2818 devenit:
587 2798 652 2829 quo
683 2789 731 2819 vel
765 2799 831 2820 uno
864 2789 897 2820 in
927 2790 1012 2821 bona
1045 2791 1114 2822 luce
1145 2790 1263 2831 posito,

199 2839 310 2864 cuncta
332 2831 448 2862 micant
471 2832 579 2862 omnia
602 2832 840 2872 fulgentissima,
860 2844 941 2875 quae
965 2835 1117 2866 hactenus
1141 2845 1264 2866 enarra-

198 2877 310 2908 vimus.
335 2877 409 2907 Non
432 2876 517 2906 enirn
541 2877 697 2917 negaverit
720 2878 921 2919 Disquisitor,
946 2879 971 2909 si
1001 2879 1167 2911 Thomam
1189 2879 1264 2910 vali-

198 2921 331 2952 dissimis
355 2921 544 2960 argumentis
568 2922 742 2961 probavero
770 2929 840 2953 tum
864 2923 995 2954 demum
1014 2924 1177 2956 saeculum
1196 2924 1265 2955 reli-

199 2966 320 3006 quisse,
345 2975 418 2996 cum
437 2965 548 2996 Ordini
573 2965 704 2997 fratrum
727 2967 982 2999 Praedicatorum
1013 2979 1132 3000 nomen
1164 2969 1265 3007 dedit,

200 3020 265 3040 uno
289 3010 351 3040 ictu
375 3010 601 3040 monachatum
625 3011 766 3042 eiusdem
790 3012 928 3043 concidi:
954 3023 1054 3055 eaque
1077 3014 1187 3045 omnia
1217 3023 1266 3045 ca-

201 3054 272 3084 dere
295 3063 329 3084 ac
353 3063 451 3091 ruere,
475 3064 556 3095 quae
579 3062 681 3086 narrat
705 3056 742 3086 de
761 3056 890 3087 Thoma
914 3058 1070 3089 cucullato
1100 3069 1135 3090 ac
1154 3068 1267 3089 mona·

201 3098 278 3128 stico
292 3097 434 3128 instituto
454 3108 538 3128 sacra
557 3099 669 3130 emissa
687 3100 882 3140 professione
902 3102 1054 3141 obnoxio,
1074 3103 1139 3134 sive
1158 3102 1266 3134 Casini

203 3142 266 3172 sive
288 3141 421 3182 Neapoli
445 3142 584 3182 degente.

269 3185 329 3216 Sed
352 3186 394 3216 ita
417 3193 472 3223 est,
497 3186 615 3226 degisse
638 3188 801 3219 Thomam
824 3189 855 3220 in
880 3191 1017 3229 saeculo,
1042 3191 1143 3223 donec
1162 3192 1267 3223 divina

203 3229 325 3260 favente
348 3230 454 3270 gratia,
474 3240 553 3271 quae
572 3231 662 3262 illum
680 3232 881 3264 Dominicani
897 3234 1024 3266 Ordinis
1043 3236 1267 3276 professorem,

204 3281 374 3315 antequam
403 3281 595 3313 nasceretur,
626 3278 918 3316 praenunciaverat,
947 3279 1040 3310 frater
1069 3281 1268 3312 Praedicator

205 3318 329 3349 effectus
349 3325 402 3349 est.
423 3319 504 3349 Rem
523 3325 650 3350 testatur
669 3320 869 3352 disertissime
888 3322 1078 3355 Guillelmus
1093 3325 1131 3356 de
1145 3325 1267 3363 Tocco,

205 3362 335 3403 scriptor
358 3362 438 3393 vitae
462 3363 544 3401 eius;
568 3364 672 3404 primo
695 3365 825 3406 quidem
849 3366 909 3397 illis
932 3368 1050 3399 verbis:
1079 3382 1093 3397 α
1116 3369 1269 3409 Cogitans

208 3419 222 3434 »
244 3406 418 3447 praedictus
442 3406 574 3445 iuvenis,
598 3409 686 3449 quod
709 3417 832 3450 poterat
855 3411 912 3442 sibi
933 3421 998 3443 esse
1019 3413 1218 3452 damnabile,
1243 3414 1269 3444 si

209 3463 222 3477 ³>
245 3450 451 3482 commissum
475 3451 502 3482 ei
526 3452 678 3484 talentum
702 3455 850 3485 naturalis
874 3455 1007 3496 ingenii,
1041 3457 1129 3489 dono
1153 3458 1270 3499 gratiae

210 3507 224 3521 ³>
247 3494 371 3534 spiritus
401 3503 656 3535 augmentatum,
689 3499 747 3529 sub
777 3506 856 3530 terra
883 3501 969 3532 velut
1001 3501 1127 3533 sudario
1162 3503 1270 3544 negle-

212 3550 226 3565 »
249 3539 355 3569 ctioris
378 3541 460 3570 vitae
479 3541 691 3580 absconderet,
706 3544 795 3584 quod
818 3551 940 3584 poterat
953 3555 1016 3586 per
1036 3547 1207 3578 transitum
1227 3547 1271 3578 ad

213 3594 227 3608 w
250 3581 384 3622 aliquem
411 3583 562 3615 Ordinem
597 3593 816 3626 augmentare,
848 3588 961 3620 ductus
991 3595 1038 3620 est
1067 3590 1106 3621 ad
1139 3590 1271 3622 fratrum

214 3637 229 3653 »
250 3625 501 3658 Praedicatorum
514 3628 677 3668 Ordinem,
687 3630 742 3661 diu
757 3632 863 3662 cordis
876 3632 1032 3664 desiderio
1047 3633 1242 3675 affectatum.
1252 3647 1267 3663 »

919 263 1375 304 DISSERTATIONES
1406 261 1660 298 CRITICAE

1319 341 1478 371 Haeccine
1502 349 1621 380 quaeso
1646 338 1850 369 convenirent
1874 337 2038 368 casinensi
2058 337 2219 368 monacho
2243 349 2261 368 a
2284 339 2394 370 multis

1317 385 1406 415 annis
1436 381 1599 424 professo?
1630 382 1759 422 Cogitat
1785 392 1860 412 vero
1884 382 2041 419 Thomas,
2059 392 2124 422 per
2146 384 2319 413 transitum
2351 383 2395 414 ad

1318 430 1456 469 aliquem
1487 427 1640 458 Ordinem
1666 426 1723 456 sibi
1743 426 1904 456 doctrinae
1921 433 2131 466 augmentum
2150 434 2275 467 parare;
2298 428 2395 468 igitur

1319 473 1392 503 satis
1408 479 1454 502 est
1468 472 1596 509 indicio,
1612 471 1739 501 nullum
1758 470 1914 501 Ordinem
1928 470 2079 500 hactenus
2094 471 2272 510 ingressum
2286 472 2394 512 ipsum

1319 517 1424 547 fuisse.
1450 516 1599 546 Timebat
1621 515 1684 551 ille,
1708 514 1825 554 ingenii
1849 514 2005 544 talentum
2028 515 2224 546 abscondere
2250 516 2310 548 sub
2339 527 2393 548 ne-

1317 561 1483 601 glectioris
1507 561 1591 590 vitae
1614 565 1713 597 statu;
1744 558 1839 598 igitur
1868 559 2079 589 monasticam
2102 559 2200 590 vitam
2231 570 2298 591 non
2329 569 2394 593 erat

1315 605 1488 644 amplexuS.
1521 603 1602 640 Quis
1632 603 1719 633 enim
1749 602 1870 641 credat,
1902 603 2123 634 humillimum
2155 604 2336 645 Thomam,
2367 606 2393 637 si

1315 649 1492 679 monastico
1516 647 1661 677 instituto
1685 647 1828 677 addictus
1852 654 1942 685 esset,
1967 648 2179 679 monasticam
2209 650 2308 680 vitam
2331 651 2393 681 exi-

1315 693 1441 723 stimare
1463 692 1606 732 potuisse
1630 693 1727 722 vitam
1760 691 2015 732 neglectiorem?
2037 695 2103 724 Aut
2127 703 2183 724 cur
2213 694 2393 726 timendum

1314 737 1358 767 illi
1389 737 1506 774 fuerat,
1538 742 1574 766 ut
1602 735 1814 766 commissum
1844 736 1902 766 sibi
1933 736 2089 767 talentum
2119 738 2328 770 absconderet
2359 739 2392 770 in

1314 781 1434 812 Ordine
1449 780 1667 818 Benedictino,
1689 780 1721 810 in
1736 785 1803 820 quo
1827 789 2059 820 praecesserant
2082 789 2131 813 tot
2154 783 2392 823 praeclarissimi

1313 825 1382 863 viri,
1398 825 1558 855 sanctitate
1578 831 1609 855 et
1627 824 1780 864 sapientia
1800 831 2008 865 praestantes;
2035 833 2065 857 et
2084 836 2121 857 ex
2140 837 2207 868 quo
2221 828 2393 859 Erasmum

1314 869 1511 900 monachum
1534 869 1595 899 illis
1619 879 1700 909 pene
1734 869 1845 899 diebus
1869 870 1909 900 ad
1937 871 2127 901 tradendum
2151 872 2277 912 publice
2303 873 2392 904 theo-

1314 914 1433 953 logiam
1470 920 1655 944 evocaverat
1687 913 1896 954 Neapolitana
1932 914 2098 946 doctorum
2133 922 2163 946 et
2194 917 2391 948 scholarium

1317 958 1545 988 Universitas?
1558 958 1705 999 Denique
1729 968 1804 988 cum
1828 959 1976 989 Thomae
2000 959 2087 990 cordi
2112 967 2203 999 esset,
2219 971 2284 1002 per
2301 967 2392 993 tran-

1313 1003 1409 1033 situm
1433 1002 1477 1033 ad
1506 1003 1646 1043 aliquem
1674 1002 1847 1041 Ordinem,
1874 1003 1978 1034 otium
2007 1011 2150 1035 excutere
2175 1007 2260 1036 vitae
2283 1007 2393 1048 negle-

1313 1048 1443 1084 ctioris,·
1466 1047 1645 1088 ductusque
1669 1047 1763 1078 fuerit
1786 1048 1825 1078 ad
1849 1047 2004 1079 Ordinem
2034 1049 2167 1080 fratrum
2195 1050 2393 1082 Praedicato-

1313 1102 1396 1130 rum,
1419 1092 1474 1122 diu
1499 1092 1606 1122 cordis
1624 1092 1783 1123 desiderio
1802 1092 1989 1133 affectatum
1996 1100 2010 1131 ,·
2023 1094 2095 1134 quis
2117 1094 2190 1124 inde
2219 1105 2286 1125 non
2305 1095 2393 1126 colli-

1313 1143 1376 1176 gat,
1392 1143 1463 1167 tum
1486 1137 1619 1167 demum
1650 1137 1813 1168 saeculum
1837 1137 2001 1178 reliquisse
2015 1138 2198 1177 Thomam,
2223 1149 2298 1170 cum
2313 1140 2394 1171 inter

1314 1180 1422 1211 fratres
1453 1181 1702 1219 praedicatores,
1735 1191 1848 1212 eorum
1871 1181 1982 1213 induta
2004 1189 2108 1221 veste,
2133 1190 2302 1224 cooptatus
2327 1182 2393 1215 est?

1379 1226 1511 1256 Novum
1543 1226 1724 1266 suppeditat
1756 1226 1900 1257 eiusdem
1932 1227 1976 1257 rei
2009 1235 2214 1259 momentum
2245 1229 2393 1260 laudatus

1314 1269 1517 1308 Guillelmus,
1542 1270 1598 1311 qui
1622 1270 1770 1301 Thomae
1794 1271 1972 1311 ingressum
1995 1271 2028 1302 in
2052 1272 2207 1303 Ordinem
2231 1273 2392 1304 Praedica-

1314 1321 1423 1345 torum
1453 1325 1529 1345 cum
1559 1322 1723 1354 narrasset,
1740 1315 1854 1346 -statim
1884 1316 1960 1347 haec
1989 1317 2129 1348 subiicit:
2153 1318 2205 1348 De
2228 1318 2321 1349 cuius
2344 1319 2392 1348 in-

1311 1369 1430 1400 gressu
1461 1359 1616 1390 admirati
1637 1365 1714 1390 sunt
1744 1360 1865 1391 nobiles
1888 1362 2046 1399 civitatis,
2071 1362 2157 1402 quod
2179 1367 2245 1393 tam
2278 1362 2393 1393 nobilis

1313 1405 1439 1435 iuvenis
1462 1409 1639 1444 parentum
1670 1404 1799 1435 domum
1830 1405 2002 1436 desereret.
2035 1405 2278 1437 Commentario
2309 1416 2393 1447 opus

1313 1458 1380 1479 non
1404 1454 1461 1486 est,
1486 1449 1541 1479 sed
1564 1449 1673 1479 animo
1693 1449 1893 1489 praeiudiciis
1907 1460 2022 1488 vacuo,
2047 1457 2082 1481 ut
2101 1451 2248 1482 noverint
2267 1461 2393 1489 omnes,

1313 1499 1477 1534 quotquot
1499 1493 1576 1524 haec
1599 1493 1742 1533 legerint,
1766 1494 1931 1525 Thomam
1955 1495 2149 1526 saecularem
2172 1495 2271 1526 vitam
2294 1495 2394 1536 egisse

1313 1537 1465 1578 Neapoli;
1485 1547 1520 1568 ac
1535 1544 1605 1568 tum
1625 1538 1758 1568 demum
1770 1544 1947 1579 parentum
1966 1539 2096 1570 domum
2117 1546 2148 1571 et
2166 1540 2251 1571 bona
2272 1540 2394 1579 omnia,

1313 1582 1430 1623 quibus
1454 1582 1523 1613 eius
1546 1581 1665 1613 familia
1688 1582 1873 1623 perillustris
1897 1590 1928 1614 et
1950 1590 2065 1624 potens
2089 1585 2281 1622 abundabat,
2305 1584 2395 1616 dese·

1314 1629 1429 1665 ruisse,
1446 1637 1521 1658 cum
1537 1627 1643 1658 lesum
1657 1637 1832 1668 pauperem
1847 1628 1936 1669 sequi
1951 1628 2065 1659 maluit
2082 1629 2115 1659 in
2135 1628 2256 1660 Ordine
2271 1628 2396 1661 Praedi—

1315 1678 1470 1710 catorum‚
1486 1682 1626 1713 eumque
1641 1672 1806 1712 amplexus
1821 1679 1877 1703 est.
1894 1673 1975 1703 Rem
1990 1672 2158 1704 confirmat
2171 1683 2196 1704 s.
2212 1670 2398 1705 Antoninus

1315 1723 1403 1756 parte
1427 1716 1467 1746 111
1493 1716 1656 1755 Chronici,
1680 1717 1775 1747 titulo
1798 1727 1890 1755 xxm,
1915 1717 2016 1758 capite
2046 1728 2112 1756 vm,
2137 1717 2165 1759 §-
2190 1728 2201 1748 1
2231 1717 2397 1760 inquienst

1319 1761 1430 1802 Coepit
1452 1764 1559 1792 secum
1583 1761 1740 1799 Thomas,
1765 1762 1905 1792 Domino
1928 1768 2064 1803 agente,
2089 1763 2260 1803 disponere
2284 1771 2398 1795 saecu·

1317 1806 1383 1836 lum
1399 1806 1583 1847 relinquere
1598 1811 1628 1836 et
1649 1805 1803 1837 Ordinem
1819 1807 2085 1845 &aediculorum
2109 1808 2253 1839 introire.
2269 1807 2399 1839 Coetus

1317 1857 1397 1888 esto,
1408 1850 1464 1891 qui
1479 1850 1672 1881 saecularem
1686 1850 1834 1881 Thomae
1849 1858 1978 1889 statum,
1994 1858 2167 1893 antequam
2181 1852 2397 1884 Dominicmo

1318 1895 1431 1926 Ordini
1455 1905 1575 1926 nomen
1600 1895 1697 1931 daret,
1717 1895 1802 1926 hisce
1826 1895 1928 1926 verbis
1943 1896 2137 1937 descriptum
2156 1906 2223 1927 non
2242 1896 2397 1938 intelligit.

1385 1940 1489 1980 Pergit
1519 1949 1643 1971 narrare
1668 1939 1878 1978 Guillelmus,
1906 1947 2010 1971 motas
2034 1941 2067 1971 in
2091 1941 2256 1972 Thomam
2286 1940 2399 1972 Domi-

1318 1983 1465 2015 nicanam
1488 1991 1609 2015 vestem
1632 1984 1783 2015 indutum
1815 1985 2063 2025 persecutiones,
2087 1993 2218 2026 captum
2242 1985 2339 2017 etiam
2368 1992 2399 2017 et

1318 2029 1351 2059 in
1375 2038 1531 2059 carcerem
1561 2029 1775 2060 domesticum
1798 2029 1969 2068 intrusum,
2000 2030 2200 2070 gravissimas
2223 2030 2357 2062 demum
2380 2040 2399 2060 a

1319 2073 1465 2104 fratribus
1484 2073 1597 2104 inlatas
1615 2073 1760 2104 iniurias:
1785 2075 1833 2104 Ac
1856 2074 1937 2105 inter
1955 2074 2027 2112 alia,
2046 2074 2240 2106 dilaniatum
2260 2075 2302 2106 ab
2319 2075 2398 2117 ipsis

1318 2118 1460 2149 habitum
1485 2117 1635 2158 praedicti
1651 2117 1780 2149 Ordinis
1804 2118 2020 2157 Dominicani,
2045 2124 2081 2150 ut
2093 2129 2180 2160 prae
2203 2119 2398 2151 verecundia

1318 2163 1511 2194 dilaniatum
1535 2162 1708 2203 deponeret
1737 2168 1767 2194 et
1789 2153 1890 2194 alium
1917 2163 2085 2202 indueret,
2104 2165 2162 2206 qui
2178 2164 2327 2205 placeret
2357 2164 2398 2196 ei.

1319 2207 1514 2245 Quomodo,
1538 2207 1651 2248 inquio
1675 2217 1751 2248 ego,
1776 2208 1936 2239 monacho
1957 2218 1975 2238 a
1998 2208 2108 2240 multis
2131 2208 2222 2239 annis
2241 2207 2400 2250 professo,

1318 2252 1447 2293 qualem
1471 2251 1567 2283 fuisse
1591 2251 1767 2290 Thomam,
1791 2262 1867 2283 cum
1890 2252 1967 2284 haec
1995 2253 2207 2294 contigerunt,
2236 2251 2401 2285 contendit

1318 2296 1522 2337 Disquisitor,
1547 2296 1730 2327 facultatem
1758 2296 1904 2328 fecissent
1927 2297 2036 2328 fratres
2059 2297 2140 2337 irati,
2164 2304 2200 2329 ut
2226 2308 2292 2329 una
2313 2303 2400 2329 veste

1320 2341 1531 2372 Dominicana
1555 2341 1710 2382 deposita,
1725 2342 1826 2372 alium
1851 2342 2000 2373 indueret
2022 2342 2184 2380 habitum,
2214 2343 2270 2384 qui
2286 2342 2399 2384 place-

1320 2391 1370 2417 ret
1393 2386 1450 2417 ei?
1478 2385 1540 2417 Sed
1564 2385 1640 2416 haec
1671 2386 1840 2425 evincunt,
1875 2387 2068 2418 saecularem
2092 2386 2188 2418 fuisse
2212 2386 2399 2426 Thomam,

1320 2430 1422 2461 donec
1442 2437 1563 2461 vestem
1582 2430 1829 2462 Dominicanam
1844 2430 1965 2462 induit:
1990 2441 2089 2473 quam
2113 2431 2248 2463 subinde
2267 2431 2307 2463 ab
2324 2430 2399 2474 ipso

1319 2475 1465 2506 indutam
1495 2475 1528 2505 in
1553 2474 1651 2506 frusta
1675 2475 1881 2507 conciderunt
1904 2485 1979 2516 prae
2006 2475 2052 2507 ira
2082 2475 2207 2515 fratres;
2235 2475 2400 2518 aliumque

1319 2519 1476 2557 habitum,
1501 2526 1557 2551 aut
1580 2519 1814 2558 monachalem,
1839 2527 1894 2551 aut
1918 2520 2176 2560 ecclesiasticum,
2201 2527 2256 2552 aut
2281 2520 2400 2552 laicum

1320 2564 1475 2602 obtulere,
1495 2571 1532 2595 ut
1555 2574 1622 2595 uno
1646 2564 1755 2596 habitu
1771 2565 2028 2596 Praedicatorum
2051 2572 2195 2607 excepto,
2210 2561 2399 2607 quemcum'-

1319 2618 1382 2651 que
1406 2608 1525 2647 mallet,
1550 2609 1644 2639 minis
1669 2616 1699 2640 et
1722 2609 1844 2640 iniuriis
1867 2609 1993 2648 cedens,
2017 2610 2147 2641 tandem
2170 2610 2360 2642 adsumeret.

1387 2654 1474 2684 Haec
1506 2653 1643 2684 narranti
1668 2653 1843 2685 Guillelmo
1876 2654 1964 2685 testis
1994 2654 2113 2685 accedit
2135 2654 2400 2692 Bartholomaeus

1320 2698 1359 2729 de
1383 2697 1514 2738 Capua,
1545 2697 1672 2729 auditus
1703 2704 1734 2729 et
1761 2698 1882 2730 iuratus
1909 2698 1942 2729 in
1966 2699 2119 2730 Processu
2150 2697 2400 2730 canonizationis

1321 2742 1422 2783 capite
1446 2752 1495 2780 rx,
1519 2752 1609 2773 num.
1635 2743 1690 2784 76,
1706 2742 1760 2773 ubi
1785 2749 1932 2774 testatur:
1958 2743 1998 2774 Se
2021 2743 2102 2774 inter
2124 2743 2185 2774 alia
2199 2742 2356 2775 audivisse
2378 2752 2402 2774 a

1311 2787 1366 2830 fr.
1389 2787 1515 2818 Ioanne
1537 2787 1578 2818 de
1603 2787 1732 2818 Caiatia
1755 2792 1787 2818 et
1809 2797 1830 2818 a
1843 2787 1898 2829 fr.
1919 2787 2044 2819 Ioanne
2065 2788 2106 2819 de
2123 2797 2150 2819 s.
2174 2787 2324 2827 Iuliano,
2343 2787 2400 2829 qui

1322 2842 1397 2863 cum
1420 2831 1551 2862 Thoma
1573 2831 1698 2863 vivente
1722 2831 1967 2863 familiaritatem
1989 2832 2180 2871 habuerunt,
2204 2837 2236 2864 et
2258 2842 2301 2864 ex
2321 2841 2400 2874 quo-

1322 2877 1396 2908 dam
1427 2877 1589 2908 communi
1605 2877 1810 2918 praeloquio,
1835 2876 1956 2908 sactum
1986 2887 2071 2915 esse,
2097 2883 2131 2908 ut
2145 2876 2270 2919 favore
2292 2881 2323 2908 et
2339 2886 2400 2918 po-

1323 2922 1423 2952 tentia
1447 2921 1525 2952 dicti
1541 2922 1651 2962 patris
1673 2919 1871 2964 (Landulphi
1899 2919 2030 2974 scilicet)
2062 2921 2145 2953 idem
2165 2921 2284 2963 frater
2318 2921 2401 2957 no-

1323 2975 1394 2997 mas
1417 2970 1555 3007 captus‚.
1569 2965 1680 3007 suerit
1710 2966 1743 2997 in
1767 2970 1874 2997 castro
1891 2971 2033 3007 paterno
2055 2966 2253 2998 detentus...
2275 2971 2306 2998 et
2328 2965 2402 2998 licet

1323 3011 1406 3042 idem
1439 3019 1519 3042 suus
1547 3011 1686 3052 genitor
1716 3010 1777 3042 sibi
1806 3010 2012 3042 monachales
2051 3011 2102 3042 vel
2134 3010 2268 3042 laicales
2297 3014 2403 3043 restes

1322 3054 1466 3097 offerret,
1487 3064 1543 3086 eas
1562 3060 1737 3096 numquam
1752 3056 1896 3096 recipere
1909 3055 2019 3086 voluit.
2040 3055 2131 3093 Quae
2145 3055 2241 3086 verba
2263 3054 2402 3087 saecula-

1323 3109 1391 3131 rem
1409 3099 1558 3131 Thomae
1572 3099 1682 3139 vitam,
1707 3106 1879 3141 antequam
1897 3099 2112 3131 Dominicano
2136 3099 2251 3132 Ordini
2269 3098 2402 3131 adstrin-

1322 3151 1457 3185 geretur,
1481 3143 1651 3176 clarissime
1682 3150 1924 3185 repraesentant.
1954 3145 2030 3181 Quo
2062 3155 2095 3176 se
2118 3145 2157 3176 ab
2181 3144 2230 3176 his
2258 3143 2403 3186 expetiit

1323 3190 1424 3220 modo
1439 3188 1642 3230 Disquisitor‚
1653 3188 1854 3220 referendum
1869 3195 1925 3220 est.
1941 3189 1995 3220 Ait
2009 3189 2127 3221 scilicet
2141 3199 2209 3230 cap.
2220 3199 2252 3227 v,
2266 3197 2358 3220 num.
2371 3187 2401 3220 3:

1327 3247 1341 3262 α
1364 3234 1448 3265 Hinc
1468 3234 1686 3272 observamus,
1706 3239 1870 3274 parentem
1893 3233 1961 3265 eius
1981 3233 2211 3275 Landulphum
2225 3233 2401 3272 Comitem,

1327 3291 1342 3306 ι
1365 3289 1440 3310 curn
1470 3278 1563 3309 illum
1594 3288 1611 3309 e
1641 3285 1743 3309 castro
1766 3277 2048 3319 Aquaependentis
2079 3279 2118 3310 ad
2146 3288 2179 3310 se
2207 3277 2401 3315 adductum,

1327 3336 1341 3350 »
1364 3322 1541 3354 domestico
1565 3322 1678 3354 carceri
1702 3322 1837 3361 addixit,
1861 3329 1891 3354 et
1914 3322 2160 3362 Dominicanas,
2179 3332 2259 3365 quas
2280 3321 2333 3354 me
2353 3330 2402 3353 re-

1327 3380 1342 3395 »
1365 3377 1438 3399 cens
1461 3367 1617 3406 induerat,
1641 3373 1741 3398 vestes
1765 3367 1797 3398 in
1822 3367 1920 3399 frusta
1944 3367 2100 3407 concidit,
2124 3367 2330 3399 monachales
2352 3366 2401 3398 in-

1328 3425 1342 3439 »
1365 3412 1512 3443 duendas
1534 3411 1702 3443 obtulisse:
1734 3411 1824 3453 quod
1846 3411 1993 3443 laudatus
2017 3422 2112 3454 supra
2138 3411 2402 3443 Bartholomaeus

1328 3470 1342 3484 »
1365 3457 1404 3487 de
1424 3456 1537 3498 Capua
1562 3456 1663 3498 Regni
1683 3456 1804 3488 Siciliae
1823 3456 2076 3496 protonotarius,
2090 3456 2179 3488 testis
2196 3455 2229 3487 in
2246 3455 2402 3486 Processu

1328 3514 1342 3529 n
1366 3501 1615 3533 canonizationis
1647 3501 1794 3541 auditus,
1827 3500 2007 3537 iuramento
2040 3507 2171 3533 testatus
2203 3496 2260 3531 est'.
2289 3511 2305 3528 t
2338 3498 2402 3531 Ubi

1325 3545 1555 3584 animadverte,
1579 3545 1663 3577 solas
1687 3546 1893 3578 monachales
1915 3550 2018 3578 vestes
2039 3546 2078 3577 ab
2102 3545 2158 3576 illo
2181 3543 2314 3585 exponi;
2341 3542 2401 3575 lai-

1326 3590 1412 3621 cales
1433 3599 1510 3621 vero
1540 3589 1636 3621 etiam
1663 3590 1805 3630 oblatas,
1837 3596 1874 3622 ut
1896 3596 2026 3622 temnit
2048 3588 2245 3630 Logotheta,
2275 3587 2401 3620 silentio

1326 3633 1437 3675 premi.
1458 3634 1542 3665 Hinc
1561 3634 1704 3676 sequitur
1721 3634 1784 3674 ille,
1800 3634 1881 3666 hanc
1899 3634 2064 3666 efformare
2078 3632 2400 3665 demonstrationem:
