2548 4192
210 258 316 284 CXLIV

212 335 332 356 errores
356 325 666 365 Monophysitarum,
687 324 751 354 sive
767 323 1052 364 Eutychianorum,
1069 322 1132 352 sive
1147 321 1280 351 Diosco-

211 369 354 407 ritarum,
379 369 444 399 sive
467 368 703 409 Acephalorum
727 378 762 398 ac
786 367 1028 398 Severianorum
1051 366 1083 396 in
1107 364 1280 405 Areopagi-

211 413 280 444 ticis
312 413 398 443 libris
431 412 598 443 contineri:
628 412 867 452 suspicaturque
900 421 989 441 num.
1022 410 1058 439 16
1093 409 1281 439 eorumdem

213 464 376 488 auctorem
408 457 504 487 fuisse
534 457 663 487 Petrum
687 456 896 496 Cnaphaeum
929 464 984 484 seu
1009 454 1196 491 Fullonem,
1221 453 1280 483 Ec-

213 501 323 533 clesiae
346 501 584 532 Anthiochenae
609 507 794 541 tyrannum,
820 506 873 529 aut
893 498 991 528 aliurn
1015 497 1189 538 quemlibet
1211 507 1281 537 par-

211 546 293 577 tium
313 545 380 576 eius
395 552 425 575 et
444 545 648 575 consiliorum
668 544 801 574 socium.
823 543 857 572 Id
881 543 992 572 saltem
1008 541 1202 582 argumentis
1221 542 1280 572 Le-

212 589 320 631 quieni
345 589 444 619 evinci
470 588 631 619 contendit
662 587 839 618 Matutinus
867 586 1031 627 Veyssiere
1059 586 1089 616 la
1118 585 1220 616 Croze
1247 586 1281 615 in

212 643 307 674 opere
325 633 446 663 Gallico
463 633 571 672 Hagae
590 631 757 662 Comitum
774 641 858 661 anno
881 631 962 672 1739
979 630 1062 671 typis
1079 629 1175 667 edito,
1192 629 1281 670 quod

211 677 390 708 inscribitur
419 677 566 706 Histoire
588 675 631 706 du
659 675 903 705 Christianisme
934 675 1118 714 d'Ethiopie
1137 679 1168 704 et
1186 674 1280 704 d'Ar-

212 722 329 755 menie,
355 727 391 751 ut
408 719 627 760 Areopagitica
650 719 763 760 quinto
787 719 944 749 Ecclesiae
969 719 1095 749 saeculo
1116 718 1280 749 elucubra-

210 765 289 796 verit
316 764 466 804 scriptor,
500 764 555 804 qui
585 770 804 794 commentum
832 763 1020 804 Apollinarii
1049 763 1279 802 temperaverit,

211 807 530 850 praeformaveritque
554 807 708 838 haeresim
727 808 1044 848 Monophysitarum;
1061 818 1096 837 ac
1113 807 1170 837 iste
1186 806 1280 837 fuerit

210 852 359 894 Synesius
390 852 568 892 Episcopus
596 852 809 882 ptolemaidis.
837 852 916 882 Mihi
945 862 1040 882 nemo
1068 852 1145 882 vitio
1169 858 1279 889 vertat,

209 896 388 937 nimiaeque
405 896 553 927 audaciae
567 895 653 926 haud
669 906 721 926 me
738 903 836 935 notet,
853 896 879 927 si
895 896 1031 926 maxime
1047 906 1190 937 pugnam
1205 906 1279 926 cum

209 941 374 982 Lequieno
391 940 574 971 doctissimo
592 940 660 971 viro
678 940 874 971 committere
896 941 1041 979 audeam,
1057 951 1154 982 quem
1170 951 1187 970 a
1202 940 1279 971 facie

209 985 284 1016 novi
302 985 380 1015 dum
396 995 480 1015 anno
506 994 587 1026 1722
605 985 751 1025 degerem
769 985 903 1024 Parisiis,
928 995 1064 1026 quemve
1088 995 1139 1015 me
1164 985 1279 1016 docen-

208 1036 274 1060 tem
306 1039 341 1059 ac
374 1029 503 1059 eruditis
536 1029 704 1069 colloquiis
728 1030 875 1060 beantem
904 1040 996 1070 saepe
1024 1029 1140 1060 audivi.
1159 1029 1220 1060 Sed
1249 1036 1280 1060 et

208 1074 307 1114 ipsius
327 1073 440 1104 Crozei
465 1073 607 1114 opinatio
627 1073 796 1104 refellenda
820 1074 898 1104 mihi
922 1081 977 1105 est.

274 1118 402 1148 Praesto
427 1124 501 1148 sunt
517 1125 702 1157 argumenta
723 1118 832 1158 plura,
861 1118 951 1159 queis
972 1118 1108 1149 auctoris
1131 1120 1274 1158 Areopa-

207 1162 377 1203 giticorum
409 1161 632 1192 orthodoxiam
663 1162 839 1201 vindicem;
871 1173 906 1193 ac
937 1170 1061 1203 praesto
1094 1162 1173 1193 mihi
1205 1169 1279 1193 sunt

208 1206 401 1246 gravissima,
422 1213 457 1236 ut
480 1213 571 1246 puto,
592 1217 753 1247 responsa,
782 1207 898 1248 quibus
922 1207 1070 1247 opposita
1094 1214 1279 1247 argumenta

207 1249 358 1280 infirmari
382 1257 527 1290 possunt,
547 1260 583 1280 ac
600 1250 792 1294 etiam‘elidi.
814 1251 884 1291 ipsa
908 1251 1044 1282 occurrit
1062 1252 1167 1291 primo
1189 1261 1277 1291 prae-

207 1294 328 1325 notatio
352 1295 505 1336 Dionysii
526 1295 763 1336 Areopagitae,
793 1296 852 1326 sub
884 1295 974 1326 cuius
1002 1295 1134 1326 nomine
1163 1296 1277 1326 vetusti

207 1338 386 1370 Orthodoxi
410 1339 515 1370 Patres
530 1339 751 1380 Areopagitica
769 1339 956 1370 laudabant:
977 1340 1066 1380 quod
1089 1347 1277 1380 argumento

209 1389 270 1421 est,
292 1383 478 1413 eorumdem
502 1391 665 1414 auctorem
689 1383 783 1414 fuisse
808 1383 888 1422 illis,
918 1384 966 1414 sin
990 1384 1096 1414 minus
1125 1384 1276 1425 apostoli-

209 1437 283 1457 cum
306 1427 421 1465 virum,
444 1428 542 1458 sancti
565 1428 654 1458 Pauli
671 1427 874 1468 discipulum,
892 1428 1110 1459 orthodoxum
1130 1435 1223 1466 certe,
1240 1439 1276 1459 ac

207 1471 295 1501 nulla
322 1472 486 1502 haereseos
516 1479 591 1502 nota
619 1472 780 1502 infamem.
810 1473 1009 1512 Allegantem
1040 1474 1099 1503 sub
1130 1472 1276 1513 Dionysii

207 1515 417 1556 Areopagitae
433 1516 563 1546 nomine
580 1516 759 1547 testimonia
783 1527 819 1547 ex
842 1517 879 1547 iis
894 1517 980 1547 libris
1004 1517 1193 1557 deprompta
1211 1517 1276 1547 iam

209 1559 389 1590 audivimus
413 1560 652 1600 Ephraemium,
672 1560 882 1592 patriarcham
901 1561 1149 1592 Antiochenum.
1171 1561 1275 1592 Immo

208 1603 364 1645 Dionysio
388 1604 596 1644 Areopagitae
619 1604 789 1635 vindicavit
817 1606 927 1636 eadem
951 1615 1048 1646 opera
1078 1604 1157 1648 (qua
1181 1606 1220 1636 de
1243 1615 1276 1636 re

207 1647 362 1678 iudicium
386 1658 444 1688 ego
474 1658 539 1678 non
563 1647 706 1691 profero)
724 1649 857 1680 Ioannes
881 1649 1162 1691 Scythopolitanus
1188 1657 1275 1681 sexto

207 1692 332 1722 saeculo
356 1692 484 1722 ineunte
502 1693 552 1723 vel
576 1693 704 1724 cadente
729 1694 900 1734 superiore.
929 1694 1070 1725 Andreas
1095 1694 1276 1726 Caesarien-

206 1735 247 1766 sis
262 1735 295 1766 in
312 1736 515 1777 Cappadocia
534 1737 724 1778 Episcopus,
744 1748 842 1779 quem
861 1738 976 1769 eodem
992 1739 1112 1770 circiter
1132 1746 1276 1780 tempore

204 1780 347 1811 floruisse
369 1780 579 1821 bibliographi
602 1788 724 1820 notant,
743 1782 776 1813 in
795 1782 1037 1814 Commentario
1061 1784 1094 1815 in
1117 1783 1276 1825 Apocaly÷

204 1824 288 1864 psim
311 1824 411 1865 capite
433 1835 464 1862 x,
482 1825 535 1855 ubi
560 1826 598 1856 de
622 1825 704 1856 senis
724 1827 780 1857 alis
795 1834 934 1868 quatuor
949 1828 1135 1859 animalium
1159 1828 1276 1869 agitur,

203 1868 247 1899 ita
269 1869 394 1910 Magno
410 1869 569 1910 Dionysio
586 1868 823 1914 (Areopagitae)
841 1873 942 1903 visum
968 1872 1135 1903 admonet:
1155 1873 1277 1914 ipsum-

206 1922 269 1953 que
292 1923 358 1943 non
382 1913 479 1944 semel
495 1914 568 1944 alibi
587 1914 694 1946 laudat
712 1915 745 1946 in
769 1916 884 1946 eodem
903 1926 1008 1957 opere.
1033 1917 1139 1948 [obius
1163 1918 1276 1948 Mona-

207 1957 295 1994 chus,
316 1957 430 1988 saeculi
447 1957 534 1996 sexti,
554 1965 590 1989 ut
605 1958 739 1997 videtur,
761 1959 904 2000 scriptor,
925 1971 1042 1992 novem
1063 1961 1160 1992 libros
1181 1962 1278 1992 edidit

205 2001 246 2031 de
274 2001 372 2032 Verbo
395 2002 575 2040 incarnato,
596 2013 679 2043 quos
702 2004 834 2035 Photius
858 2012 997 2036 recenset
1027 2005 1136 2036 codice
1164 2017 1275 2036 ccxxn.

206 2045 293 2076 Haec
316 2045 471 2077 habentur
484 2057 558 2077 vero
577 2047 631 2078 lib.
650 2048 703 2085 VI,
723 2058 813 2080 num.
832 2058 882 2080 22.
904 2062 918 2077 α
938 2050 1158 2087 Quamobrem
1182 2050 1277 2082 etiam

210 2102 224 2116 xo
246 2089 452 2120 ineffabilium
483 2092 642 2122 enarrator
665 2090 813 2133 (Paulus
828 2094 998 2134 Apostolus
1017 2094 1038 2124 I
1061 2094 1205 2126 Corinth.
1222 2105 1276 2126 xm

207 2146 222 2160 »
245 2143 273 2164 ν.
289 2133 335 2175 9)
355 2134 484 2165 clamat:
504 2135 559 2165 Ex
574 2141 673 2176 parte
700 2138 940 2178 cognoscimus,
966 2144 997 2169 et
1020 2149 1062 2170 ex
1078 2145 1177 2180 parte
1197 2150 1275 2180 pro-

208 2190 222 2204 »
238 2178 430 2218 phetamus:
448 2189 519 2209 cum
543 2185 650 2211 autem
675 2183 798 2212 venerit
819 2182 905 2222 quod
921 2182 1104 2223 perfectum
1129 2189 1186 2222 est,
1203 2194 1274 2215 eva-

208 2234 222 2248 >>
245 2222 393 2252 cuabitur
422 2223 508 2263 quod
539 2233 581 2254 ex
606 2231 705 2265 parte
729 2231 785 2256 est.
824 2226 995 2268 Huiusque
1026 2237 1196 2267 germanus
1228 2227 1275 2259 di-

207 2278 221 2292 »
245 2266 395 2306 scipuluS,
412 2266 536 2307 sapiens
559 2267 612 2299 ille
631 2268 816 2310 Dionysius,
834 2269 911 2302 haec
934 2271 1003 2311 ipsa
1022 2271 1135 2303 iisdem
1158 2282 1273 2313 prope-

206 2323 220 2338 »
242 2310 379 2340 modum
402 2318 511 2342 testata
535 2312 637 2343 verbis
661 2313 804 2354 reliquit;
830 2314 968 2346 maxime
993 2313 1047 2346 ubi
1071 2316 1110 2347 de
1134 2316 1274 2357 perfecto

206 2368 220 2382 ²>
243 2361 337 2396 atque
362 2365 427 2386 uno
452 2356 525 2395 agit,
548 2369 562 2384 »
585 2356 701 2388 scilicet
725 2357 825 2398 capite
849 2369 902 2389 xm
919 2359 958 2390 de
981 2359 1104 2390 Divinis
1127 2361 1274 2392 Nomini-

202 2399 272 2430 bus.
289 2399 444 2430 Anastasii
468 2399 604 2432 Sinaitae
632 2401 754 2443 aliquot
776 2402 841 2433 iarn
870 2403 940 2434 loca
964 2404 1175 2444 protulimus:
1203 2405 1274 2437 affe-

202 2450 277 2474 runt
299 2443 350 2473 alii
374 2443 474 2484 plura.
499 2445 671 2476 Leontium
700 2446 836 2488 denique
864 2447 1079 2489 Byzantinum
1107 2459 1274 2490 memoro,

204 2487 260 2528 qui
283 2487 364 2517 libro
389 2486 414 2518 11
440 2495 549 2519 contra
571 2490 777 2522 Nestori-anos
801 2498 832 2522 et
854 2492 1104 2533 Euthychianos,
1120 2494 1276 2534 passibile

205 2536 235 2562 et
258 2531 462 2572 corruptibile
485 2542 601 2574 corpus
625 2533 740 2566 Christi
765 2535 878 2576 probat
901 2543 973 2567 ante
1001 2538 1273 2579 resurrectionem,

204 2575 349 2617 Dionysii
372 2577 581 2618 Areopagitae
610 2578 712 2609 verbis
742 2578 881 2619 allegatis
914 2591 951 2611 ex
973 2580 1054 2612 libro
1083 2582 1122 2612 de
1151 2582 1275 2614 Divinis

203 2619 405 2651 Nominibus.
432 2623 475 2652 At
503 2621 579 2662 ipsis
602 2623 729 2654 laudare
753 2623 829 2655 haec
862 2634 959 2665 opera
982 2626 1040 2656 sub
1063 2627 1274 2667 Areopagitae

204 2664 345 2702 nomine,
362 2665 490 2705 perinde
514 2674 579 2698 erat
601 2677 636 2698 ac
666 2667 771 2699 virum
794 2667 984 2700 orthodoxia
1005 2679 1040 2701 ac
1063 2669 1126 2701 fide
1154 2670 1275 2712 integra

205 2708 356 2739 eximium
380 2709 521 2750 allegare.

269 2753 421 2784 Eiusdem
443 2754 624 2786 testimonia
647 2765 722 2786 cum
745 2756 920 2796 Haeretici,
944 2757 1133 2799 Eutychiani
1154 2767 1184 2790 et
1202 2760 1274 2791 Μο-

203 2797 383 2835 nothelitae,
399 2798 585 2838 proferrent,
602 2800 789 2841 scriptorem
812 2811 977 2842 opponere
993 2802 1188 2834 Orthodoxis
1212 2803 1274 2835 exi-

203 2842 381 2879 stimabant,
398 2843 453 2883 qui
470 2843 589 2874 nullius
606 2844 648 2874 ob
665 2844 830 2876 haereseos
850 2845 1065 2886 suspicionem
1088 2847 1274 2880 reiiciendus

202 2885 291 2916 foret.
316 2886 377 2916 Sed
393 2887 479 2917 abuti
497 2888 640 2919 doctrina
664 2889 731 2920 eius
755 2889 973 2930 Eutychianos
995 2898 1025 2922 et
1048 2892 1274 2924 Monothelitas

203 2930 409 2961 ostendebant
432 2932 601 2963 orthodoxi
630 2933 752 2971 Patres;
767 2933 928 2976 *ipsosque
957 2936 1142 2975 premebant
1165 2943 1274 2968 aucto-

203 2974 290 3004 ritate
314 2975 456 3005 eiusdem
480 2976 627 3015 auctoris,
651 2977 748 3008 veluti
773 2979 944 3009 catholicae
967 2979 1040 3010 fidei
1064 2980 1274 3012 luculentissi-

204 3018 248 3048 mi
272 3019 368 3050 testis.
387 3021 439 3050 An
462 3020 558 3051 hodie
582 3031 657 3061 ergo
681 3028 729 3053 tot
751 3021 784 3052 in
809 3023 958 3063 operibus
985 3024 1052 3056 eius
1076 3024 1275 3057 innotescant

204 3071 333 3100 errores,
350 3072 432 3103 quos
454 3064 559 3095 videre
582 3065 693 3096 datum
717 3076 783 3097 non
807 3067 867 3098 fuit
889 3068 1020 3099 vetustis
1041 3067 1103 3099 inis
1130 3069 1274 3101 Patribus

204 3105 237 3136 in
261 3107 416 3138 acerrimis
440 3108 510 3146 illis,
527 3119 608 3150 quae
631 3110 848 3150 agitabantur,
874 3112 913 3143 de
941 3122 1005 3143 una
1033 3119 1144 3144 natura
1171 3114 1274 3155 deque

205 3160 269 3180 una
291 3151 453 3182 voluntate
477 3152 714 3185 controversiis?
730 3155 835 3186 Patres
855 3157 1061 3197 quamplures
1085 3158 1273 3190 memoravi-

204 3204 288 3231 mus,
305 3194 360 3235 qui
383 3203 470 3226 sexto
493 3198 618 3228 saeculo
642 3197 828 3238 floruerunt,
845 3207 876 3231 et
898 3201 1194 3242 Areopagiticorum
1217 3213 1273 3234 au-

204 3238 345 3269 ctoritate
368 3240 611 3281 Monophysitas
627 3242 759 3274 insecuti
782 3251 866 3275 sunt.
884 3245 1064 3285 lnsequenti
1082 3247 1210 3278 saeculo
1225 3257 1272 3278 se-

202 3282 304 3322 ptimo
329 3290 395 3314 acta
419 3291 526 3315 contra
550 3286 774 3317 Monothelitas
798 3289 907 3328 paucis
932 3289 1042 3320 refero.
1065 3291 1273 3322 Lateranense

204 3326 375 3357 concilium
399 3329 457 3358 sub
487 3329 623 3360 Martino
649 3331 659 3360 1
684 3331 769 3372 Papa
799 3342 884 3363 anno
916 3334 980 3374 649
1005 3334 1196 3366 celebratum
1222 3343 1273 3367 est

204 3370 371 3401 adversum
394 3372 630 3412 Monothelitas,
647 3374 920 3416 Eutychianorum
938 3378 1155 3418 propaginem.
1172 3381 1272 3411 Areo-

202 3414 335 3454 pagitica
358 3415 538 3447 testimonia
553 3427 612 3458 pro
632 3417 693 3449 fide
712 3419 848 3452 duarum
865 3421 897 3452 in
914 3421 1042 3453 Christo
1067 3423 1271 3455 voluntatum

205 3464 234 3488 et
250 3459 422 3498 actionum,
439 3471 562 3502 proque
578 3461 677 3502 impio
695 3464 844 3504 dogmate
859 3466 1002 3505 adverso,
1023 3467 1062 3497 ab
1086 3467 1272 3500 orthodoxis

203 3501 345 3533 Patribus
369 3511 399 3534 et
422 3505 460 3535 ab
484 3505 644 3537 haereticis
672 3508 794 3548 prolata
823 3509 973 3550 leguntur
1000 3521 1066 3543 non
1096 3521 1206 3552 pauca.
1229 3514 1273 3544 At

205 3545 358 3577 Haeretici
375 3548 505 3588 quidem
522 3557 669 3591 corrupta
691 3551 761 3583 loca
780 3553 955 3594 allegabant
962 3561 972 3593 ;
994 3554 1138 3587 fraudem
1158 3565 1272 3588 eorum

935 241 1395 280 DISSERTATIONES
1425 242 1673 279 CRITICAE

1338 321 1522 352 evincebant
1555 322 1745 360 orthodoxi,
1775 323 1913 354 codicem
1950 325 2055 354 sancti
2082 324 2236 365 Dionysii
2265 325 2416 364 Episcopi

1336 365 1540 396 Atheniensis
1563 376 1605 396 ex
1627 366 1813 398 bibliotheca
1846 367 1938 398 Sedis
1968 368 2171 408 Apostolicae
2201 368 2413 408 proferentes:

1339 419 1516 450 eorumque
1540 410 1678 450 dogma,
1703 421 1770 451 quo
1802 421 1901 441 unam
1935 412 2125 443 constituere
2153 413 2351 443 voluntatem
2385 420 2415 443 et

1337 453 1497 484 actionem
1521 454 1719 493 nitebantur,
1746 455 1892 494 genuinis
1915 456 2050 486 textibus
2084 467 2120 486 ex
2144 457 2253 487 codice
2282 457 2337 487 illo
2362 457 2416 487 de-

1339 497 1474 538 sumptis
1491 498 1720 529 convellebant.
1739 499 1827 529 Idem
1843 509 1974 540 quoque
1991 500 2025 530 in
2049 500 2264 532 Oecumenica
2281 501 2413 542 Synodo

1339 548 1423 572 sexta
1447 543 1505 572 sub
1529 543 1698 582 Agathone
1713 543 1800 583 Papa
1822 554 1908 574 anno
1933 544 1998 574 680
2022 545 2220 585 praestitum,
2239 553 2274 576 ut
2298 546 2413 586 cuique

1337 585 1534 616 innotescere
1558 586 1648 617 faci'e
1664 594 1779 627 potest,
1797 587 1853 628 qui
1870 595 2027 628 quartam,
2045 595 2076 619 et
2091 596 2248 628 octavam,
2266 597 2297 621 et
2313 590 2413 620 unde-

1338 630 1454 660 cimam
1478 630 1617 661 actiones
1632 632 1796 671 expendat.
1814 631 1921 662 Vitam
1937 634 2049 672 agebat
2071 633 2133 664 hoc
2150 634 2264 664 eodem
2285 634 2412 665 saeculo

1338 684 1361 704 S.
1378 674 1548 712 Maximus,
1566 674 1942 716 Constantinopolitanus
1966 677 2155 716 monachus,
2179 679 2329 719 martyrio
2354 689 2412 719 pro

1337 717 1399 748 fide
1423 718 1535 756 clarus,
1553 719 1608 759 qui
1632 720 1790 759 praedicta
1809 721 2031 761 Areopagitica
2054 732 2151 762 opera
2174 722 2321 753 brevibus
2340 723 2412 754 illu-

1338 762 1444 792 stravit
1468 762 1612 793 scholiis:
1633 763 1828 804 florebatque
1852 764 2063 805 Sophronius,
2086 766 2142 806 qui
2166 766 2272 797 sedem
2297 767 2412 798 Hiero-

1337 806 1563 847 solymitanam
1587 817 1672 837 anno
1697 807 1817 838 circiter
1840 809 1904 839 633
1938 815 2043 840 tenere
2068 810 2182 850 coepit,
2205 821 2241 841 ac
2265 810 2412 852 Dionysii

1336 850 1546 890 Areopagitae
1575 851 1764 882 testimoniis
1797 852 2024 883 Monothelitas
2061 853 2295 895 insequebatur.
2324 855 2412 886 Haec

1337 894 1420 925 satis.
1438 894 1604 932 Quorsum
1623 905 1698 925 vero
1722 895 1799 926 haec
1816 894 1948 926 omnia?
1966 897 2010 927 Ut
2033 907 2150 938 nempe
2171 898 2295 940 liquido
2319 899 2412 931 inno-

1336 945 1432 969 tescat
1462 949 1521 979 pro
1545 939 1726 970 orthodoxo
1750 940 2048 980 Areopagiticorum
2077 942 2412 974 auctoremhabuisse

1336 984 1442 1014 Patres
1465 983 1556 1022 illos,
1584 994 1667 1024 quos
1690 984 1941 1015 memoravimus
1965 985 2081 1015 saeculi
2105 986 2231 1026 septimi
2258 993 2288 1018 et
2318 987 2413 1026 sexti,

1336 1038 1371 1058 ac
1400 1027 1530 1058 fortasse
1562 1027 1683 1069 quinti:
1711 1029 1906 1069 eosdemque
1939 1029 2129 1060 orthodoxia
2157 1037 2188 1061 et
2220 1030 2412 1062 sublimitate

1336 1072 1496 1103 doctrinae
1521 1072 1588 1102 eius
1612 1072 1759 1103 facillime
1782 1072 1890 1103 induci
1913 1073 2068 1113 potuisse,
2088 1081 2124 1105 ut
2143 1075 2238 1105 etiam
2261 1085 2412 1115 germana

1335 1116 1398 1154 illa,
1415 1114 1628 1159 (diligentiore
1642 1117 1801 1157 indagine,
1819 1117 1845 1147 si
1861 1117 1993 1158 placeat,
2015 1118 2259 1162 praetermissa),
2283 1126 2410 1159 aposto-

1334 1160 1386 1191 lici
1409 1161 1467 1191 viri
1491 1161 1636 1202 Dionysii
1660 1161 1882 1202 Areopagitae,
1907 1163 1966 1192 sub
1990 1163 2080 1193 cuius
2110 1163 2242 1194 nomine
2270 1163 2410 1194 fereban-

1335 1212 1397 1244 tur,
1421 1215 1519 1245 opera
1542 1205 1621 1235 nihil
1644 1205 1832 1236 haesitantes
1856 1206 2026 1237 crederent.

1402 1251 1448 1280 Ac
1472 1249 1656 1289 dignissima
1675 1250 1818 1290 profecto
1838 1250 2112 1282 animadversione
2127 1262 2175 1282 res
2199 1258 2256 1290 est,
2273 1251 2410 1284 incidere

1335 1293 1466 1335 quidem
1499 1294 1713 1334 suspicionem
1737 1295 1776 1324 de
1800 1302 1928 1326 auctore
1962 1295 2187 1336 Apollinarista
2215 1296 2300 1337 apud
2329 1306 2410 1327 non-

1335 1338 1441 1369 nullos
1465 1338 1638 1369 catholicos
1661 1338 1813 1379 potuisse,
1831 1339 1886 1380 qui
1910 1340 1949 1370 ab
1973 1340 2135 1371 haereticis
2164 1340 2354 1382 deprompta
2373 1351 2411 1371 ex

1333 1382 1420 1412 libris
1443 1382 1673 1423 Areopagiticis
1697 1383 1878 1414 testimonia
1901 1384 2008 1415 minus
2033 1384 2138 1425 pn‘rno
2162 1391 2290 1425 aspectu
2320 1384 2410 1416 intel-

1333 1426 1482 1466 ligebant;
1498 1437 1665 1468 nunquam
1689 1437 1764 1458 vero
1789 1428 1828 1458 de
1851 1429 1979 1459 au'ctore
2003 1429 2242 1470 Monophysita,
2262 1439 2318 1460 seu
2345 1429 2409 1461 Eu-

1334 1470 1492 1512 tychiano.
1511 1471 1597 1502 Cum
1619 1471 1757 1512 prolatas
1773 1482 1792 1502 a
1810 1472 1984 1503 Severianis
2007 1473 2040 1503 in
2062 1474 2231 1504 collatione
2250 1473 2409 1505 Constan-

1333 1515 1546 1555 tinopolitana
1569 1515 1740 1546 nonnullas
1756 1517 1993 1558 testificationes
2016 1517 2163 1559 Dionysii
2186 1517 2408 1559 Areopagitae,

1333 1569 1369 1589 ac
1382 1566 1526 1590 veterum
1540 1559 1679 1590 aliorum
1691 1560 1834 1599 Patrum,
1849 1561 2005 1592 reiecisset
2018 1561 2116 1593 veluti
2121 1562 2235 1604 falsas
2249 1561 2411 1604 Hypatius

1332 1603 1512 1644 Ephesinus
1535 1603 1693 1643 Antistes;
1717 1603 1803 1646 quid'
1826 1615 1907 1646 ergo
1941 1607 2170 1646 suspicamini,
2197 1613 2410 1647 reposuerunt

1333 1647 1502 1686 Severiani,
1517 1649 1593 1689 quia
1610 1659 1669 1680 nos
1684 1658 1740 1679 eas
1748 1648 1980 1690 salsavimus?
1998 1650 2072 1680 Non
2095 1650 2167 1689 illis,
2183 1661 2288 1692 neque
2309 1657 2408 1685 caete-

1332 1692 1373 1722 ris
1397 1693 1633 1734 Monophysitis
1657 1693 1775 1724 crimen
1807 1693 1877 1724 falsi
1907 1694 2109 1735 impegerunt
2137 1694 2328 1733 orthodoxi,
2353 1693 2413 1726 sed'

1333 1736 1470 1777 antiquis
1493 1737 1655 1768 haereticis
1673 1737 1925 1778 Apollinaristis:
1952 1739 2012 1770 Vos
2035 1749 2098 1770 non
2122 1740 2338 1780 suspicamur,
2360 1737 2408 1770 in-

1332 1781 1494 1822 quienteS,
1519 1782 1577 1812 sed
1598 1783 1748 1823 antiquos
1777 1783 1955 1814 haereticos
1981 1784 2243 1824 Apollinaristas.
2274 1783 2343 1815 Hac
2373 1778 2413 1815 in'

1332 1835 1364 1856 re
1397 1825 1567 1866 deceptum
1598 1826 1730 1867 quidem
1761 1827 1939 1868 Hypatium
1977 1838 2052 1858 cum
2085 1827 2214 1868 collegis
2245 1828 2346 1869 capite
2374 1838 2408 1860 m

1332 1870 1549 1901 ostendimus:
1575 1877 1608 1901 at
1635 1878 1751 1901 notum
1774 1870 1810 1902 fit
1833 1879 2099 1913 compertumque
2129 1873 2252 1903 nullam
2275 1869 2414 1914 Episco-v

1332 1914 1380 1954 pis
1404 1914 1590 1945 orthodoxis
1618 1922 1689 1946 tum
1712 1915 1864 1956 temporis
1885 1916 2036 1947 insedisse
2060 1916 2277 1957 suspicionem
2293 1917 2332 1948 de
2346 1916 2407 1949 im-

1331 1965 1473 1999 postura,
1489 1969 1588 2000 quam
1602 1959 1850 2001 Monophysitae
1865 1970 1921 1991 seu
1937 1960 2150 2002 Euthychiani
2166 1960 2306 1994 fecerint.

1399 2003 1449 2034 Ab
1482 2003 1648 2034 haereseos
1678 2010 1754 2035 nota
1787 2011 1951 2035 auctorem
1981 2005 2279 2046 Areopagiticorum
2306 2005 2407 2036 vindi-

1331 2054 1381 2078 cat
1404 2047 1538 2078 loannes
1561 2047 1860 2090 Scythopolitanus;
1877 2049 1931 2079 sed
1955 2048 2063 2090 ipsum
2086 2050 2125 2080 ab
2150 2060 2213 2080 una
2241 2049 2406 2090 Apollina-

1331 2092 1478 2122 ristarum
1500 2091 1662 2133 impietate
1684 2092 1881 2124 vindicatum
1903 2093 2102 2132 invenimus,
2122 2093 2201 2135 quin
2230 2093 2334 2125 uuum
2357 2093 2404 2129 in-

1331 2136 1451 2167 dicium
1475 2143 1579 2177 pateat
1595 2137 1785 2178 Eutychiani
1809 2137 1932 2176 erroris,
1951 2138 2041 2169 cuius
2057 2137 2109 2169 ille
2132 2138 2335 2170 insimulatus
2351 2134 2406 2177 ali-

1331 2181 1460 2222 quando
1485 2181 1588 2212 fuerit.
1610 2181 1713 2212 Verba
1737 2181 1804 2212 eius
1828 2189 1918 2213 sunt:
1943 2183 2030 2220 Quid
2052 2183 2135 2214 enim
2159 2183 2303 2215 dixerint
2326 2180 2407 2229 (qusi

1330 2224 1427 2256 fidem
1446 2225 1583 2256 auctoris
1602 2225 1635 2256 in
1652 2225 1899 2257 controversiam
1918 2225 2048 2270 vocant)
2066 2227 2107 2259 de
2122 2228 2163 2258 iis
2178 2237 2262 2269 quae
2278 2227 2319 2260 de
2333 2223 2413 2262 soh„

1329 2269 1499 2301 adoranda
1528 2271 1687 2301 Trinitate
1709 2270 1749 2301 ab
1773 2271 1840 2312 ipso
1864 2271 2041 2313 theologice
2060 2272 2298 2313 exponuntur?
2319 2271 2414 2318 Quat,

1329 2313 1369 2344 de
1393 2323 1457 2345 uno
1481 2314 1682 2345 beatissimae
1704 2315 1800 2345 huius
1827 2315 1996 2347 Trinitatis
2027 2315 2103 2348 Iesu
2130 2316 2269 2354 Christo,
2292 2317 2405 2358 unige-

1330 2359 1396 2390 nito
1411 2359 1475 2389 Dei
1504 2358 1614 2397 Verbo,
1631 2360 1688 2400 qui
1697 2359 1845 2400 perfecte
1860 2360 2004 2392 humana
2027 2360 2120 2392 indui
2139 2365 2259 2392 natura
2279 2360 2406 2398 voluit?

1328 2403 1446 2433 Annon
1469 2404 1612 2434 animam
1637 2404 1897 2442 intellectualem,
1918 2410 1950 2435 et
1968 2415 2086 2447 corpus
2103 2410 2268 2436 terrenum
2293 2409 2404 2439 nostro

1328 2447 1432 2478 simile
1455 2447 1644 2479 recensuit?
1666 2447 1798 2479 Caetera
1828 2448 1920 2489 plura
1942 2459 1976 2480 se
1999 2450 2032 2480 in
2061 2449 2198 2481 Scholiis
2219 2459 2284 2491 pro
2312 2459 2404 2483 occa-

1328 2491 1418 2522 sione
1445 2498 1708 2532 pertractaturum
1731 2493 1877 2533 spondet.
1901 2493 1993 2524 Unus
2023 2493 2085 2525 hoc
2108 2493 2182 2525 loco
2211 2493 2404 2535 Apollinari-

1329 2543 1449 2567 starum
1479 2543 1676 2567 memoratur
1704 2546 1810 2575 error,
1836 2547 1934 2579 quem
1964 2545 2075 2569 auctor
2105 2537 2413 2579 Areopagiticomm‘

1329 2579 1447 2620 passim
1471 2580 1666 2620 confoderit;
1686 2581 1751 2612 sive
1768 2581 1824 2624 qui
1847 2582 2023 2613 humanam
2039 2582 2157 2614 Christi
2181 2589 2328 2615 naturam
2343 2593 2411 2626 no·-

1329 2624 1439 2655 biliore
1463 2634 1520 2655 sua
1543 2631 1642 2665 parte,
1658 2625 1775 2657 scilicet
1797 2625 1903 2656 anima
1926 2626 1976 2657 vel
1998 2633 2116 2665 mente,
2133 2626 2316 2665 mutilatum
2330 2626 2404 2668 ,sive

1329 2668 1385 2710 qui
1408 2668 1524 2709 gradus
1555 2668 1588 2699 in
1613 2669 1842 2701 sanctissimam
1867 2669 2056 2701 Trinitatem
2075 2669 2254 2710 invehebat,
2274 2677 2310 2702 ut
2333 2670 2416 2712 spi-⁴

1329 2712 1407 2743 ritus
1437 2719 1564 2743 sanctus
1593 2723 1748 2754 magnuS‚
1779 2713 1882 2744 maior
1910 2713 2026 2752 Filius,
2051 2714 2143 2746 Pater
2171 2714 2330 2747 maximus
2354 2713 2412 2755 ‹ti-⁴

1330 2763 1460 2788 ceretur.
1785 2790 1788 2792 ,

1397 2801 1434 2831 11.
1456 2800 1577 2839 Quidni
1600 2811 1676 2832 vero
1700 2811 1748 2832 res
1771 2800 1815 2832 ita
1838 2812 1871 2832 se
1893 2801 2018 2840 habeat,
2035 2812 2110 2833 cum
2133 2802 2304 2834 sententiae
2332 2802 2403 2844 plu-

1329 2855 1377 2876 res
1395 2845 1428 2876 in
1452 2845 1680 2886 Areopagiticis
1695 2845 1881 2884 habeantur,
1903 2856 1986 2888 quae
2004 2846 2207 2886 dogmatibus
2231 2846 2403 2888 Eutychia-

1329 2889 1377 2920 nis
1394 2889 1598 2920 adversantur
1618 2899 1655 2920 ex
1679 2888 1855 2921 diametro?
1873 2891 1907 2921 Id
1923 2891 2126 2922 observatum
2150 2890 2404 2932 frequentissime

1311 2936 1347 2964 'a
1370 2933 1543 2965 Scholiaste
1575 2933 1722 2974 tegimus.
1748 2933 1905 2965 Dabimus
1927 2934 2009 2965 infra
2031 2934 2103 2966 loca
2132 2935 2233 2977 plura.
2259 2934 2342 2967 luud
2357 2935 2403 2969 ,ἰιι

1329 2978 1512 3019 exemplum
1535 2978 1674 3019 profero,
1692 2978 1782 3020 quod
1804 2978 1938 3010 habetur
1961 2978 2062 3020 capite
2086 2989 2096 3009 ι
2120 2979 2159 3010 de
2190 2979 2312 3011 Divinis
2335 2977 2408 3012 No-'

1328 3021 1479 3061 minibus,
1495 3022 1514 3064 g
1529 3031 1560 3062 4.
1578 3022 1633 3053 Ait
1655 3029 1781 3054 auctor:
1802 3023 1844 3054 Se
1862 3022 1952 3054 nobis
1975 3033 2050 3054 vere
2073 3029 2104 3054 et
2127 3024 2254 3066 integre
2277 3025 2310 3055 in
2334 3033 2409 3059 una,

1322 3076 1465 3107 persona
1480 3077 1542 3098 sua
1557 3068 1814 3105 communicavit,
1834 3077 1991 3098 revocans
2005 3067 2050 3098 ad
2063 3077 2109 3106 se,
2124 3069 2246 3110 sibique
2255 3069 2318 3101 ‚iun
2344 3069 2403 3105 ene

1327 3111 1502 3142 humanam
1533 3111 1764 3149 humilitatem,
1791 3121 1834 3142 ex
1859 3121 1924 3152 qua
1955 3112 2094 3152 simplex
2120 3112 2213 3144 Iesus
2244 3113 2297 3145 ine
2323 3106 2409 3151 atriti

1327 3155 1421 3186 modo
1444 3156 1592 3186 constitit.
1616 3155 1708 3193 Quae
1732 3165 1829 3186 nemo
1853 3156 1974 3194 dixerit,
1998 3166 2095 3187 nemo
2119 3155 2307 3188 confiteatur
2320 3156 2399 3189 'Mo-

1327 3199 1507 3240 nophysita.
1525 3199 1560 3230 In
1585 3198 1719 3230 Scholiis
1742 3206 1818 3230 nota
1841 3200 2032 3241 appingitur.
2054 3213 2068 3228 ‹
2087 3201 2171 3232 Nota
2201 3209 2276 3231 vero
2297 3200 2405 3243 'unam

1330 3256 1344 3271 ν
1367 3243 1454 3274 illam
1471 3253 1640 3284 personam
1657 3244 1826 3275 nobiscum
1842 3244 1961 3285 integre
1982 3244 2254 3276 communicasse:
2271 3244 2399 3286 quodve

1330 3300 1344 3315 ι
1366 3287 1497 3327 dixerit,
1531 3287 1639 3329 ipsum
1675 3288 1855 3320 Dominum
1891 3295 2038 3320 nostrum
2071 3289 2176 3320 lesum
2209 3288 2398 3327 Christum,

1330 3344 1344 3360 ι
1367 3341 1442 3363 cum
1465 3332 1598 3373 simplex
1627 3332 1789 3371 existeret,
1815 3333 1929 3364 deinde
1961 3333 2197 3374 compositum,
2222 3332 2398 3366 humanam

1330 3389 1344 3404 »
1367 3375 1594 3407 extremitatem
1613 3377 1653 3407 ad
1671 3387 1705 3408 se
1724 3375 1902 3408 revocasse.'
1913 3377 2009 3409 Recte
2025 3377 2120 3418 igitur
2135 3376 2282 3416 dicimus,
2298 3386 2397 3409 unam

1329 3433 1343 3448 »
1366 3429 1536 3461 personam
1559 3420 1773 3452 sanctissimae
1800 3421 1964 3456 Trinitatis
1993 3420 2175 3453 crucifixam
2198 3427 2282 3452 esse:
2307 3420 2397 3461 quod

1329 3471 1412 3496 »est
1442 3471 1553 3496 contra
1584 3465 1790 3496 Nestorianos
1819 3472 1850 3497 et
1882 3465 2062 3506 Acephalos
2095 3463 2397 3507 Monophysitarum

1329 3522 1343 3537 »
1366 3509 1585 3550 propaginem.
1606 3522 1620 3538 ι
1639 3509 1712 3541 Alia
1745 3510 1859 3541 damus
1882 3516 1991 3542 contra
2014 3508 2231 3551 Eutychianos
2254 3507 2395 3540 luculen-

1325 3553 1446 3584 tissima
1468 3553 1650 3585 testimonia
1674 3553 1775 3594 capite
1798 3559 1950 3596 sequente
1965 3563 2001 3585 ac
2024 3552 2183 3595 deinceps.
