2548 4192
166 271 298 296 CCLXlV

777 555 780 559 ²
826 527 1403 593 DISSERTATIO
1468 528 1713 591 XXIV.

575 697 642 737 De
677 695 921 747 Opusculis
955 693 1288 744 Philosophicis
1326 693 1537 744 genuinis
1572 696 1618 734 et
1653 692 1968 744 supposititiis.

1032 858 1517 900 —-··-›>.‡:<-··-—ss

581 1087 791 1124 CAPUT
822 1087 848 1123 I.

174 1202 210 1226 lo.
232 1199 364 1225 Ambrosii
379 1198 526 1224 Barbavara
540 1205 648 1223 censura
667 1197 693 1222 in
707 1197 752 1221 XII
768 1197 901 1230 Opuscula
916 1195 1104 1229 Philosophica,
1115 1194 1250 1227 Aquinatis

439 1233 544 1259 nomine
563 1237 726 1266 praenotata:
746 1231 991 1257 animadversiones.

399 1384 401 1387 Ι
469 1359 492 1390 μ
506 1354 574 1379 nter
584 1347 750 1388 Opuscula
758 1346 985 1386 Philosophica
995 1346 1092 1377 sancti
1103 1346 1250 1377 Thomae

328 1396 337 1404 “
388 1401 401 1411 ‘¹
429 1391 674 1433 Aquinatis
708 1398 763 1422 aut
785 1390 924 1431 genuina
949 1397 1004 1421 aut
1032 1390 1249 1431 supposititia,

455 1529 457 1531 '
478 1528 480 1530 '
504 1525 664 1566 principio
694 1523 967 1555 individuationis.
994 1523 1120 1554 Veteres
1144 1523 1251 1562 plures

446 1583 496 1612 ‘J‘r
506 1570 585 1600 illud
601 1575 774 1606 recensent,
785 1567 992 1598 Ptolomaeus
1006 1567 1045 1598 de
1062 1568 1161 1607 Luca,
1177 1568 1250 1598 Ber-

474 1616 480 1618 “
506 1614 622 1644 nardus
638 1612 807 1651 Guidonis,
817 1611 993 1652 Pignonus,
1003 1612 1251 1651 Valleoletanus,

177 1667 200 1687 s.
215 1657 409 1689 Antoninus.
436 1656 535 1688 Suam
559 1657 770 1688 nihilominus
796 1666 963 1687 censuram
988 1656 1021 1686 in
1047 1656 1252 1696 Opusculum

176 1709 297 1733 exercet
306 1701 496 1732 Ambrosius
511 1702 686 1733 Barbavara
701 1701 750 1732 his
766 1701 886 1732 verbis:
907 1713 921 1728 ‹
934 1700 1139 1741 Opusculum
1148 1702 1252 1732 XXIX

177 1757 192 1772 2·
211 1747 263 1777 De
271 1747 434 1787 principio
451 1747 716 1778 individuationis
732 1746 903 1777 cajetanus
919 1751 1050 1776 testatur
1060 1755 1126 1776 esse
1136 1745 1252 1786 imper-

178 1802 192 1817 »
213 1790 332 1821 fectum
356 1797 387 1821 et
405 1790 437 1820 in
462 1791 653 1822 bibliotheca
667 1790 819 1822 Vaticana
835 1789 1027 1830 locupletius
1050 1800 1068 1820 a
1084 1800 1118 1820 se
1135 1790 1252 1828 visum,

177 1847 191 1862 »
212 1836 271 1866 sub
295 1835 388 1866 titulo
413 1835 465 1865 De
482 1837 636 1876 potentiis
654 1835 880 1877 cognoscitivis
901 1832 1031 1876 (Incipit
1053 1834 1139 1865 enim
1163 1834 1254 1875 Opu-

178 1893 192 1907 »
213 1880 351 1918 sculum,
376 1889 442 1920 quo
467 1880 506 1910 de
530 1880 672 1920 agimus:
695 1880 856 1917 Quoniam
881 1879 966 1910 duae
980 1884 1057 1910 sunt
1070 1880 1103 1910 in
1127 1879 1255 1910 homine

178 1937 192 1951 »
207 1925 373 1965 potentiae
396 1926 633 1965 cognoscitivae
649 1922 734 1966 etc.).
752 1924 873 1955 Verum
890 1922 1011 1954 utrovis
1031 1923 1131 1954 modo
1147 1923 1255 1954 inscri-

179 1982 193 1996 ιι
214 1970 318 2007 batur,
342 1978 447 2009 neque
471 1969 582 2000 titulus
597 1969 671 2000 satis
687 1968 868 2009 respondet,
885 1967 1006 2009 quippe
1022 1968 1074 1998 De
1089 1968 1254 1999 individuo

179 2026 193 2040 »
216 2013 362 2044 absolute
386 2013 623 2044 inscribendum
646 2013 754 2054 potius
771 2012 886 2044 fuerat:
912 2021 1016 2053 neque
1039 2022 1088 2043 res
1107 2022 1144 2043 ea
1160 2012 1255 2044 felici-

180 2069 195 2084 »
216 2065 279 2089 tate
302 2063 461 2096 tractatur,
486 2068 550 2099 qua
574 2068 631 2089 sua
655 2057 821 2089 consuevit
843 2057 997 2098 Aquinas.
1024 2056 1112 2087 Nihil
1142 2057 1185 2087 ibi
1210 2057 1255 2087 di-

182 2115 196 2130 »
217 2102 369 2133 stinctum
391 2101 499 2141 vides,
524 2102 678 2134 sententia
710 2101 897 2133 sententiam
931 2108 1067 2142 occupat
1097 2108 1128 2132 et
1150 2111 1255 2132 sermo

184 2160 198 2174 »
218 2153 264 2177 est
286 2146 492 2187 improprius.
509 2147 668 2187 Reflexio,
689 2147 804 2188 inquit,
829 2151 876 2177 est
891 2146 1033 2187 duplex:
1053 2156 1119 2177 una
1136 2147 1176 2177 ab
1192 2147 1255 2177 ori-

183 2205 198 2218 »
216 2192 295 2232 gine
311 2191 488 2231 potentiae,
514 2192 619 2222 altera
643 2191 684 2222 ab
706 2192 835 2232 origine
859 2190 979 2222 obiecti.
1005 2191 1102 2221 Item:
1125 2191 1256 2222 Intelle-

183 2248 199 2263 ›
219 2241 290 2267 ctus
315 2240 423 2276 potest
451 2236 559 2267 redire
583 2237 615 2267 in
638 2246 674 2267 se
691 2246 755 2276 per
777 2240 884 2267 actum
909 2240 940 2266 et
957 2236 1136 2275 potentiam
1162 2246 1255 2266 suam

185 2294 199 2308 »
220 2287 250 2311 et
270 2280 377 2311 redire
396 2290 458 2320 per
481 2281 635 2312 obiectum
656 2281 688 2311 in
714 2282 815 2322 ipsam
839 2281 999 2322 originem
1024 2280 1147 2318 obiecti,
1173 2281 1257 2311 vide-

185 2338 200 2353 »
221 2326 294 2356 licet
311 2335 376 2365 per
393 2325 624 2365 phantasmata
648 2327 680 2356 in
705 2326 826 2366 species
854 2324 1062 2356 sensibilium.
1081 2325 1174 2364 Quis,
1199 2325 1257 2356 ob-

184 2383 199 2398 »
219 2379 319 2407 secto,
343 2369 399 2400 has
423 2369 602 2401 locutiones
626 2380 691 2401 non
717 2369 823 2401 statim
847 2366 1032 2400 abhorreat?
1048 2369 1195 2401 Profecto
1211 2370 1258 2400 in-

185 2427 200 2442 »
218 2414 380 2445 tellectum
403 2414 437 2444 in
460 2424 494 2444 se
517 2414 617 2445 redire
650 2424 706 2455 per
739 2424 832 2445 suam
865 2413 1042 2454 potentiam
1075 2420 1122 2445 est
1149 2414 1258 2455 ipsum

185 2471 200 2486 »
220 2468 276 2499 per
295 2458 503 2498 semetipsum
526 2458 567 2488 ad
590 2468 623 2490 se
647 2459 763 2490 redire:
785 2465 815 2489 et
838 2458 1033 2489 intellectum
1053 2468 1109 2498 per
1125 2458 1258 2499 phanta-

186 2516 201 2531 ι
221 2509 322 2533 smata
346 2511 442 2543 super
464 2503 583 2543 species
606 2513 713 2534 rerum
737 2503 934 2534 sensibilium
953 2503 1105 2541 converti,
1122 2514 1188 2534 non
1213 2511 1260 2534 est

186 2560 201 2575 »
221 2547 329 2588 ipsum
361 2547 402 2577 ad
425 2557 458 2578 se
481 2547 601 2586 redire,
625 2548 681 2578 sed
704 2547 812 2588 potius
835 2557 854 2577 a
883 2557 916 2578 se
948 2547 1076 2587 longius
1109 2548 1257 2588 divagari.

187 2605 202 2620 »
221 2591 306 2622 Alibi
330 2591 461 2632 quidem
489 2602 507 2622 a
530 2591 605 2622 divo
629 2592 758 2622 Thoma
782 2591 903 2622 dictum
926 2591 1072 2631 reperies,
1097 2593 1186 2633 quod
1210 2593 1258 2623 in-

186 2649 201 2664 »
221 2636 364 2667 tellectus
387 2646 454 2666 non
478 2635 642 2676 cognoscit
665 2636 821 2676 singulare
848 2636 983 2674 directe,
1008 2636 1063 2666 sed
1091 2646 1147 2676 per
1170 2637 1258 2667 refle—

187 2694 202 2709 »
221 2680 370 2712 xionem:
401 2686 432 2711 et
454 2680 633 2711 reflexionis
656 2680 736 2712 ratio
769 2680 865 2721 longe
889 2680 977 2711 aliter
1000 2680 1179 2720 exponitur.
1204 2681 1260 2712 Ex

187 2738 201 2753 »
222 2726 282 2756 hoc
304 2723 431 2768 (inquit
456 2725 528 2766 Ip.,
545 2735 576 2766 q.
602 2735 726 2763 Lxxxiv,
743 2735 864 2762 nxxw,
882 2722 1027 2766 Lxxxvn)
1051 2725 1137 2765 quod
1169 2726 1260 2756 intel-

187 2783 202 2797 »
223 2770 324 2801 lectus
344 2770 556 2810 apprehendit
575 2779 670 2801 suum
694 2769 906 2811 intelligibile,
928 2769 1103 2800 revertitur
1125 2770 1169 2800 ad
1187 2779 1260 2800 con-

186 2827 201 2842 »
222 2814 431 2846 siderandum
455 2823 550 2845 suum
574 2819 681 2846 actum
706 2819 736 2845 et
754 2815 889 2854 speciem
912 2813 1157 2854 intelligibilem,
1178 2824 1262 2855 quae

188 2872 202 2887 ι
224 2864 271 2890 est
283 2860 483 2900 principium
499 2868 581 2890 suae
598 2859 806 2899 operationis,
818 2863 849 2889 et
864 2859 934 2889 eius
951 2858 1068 2898 speciei
1083 2859 1262 2899 originem:

188 2916 201 2931 ›
223 2909 253 2935 et
275 2904 323 2935 sic
346 2905 432 2934 venit
455 2904 488 2934 in
513 2903 800 2935 considerationem
819 2903 1084 2943 phantasmatum
1102 2908 1133 2933 et
1146 2904 1261 2944 singu-

189 2962 203 2976 »
224 2949 343 2980 larium
363 2957 500 2989 quorum
523 2953 600 2979 sunt
616 2948 860 2988 phantasmata.
879 2947 941 2978 Ubi
964 2953 1068 2987 patet,
1089 2957 1145 2987 per
1167 2947 1260 2988 origi-

189 3005 204 3021 »
225 3003 300 3024 nem
323 2992 438 3023 obiecti
471 2992 602 3033 intelligi
626 2993 665 3023 ab
690 3002 729 3023 eo
752 2992 860 3032 ipsum
893 2992 1100 3032 phantasma,
1124 3001 1199 3022 cum
1223 2992 1262 3023 sit

189 3050 203 3064 ›
225 3037 316 3077 origo
333 3037 447 3077 speciei
463 3036 683 3077 intelligibilis:
701 3037 752 3068 hic
768 3043 877 3068 autem
893 3037 997 3067 bonus
1011 3035 1059 3066 vir
1073 3035 1146 3067 facit
1162 3036 1262 3077 phan-

191 3094 205 3109 »
226 3089 326 3113 tasma
349 3081 521 3119 obiectum,
540 3088 570 3112 et
588 3081 792 3112 reflexionem
815 3081 848 3112 in
872 3081 934 3111 hoc
957 3080 1128 3111 consistere
1160 3088 1262 3122 putat,

191 3139 205 3154 »
226 3126 315 3167 quod
338 3125 514 3157 intellectus
539 3135 596 3166 per
623 3126 811 3166 phantasma
843 3125 1044 3166 progreditur
1076 3125 1115 3155 ad
1144 3126 1262 3166 species

191 3183 206 3198 ιι
226 3170 387 3201 sensibiles
411 3180 517 3209 rerum
541 3170 741 3201 exteriorum.
761 3171 874 3211 Neque
890 3170 969 3201 illud
987 3169 1081 3200 etiam
1106 3177 1152 3200 est
1175 3180 1263 3211 prae-

191 3227 205 3242 »
225 3214 427 3251 tereundum,
451 3215 540 3255 quod
565 3225 639 3245 cum
663 3214 851 3246 ostendisset
867 3221 995 3252 auctor,
1012 3215 1181 3255 quomodo
1201 3214 1262 3245 sin-

191 3272 205 3286 »
225 3259 333 3300 gulare
357 3259 395 3288 ab
415 3258 575 3290 intellectu
599 3266 819 3299 cognoscatur,
844 3258 1025 3299 subiungit:
1050 3258 1106 3289 Ex
1123 3259 1189 3297 his,
1215 3259 1262 3289 in-

191 3316 206 3331 »
226 3303 359 3345 quiens,
373 3302 482 3343 facile
506 3308 552 3334 est
575 3304 702 3341 videre,
727 3303 884 3345 quomodo
918 3304 1053 3334 materia
1081 3304 1122 3334 sit
1139 3304 1263 3344 princi-

192 3361 206 3374 »
221 3350 313 3389 pium
339 3347 623 3386 individuationis;
655 3358 730 3379 cum
754 3355 859 3379 tamen
893 3348 964 3379 luce
997 3348 1110 3379 clarius
1141 3355 1263 3379 constet

194 3406 207 3421 »
229 3393 284 3423 has
308 3391 576 3423 considerationes
608 3392 687 3423 nihil
720 3392 778 3423 sibi
812 3402 941 3433 prorsus
972 3392 1147 3423 cohaerere.
1173 3392 1265 3423 Absit

193 3450 208 3465 »
229 3447 303 3477 ergo
327 3443 363 3467 ut
378 3443 444 3467 tam
468 3437 652 3477 imperitum
668 3436 819 3468 artificem
838 3437 970 3468 nomine
986 3438 1157 3478 Aquinatis
1173 3447 1263 3468 exor-

194 3494 208 3508 ›
229 3491 351 3511 nemus.
371 3492 385 3507 »

260 3525 356 3555 Levia
379 3525 457 3555 mihi
481 3526 627 3557 videntur
650 3526 727 3556 haec
749 3525 927 3556 Barbavarii
951 3532 1115 3557 momenta
1148 3525 1264 3567 quibus

195 3569 398 3609 Opusculum
413 3569 600 3611 insequitur,
612 3580 678 3610 quo
689 3570 728 3600 de
738 3570 1028 3610 agimus,Thomae
1038 3570 1190 3611 Aquinati
1206 3579 1263 3600 ceu

194 3612 318 3644 foetum
329 3622 516 3652 germanum
530 3624 548 3643 a
562 3614 718 3645 veteribus
738 3614 934 3645 attributum.
951 3617 979 3644 A
994 3621 1158 3654 postremo
1174 3624 1263 3654 argu-

1304 1089 1414 1113 mento
1439 1089 1475 1112 ut
1498 1081 1666 1122 incipiam:
1700 1081 1926 1112 declarandum
1959 1081 2098 1112 adsumit
2124 1082 2269 1112 Thomas
2300 1092 2379 1123 quo—

1303 1127 1397 1158 modo
1416 1127 1552 1157 materia
1575 1127 1617 1157 sit
1629 1126 1828 1166 principium
1853 1125 2133 1164 individuationis,
2158 1126 2254 1167 idque
2271 1127 2380 1158 videre

1304 1171 1347 1202 ait
1377 1171 1486 1212 facile
1508 1180 1576 1202 esse
1599 1180 1642 1201 ex
1663 1171 1732 1207 his,
1758 1180 1840 1211 quae
1864 1170 2075 1210 praemiserat.
2102 1171 2202 1211 Atqui
2221 1181 2296 1202 vero
2321 1171 2378 1202 do·

1305 1222 1453 1246 cumenta
1476 1216 1595 1256 absque
1627 1214 1726 1245 dubio
1760 1214 1982 1255 praemiserat,
2006 1225 2089 1255 quae
2117 1215 2159 1245 ad
2186 1215 2379 1256 principium

1304 1259 1565 1290 individuationis
1598 1259 1859 1299 cognoscendum
1882 1259 1968 1289 viam
1991 1266 2143 1290 sternunt.
2161 1259 2216 1290 Ait
2238 1260 2378 1300 quippe:

1304 1304 1383 1335 Ideo
1406 1304 1569 1345 quidditas
1592 1305 1642 1334 rei
1673 1304 1854 1334 materialis
1877 1305 1909 1334 in
1934 1305 2003 1344 ipsa
2026 1313 2087 1334 sua
2114 1305 2380 1344 particularitate

1305 1353 1353 1379 est
1376 1349 1529 1379 obiectum
1555 1349 1692 1379 rationis
1711 1348 1927 1388 particularis
1957 1346 2071 1390 (quam
2089 1347 2122 1378 in
2146 1348 2278 1379 homine
2294 1349 2381 1390 cogi-

1305 1394 1437 1423 tativam
1456 1393 1638 1435 vocabant),
1663 1393 1756 1423 cuius
1774 1398 1822 1423 est
1836 1392 1988 1434 conferre
2005 1393 2046 1423 de
2061 1393 2289 1423 intentionibus
2300 1403 2382 1433 par·

1305 1437 1556 1468 ticularibus...
1581 1446 1665 1478 quae
1682 1438 1828 1477 potentia
1845 1447 1910 1477 per
1941 1438 1993 1467 sui
2020 1438 2275 1468 coniunctionem
2309 1447 2380 1468 cum

1306 1481 1480 1519 intellectu,
1506 1481 1560 1511 ubi
1590 1486 1637 1512 est
1660 1482 1745 1511 ratio
1769 1482 1850 1521 ipsa,
1870 1491 1955 1521 quae
1977 1481 2104 1522 confert
2127 1481 2167 1512 de
2191 1481 2381 1512 universali-

1305 1525 1384 1563 bus,
1403 1526 1580 1565 participat
1608 1526 1671 1556 vim
1695 1525 1890 1556 collativam.
1919 1525 1983 1556 Sed
2005 1526 2082 1566 quia
2099 1535 2183 1566 pars
2210 1527 2384 1557 sensitivae

1306 1574 1363 1607 est,
1389 1579 1453 1600 non
1477 1569 1635 1600 abstrahit
1653 1570 1783 1600 omnino
1801 1579 1822 1599 a
1842 1570 1998 1600 materia:
2017 1570 2103 1600 unde
2117 1570 2272 1601 obiectum
2286 1580 2381 1601 suum

1299 1614 1472 1654 proprium
1497 1619 1606 1644 manet
1624 1613 1787 1654 quidditas
1796 1614 2013 1654 particularis
2031 1614 2220 1645 materialis.
2235 1614 2312 1645 Hoc
2324 1623 2383 1645 au-

1307 1663 1368 1689 tem
1389 1668 1452 1689 non
1473 1663 1530 1696 est,
1555 1658 1642 1699 quod
1664 1658 1722 1688 illa
1740 1658 1886 1698 potentia
1915 1658 2136 1698 apprehendat
2159 1659 2328 1689 materiam
2349 1659 2382 1689 in

1305 1712 1351 1740 se,
1377 1713 1449 1734 cum
1474 1703 1543 1743 ipsa
1568 1713 1632 1733 non
1650 1703 1755 1743 possit
1777 1703 1856 1733 sciri
1875 1703 1938 1732 nisi
1954 1712 2018 1743 per
2035 1703 2225 1743 analogiam
2249 1703 2293 1734 ad
2305 1702 2385 1744 for-

1307 1755 1413 1778 mam:
1435 1747 1493 1778 sed
1514 1748 1591 1788 quia
1620 1747 1749 1778 collatio
1778 1744 1848 1789 (seu
1873 1745 2098 1789 consideratio)
2121 1747 2163 1778 de
2185 1748 2324 1778 materia
2348 1748 2382 1778 in

1307 1791 1422 1822 ordine
1452 1791 1497 1822 ad
1516 1791 1687 1832 formam,
1706 1801 1771 1831 per
1798 1792 1899 1831 ipsam
1932 1792 2102 1822 materiam
2127 1791 2383 1830 individuatam,

1306 1841 1428 1876 spectat
1451 1836 1499 1879 ad.
1512 1836 1596 1866 hanc
1612 1837 1809 1876 potentiam:
1838 1837 1923 1866 sicut
1945 1835 2153 1870 considerare
2184 1836 2225 1866 de
2247 1837 2385 1867 materia

1309 1882 1342 1911 in
1366 1881 1528 1911 communi
1551 1881 1583 1911 in
1608 1880 1723 1911 ordine
1740 1880 1784 1911 ad
1789 1879 1939 1921 forrnam
1964 1879 2032 1923 (in)
2055 1881 2176 1920 specie,
2197 1885 2320 1920 spectat
2341 1880 2387 1911 ad

1309 1926 1467 1956 rationem
1490 1925 1750 1965 superiorem...
1776 1925 1863 1955 Haec
1887 1924 2010 1964 optime
2040 1931 2170 1963 norunt,
2195 1925 2251 1965 qui
2277 1924 2385 1955 Philo-

1309 1969 1440 2010 sophiae
1463 1968 1687 2009 Peripateticae
1711 1968 1766 1999 diu
1791 1968 1949 2009 regnantis
1973 1968 2006 1999 in
2035 1968 2153 1999 scholis
2177 1969 2315 2009 penitius
2338 1969 2386 1999 in-

1309 2013 1518 2054 trospexerint
1532 2012 1626 2044 fibras
1650 2020 1681 2044 et
1704 2013 1900 2044 subtilitates.
1920 2013 1987 2043 Iam
2001 2023 2078 2044 vero
2102 2012 2220 2044 indicio
2238 2013 2322 2044 facto
2345 2013 2386 2044 de

1310 2058 1424 2097 forma,
1448 2067 1531 2099 quae
1549 2067 1606 2098 per
1627 2057 1793 2088 materiam
1815 2057 1880 2088 sive
1909 2067 1965 2098 per
1988 2057 2134 2088 ordinem
2158 2057 2198 2087 ad
2220 2058 2386 2089 materiam

1309 2102 1474 2133 individua
1496 2102 1656 2140 redditur,
1681 2112 1723 2132 ex
1744 2102 1795 2133 his
1818 2111 1959 2142 pronum
1982 2108 2048 2132 erat
2069 2101 2203 2132 ulterius
2226 2101 2386 2143 progredi,

1310 2157 1345 2178 ac
1361 2146 1468 2188 facile
1487 2147 1583 2178 etiam
1606 2152 1653 2178 est
1669 2146 1788 2184 videre,
1805 2146 1963 2187 quomodo
1979 2147 2115 2177 materia
2134 2147 2176 2177 sit
2185 2147 2386 2187 principium

1310 2191 1594 2223 individuationis:
1616 2191 1706 2232 quod
1729 2191 1825 2221 altera
1848 2190 2007 2231 opusculi
2031 2200 2103 2231 pars
2127 2197 2183 2221 est.

1379 2236 1414 2266 In
1439 2246 1475 2267 ea
1505 2235 1624 2276 duplici
1653 2235 1840 2273 reflexione,
1864 2235 1905 2266 ab
1937 2236 2066 2276 origine
2093 2235 2259 2275 potentiae
2288 2240 2319 2266 et
2347 2235 2390 2266 ab

1311 2282 1441 2322 origine
1459 2281 1581 2318 obiecti,
1599 2280 1678 2311 nihil
1695 2289 1762 2311 esse
1785 2280 1890 2319 video,
1907 2279 1997 2320 quod
2020 2279 2099 2310 locis
2123 2279 2223 2310 citatis
2248 2289 2284 2310 ac
2314 2279 2388 2310 alibi

1312 2325 1443 2357 traditae
1470 2325 1509 2356 ab
1533 2324 1687 2365 Angelico
1715 2325 1922 2365 Praeceptore
1955 2323 2116 2355 doctrinae
2147 2330 2302 2364 repugnet
2334 2330 2391 2355 aut

1313 2370 1421 2401 minus
1445 2376 1609 2401 consonet.
1627 2369 1793 2410 Siquidem
1812 2369 1971 2410 quaelibet
1983 2369 2142 2409 potentia,
2160 2375 2196 2399 ut
2221 2367 2264 2399 ait
2279 2373 2391 2399 auctor

1313 2414 1482 2455 opusculi,
1497 2414 1616 2455 fertur
1630 2423 1730 2455 super
1747 2414 1902 2445 obiectum
1926 2423 2021 2445 suum
2039 2414 2224 2454 proprium,
2249 2419 2281 2444 et
2303 2412 2390 2443 obie-

1314 2466 1402 2491 ctum
1425 2459 1519 2490 habet
1541 2459 1759 2490 determinare
1773 2463 1880 2489 actum
1901 2459 2002 2498 ipsius
2010 2458 2188 2499 potentiae,
2205 2467 2241 2488 ac
2258 2457 2391 2488 demum

1313 2503 1476 2545 quidditas
1503 2505 1552 2534 rei
1581 2503 1740 2534 sensibilis
1769 2508 1816 2534 est
1833 2503 2003 2534 -obiectum
2037 2502 2217 2533 intellectus
2249 2501 2391 2532 hominis

1307 2549 1491 2589 proprium.
1509 2548 1619 2589 ltaque
1642 2558 1698 2588 per
1721 2554 1839 2586 actum,
1855 2557 1922 2588 quo
1938 2546 2084 2587 intelligit
2108 2546 2282 2585 obiectum,
2301 2545 2390 2577 refle—

1315 2593 1408 2624 ctitur
1423 2592 1601 2624 intellectus
1624 2592 1657 2622 in
1680 2592 1781 2632 ipsius
1805 2598 1892 2623 actus
1916 2591 2084 2632 originem,
2102 2591 2133 2621 in
2150 2590 2253 2631 ipsam
2277 2597 2391 2631 poten-

1314 2637 1402 2675 tiam,
1422 2637 1454 2667 in
1474 2637 1631 2677 seipsum:
1657 2646 1713 2676 per
1735 2636 1899 2667 obiectum
1922 2646 2016 2674 vero,
2041 2635 2130 2676 quod
2154 2635 2318 2674 intelligit,
2342 2644 2390 2665 re-

1314 2681 1449 2712 flectitur
1466 2681 1499 2711 in
1523 2681 1623 2721 ipsius
1642 2680 1757 2711 obiecti
1772 2680 1921 2711 intellecti
1937 2680 2104 2719 originem,
2121 2679 2154 2709 in
2169 2679 2390 2719 phantasmata

1314 2735 1431 2766 nempe
1454 2732 1484 2756 et
1507 2725 1540 2755 in
1559 2725 1643 2765 ipsas
1666 2734 1773 2755 rerum
1799 2724 1990 2755 exteriorum
2020 2723 2149 2763 species.
2175 2723 2215 2754 Et
2239 2724 2292 2753 isti
2324 2720 2386 2765 (in-

1314 2769 1385 2811 quit
1417 2767 1556 2811 auctor)
1584 2774 1662 2800 sunt
1697 2769 1762 2799 duo
1792 2768 1878 2799 modi
1906 2769 2095 2808 reflexionis
2121 2777 2201 2798 suae
2209 2774 2222 2805 ;
2249 2777 2390 2808 quarum

1315 2814 1419 2845 altera
1453 2814 1616 2854 cognoscit
1645 2822 1680 2844 se
1707 2818 1738 2843 et
1766 2822 1850 2853 quae
1877 2822 1898 2843 a
1925 2818 2024 2853 parte
2058 2821 2118 2843 sua
2153 2817 2248 2849 sunt,
2283 2811 2390 2842 altera

1316 2868 1392 2890 vero
1419 2867 1503 2899 quae
1524 2863 1650 2889 sunt-a
1675 2862 1774 2898 parte
1802 2857 1914 2888 obiecti
1942 2858 2003 2888 sui.
2024 2857 2111 2887 Haec
2134 2856 2292 2896 ipsissima
2315 2862 2391 2886 sunt

1316 2912 1408 2943 saepe
1424 2902 1536 2933 tradita
1560 2912 1578 2932 a
1601 2902 1731 2932 Thoma
1754 2901 1956 2932 documenta.
2203 2914 2207 2918 ·

1383 2947 1421 2978 11.
1441 2947 1658 2987 Opusculum,
1681 2946 1770 2987 quod
1794 2945 1974 2977 inscribitur
1995 2945 2047 2976 De
2059 2945 2232 2986 principiis
2251 2950 2392 2975 naturae

1316 2992 1360 3023 ad
1380 2992 1526 3034 fratrem
1559 2991 1750 3022 Silvestrum
1760 3013 1771 3028 ,
1797 2997 1959 3021 recensent
1988 2990 2196 3021 Ptolomaeus
2219 2989 2258 3020 de
2282 2989 2391 3027 Luca,

1316 3035 1506 3076 Logotheta,
1530 3035 1690 3073 Trivetus,
1714 3035 1893 3066 Bernardus
1917 3034 2088 3072 Guidonis,
2117 3034 2294 3074 Pignonus,
2316 3032 2391 3064 Val-

1315 3081 1501 3112 leoletanus.
1517 3080 1570 3111 Bis
1586 3080 1730 3111 eiusdem
1745 3079 1891 3110 meminit
1904 3079 2121 3110 Ptolomaeus.
2139 3078 2173 3108 ln
2190 3078 2271 3108 libro
2288 3077 2390 3108 xxm

1318 3125 1399 3156 Hist.
1415 3125 1502 3163 eccl.‚
1523 3135 1591 3165 cap.
1608 3135 1651 3155 xn
1670 3124 1751 3155 inter
1769 3123 1935 3164 Opuscula
1954 3123 2002 3154 his
2021 3123 2122 3154 verbis
2146 3122 2234 3163 apud
2248 3122 2390 3153 Murato-

1317 3170 1401 3201 rium
1424 3176 1515 3200 tomo
1530 3169 1572 3200 XI
1593 3169 1790 3209 Scriptorum
1806 3168 1924 3199 ltaliae:
1947 3182 1961 3196 «
1974 3168 2140 3199 Tractatus
2158 3167 2211 3198 De
2219 3166 2392 3207 principiis

1320 3227 1334 3242 »
1355 3219 1495 3245 naturae
1522 3214 1562 3244 ad
1592 3213 1628 3244 fr.
1654 3213 1861 3251 Silvestrum,
1886 3212 1942 3253 qui
1966 3212 2010 3243 sic
2033 3211 2161 3252 incipit:
2186 3211 2273 3242 Nota
2305 3209 2391 3251 quod

1321 3272 1334 3286 ι·
1354 3258 1513 3300 quoddam
1545 3263 1649 3299 potest
1676 3267 1754 3295 esse,
1786 3258 1859 3288 licet
1890 3267 1953 3288 non
1983 3258 2035 3288 sit.
2057 3269 2071 3284 »
2101 3255 2223 3286 Eadem
2256 3253 2391 3285 occurrit

1317 3303 1412 3334 lectio
1436 3303 1521 3343 apud
1546 3302 1741 3334 Casimirum
1764 3301 1952 3333 Oudinum:
1977 3311 2059 3342 quae
2092 3300 2203 3341 paullo
2227 3298 2328 3330 differt
2351 3298 2390 3328 ab

1318 3347 1420 3386 editis,
1440 3347 1474 3378 in
1491 3347 1607 3388 quibus
1624 3346 1829 3387 Opusculum
1848 3346 1892 3377 sic
1910 3345 2032 3386 incipit,
2051 3344 2211 3382 Quoniam
2230 3342 2389 3384 quoddam

1312 3397 1419 3433 potest
1449 3401 1527 3430 esse,
1554 3391 1627 3422 licet
1650 3401 1714 3422 non
1738 3392 1789 3422 sit.

1385 3437 1531 3477 Tempus
1561 3435 1735 3467 elucubrati
1766 3434 1925 3476 Opusculi
1966 3433 2083 3464 indicat
2111 3432 2257 3463 laudatus
2280 3429 2389 3460 Ptolo-

1319 3491 1429 3512 maeus
1444 3481 1525 3511 libro
1535 3480 1640 3519 XXII,
1656 3479 1757 3520 capite
1766 3486 1828 3510 xxx:
1843 3479 1941 3520 Infra
1956 3478 2191 3519 magisterium,
2208 3474 2388 3515 inquiens...

1318 3525 1472 3567 quosdam
1498 3525 1620 3556 libellos
1635 3525 1821 3565 composuit.
1849 3523 1941 3554 Unus
1950 3522 2024 3564 suit
2042 3521 2164 3552 Contra
2182 3518 2388 3550 Guillelmum

1319 3570 1359 3601 de
1373 3575 1485 3601 sancto
1494 3570 1646 3600 Amore...
1662 3568 1829 3599 Secundus
1836 3567 1909 3609 fuit
1924 3568 1976 3598 De
1990 3565 2166 3607 quidditate
2181 3568 2212 3594 et
2235 3572 2303 3594 esse
2318 3560 2389 3604 (seu

1319 3614 1367 3645 De
1390 3621 1461 3645 ente
1486 3620 1515 3644 et
1539 3611 1701 3654 essentia).
1732 3613 1858 3643 Tertius
1872 3611 1944 3652 suit
1966 3611 2019 3641 De
2040 3609 2212 3650 principiis
2240 3612 2389 3638 naturae.
