2788 4204
43 326 137 349 Codd.
149 332 185 347 P-:
192 324 257 347 etdi-

41 354 162 401 Cigoddff
152 386 196 400 -Pt
208 377 255 400 vel-

42 407 80 427 let.

53 434 89 454 ’τι
105 432 215 460 respiret.

140 701 157 726 Υ

42 729 51 736 ·
68 733 117 748 am:
135 725 199 754 quod
216 725 252 756 ⁸¹⁷3

41 759 167 778 cusmuoq
181 754 206 773 ut
223 758 253 773 st.

38 1016 85 1037 *Et
91 1023 118 1037 ex
126 1015 249 1037 codd-om

38 1049 86 1064 om.
98 1045 135 1064 est
146 1047 228 1063 causa.

135 1070 148 1094 δ

135 1172 145 1187 Ε

288 236 366 281 234

285 313 498 350 manifestat
527 311 632 361 quod
658 311 800 348 dixerat
818 323 887 359 per
908 309 1138 357 exemplum,
1161 307 1290 344 dicens
1311 307 1349 343 *ε

284 368 334 404 Ut
362 366 392 403 si
421 366 504 415 quis
532 365 622 402 velit
639 365 659 386 '¹‘
685 365 862 413 probare,
893 362 998 411 quod
1026 373 1100 397 non
1131 360 1292 408 respirat
1308 359 1350 380 **

279 420 418 469 paries,
440 419 527 467 quia
557 430 630 455 non
651 423 704 454 est
725 416 879 462 ani,mal
901 427 980 452 non
1001 413 1237 450 demonstrat
1259 424 1350 461 pro-

277 479 364 521 pter
392 472 490 520 quid,
521 484 592 508 nee
620 470 754 518 accipit
783 481 950 505 causam.
983 466 1084 513 Quia
1109 466 1140 503 si
1159 478 1239 502 non
1267 478 1350 502 esse

283 526 423 562 animal
444 531 541 561 esset
561 535 674 560 causa
694 535 771 558 non
787 519 1009 570 respirandi,
1031 526 1225 568 oporteret
1244 515 1350 566 quo'd

283 591 365 615 esse
394 577 532 614 animal
566 584 662 612 esset
690 587 803 611 causa
823 572 1052 622 respirandi:
1083 572 1189 621 quod
1213 572 1349 608 falsum

283 639 348 668 est.
379 631 500 667 Multa
534 629 636 665 enim
665 635 752 664 sunt
784 626 962 664 animalia
990 638 1090 674 quae
1118 638 1198 662 non
1233 624 1349 674 respi-

281 691 364 721 rant
382 688 407 719 7.
439 683 600 731 Oportet
624 681 747 726 enim,
777 681 808 717 si
827 681 847 701 '¹‘
877 679 1027 727 negatio
1058 686 1113 716 est
1141 690 1256 715 causa
1283 690 1349 714 ne-

280 736 450 785 gationis,
481 734 586 784 quod
615 733 817 770 affirmatio
849 733 894 770 sit
924 745 1039 769 causa
1059 731 1346 777 affirmationis3

280 790 374 826 sieut
402 801 479 825 non
514 800 597 824 esse
633 786 797 824 calidum
828 794 865 823 et
892 785 1071 834 frigidum
1100 786 1139 822 in
1167 796 1349 822 mensura

280 849 335 879 est
363 853 477 878 causa
505 840 610 890 quod
638 840 771 889 aliquis
800 853 879 877 non
908 847 1078 887 sanetur,
1111 846 1147 875 et
1176 850 1259 875 esse
1289 850 1348 874 ca-

278 895 397 932 lidum
418 902 455 930 et
472 894 650 942 frigidum
670 893 709 930 in
729 906 910 931 mensura
936 901 992 930 est
1025 905 1139 929 causa
1159 891 1265 941 quod
1285 890 1349 927 ali-

279 947 362 996 quis
377 955 540 984 sanetur.
565 947 744 984 Similiter
763 954 892 984 autem
913 954 969 983 est
988 959 1010 983 e
1026 957 1226 991 converso,
1243 944 1350 993 quod

278 1001 307 1037 si
336 1000 539 1038 affirmatio
569 1007 625 1038 est
654 1013 769 1037 causa
797 999 1073 1060 affirmationis,
1096 1006 1132 1036 et
1149 999 1170 1020 *
1197 997 1347 1046 negatio

278 1061 333 1090 est
349 1066 463 1090 causa
478 1054 725 1102 negationis.
701 1051 715 1075 δ
739 1055 782 1090 In
795 1053 1016 1103 praemissis
1036 1060 1165 1090 autem
1180 1052 1256 1088 hoc
1270 1063 1350 1088 non

278 1106 469 1156 contingit,
500 1107 589 1156 quia
617 1106 821 1144 affirmatio
850 1119 931 1144 non
961 1114 1017 1144 est
1041 1118 1155 1143 causa
1183 1105 1348 1142 affirma-

276 1160 406 1207 tionis;
436 1160 525 1209 quia
553 1173 628 1198 non
657 1173 770 1197 omne
788 1160 890 1209 quod
916 1166 970 1197 est
986 1159 1133 1197 animal
1151 1158 1346 1207 respirat‘.

275 1353 346 1377 tione
365 1351 441 1384 quia,
461 1358 514 1375 non
533 1350 566 1374 sit
585 1357 677 1379 causa,
697 1349 743 1374 sed
763 1350 833 1382 quod
853 1357 905 1374 non
924 1350 957 1374 sit
976 1357 1054 1374 causa
1074 1350 1187 1381 proprie
1207 1349 1347 1382 loquendo.

277 1388 351 1418 Quae
369 1386 448 1411 verba
467 1390 528 1410 sunt
547 1385 709 1409 attendenda.
729 1385 795 1409 Nam
815 1392 893 1409 causa
911 1385 1015 1417 proprie
1034 1385 1166 1417 loquendo
1186 1384 1250 1417 (qua
1267 1385 1347 1409 utitur

277 1422 463 1448 demonstratio
478 1424 592 1462 propter
611 1420 684 1452 quid)
705 1420 747 1444 illa
766 1420 856 1444 dicitur
875 1425 981 1452 propter
1000 1427 1080 1452 quam
1097 1427 1160 1444 vere
1178 1426 1220 1444 res
1240 1425 1293 1451 est,
1313 1421 1348 1445 ita

275 1464 305 1483 ut
323 1466 344 1483 1.
356 1459 411 1490 ipsa
429 1457 512 1489 posita
525 1461 635 1488 ponatur
650 1455 765 1486 effectus,
781 1460 806 1480 et
822 1462 845 1480 2.
861 1456 916 1488 ipsa
930 1460 1031 1480 remota
1046 1455 1153 1480 effectus
1167 1439 1346 1486 removea’tum

276 1495 342 1518 sicut
361 1493 445 1525 posito
463 1492 568 1516 homine
586 1491 690 1523 ponitur
707 1491 846 1521 risibilitas,
862 1496 888 1515 et
906 1495 1008 1515 remoto
1021 1490 1127 1515 homine
1145 1490 1275 1515 risibilitas
1294 1499 1346 1515 non

276 1529 360 1554 existit
379 1527 429 1562 (Cf.
445 1529 503 1552 lect.
518 1527 645 1560 praeced.
665 1531 718 1551 not.
733 1525 765 1560 ε).
786 1525 824 1550 Cf.
840 1533 907 1558 quae
927 1526 985 1551 lect.
1007 1534 1043 1551 ιιι
1060 1524 1099 1551 'de
1118 1526 1263 1551 universali
1282 1526 1348 1551 dicta

277 1570 351 1594 sunt,
372 1573 397 1589 n.
416 1571 459 1588 11:
479 1571 510 1588 ea
529 1563 598 1587 enim
621 1568 689 1594 quae
707 1562 741 1586 ib.
761 1562 901 1593 Angelicus
927 1561 1031 1586 disserit
1049 1561 1082 1586 de
1107 1561 1186 1586 modo
1208 1562 1347 1594 accipiendi

277 1599 433 1628 universale,
454 1599 485 1623 ad
504 1605 627 1630 praesens
647 1602 766 1621 nostrum
785 1597 948 1629 propositum
967 1596 1100 1622 faciuntn-
1108 1597 1143 1621 At
1162 1602 1251 1622 contra
1269 1605 1347 1622 causa

276 1635 387 1660 mediata
402 1642 448 1659 seu
464 1638 564 1658 remota
579 1632 642 1665 (qua
655 1632 734 1657 utitur
753 1632 941 1657 demonstratio
955 1632 1028 1665 quia)
1048 1637 1089 1657 est
1103 1632 1209 1665 quidem
1224 1633 1268 1657 illa
1286 1641 1346 1666 pro-

276 1676 332 1703 pter
351 1677 430 1702 quam
450 1670 536 1701 aliquo
555 1668 634 1693 modo
653 1675 695 1692 res
715 1672 756 1692 est
775 1667 867 1700 (secus
886 1668 959 1692 nullo
982 1668 1062 1692 modo
1081 1672 1152 1693 esset
1171 1668 1280 1701 causa),
1301 1669 1347 1693 sed

275 1707 310 1730 ita
327 1711 415 1730 tamen
433 1710 462 1729 ut
480 1705 536 1736 ipsa
554 1704 638 1736 posita
656 1711 708 1728 non
727 1708 852 1735 sequatur
871 1703 942 1736 quod
956 1708 1067 1736 ponatur
1086 1703 1206 1734 effectus,
1226 1705 1346 1736 quamvis

275 1742 331 1774 ipsa
345 1745 445 1765 remota
464 1739 571 1764 effectus
586 1744 759 1764 removeatur.
774 1738 823 1764 Ex.
838 1746 872 1772 g.:
888 1739 972 1771 posita
985 1739 1093 1764 materia
1107 1739 1279 1764 inebriationis
1295 1748 1348 1765 non

276 1777 393 1808 sequitur
412 1775 559 1806 inebriatio;
580 1775 699 1807 quamvis
719 1773 852 1799 inebriatio
870 1779 1044 1805 removeatur,
1058 1779 1160 1799 remota
1174 1775 1282 1800 materia
1295 1775 1347 1801 illa.

276 1812 351 1836 Ratio
371 1816 418 1840 est,
438 1811 498 1843 quia
517 1818 577 1835 cum
591 1817 671 1834 causa
688 1815 789 1834 remota
809 1817 887 1834 causa
906 1810 946 1841 sit,
961 1817 992 1834 ea
1006 1793 1108 1835 su⁷blata
1121 1815 1271 1835 removetur
1285 1811 1347 1835 effe-

276 1853 346 1878 ctus;
367 1847 413 1871 sed
432 1847 493 1878 quia
510 1854 563 1870 non
581 1846 625 1870 illa
638 1845 779 1870 formaliter
797 1852 845 1869 seu
858 1852 921 1870 vere
937 1845 1055 1878 producit
1069 1845 1198 1875 effectum,
1214 1845 1347 1871 deficiente

276 1890 354 1907 causa
372 1882 533 1911 immediata,
554 1889 606 1906 non
625 1881 742 1913 sequitur
761 1880 856 1912 positio
875 1880 982 1906 effectus
1003 1889 1034 1906 ex
1047 1881 1175 1913 positione
1194 1889 1288 1906 causae
1306 1890 1347 1907 re·-

275 1923 371 1943 motae.
380 1931 399 1937 —·
408 1917 558 1942 Notandum
572 1922 612 1941 est
626 1921 712 1941 tamen
732 1916 803 1949 quod
817 1924 896 1941 causa
910 1921 996 1949 potest
1010 1917 1059 1941 dici
1077 1921 1179 1941 remota
1198 1917 1346 1950 dupliciter:

275 1962 328 1978 uno
347 1953 427 1978 modo
450 1953 511 1985 quia
530 1957 570 1977 est
588 1952 757 1977 universalior
776 1959 823 1976 seu
849 1952 1013 1977 communior
1031 1952 1217 1977 communitate
1235 1953 1347 1984 praedi-

275 1989 404 2017 cationis,·
423 1988 473 2013 alio
486 1988 567 2012 modo
585 1988 646 2020 quia
665 1992 706 2012 est
725 1988 888 2012 communior
903 1988 1088 2012 communitate
1107 1988 1189 2012 solius
1203 1989 1348 2020 positionis

276 2032 323 2050 seu
342 2024 454 2050 ordinis.
464 2036 483 2044 κ
492 2023 579 2048 Prima
593 2029 633 2048 est
647 2023 752 2056 quando
766 2030 845 2047 causa
859 2031 910 2048 non
926 2028 966 2048 est
980 2023 1154 2048 convertibilis
1169 2031 1229 2048 cum
1244 2024 1346 2055 effectu,

276 2061 336 2093 quia
355 2060 430 2084 latius
450 2064 519 2091 patet
537 2067 618 2091 quam
643 2058 763 2088 effectus,
784 2059 857 2083 cuius
877 2059 968 2084 dicitur
987 2066 1079 2089 causa;
1099 2060 1166 2084 sicut
1183 2060 1209 2084 in
1228 2061 1348 2092 exemplo

276 2104 307 2120 ex
320 2095 459 2119 Aristotele
478 2095 596 2125 inducto,
613 2094 749 2126 respirare
768 2099 807 2118 est
826 2094 858 2119 ab
878 2094 981 2119 animali
996 2099 1024 2119 ut
1037 2102 1051 2119 a
1065 2102 1143 2119 causa
1157 2100 1270 2124 remota;
1286 2101 1311 2121 at
1326 2096 1349 2121 si

275 2139 327 2156 non
342 2131 428 2155 omnia
443 2130 579 2154 animantia
594 2130 758 2162 respirarent,
769 2130 937 2154 manifestum
952 2135 991 2154 est
1006 2130 1078 2163 quod
1091 2131 1185 2155 animal
1199 2131 1282 2163 magis
1298 2131 1348 2156 late

275 2171 374 2199 pateret
393 2173 472 2198 quam
491 2165 626 2198 respirare.
647 2165 716 2198 Ergo
734 2165 836 2190 animal
855 2171 895 2190 est
913 2173 991 2190 causa
1010 2166 1185 2198 respirationis
1203 2171 1304 2192 remota
1323 2167 1348 2192 in

275 2202 325 2227 hoc
339 2202 423 2235 primo
438 2208 526 2226 sensu.
535 2214 554 2221 ·-
564 2201 649 2226 Causa
662 2206 762 2226 remota
777 2201 875 2226 ratione
890 2201 1029 2234 positionis
1044 2201 1143 2232 dicitur,
1162 2202 1205 2226 vel
1218 2202 1263 2227 illa
1281 2210 1349 2235 quae

275 2238 351 2262 infert
369 2244 460 2261 revera
478 2236 608 2266 effectum,
628 2237 675 2261 sed
693 2237 759 2261 inter
773 2236 856 2269 ipsam
872 2242 897 2261 et
911 2236 1034 2261 effectum
1048 2237 1162 2261 mediant
1177 2237 1241 2262 aliae
1255 2246 1349 2263 causae

275 2273 307 2298 ab
322 2281 351 2297 ea
365 2272 539 2304 dependentes
559 2271 636 2303 (sicut
649 2271 732 2304 prima
750 2272 873 2304 principia
892 2272 1004 2296 inferunt
1018 2272 1198 2298 conclusiones
1213 2273 1349 2298 medianti-

275 2309 325 2333 bus
339 2308 497 2332 secundariis
511 2307 662 2340 principiis);
675 2308 716 2332 vel
730 2315 797 2340 quae
807 2307 883 2332 infert
896 2307 1023 2337 effectum,
1037 2316 1090 2332 non
1103 2308 1210 2341 quidem
1221 2309 1349 2334 abstracte

276 2344 323 2369 sed
342 2349 460 2368 concrete
475 2348 577 2375 accepta
597 2343 623 2367 in
645 2343 812 2368 determinata
826 2343 941 2374 materia,
957 2343 1022 2368 sicut
1036 2343 1160 2376 principia
1174 2343 1349 2370 arithmeticae

276 2379 387 2404 inferunt
401 2378 581 2403 conclusiones
592 2378 715 2408 musicae,
727 2383 855 2411 quatenus
870 2379 942 2403 sonis
956 2379 1125 2411 applicantur.
1134 2393 1154 2399 —-
1163 2379 1275 2410 Quando
1287 2387 1349 2413 ergo

277 2415 368 2439 dicitur
382 2414 453 2446 quod
468 2414 583 2439 medium
599 2414 826 2439 demonstrationis
846 2414 910 2446 quia
925 2420 965 2439 est
979 2422 1058 2440 causa
1071 2415 1183 2440 mediata
1197 2420 1223 2440 et
1240 2421 1349 2447 remota,

276 2450 326 2474 hoc
345 2454 384 2474 est
404 2457 481 2474 causa
499 2449 639 2481 improprie
654 2449 728 2479 dicta,
748 2454 774 2473 et
792 2450 850 2474 ideo
869 2458 922 2474 non
941 2455 1027 2482 potest
1046 2450 1224 2476 demonstrare
1235 2454 1350 2484 propter

277 2485 342 2518 quid
360 2485 405 2515 rei,
421 2485 533 2517 intellige
551 2491 657 2509 causam
672 2485 820 2515 mediatam,
835 2492 883 2509 seu
897 2490 1034 2515 remotam,
1049 2493 1117 2518 quae
1132 2491 1173 2511 est
1187 2487 1350 2512 communior

277 2520 462 2546 communitate
482 2520 708 2551 praedicationis,
734 2520 796 2553 quia
820 2520 869 2552 ipsi
894 2526 1021 2554 repugnat
1045 2521 1254 2547 convertibilitas.
1279 2523 1350 2547 Haec

278 2557 347 2581 enim
362 2563 506 2588 numquam
521 2559 606 2587 potest
620 2563 679 2580 esse
693 2563 771 2580 causa
785 2555 934 2580 immediata
948 2564 994 2581 seu
1009 2556 1125 2581 formalis
1140 2556 1255 2583 effectus.
1273 2557 1350 2588 Quod

278 2592 336 2616 ideo
355 2595 425 2621 noto,
440 2591 501 2623 quia
519 2598 598 2615 causa
615 2595 715 2615 remota
733 2590 833 2616 ratione
851 2591 986 2623 positionis
1007 2599 1053 2616 seu
1067 2591 1165 2616 ordinis
1180 2597 1275 2625 potest,
1295 2592 1351 2618 sine

278 2635 309 2652 eo
329 2627 400 2660 quod
418 2626 524 2659 accipiat
542 2626 655 2658 aliquam
675 2625 850 2656 differentiam,
869 2626 965 2651 habere
984 2626 1110 2652 rationem
1130 2628 1350 2654 convertibilitatis

278 2670 338 2687 cum
357 2662 458 2692 effectu,
477 2662 517 2686 vel
537 2669 568 2686 ex
588 2669 625 2692 se,
642 2662 684 2685 vel
699 2666 826 2694 quatenus
846 2661 927 2686 induit
946 2670 1045 2687 novum
1060 2663 1163 2687 essendi
1178 2663 1295 2694 modum,
1311 2671 1352 2688 ra-

276 2699 347 2723 tione
366 2697 473 2722 subiecti
493 2697 535 2721 vel
554 2697 684 2727 materiae,
704 2697 744 2721 cui
762 2697 857 2728 unitur,
877 2701 906 2721 ut
925 2697 951 2722 in
970 2698 1090 2730 sequenti
1108 2698 1219 2723 lectione
1238 2699 1352 2724 declara-

277 2734 354 2763 bitur,
375 2738 428 2758 not.
443 2741 465 2762 τ,
485 2733 557 2757 IV.—
568 2732 642 2762 Quae
659 2732 755 2762 omnia,
770 2738 799 2757 ut
813 2733 900 2765 paucis
921 2734 1136 2765 complectamur,
1151 2734 1261 2759 dicimus
1280 2734 1352 2767 quod

278 2776 356 2794 causa
375 2773 475 2793 remota
494 2768 591 2793 ratione
610 2767 806 2800 praedicationis
823 2776 875 2792 non
894 2773 981 2801 potest
1000 2768 1096 2793 habere
1111 2768 1352 2794 convertibilitatem

278 2812 338 2830 cum
358 2804 451 2829 effectu
471 2802 544 2837 (quia
563 2803 664 2836 species
684 2811 735 2828 non
755 2803 912 2828 convertitur
930 2811 991 2828 cum
1011 2803 1132 2836 genere);
1157 2811 1234 2829 causa
1252 2809 1352 2830 remota

277 2840 376 2865 ratione
400 2839 535 2872 positionis
554 2839 596 2864 vel
614 2839 692 2863 habet
710 2839 752 2863 vel
771 2844 856 2871 potest
881 2838 992 2869 habere,
1017 2839 1074 2864 sine
1093 2839 1178 2864 addita
1203 2839 1352 2870 differentia,

278 2875 517 2900 convertibilitatem
537 2882 596 2899 cum
611 2874 711 2899 effectu.
731 2874 799 2899 Hinc
813 2882 842 2899 ex
862 2874 945 2907 prima
959 2882 1037 2899 causa
1051 2875 1154 2900 nonnisi
1169 2875 1231 2908 quia
1245 2876 1353 2900 demon—

278 2916 386 2940 stratur;
406 2918 436 2935 ex
455 2911 534 2935 altera
552 2917 615 2935 vero
629 2915 715 2942 potest
734 2910 812 2934 etiam
831 2910 1003 2935 demonstrari
1012 2914 1128 2942 propter
1142 2911 1215 2944 quid.
1235 2911 1274 2936 Cf.
1289 2911 1354 2936 insta

280 2952 334 2971 not.
354 2947 394 2971 cit.

332 2982 358 3016 γ)
378 2982 439 3006 Non
459 2981 630 3013 respirantae-
611 2981 716 3006 -Sicut
730 2981 826 3012 pisces,
847 2981 917 3005 addit
935 2981 1022 3006 Piana.
1042 2981 1135 3006 Nullus
1156 2986 1243 3007 autem
1262 2989 1293 3007 ex
1307 2990 1353 3006 no—

280 3018 339 3042 stris
354 3017 484 3042 codicibus
499 3016 576 3042 habet
589 3015 653 3041 haec
666 3016 754 3045 verba,
769 3023 836 3048 quae
851 3017 992 3049 leguntur'
986 3025 1012 3041 in
1027 3017 1047 3041 P
1062 3022 1087 3041 et
1101 3017 1127 3041 in
1141 3017 1199 3042 edd.
1213 3017 1329 3043 Venetis.
1336 3030 1355 3037 —·

280 3053 347 3077 Cum
366 3053 441 3085 igitur
460 3052 535 3077 lectio
555 3052 673 3076 codicum
693 3052 726 3076 sit
744 3052 881 3082 unanimis,
901 3052 1035 3084 verbaque
1053 3052 1166 3085 praefata
1185 3053 1279 3078 abesse
1292 3061 1354 3086 pos-

280 3088 331 3112 sint
350 3089 404 3112 sine
422 3088 477 3112 ullo
495 3087 651 3120 praeiudicio
675 3087 863 3120 perspicuitatis
883 3087 1039 3119 sententiae,
1059 3096 1088 3113 ac
1107 3089 1220 3121 denique
1238 3096 1290 3113 non
1309 3089 1354 3113 ad-

281 3124 357 3148 ducat
374 3123 524 3148 Dominicus
541 3131 555 3147 a
568 3123 698 3152 Flandria,
717 3130 748 3148 ea
762 3130 776 3147 a
790 3127 879 3148 nostra
896 3123 1005 3148 lectione
1021 3124 1304 3156 expunximus.—·1nfra
1318 3123 1356 3156 (et

280 3166 334 3184 esse
353 3158 469 3184 calidum
490 3158 549 3191 etc.)
569 3158 644 3183 codd.
660 3158 934 3188 CEHLMNOQRST:
954 3165 1009 3184 esse
1023 3166 1082 3184 cum
1098 3166 1224 3184 mensura
1237 3159 1353 3185 calidum

280 3198 306 3219 et
317 3194 455 3228 frigidum
474 3197 514 3219 est
532 3199 589 3223 etc.;
609 3199 634 3218 et
647 3201 706 3219 cum
726 3201 851 3219 mensura
869 3193 966 3219 habent
980 3195 1057 3219 etiam
1075 3195 1120 3225 1313
1141 3195 1187 3220 sed
1201 3195 1222 3220 B
1236 3195 1354 3220 ordinem

281 3230 396 3254 lectionis
416 3230 435 3254 P
455 3234 555 3260 servat,
575 3229 584 3253 l
602 3237 666 3254 vero
684 3237 738 3254 om.
755 3229 871 3254 calidum
891 3233 918 3255 et
929 3229 1084 3263 srigidum‚·
1102 3231 1124 3255 A
1139 3230 1267 3256 intricate:
1286 3230 1356 3256 sicut

282 3272 333 3289 non
354 3272 409 3290 esse
426 3265 543 3290 calidum
563 3268 590 3290 et
600 3264 737 3298 frigidum
753 3265 778 3289 in
795 3272 921 3290 mensura
940 3265 982 3290 vel
993 3265 1097 3299 frigidi
1114 3269 1142 3291 et
1157 3273 1212 3291 esse
1230 3269 1271 3292 est
1283 3273 1355 3291 men-

281 3308 346 3325 sura
370 3301 485 3325 calidum
510 3303 537 3325 et
553 3300 692 3334 frigidum
715 3303 755 3325 est
779 3307 861 3325 causa
885 3300 958 3333 quod
983 3301 1080 3334 aliquis
1105 3304 1225 3327 sanetur.
1254 3302 1354 3327 Simili-

283 3339 324 3360 ter
343 3340 403 3367 etc.;
425 3336 461 3360 D.
479 3336 548 3361 sicut
571 3338 597 3360 et
615 3342 670 3360 esse
693 3343 752 3360 cum
777 3336 851 3367 (cum
875 3335 1003 3369 expung.)
1029 3337 1146 3362 calidum
1170 3340 1196 3362 et
1213 3337 1352 3371 frigidum

283 3374 322 3395 est
341 3376 388 3396 etc.
397 3371 449 3395 -G
468 3372 593 3404 integram
612 3370 678 3396 hanc
697 3371 838 3396 secundam
853 3377 963 3404 partem,
980 3375 1007 3397 et
1025 3379 1097 3397 esse..
1099 3375 1234 3403 Wsanetur
1245 3373 1354 3404 omittit3

283 3406 307 3430 K
325 3406 413 3431 sicut..
407 3424 422 3430 ..
441 3414 493 3431 non
513 3410 637 3431 sanetur.-
655 3406 693 3431 sic
711 3407 791 3432 etiam
811 3414 828 3431 a
840 3407 979 3440 frigidum
998 3415 1058 3432 cum
1078 3415 1213 3433 mensura.

337 3440 360 3473 δ)
376 3441 486 3473 Oportet
504 3442 573 3466 enim
595 3442 619 3473 si
638 3442 772 3475 negatio...
792 3442 923 3468 Similiter
941 3445 1030 3468 autem
1053 3448 1130 3468 etc.-·
1138 3443 1192 3468 Sub
1208 3443 1256 3469 hac
1272 3443 1356 3468 forma

284 3477 419 3516 perspicua
441 3485 463 3502 5
484 3477 600 3502 Thomas
620 3478 738 3502 enunciat
758 3477 881 3510 principia
901 3478 944 3503 illa
964 3478 1125 3503 Aristotelis:
1145 3473 1166 3503 εἷ
1187 3477 1210 3520 ἦ
1221 3473 1351 3513 ἀπόφασις

285 3506 356 3535 αἰτία
371 3513 417 3536 του
432 3509 465 3554 μὴ
485 3508 617 3554 ὕπάργειν,
637 3511 652 3543 ἠ
661 3509 815 3571 ῖςκατοιίφιιισιις
834 3514 882 3538 toi}
900 3509 1051 3548 ὑπάρχειν...
1070 3510 1091 3538 εἰ
1111 3512 1126 3545 ἡ
1145 3510 1289 3548 κατάφασις
1308 3515 1357 3539 τοῦ

285 3542 422 3586 ιἰπάργειν,
446 3545 461 3578 ὴ
482 3541 611 3580 ἀπόφασις
630 3548 677 3572 ‘roff
697 3545 730 3581 μὴ
741 3544 888 3608 .ὗπάρχειν;
912 3549 937 3574 si
956 3549 1063 3582 negatio
1082 3552 1121 3574 est
1139 3556 1221 3575 causa
1240 3550 1288 3574 τοῦ
1303 3556 1355 3574 non

286 3580 381 3611 inesse,
406 3582 552 3615 affirmatio
572 3584 619 3607 τοΰ
639 3583 762 3608 inesse..
782 3584 806 3608 si
824 3583 971 3616 affirmatio
993 3585 1041 3609 τοῦ
1065 3584 1156 3614 inesse,
1182 3585 1289 3618 negatio
1308 3585 1357 3610 τοῦ

874 229 1261 268 POSTERIORUM
1288 228 1719 265 ANALYTICORUM
1747 229 1841 265 LIB.
1873 229 1887 264 Ι

1460 318 1497 354 4.
1528 307 1678 344 Deinde
1707 319 1796 344 cum
1826 307 1930 344 dicit:
1961 307 2213 357 Syllogismus
2241 313 2367 345 autem
2387 316 2474 356 etc.‚

1407 360 1557 397 ordinat
1583 360 1821 409 praedictum
1857 361 2076 409 exemplum
2104 360 2143 396 in
2176 360 2300 397 forma
2328 362 2476 410 syllogi-

1407 413 1510 460 stica,
1523 413 1653 450 dicens
1671 414 1691 435 *
1709 413 1816 462 quod
1830 413 2094 462 syllogismum
2108 413 2347 462 praedictum
2363 427 2476 463 opor—

1406 474 1458 503 tet
1485 466 1569 503 fieri
1596 466 1636 504 in
1663 466 1792 504 media
1819 467 1942 515 figura
1960 466 1985 503 ζ.
2016 467 2065 503 Et
2088 467 2163 503 hoc
2191 466 2278 503 ideo
2299 474 2366 515 est,
2388 467 2478 516 quia

2505 429 2638 478 ώὲξὲἀάμ
2651 437 2675 452 r:
2696 432 2719 452 et

2602 484 2618 514 t

1405 519 1444 556 in
1463 519 1589 568 prima
1606 520 1730 567 figura
1749 532 1828 556 non
1846 527 1973 568 potest
1992 532 2087 567 esse,
2105 520 2260 568 quando
2282 521 2476 558 conclusio
2511 563 2513 565 ,

1407 580 1462 609 est
1489 572 1666 620 negativa
1684 578 1709 619 ¹³,
1740 572 1846 621 quod
1873 573 1998 610 maior
2025 573 2071 610 sit
2094 573 2340 620 affirmativa3
2370 573 2477 622 quod

1405 632 1557 674 oportet
1575 625 1612 662 in
1629 625 1824 674 praedicto
1841 627 2018 675 exemplo
2039 634 2135 663 esse.
2151 627 2256 663 Nam
2276 626 2475 675 respirare,

1405 678 1512 727 quod
1541 685 1596 715 est
1623 678 1748 715 maior
1766 679 1951 716 terminus
1965 680 1996 726 *,
2018 686 2169 728 oportet
2192 679 2298 728 quod
2319 679 2476 716 coniun-

1405 739 1512 780 gatur
1528 742 1617 767 cum
1632 731 1799 779 animali,
1816 732 1922 780 quod
1943 739 1999 769 est
2018 732 2168 769 medius
2196 732 2396 780 terminus,
2418 745 2476 770 se-

1406 783 1576 821 cundum
1596 784 1893 821 affirmationem
1911 785 1942 821 *.
1963 785 2041 822 Sed
2054 785 2191 834 parles,
2209 785 2315 834 quod
2330 792 2387 822 est
2397 798 2475 822 -mi-

1405 850 1476 874 nor
1494 836 1679 874 terminus
1693 837 1725 884 *,
1738 844 1889 886 oportet
1907 838 2013 886 quod
2029 837 2278 886 coniungatur
2293 850 2382 875 cum
2397 838 2476 875 ani-

1405 890 1513 937 mali,
1534 891 1641 938 quod
1656 898 1712 927 est
1726 891 1902 936 medium,
1919 891 2133 928 secundum
2153 890 2410 938 negationem.
2427 891 2478 928 Et

1403 943 1457 980 sic
1477 950 1628 992 oportet
1654 944 1762 991 quod
1789 944 1914 980 maior
1942 943 1988 980 sit
2015 943 2246 981 affirmativa
2264 951 2303 980 et
2320 944 2477 981 minor*

1403 996 1590 1045 negativa.
1622 997 1740 1044 Quod
1768 996 1927 1045 quidem
1947 998 1968 1018 *
1987 1009 2187 1045 nunquam
2214 997 2259 1034 fit
2285 997 2325 1034 in
2351 996 2478 1046 prima

1403 1050 1541 1099 figura3
1576 1051 1645 1087 sed
1673 1051 1799 1087 solum
1831 1049 1870 1086 in
1899 1051 2068 1088 secunda
2087 1050 2118 1086 *.
2140 1049 2358 1099 Accipiatur
2386 1062 2476 1099 ergo

1403 1103 1549 1141 animal
1575 1105 1628 1151 A,
1658 1103 1755 1141 idest
1781 1103 1933 1140 medius
1960 1103 2162 1150 terminus;
2192 1104 2223 1140 B
2241 1103 2476 1152 *respirare,

2604 590 2619 613 η

2503 691 2515 703 “
2522 691 2598 714 Codd.
2607 703 2617 708 -
2625 698 2665 714 ro:
2677 698 2718 714 ex-

2504 718 2620 741 tramitae.

2504 799 2536 819 's
2557 803 2651 819 erronee
2670 804 2718 820 om.

2503 830 2550 846 sec
2569 824 2631 853 aff.-
2642 830 2678 846 nt:
2689 824 2721 846 Et

2500 851 2596 886 pariam·
2600 857 2622 872 R:
2630 851 2718 879 Sipar.

2504 877 2611 899 “.-Codd
2601 883 2669 899 -roiu
2678 883 2719 900 ex-

2504 904 2620 925 trernitae.

2503 947 2670 995 ’άῖἓιιιιιιιορεῑ
2676 953 2720 970 nte-

2504 1004 2641 1052 ..aar
2668 1010 2719 1027 0¹³·

2505 1062 2554 1084 *cn
2560 1062 2576 1084 1.
2582 1068 2630 1090 vm,
2635 1067 2684 1085 not.
2695 1070 2718 1095 ρ.

2505 1114 2516 1126 '⁶
2529 1120 2554 1136 c:
2570 1114 2592 1136 Β
2605 1115 2692 1136 auten.

1403 1157 1501 1194 idest
1528 1157 1652 1194 maior
1676 1156 1910 1203 extremitas;
1941 1164 1978 1194 et
1998 1157 2129 1206 paries
2157 1157 2188 1193 C
2196 1185 2206 1205 ‚
2236 1156 2333 1195 idest
2351 1156 2479 1194 minor
2520 1193 2523 1196 ,

1403 1353 1455 1371 non
1476 1346 1790 1372 inesse.-·Animadvertit
1813 1346 1950 1372 Caietanus
1977 1345 2018 1379 (in
2036 1346 2046 1371 1
2065 1346 2183 1375 Foster..
2209 1353 2264 1378 cap.
2284 1353 2342 1376 xm,
2361 1345 2379 1380 θ
2401 1346 2480 1371 Circa

1403 1382 1475 1406 illam
1501 1382 1623 1414 regulam
1643 1386 1700 1412 etc„
1719 1381 1763 1407 fol.
1776 1380 1817 1412 58,
1832 1382 1881 1407 col.
1897 1382 1927 1415 2)
1947 1382 2016 1407 aliud
2030 1389 2090 1406 esse
2105 1382 2202 1407 dicere:
2222 1381 2254 1407 Si
2272 1381 2421 1416 affirmatio
2440 1385 2480 1407 est

1401 1423 1483 1442 causa
1508 1417 1711 1450 affirmationis,
1736 1417 1844 1451 negatio
1863 1420 1903 1443 est
1920 1423 2003 1443 causa
2022 1417 2186 1450 negationis,
2211 1422 2237 1442 et
2255 1425 2269 1442 e
2288 1425 2430 1448 converso,
2449 1421 2478 1442 ut

1402 1452 1499 1477 dictum
1518 1457 1559 1477 est
1573 1459 1666 1484 supra;
1686 1456 1712 1477 et
1725 1452 1794 1477 aliud
1809 1452 1908 1478 dicere:
1928 1453 1960 1477 Si
1977 1453 2125 1486 affirmatio
2149 1452 2232 1486 insert
2254 1453 2478 1486 affirmationem,

1402 1487 1510 1520 negatio
1530 1487 1613 1520 infert
1635 1488 1818 1521 negationem,
1843 1493 1868 1512 et
1887 1495 1902 1513 e
1919 1495 2056 1513 converso.
2074 1488 2150 1513 Ratio
2170 1488 2326 1513 discriminis
2345 1492 2397 1519 est,
2417 1488 2479 1521 quia

1401 1523 1477 1547 valde
1491 1523 1557 1547 inter
1572 1530 1601 1547 se
1615 1523 1737 1548 differunt
1749 1530 1862 1548 causare
1874 1528 1901 1548 et
1914 1523 2022 1557 inferre.
2037 1524 2075 1548 Sit
2088 1524 2248 1556 exemplum:
2268 1523 2364 1549 Petrus
2377 1523 2466 1549 currit
2469 1530 2479 1553 ;

1401 1565 1468 1592 ergo
1481 1561 1602 1584 movetur
1606 1566 1615 1588 ,·
1623 1571 1643 1578 -ο
1651 1558 1748 1584 Petrus
1757 1562 1797 1584 est
1810 1558 1903 1587 homo5
1917 1566 1983 1592 ergo
1993 1562 2034 1584 est
2043 1559 2160 1584 risibilis.
2174 1559 2248 1584 Bona
2261 1563 2371 1592 utraque
2385 1559 2478 1590 illatio;

1402 1594 1448 1618 sed
1467 1598 1529 1619 nota
1542 1594 1614 1627 quod
1632 1594 1658 1618 in
1677 1594 1762 1626 primo
1781 1594 1936 1627 syllogismo
1955 1599 1996 1618 est
2018 1594 2075 1619 sola
2094 1594 2187 1624 illatio,
2207 1601 2260 1618 non
2279 1594 2402 1619 effectus:
2425 1602 2479 1619 non

1401 1630 1471 1654 enim
1485 1636 1579 1654 cursus
1593 1634 1634 1653 est
1647 1636 1727 1654 causa
1739 1634 1843 1660 motus;
1862 1629 1910 1654 sed
1928 1629 1954 1654 in
1973 1630 2089 1654 secundo
2108 1634 2149 1654 est
2167 1627 2253 1654 illatio
2272 1633 2298 1654 et
2316 1629 2395 1654 simul
2418 1628 2478 1663 effe-

1401 1668 1472 1695 ctus,
1493 1665 1547 1689 imo
1565 1664 1644 1689 illatio
1659 1665 1721 1698 quia
1734 1664 1855 1690 effectus:
1875 1672 1934 1689 esse
1946 1665 2017 1689 enim
2030 1664 2164 1689 hominem
2178 1669 2220 1689 est
2233 1671 2312 1690 causa
2325 1672 2371 1690 cm·
2385 1665 2478 1690 Petrus

1402 1700 1435 1725 sit
1453 1700 1566 1726 risibilis.
1585 1700 1667 1725 Porro
1685 1701 1711 1725 in
1734 1700 1812 1733 priori
1831 1700 1986 1733 syllogismo
2008 1699 2038 1725 fit
2061 1700 2252 1733 paralogismus
2271 1700 2294 1726 si
2313 1700 2345 1726 ab
2365 1699 2478 1726 affirma-

1401 1736 1471 1761 tione
1490 1736 1674 1769 consequentis
1688 1735 1811 1761 inferatur
1825 1734 1961 1761 affirmatio
1980 1736 2154 1761 antecedentis
2174 1733 2292 1769 (nempe:
2313 1735 2410 1761 Petrus
2423 1743 2478 1762 me-

1402 1774 1480 1796 vetur
1484 1778 1493 1800 ‚·
1511 1778 1577 1804 ergo
1595 1771 1702 1804 currit),
1716 1775 1742 1796 et
1756 1779 1771 1796 a
1784 1771 1921 1804 negatione
1939 1771 2113 1796 antecedentis
2128 1771 2252 1797 inferatur
2269 1772 2372 1804 negatio
2386 1778 2478 1796 conse-

1402 1807 1506 1839 quentis
1521 1807 1639 1839 (nempe:
1659 1807 1755 1832 Petrus
1769 1814 1821 1831 non
1840 1806 1940 1837 currit5
1959 1813 2025 1840 ergo
2043 1813 2095 1832 non
2113 1806 2254 1840 movetur).
2273 1807 2353 1840 Igitur
2370 1814 2424 1832 non
2437 1811 2479 1832 est

1401 1850 1501 1872 verum,
1516 1843 1543 1867 in
1558 1843 1616 1867 solo
1630 1850 1710 1867 sensu
1724 1842 1820 1867 illativo
1839 1842 1980 1875 loquendo,
1999 1843 2071 1875 quod
2090 1843 2112 1867 si
2126 1841 2262 1868 affirmatio
2277 1841 2354 1867 infert
2365 1841 2479 1868 affirma-

1401 1879 1508 1909 tionem,
1523 1878 1625 1910 negatio
1644 1877 1736 1903 inferat
1753 1878 1925 1911 negationem,
1945 1882 1971 1902 et
1983 1878 2125 1903 viceversa.
2144 1877 2202 1902 Non
2217 1877 2266 1903 hoc
2280 1885 2360 1904 sensu
2373 1883 2479 1911 propte-

1401 1921 1446 1938 rea
1464 1913 1631 1946 intelligenda
1655 1918 1717 1938 sunt
1738 1913 1862 1946 principia
1887 1913 2021 1938 enunciata
2046 1913 2077 1938 ab
2096 1913 2251 1944 Aristotele,
2276 1913 2321 1946 qui
2346 1920 2434 1946 neque
2451 1913 2479 1938 in

1401 1949 1486 1974 forma
1511 1949 1606 1974 illativa
1624 1953 1665 1973 est
1689 1949 1801 1974 locutus.
1814 1962 1834 1969 -
1847 1949 1875 1974 ln
1894 1949 1975 1974 altero
1991 1953 2079 1974 autem
2097 1948 2252 1982 syllogismo
2265 1949 2417 1981 oppositum
2435 1956 2478 1974 ac-

1402 1984 1476 2009 cidit:
1496 1985 1552 2009 sine
1571 1984 1641 2009 enim
1658 1984 1848 2017 paralogismo,
1870 1983 1925 2009 imo
1942 1991 2005 2009 vere
2023 1983 2159 2009 affirmatio
2178 1984 2352 2009 antecedentis
2371 1984 2479 2010 infertur

1402 2027 1433 2045 ex
1452 2019 1622 2045 affirmatione
1640 2019 1824 2052 consequentis
1847 2019 1960 2052 (Petrus
1982 2022 2023 2045 est
2039 2019 2164 2048 risibili-35
2186 2026 2253 2053 ergo
2270 2023 2312 2045 est
2329 2020 2433 2053 homo„
2453 2025 2480 2045 et

1402 2056 1504 2088 negatio
1524 2055 1707 2088 consequentis
1727 2063 1758 2080 ex
1775 2055 1912 2088 negatione
1931 2055 2105 2080 antecedentis
2124 2054 2238 2087 (Petrus
2255 2062 2308 2081 non
2327 2058 2368 2081 m
2384 2055 2479 2084 hom:

1402 2099 1467 2124 ergo
1488 2098 1539 2116 non
1559 2094 1600 2116 est
1617 2090 1758 2123 risibilis).
1782 2091 1848 2116 Hinc
1871 2091 1898 2115 in
1915 2090 1967 2115 hoc
1984 2098 2066 2116 sensu
2083 2090 2180 2116 causali
2199 2095 2226 2116 et
2247 2098 2311 2116 vero
2334 2091 2480 2116 enunciavit

1402 2127 1516 2159 praefata
1530 2126 1653 2159 principia
1666 2126 1828 2151 Aristoteles.
1844 2126 1877 2151 Et
1891 2126 1923 2151 ad
1942 2125 1992 2151 hoc
2011 2126 2142 2159 sapientes
2161 2126 2310 2151 cautissime
2328 2126 2479 2151 attendunt:

1403 2163 1519 2195 apprime
1538 2163 1608 2187 enim
1626 2162 1675 2194 ipsi
1694 2166 1789 2186 norunt
1808 2162 1879 2194 quod
1897 2162 1941 2187 ubi
1961 2161 2025 2186 haec
2039 2161 2143 2186 reflexio
2158 2166 2184 2186 et
2197 2166 2288 2187 mutua
2306 2161 2388 2187 illatio
2400 2169 2479 2195 nega-

1402 2198 1479 2223 tionis
1493 2205 1523 2223 ex
1539 2198 1676 2230 negatione
1690 2202 1716 2222 et
1730 2196 1907 2223 affirmationis
1921 2205 1952 2222 ex
1964 2196 2134 2223 affirmatione
2147 2204 2210 2223 vera
2223 2197 2264 2230 ait,
2278 2196 2384 2232 signum
2396 2198 2479 2223 mani-

1402 2233 1499 2258 festum
1510 2238 1550 2258 est
1556 2236 1671 2274 propter
1680 2232 1746 2266 quid
1754 2233 1800 2265 rei,
1811 2233 1882 2266 quod
1892 2238 1933 2258 est
1946 2231 2005 2258 finis
2015 2233 2252 2265 demonstrationis,
2262 2239 2324 2258 esse
2333 2233 2479 2266 cognitum.

1403 2269 1512 2294 habetur
1531 2269 1600 2293 enim
1619 2268 1669 2294 hoc
1687 2269 1713 2293 in
1732 2276 1795 2294 casu
1814 2268 1907 2298 illatio,
1927 2269 1988 2301 quia
2006 2268 2116 2294 habetur
2133 2275 2224 2294 causa.
2242 2268 2270 2294 Si
2289 2275 2380 2300 secus,
2399 2268 2479 2294 illatio

1404 2305 1510 2338 quidem
1529 2310 1577 2336 est,
1591 2305 1639 2329 sed
1658 2312 1736 2329 causa
1753 2312 1806 2329 non
1825 2304 1966 2337 attingitur.
1985 2304 2043 2329 Hoc
2061 2309 2148 2331 autem
2166 2303 2365 2338 intelligendum
2382 2309 2432 2336 est,
2450 2309 2481 2329 ut

1403 2345 1486 2373 patet,
1506 2347 1558 2365 non
1577 2340 1610 2364 de
1629 2347 1708 2365 causa
1725 2344 1834 2371 remota,
1854 2340 1901 2365 sed
1921 2340 1954 2364 de
1972 2347 2050 2365 causa
2072 2339 2184 2373 propria,
2203 2346 2256 2373 qua
2273 2339 2359 2373 posita
2373 2340 2416 2365 vel
2435 2347 2479 2365 su-

1403 2376 1484 2407 blata,
1503 2375 1608 2408 ponitur
1625 2376 1667 2400 vel
1686 2380 1837 2400 removetur
1856 2375 1979 2406 effectum
1997 2376 2024 2400 in
2038 2375 2124 2400 causis
2143 2379 2232 2400 autem
2245 2376 2361 2407 remotis,
2381 2375 2480 2401 ratione

1403 2411 1602 2444 praedicationis
1621 2411 1672 2443 (ef.
1685 2416 1738 2436 not.
1753 2409 1794 2443 β),
1813 2410 1960 2436 verificatur
1978 2411 2066 2436 solum
2084 2411 2149 2436 ratio
2168 2411 2299 2436 illationis.

1458 2446 1480 2479 ε)
1499 2447 1560 2472 Νοη
1580 2453 1658 2472 omne
1676 2445 1748 2479 quod
1765 2449 1805 2472 est
1823 2446 1928 2471 animal
1945 2446 2098 2479 respiratae
2078 2446 2158 2471 —lste
2176 2450 2216 2472 est
2233 2454 2296 2471 vere
2314 2453 2409 2471 sensus
2421 2453 2480 2471 ver·

1405 2482 1499 2507 bomm
1512 2482 1660 2507 Aristotelis
1675 2489 1744 2515 quae
1755 2482 1961 2507 muneribunmr
1975 2489 1990 2507 a
2004 2481 2145 2513 aThoma,
2159 2486 2189 2506 ut
2201 2481 2290 2507 videte
2303 2486 2345 2507 est
2356 2482 2383 2506 in
2395 2486 2480 2507 textu·

1406 2515 1436 2543 οὗ
1452 2515 1502 2551 γὰρ
1522 2515 1591 2542 ἅπαν
1611 2512 1719 2542 ἀναπνεῖ
1735 2516 1812 2551 ζῷον,
1831 2525 1883 2542 ηοη
1903 2518 1974 2542 enim
1992 2524 2069 2542 omne
2088 2517 2206 2550 respirat
2227 2517 2392 2548 anima1,ut
2409 2521 2481 2543 recte

1405 2553 1483 2578 habet
1503 2554 1590 2578 versio
1608 2553 1711 2578 lectioni
1730 2551 1877 2585 praefixa.—
1887 2552 1968 2578 Codd
1982 2551 2219 2583 DEHILNOQST:
2240 2559 2292 2577 non
2311 2559 2390 2577 omne
2407 2551 2480 2586 quod

1405 2588 1523 2620 respirat
1542 2591 1583 2613 est
1600 2588 1710 2613 animal.
1730 2587 1804 2618 Quae
1822 2587 1899 2613 lectio
1917 2587 1982 2613 falsa
2001 2593 2042 2613 est
2053 2592 2111 2612 tum
2130 2595 2161 2612 ex
2179 2592 2250 2612 textu
2269 2587 2354 2618 citato,
2373 2591 2430 2612 tum
2449 2594 2480 2612 ex

1406 2623 1446 2649 his
1465 2630 1534 2656 quae
1552 2623 1594 2648 hic
1613 2623 1783 2648 disseruntur.
1802 2623 1869 2648 Dicit
1887 2623 1957 2648 enim
1975 2623 2042 2648 infra
2059 2623 2227 2648 Aristoteles.
2252 2629 2330 2648 omne
2348 2622 2418 2648 enim
2437 2629 2480 2648 re-

1405 2659 1514 2691 spirans
1527 2659 1642 2688 animat,
1662 2657 1713 2683 πᾶν
1731 2656 1782 2692 γὰρ
1801 2654 1831 2682 τὸ
1848 2651 1974 2683 ἂναπνέον
1993 2658 2073 2692 ζῷονς
2092 2663 2118 2683 et
2137 2666 2159 2683 s.
2166 2657 2284 2683 Thomas
2303 2658 2381 2690 paulo
2400 2665 2481 2691 supra

1406 2694 1480 2719 dixit.
1500 2694 1584 2719 multa
1603 2693 1673 2718 enim
1690 2696 1754 2719 sunt
1768 2693 1905 2723 animalia,
1926 2700 1994 2726 quae
2008 2701 2061 2719 non
2082 2693 2226 2725 respirant,
2242 2698 2268 2718 et
2281 2701 2307 2718 n.
2317 2700 2383 2726 seq.:
2402 2699 2480 2718 mnne

1406 2729 1544 2762 respirans
1561 2732 1602 2754 est
1619 2729 1729 2754 animat.
1747 2729 1839 2759 Porro,
1858 2728 1894 2754 uti
1914 2729 1994 2754 lector
2012 2736 2043 2754 ex
2062 2737 2092 2754 se
2109 2729 2187 2758 videt,
2206 2729 2291 2759 lectio,
2310 2736 2391 2762 quam
2410 2728 2480 2754 exhi-

1406 2765 1469 2790 bent
1487 2764 1617 2797 praecitati
1637 2764 1747 2794 codices,
1763 2771 1778 2788 e
1792 2764 1917 2789 diametro
1935 2764 2075 2797 opponitur
2092 2763 2165 2789 hisce
2180 2763 2351 2789 sententiisoe
2363 2764 2428 2789 Cod.
2441 2764 2479 2789 B:

1407 2807 1460 2826 non
1478 2806 1557 2825 omne
1574 2799 1647 2832 quod
1665 2799 1781 2832 respirat
1798 2802 1839 2824 est
1856 2799 1967 2830 animal,
1983 2799 2052 2825 idest
2066 2807 2117 2826 non
2136 2806 2215 2824 omne
2232 2799 2336 2824 animal
2349 2798 2482 2832 respirat,

1407 2836 1441 2860 C:
1461 2843 1513 2860 non
1533 2842 1610 2860 omne
1628 2835 1700 2868 quod
1719 2835 1835 2867 respirat
1852 2835 1968 2864 animab·
1988 2835 2050 2860 RM:
2070 2843 2122 2860 non
2141 2842 2218 2860 omne
2236 2835 2338 2860 animal
2356 2835 2482 2868 respirat.

1408 2871 1432 2896 G
1450 2871 1590 2896 lectionem
1608 2870 1686 2895 habet
1703 2870 1818 2901 Pianam,
1829 2871 1876 2895 sed
1886 2875 1946 2903 post
1959 2871 2077 2903 rewirat
2090 2870 2167 2903 addit,
2178 2870 2269 2904 procul
2283 2869 2363 2895 dubio
2377 2878 2407 2896 a
2419 2878 2480 2903 pro-

1408 2906 1464 2939 prio
1484 2904 1602 2931 arbitrio':
1621 2906 1691 2931 sicut
1704 2906 1796 2938 piscis.

1461 2941 1486 2974 ζ)
1511 2941 1623 2974 Oportet
1633 2941 1700 2974 fieri
1714 2941 1741 2966 in
1756 2941 1845 2966 media
1856 2941 2099 2974 figura.—-Nempe
2114 2941 2139 2966 in
2155 2941 2270 2967 secunda
2283 2940 2374 2975 figura,
2389 2942 2415 2966 in
2429 2949 2482 2975 qua

1408 2978 1524 3002 medium
1542 2977 1583 3001 bis
1602 2977 1763 3010 praedicatur
1781 2977 1807 3001 in
1826 2977 1977 3009 praemissis
1994 2982 2020 3002 et
2038 2984 2147 3002 necesse
2166 2982 2206 3002 est
2224 2981 2253 3002 ut
2271 2977 2354 3002 maior
2372 2977 2406 3002 sit
2423 2977 2481 3002 uni-

1407 3013 1516 3038 versalis
1531 3017 1609 3045 atque
1618 3019 1675 3037 ‚una
1687 3012 1891 3045 praemissarum
1906 3013 1939 3037 sit
1953 3012 2071 3045 negativa
2087 3012 2137 3044 (cf.
2151 3013 2211 3038 lect.
2217 3019 2273 3043 vm,
2289 3019 2339 3046 n.9
2349 3015 2438 3038 etnot.
2445 3012 2481 3046 p).

1408 3049 1467 3074 Non
1481 3048 1565 3073 otiose
1579 3051 1674 3078 autem,
1689 3051 1761 3072 notat
1776 3047 1913 3073 Caietanus
1927 3047 1981 3080 (op.
1989 3053 2015 3073 et
2029 3048 2078 3073 loc.
2093 3048 2144 3079 cit„
2159 3047 2175 3081 fl
2190 3047 2269 3074 Circa
2283 3047 2404 3080 quintam
2418 3054 2482 3074 con-

1408 3084 1551 3110 clusionem
1570 3088 1628 3114 etc„
1647 3083 1692 3108 fol.
1708 3082 1748 3114 58,
1763 3083 1813 3108 col.
1829 3083 1868 3116 3),
1887 3083 2041 3108 Aristoteles
2056 3083 2148 3109 adiecit
2161 3083 2232 3116 quod
2250 3091 2297 3116 per
2316 3090 2422 3108 causam
2439 3090 2481 3108 re·

1409 3124 1507 3145 motam
1526 3118 1555 3144 tit
1569 3117 1756 3144 demonstratio
1770 3118 1796 3143 in
1810 3119 1924 3144 secunda
1937 3118 2028 3152 figura,
2040 3123 2071 3144 ut
2083 3119 2187 3152 exponit
2200 3126 2222 3144 s.
2231 3118 2350 3144 Thomas
2365 3118 2483 3151 (oportet

1402 3155 1468 3189 fieri
1485 3155 1554 3188 ete).
1579 3154 1719 3179 Insinuavit
1742 3153 1873 3187 siquidem
1898 3162 1929 3180 ex
1947 3154 1996 3179 hoc
2019 3154 2091 3187 quod
2109 3154 2136 3179 in
2154 3154 2226 3179 nulla
2244 3154 2293 3179 alla
2317 3153 2400 3187 figura
2421 3154 2482 3180 talis

1409 3190 1596 3216 demonstratio
1620 3189 1675 3215 fieri
1694 3194 1794 3222 potest:
1813 3189 1899 3223 quod,
1926 3190 2009 3223 inquit
2022 3190 2175 3221 caietanus,
2195 3189 2248 3215 nisi
2266 3189 2322 3222 ipse
2340 3189 2480 3220 docuisses,

1409 3234 1460 3252 non
1480 3225 1696 3251 advenissemus.
1720 3225 1843 3251 Attamen
1868 3225 2001 3259 Sylvester
2020 3225 2125 3251 Maurus
2149 3225 2176 3250 in
2195 3225 2204 3250 1
2223 3225 2335 3254 Poster..
2353 3232 2410 3259 cap.
2424 3231 2481 3256 nn,

1408 3270 1434 3288 ιι.
1442 3261 1468 3293 6,
1482 3269 1540 3295 pag.
1551 3260 1602 3293 324
1615 3260 1674 3293 (Ed.
1685 3260 1747 3293 cit.)‚
1756 3261 1858 3286 videtur
1877 3269 1929 3286 non
1945 3260 2054 3286 omnino
2067 3261 2163 3286 sentire
2177 3268 2238 3286 cum
2252 3260 2383 3286 Caietano.
2397 3260 2483 3286 Addit

1408 3297 1574 3327 Aristoteles,
1594 3296 1685 3329 inquit,
1704 3297 1777 3330 quod
1795 3297 1988 3322 demonstratio
2007 3296 2134 3330 negativa
2151 3303 2204 3329 per
2222 3303 2331 3322 causam
2349 3298 2481 3322 remotam

1409 3340 1462 3358 non
1481 3332 1619 3358 commode
1630 3332 1667 3366 fit
1685 3332 1711 3357 in
1727 3332 1820 3364 prima
1831 3333 1935 3368 figura.
1953 3332 2020 3357 Vide
2038 3331 2151 3357 Caietan-
2170 3332 2220 3358 loc.
2233 3332 2274 3357 cit.

1462 3368 1489 3401 η)
1508 3368 1569 3393 Non
1584 3370 1676 3400 potest
1693 3374 1756 3395 esse.
1771 3367 1879 3400 quando
1897 3367 2030 3393 conclusio
2048 3370 2088 3393 est
2106 3367 2246 3402 negativa,
2270 3366 2343 3400 quod
2359 3370 2435 3392 555.-
2445 3366 2482 3392 Ita

1409 3404 1519 3437 legimus
1546 3411 1606 3428 cum
1625 3403 1756 3428 codicibus
1775 3403 1912 3434 omnibus,
1931 3411 1985 3428 uno
2003 3403 2028 3428 G
2046 3407 2161 3436 excepto.
2186 3403 2220 3428 P:
2241 3410 2292 3428 non
2313 3404 2405 3435 potest
2426 3407 2482 3427 esse

1409 3439 1541 3465 conclusio
1560 3438 1698 3472 negativa,
1719 3439 1758 3464 ita
1776 3439 1848 3472 quod
1866 3443 1922 3470 etc„
1941 3439 1980 3464 G:
2000 3442 2040 3464 est
2058 3438 2192 3472 negativa,
2211 3439 2318 3471 oportet
2334 3436 2407 3470 quod
2424 3444 2480 3462 ma-

1410 3475 1459 3505 ior,
1480 3480 1565 3500 cetera
1578 3479 1607 3499 ut
1621 3474 1662 3499 alii
1678 3474 1788 3499 codices.
1807 3474 1923 3499 Verbum
1938 3479 2025 3499 autem
2039 3476 2146 3506 oportet
2158 3474 2224 3499 inter
2237 3473 2301 3498 duas
2316 3472 2396 3498 lineas
2411 3472 2481 3497 clau-

1410 3511 1493 3535 ditur'
1487 3518 1512 3535 ιιι
1527 3509 1576 3535 hoc
1586 3509 1675 3536 codice
1684 3510 1830 3542 (oportet).
1845 3510 1998 3535 Lectionum
2015 3509 2165 3534 diversitas
2158 3517 2185 3534 ιιι
2195 3508 2270 3534 codd.
2280 3507 2334 3533 etP
2344 3512 2384 3532 est
2393 3507 2481 3541 quoad

1410 3546 1530 3576 formam,
1550 3553 1603 3571 non
1626 3545 1713 3579 quoad
1738 3552 1860 3576 sensum3
1883 3545 1985 3577 planior
2007 3549 2095 3570 tamen
2114 3549 2155 3569 est
2173 3544 2248 3569 codd.
2267 3543 2351 3568 lectio.
2365 3555 2385 3562 —
2398 3543 2481 3576 Supra

1410 3581 1466 3614 (Et
1484 3581 1533 3606 hoc
1552 3581 1611 3607 ideo
1630 3583 1670 3606 est
1687 3580 1774 3613 quia),
1794 3581 1816 3605 A
1835 3588 1889 3605 om.
1907 3580 1979 3613 quia,
1994 3580 2019 3605 G
2034 3587 2089 3605 om.
2104 3579 2177 3609 idem·
2195 3578 2243 3604 sed
2261 3583 2323 3604 sunt
2341 3578 2443 3604 menda.
