2548 4192
180 269 301 296 CLXXX

185 351 200 366 »
223 338 278 369 fol.
304 339 380 379 734,
404 338 500 367 verbo
525 337 658 374 Feriae,
680 347 770 367 num.
802 338 849 367 13.
869 350 884 364 »
911 339 962 367 An
986 337 1062 366 haec
1086 339 1255 369 auctoritas

181 382 354 421 Tabienae,
374 382 400 412 si
419 391 482 423 qua
502 381 593 419 foret,
613 381 800 422 synchronis
819 380 1072 421 supparibusque
1090 382 1192 412 'allatis
1211 389 1254 413 te-

183 427 283 457 stibus
311 424 506 467 praevaleat?
534 428 577 456 At
599 425 773 455 indicatum
797 425 906 455 locum
930 424 1089 455 Tabienae
1112 426 1256 458 lustravit

183 471 367 502 Franciscus
398 471 540 500 Ianssens
567 470 681 509 Elinga
713 475 905 509 testaturque
933 468 967 498 in
1002 469 1145 500 eiusdem
1173 481 1254 511 opu-

182 515 262 546 sculi
286 515 489 546 refutatione:
517 527 531 542 «
545 514 722 544 Tabienam
742 523 799 543 nec
817 513 890 542 loco
906 512 1039 552 allegato
1059 513 1092 543 in
1109 515 1254 554 Summa,

186 572 203 588 ι
224 559 368 593 videlicet
386 559 482 589 verbo
496 558 623 594 Feriae,
640 567 729 587 num.
751 558 799 594 13,
816 556 882 586 imo
904 566 961 586 nec
976 567 1032 596 per
1050 564 1156 589 totum
1174 559 1255 590 illud

186 617 202 632 a»
225 610 329 644 caput,
356 613 458 633 unum
480 602 546 632 iota
568 602 692 639 habere,
717 611 784 641 quo
805 600 855 630 vel
874 601 994 631 mentio
1013 600 1069 632 fiat
1087 603 1126 632 de
1149 603 1253 640 Quae-

186 661 203 676 »
223 648 378 679 stionibus
400 645 671 683 Quodlibetalibus
690 651 720 674 et
735 644 839 674 multo
856 644 963 675 minus
980 645 1019 675 de
1033 646 1142 687 aliquo
1160 648 1253 679 disci-

187 705 202 721 »
218 692 299 732 pulo
323 691 386 721 divi
411 690 566 720 Thomae.
581 701 595 715 »
624 688 721 726 Quod
745 688 805 727 ait,
826 688 941 729 cuique
970 689 1150 729 diligentius
1180 702 1253 732 pro-

183 736 259 776 priis
278 735 378 765 oculis
397 733 641 774 expendendum
659 732 811 772 proponit
826 732 859 763 in
873 733 944 773 ipso
965 734 1126 765 Tabienae
1145 746 1252 776 opere,

182 780 271 820 quod
295 779 328 809 in
349 778 538 808 bibliotheca
566 777 823 808 Praedicatorum
846 778 1037 808 Lovaniensi
1062 779 1252 818 adservatur,

184 834 258 854 curn
281 823 329 853 his
352 822 457 852 verbis·
477 822 510 852 in
534 822 617 852 calce
639 821 830 852 voluminis:
855 822 988 853 Summa
1016 823 1175 862 Tabiena,
1201 826 1255 855 cui

184 868 306 905 titulus,
318 867 450 897 Summa
460 876 660 897 summarum
670 866 710 896 de
720 866 846 897 casibus
855 868 1078 906 conscientiae,
1091 879 1111 899 a
1116 870 1253 909 proprio

182 912 339 952 originali
361 916 512 951 excerpta
532 916 562 941 et
582 910 751 941 Bononiae
774 912 928 951 impressa
951 922 1039 942 anno
1055 913 1140 953 1517.
1165 914 1253 944 Haec

183 956 299 987 scilicet
321 955 424 995 prima
447 961 494 985 est
517 954 660 985 eiusdem
683 954 797 995 Operis
821 955 929 986 editio.
954 957 1038 987 Mala
1060 957 1156 997 igitur
1178 958 1251 996 fide,

182 1011 248 1031 non
271 999 367 1030 ullius
390 999 547 1040 praesidio
572 999 764 1030 auctoritatis
788 999 851 1039 egit
868 1000 963 1039 Alva,
983 1011 1056 1032 cum
1076 1003 1254 1033 Tabienam

181 1051 294 1076 testem
316 1044 459 1082 advocat,
479 1050 515 1074 ut
537 1043 689 1084 Aquinati
713 1044 870 1076 abiudicet
892 1045 1129 1082 Quodlibetales
1148 1047 1253 1084 Quae-

181 1090 310 1125 stiones‚
333 1098 448 1129 easque
471 1088 588 1119 tribuat
610 1088 778 1128 Aquinatis
802 1088 969 1130 discipulo.

248 1132 350 1174 Typis
366 1133 488 1163 editum
503 1139 628 1173 praesto
652 1132 731 1163 mihi
755 1139 802 1163 est
825 1134 968 1164 eiusdem
982 1135 1134 1166 Summae
1150 1146 1253 1166 exem-

130 1176 134 1180 “
182 1178 284 1219 plum,
301 1177 334 1207 in
351 1177 441 1208 cuius
457 1177 540 1207 calce
563 1177 640 1209 haec
655 1177 745 1217 lego:
773 1190 788 1205 κ
801 1177 944 1219 Explicit
959 1179 1092 1210 Summa
1114 1181 1254 1211 Tabiena

185 1235 199 1251 2
222 1221 419 1263 reformata,
451 1221 502 1252 cui
526 1221 637 1252 titulus
661 1228 717 1252 est.
748 1221 881 1253 Summa
909 1233 1110 1255 summarum
1139 1226 1179 1256 de
1202 1235 1253 1256 ca-

184 1280 199 1295 »
221 1267 308 1297 sibus
331 1267 554 1303 conscientiae,
579 1276 598 1296 a
616 1266 747 1307 proprio
771 1266 915 1307 originali
934 1275 1078 1309 excerpta
1097 1276 1128 1299 et
1145 1270 1254 1300 Bono-

184 1324 198 1339 »
222 1311 291 1340 niae
315 1310 467 1350 impressa
490 1310 523 1340 in
547 1311 676 1341 aedibus
699 1310 860 1342 Benedicti
879 1312 1025 1344 Hectoris
1049 1313 1252 1354 bibliopolae.

183 1368 199 1383 »
220 1355 302 1385 Bon.
320 1365 404 1385 anno
423 1354 557 1385 Domini
585 1356 667 1385 1520
692 1354 742 1384 die
767 1364 803 1384 21
832 1356 958 1396 aprilis,
987 1358 1096 1388 Leone
1118 1359 1148 1388 X
1170 1359 1254 1389 Pon-

184 1413 199 1428 »
221 1398 303 1430 tifice
327 1399 467 1429 Maximo
491 1406 646 1439 regnante.
664 1397 720 1441 (in
736 1402 773 1438 4o
788 1397 813 1441 ).
827 1413 842 1428 »
878 1401 966 1432 Haec
990 1408 1037 1432 est
1059 1402 1177 1440 editio,
1206 1412 1254 1433 se-

181 1444 292 1475 cundis
317 1443 398 1474 curis
428 1443 465 1473 ab
494 1443 564 1483 ipso
589 1445 707 1474 Ioanne
731 1443 769 1473 de
793 1445 914 1483 Tabia,
945 1445 1001 1486 qui
1025 1452 1056 1476 et
1081 1446 1254 1488 Cagnazzo

182 1488 427 1528 cognominatus
447 1493 502 1526 est,
522 1487 683 1529 impressa.
704 1487 781 1518 Post
800 1489 967 1529 epistolam
986 1491 1254 1530 nuncupatoriam

182 1533 222 1563 ad
245 1533 408 1563 Thomam
432 1532 471 1562 de
497 1532 556 1563 Vio
581 1532 770 1563 Caietanum
793 1533 824 1564 S.
847 1535 884 1564 R.
909 1534 947 1564 E.
966 1534 1184 1573 Cardinalem,
1210 1535 1253 1566 sic

181 1577 333 1608 admonet
355 1577 506 1607 lectorem
529 1583 654 1607 auctor:
682 1589 696 1604 ι
711 1575 796 1607 Cum
812 1577 874 1609 hoc
897 1589 996 1619 opus,
1013 1579 1103 1620 quod
1119 1579 1253 1610 Summa

184 1634 199 1649 ι»
221 1621 401 1662 reformata
429 1620 628 1659 inscribitur,
661 1627 798 1651 extrema
826 1622 885 1653 sibi
906 1619 1012 1653 'manu
1043 1623 1194 1664 imposita
1217 1634 1253 1655 ac

183 1679 198 1694 »
221 1665 332 1696 formis
361 1675 531 1703 excusum,
561 1665 594 1695 in
622 1665 728 1695 lucem
755 1667 941 1706 prodiisset;
971 1667 1070 1706 mihi,
1095 1668 1151 1708 qui
1174 1668 1254 1699 illud

183 1722 198 1738 :v
221 1709 450 1750 rempublicam
469 1709 681 1740 Christianam
697 1709 827 1742 iuvandi
850 1712 948 1751 gratia
967 1712 1160 1750 elucubravi,
1184 1723 1252 1753 per-

182 1766 197 1782 »
220 1763 343 1784 currere
366 1760 471 1784 totum
494 1760 589 1794 atque
613 1754 757 1785 evolvere
780 1755 908 1795 placuit,
933 1763 970 1787 ut
993 1757 1018 1786 si
1042 1757 1119 1797 quid
1137 1757 1252 1788 adden-

181 1811 196 1826 »
220 1798 298 1828 dum
315 1798 608 1839 detrahendumque
628 1798 719 1837 foret,
743 1799 850 1831 officio
873 1811 947 1832 meo
964 1811 999 1832 ac
1016 1801 1175 1841 religionis
1195 1812 1252 1832 no-

181 1855 195 1870 »
219 1849 299 1873 strae
322 1842 427 1873 decori
451 1843 584 1873 minime
608 1843 794 1875 deessem....
813 1845 904 1876 Hanc
932 1845 1062 1876 tandem
1085 1846 1251 1877 Summam

181 1900 196 1915 xv
219 1887 441 1928 reformatam,
467 1894 625 1928 quantum
648 1887 727 1918 mihi
742 1888 867 1920 homini
882 1890 995 1921 viatori
1014 1890 1164 1930 possibile
1181 1891 1251 1929 fuit,

181 1944 196 1959 »
218 1932 334 1962 iterum
357 1932 507 1962 recensui.
523 1944 538 1959 »
565 1932 657 1962 Hanc
680 1934 853 1976 secundam
876 1934 1065 1973 editionem,
1089 1945 1172 1976 quae
1195 1935 1251 1966 Pe—

178 1982 264 2006 trum
288 1976 326 2006 de
349 1976 429 2006 Alva
453 1975 560 2016 fugere
584 1986 650 2006 non
674 1977 834 2016 debuerat,
859 1978 1039 2019 diligentius
1063 1980 1252 2019 expendenti

179 2027 350 2051 occurrunt
372 2020 474 2060 plura,
498 2030 581 2061 quae
603 2020 704 2061 ipsius
727 2023 825 2054 Alvae
849 2023 1069 2064 opinationem
1093 2023 1250 2062 refellunt,

178 2064 310 2102 elidunt,
326 2064 504 2104 profligant.
522 2067 569 2095 Ac
590 2075 615 2095 1.
636 2066 724 2096 Loco
741 2068 885 2108 allegato,
900 2068 997 2098 verbo
1013 2068 1130 2098 Feriae
1153 2079 1184 2098 n.
1202 2069 1251 2107 13,

177 2109 265 2139 nulla
291 2109 523 2146 Quaestionum
551 2109 838 2150 Quodlibetalium,
869 2113 956 2143 nulla
979 2112 1145 2143 cuiusdam
1171 2113 1250 2144 Tho-

177 2163 249 2183 mae
262 2153 421 2193 discipuli,
437 2154 492 2194 qui
508 2163 559 2184 eas
575 2153 813 2195 elucubraverit,
824 2157 977 2198 ingeritur
991 2156 1122 2187 mentio:
1142 2167 1171 2188 2.
1183 2158 1251 2188 Nu-

177 2207 265 2227 mero
280 2207 316 2227 12
326 2198 541 2237 praecedente,
554 2197 608 2228 fol.
628 2208 690 2239 229
702 2206 806 2242 tergo,
819 2201 1004 2232 earumdem
1018 2201 1250 2238 Quaestionum

176 2241 297 2272 mentio
313 2241 458 2279 occurrit,
475 2242 625 2283 ipsaeque
641 2243 812 2276 laudantur
828 2246 887 2276 sub
903 2245 1035 2276 nomine
1056 2256 1080 2276 s.
1104 2246 1251 2277 Thomae

176 2286 224 2316 his
247 2285 367 2316 verbis:
395 2298 410 2313 ‹
424 2286 516 2317 Unde
534 2295 560 2317 s.
577 2288 713 2319 Thomas
732 2289 784 2326 Ql.
799 2290 854 2327 VI,
873 2300 925 2331 qu.
942 2300 973 2328 v,
992 2291 1085 2321 artic.
1105 2301 1116 2320 1
1131 2291 1176 2321 sic
1191 2291 1251 2322 ait:

178 2343 193 2358 x
216 2331 274 2361 Est
288 2330 553 2361 considerandum
569 2332 659 2373 quod
680 2334 901 2375 unusquisque
918 2341 1084 2375 peccatum
1100 2335 1251 2375 originale

178 2387 193 2402 x·
217 2374 372 2405 contrahit
397 2384 433 2405 ex
456 2375 537 2414 hoc,
569 2377 659 2417 quod
687 2377 747 2408 fuit
769 2378 802 2408 in
826 2379 931 2409 Adam
955 2379 1133 2410 secundum
1156 2379 1250 2410 semi-

178 2431 193 2446 »
217 2418 322 2448 nalem
341 2418 511 2449 rationem:
526 2433 540 2447 »
563 2422 591 2451 3.
609 2421 805 2453 Huiusmodi
829 2423 1060 2460 Quaestionum
1081 2424 1250 2461 Quodlibe-

177 2463 290 2493 talium
305 2462 398 2493 index
412 2463 607 2504 frequentius
623 2465 655 2495 in
672 2466 778 2507 Opere
793 2467 916 2507 legitur.
934 2468 972 2499 V.
984 2477 1014 2508 g.
1034 2469 1131 2499 verbo
1147 2469 1250 2499 Bene-

166 2507 283 2548 ficium
301 2516 390 2537 num.
404 2517 445 2547 24
460 2508 606 2540 laudatur
621 2511 764 2551 Aquinas
784 2511 835 2549 Ql.
847 2522 887 2549 rx,
905 2522 957 2552 qu.
967 2512 1092 2550 ultima,
1110 2513 1249 2544 articulo

170 2551 361 2591 penultimo,
380 2557 410 2582 et
433 2551 484 2589 QI.
501 2553 588 2591 VIII,
608 2564 660 2594 qu.
683 2565 731 2593 vr,
751 2561 813 2586 art.
834 2566 863 2587 v.
880 2557 977 2586 verbo
1001 2558 1155 2588 Meritum
1180 2567 1210 2588 n.
1230 2557 1248 2587 8

175 2595 252 2625 haec
275 2595 369 2626 habet
392 2596 550 2633 Tabiena:
574 2598 668 2638 Resp.
686 2600 861 2630 secundum
885 2610 910 2631 s.
940 2601 1092 2631 Thomam
1116 2601 1167 2638 Ql.
1189 2602 1248 2640 VI,

175 2649 228 2680 qu.
246 2650 277 2669 vr
300 2639 385 2680 quod
406 2641 471 2671 sic:
494 2641 548 2671 ubi
569 2643 616 2673 sic
639 2643 695 2680 ait,
721 2644 839 2684 aliquis
861 2650 954 2675 actus
971 2650 1077 2685 potest
1099 2645 1164 2676 dici
1186 2655 1249 2676 me·

176 2685 310 2714 ritorius
334 2691 391 2715 etc.
410 2685 444 2715 In
461 2685 630 2724 addendis,
655 2697 736 2728 quae
760 2695 903 2728 prostant
926 2689 958 2719 in
982 2688 1044 2719 fine
1063 2689 1248 2727 voluminis,

176 2735 300 2768 praesto
322 2735 396 2759 sunt
416 2729 493 2760 haec
512 2731 622 2761 verba:
645 2743 659 2758 α
674 2731 735 2762 Sed
749 2732 891 2772 primum
913 2739 960 2763 est
975 2743 1116 2773 expresse
1140 2740 1249 2764 contra

177 2786 192 2800 ι
215 2784 240 2803 s.
257 2773 432 2811 Thomam,
449 2774 504 2814 qui
520 2774 553 2805 in
572 2775 611 2806 V.
635 2775 698 2813 Ql.‚
715 2781 777 2807 art.
794 2787 846 2807 xV1
865 2777 926 2807 ait:
944 2777 1083 2815 Quando
1103 2778 1142 2808 de
1161 2777 1249 2808 adul-

178 2830 192 2845 »
215 2817 293 2848 terio
318 2818 460 2858 procedit
482 2818 613 2850 infamia
647 2820 697 2850 vel
728 2820 833 2862 aliqua
863 2821 952 2860 signa
975 2821 1130 2852 evidentia
1153 2831 1249 2862 appa-

177 2874 192 2889 »
215 2869 284 2892 rent
307 2869 364 2893 etc.
379 2875 393 2890 »
419 2863 535 2894 Nullus
559 2863 671 2895 dubito
696 2864 841 2896 futurum
865 2865 961 2896 fuisse
992 2872 1028 2896 ut
1055 2866 1185 2896 Petrum
1210 2866 1249 2896 de

175 2906 254 2936 Alva
270 2907 412 2946 puderet,
430 2907 506 2938 haec
530 2908 555 2938 si
579 2909 707 2939 tandem
726 2909 898 2950 aliquando
919 2910 1198 2947 animadvertisset,
1215 2910 1248 2940 in

175 2960 245 2980 eam
269 2951 312 2981 ire
342 2961 374 2982 se
398 2952 539 2992 potuisse
563 2953 771 2993 opinionem,
801 2964 899 2995 quam
927 2954 1079 2985 hactenus
1107 2964 1248 2985 eversam

174 2995 437 3037 profligatamque
451 2997 590 3037 prudens
604 2997 740 3039 quisque
755 2998 932 3040 doctusque
946 2998 1035 3029 fateri
1049 2999 1150 3030 debet.

533 258 991 294 DISSERTATIONES
1022 257 1270 294 CRITICAE
1299 258 1355 295 IN
1385 259 1422 295 S.
1444 258 1686 317 THOMAM
1714 260 2040 306 AQUINATEM

1379 337 1432 368 1v.
1457 338 1573 367 Menda
1597 338 1771 378 quaedam,
1795 338 1912 379 quibus
1936 339 2057 370 Veneta
2081 337 2155 368 anni
2185 339 2265 378 1593
2291 338 2387 369 editio

1311 381 1472 412 Dominici
1496 382 1636 412 Nicolini
1659 382 1766 413 vitiata
1789 383 1927 423 prodiit,
1958 382 2083 422 corrigit
2107 382 2300 422 Reginaldus
2325 384 2388 413 Lu-

1312 425 1435 456 carinus
1466 426 1531 456 suis
1562 426 1595 456 in
1623 426 1962 458 Animadversionibus
1994 428 2027 457 in
2057 432 2178 457 textum
2202 436 2228 457 s.
2249 427 2388 458 Thomae

1310 470 1434 500 Romae
1457 469 1617 510 impressis
1641 480 1726 501 anno
1756 471 1837 501 1666
1863 472 1950 511 apud
1974 481 2170 502 successores
2192 470 2303 501 vitalis
2319 472 2387 501 Ma-

1310 513 1420 544 scardi.
1449 526 1463 541 α
1477 514 1630 551 Quodlib.
1648 514 1717 553 VII,
1741 521 1797 545 art.
1814 525 1888 546 xvm
1907 516 1947 545 ad
1964 515 1998 546 8:
2027 515 2123 546 Circa
2143 524 2196 546 eos
2215 516 2271 556 qui
2287 525 2386 555 prae-

1313 570 1327 584 »
1349 557 1468 588 dicant.
1494 558 1681 598 Legendum
1696 558 1834 589 videtur:
1854 559 1969 600 quibus
1985 559 2190 599 praedicant.
2204 572 2219 587 2>
2247 559 2316 590 lmo
2333 570 2387 599 ge-

1309 601 1443 631 nuinam
1459 609 1490 633 et
1511 602 1639 633 unicam
1662 613 1728 633 esse
1751 603 1833 634 hanc
1851 603 2022 634 lectionem
2045 603 2165 643 integer
2181 610 2283 634 textus
2300 604 2386 634 evin-

1310 645 1367 675 cit:
1383 646 1563 677 Dicendum
1579 647 1664 687 quod
1671 657 1736 687 per
1749 649 1906 678 actionem
1922 648 2117 688 intelligitur
2131 648 2173 678 ibi
2187 646 2240 690 (in
2251 647 2383 691 Glossa)

1309 699 1373 719 non
1403 689 1507 720 solum
1538 700 1619 730 opus
1646 692 1818 729 manuale,
1849 692 1907 722 sed
1933 693 2042 722 omnia
2070 701 2154 732 quae
2180 692 2224 722 ad
2247 694 2384 724 activam

1309 734 1406 764 vitam
1425 736 1600 773 pertinent.
1625 735 1800 766 Solicitudo
1816 741 1935 773 autem,
1958 745 2042 776 quae
2060 736 2229 767 exhibetur
2247 747 2268 767 a
2285 747 2386 777 prae—

1308 777 1504 809 dicatoribus
1527 780 1614 809 circa
1638 788 1702 816 eos,
1726 781 1783 819 qui
1805 778 1945 822 (absque
1969 779 2068 810 dubio
2091 779 2231 823 quibus)
2249 781 2383 821 praedi—

1296 819 1394 859 cant,
1419 822 1464 852 ad
1485 824 1623 853 activam
1649 824 1746 853 vitam
1767 825 1917 863 pertinet.

1378 878 1394 894 <x
1407 866 1560 903 Quodlib.
1578 867 1637 904 Vl,
1661 873 1717 897 art.
1734 877 1778 896 vn
1797 874 1896 907 corp.:
1917 867 1953 897 Si
1967 868 2028 898 hoc
2041 868 2139 898 alteri
2157 878 2221 898 non
2237 870 2386 899 conveni-

1311 923 1326 938 »
1349 916 1408 948 ret,
1424 920 1521 951 quam
1541 910 1678 942 Christo.
1696 911 1798 951 Lege:
1814 911 1850 942 Si
1865 912 1925 942 hoc
1947 912 2045 942 alteri
2066 913 2268 950 conveniret,
2288 923 2385 953 quam

1311 967 1326 983 »
1352 955 1489 986 Christo.
1509 967 1524 982 ιο
1550 955 1634 986 Puto
1651 965 1711 995 ego
1734 956 1891 986 mendum
1907 955 2034 986 nullum
2050 965 2127 986 esse.
2152 956 2293 986 Textum
2309 967 2384 997 pro-

1309 999 1393 1030 fero:
1421 1000 1595 1040 Apostolus
1616 1000 1694 1031 dicit
1716 1000 1760 1030 ad
1781 1000 1874 1031 Rom.
1891 1010 1933 1038 v.,
1954 999 1995 1030 In
2019 1009 2082 1040 quo
2105 1009 2215 1030 omnes
2231 1010 2387 1040 peccave-

1308 1049 1405 1074 runt:
1427 1054 1448 1075 a
1471 1054 1536 1085 qua
1561 1045 1771 1076 universitate
1793 1045 1882 1075 solus
1908 1044 2056 1075 Christus
2079 1045 2250 1084 excipitur,
2275 1046 2332 1085 qui
2349 1046 2382 1076 in

1307 1088 1411 1119 Adam
1436 1099 1500 1119 non
1519 1088 1594 1129 fuit
1615 1089 1791 1120 secundum
1815 1089 2002 1120 seminalem
2034 1090 2202 1119 rationem.
2232 1089 2384 1130 Alioquin

1307 1134 1336 1163 si
1358 1133 1418 1163 hoc
1439 1133 1537 1164 alteri
1559 1143 1623 1164 non
1647 1135 1833 1164 conveniret
1854 1143 1950 1174 quam
1977 1133 2116 1171 Christo,
2137 1143 2201 1163 non
2221 1133 2385 1174 indigeret

1311 1177 1432 1208 Christi
1454 1178 1680 1218 redemptione.
1705 1178 1822 1209 Sensus
1846 1185 1909 1208 est:
1934 1177 1960 1208 si
1984 1177 2088 1216 alteri,
2112 1187 2212 1218 quam
2235 1177 2383 1217 Christo,

1308 1232 1376 1252 non
1400 1222 1582 1253 conveniret
1611 1222 1708 1253 fuisse
1736 1222 1769 1253 in
1792 1222 1898 1253 Adam
1924 1222 2103 1253 secundum
2125 1221 2313 1252 seminalem
2335 1232 2384 1253 ra-

1308 1266 1431 1297 tionem
1450 1273 1482 1297 et
1499 1266 1676 1307 peccavisse
1699 1267 1732 1297 in
1756 1267 1872 1305 Adam,
1896 1266 1922 1299 is
1941 1266 2161 1307 redemptione
2180 1266 2299 1297 Christi
2317 1276 2385 1297 non

1309 1311 1471 1350 indigeret.
1505 1311 1665 1342 Convenit
1695 1312 1790 1342 etiam
1821 1311 1915 1342 lectio
1940 1311 2108 1349 Lucarini,
2142 1321 2224 1352 quae
2254 1321 2386 1342 sensum

1309 1355 1428 1386 reddit:
1452 1355 1478 1385 si
1501 1355 1609 1394 alteri,
1633 1366 1732 1397 quam
1756 1355 1905 1393 Christo,
1937 1355 2118 1386 conveniret
2141 1365 2208 1385 non
2232 1355 2329 1386 fuisse
2351 1355 2386 1386 in

1309 1399 1414 1429 Adam
1437 1400 1615 1430 secundum
1638 1400 1825 1431 seminalem
1848 1399 2005 1431 rationem
2020 1406 2052 1431 et
2067 1409 2135 1430 non
2154 1399 2331 1440 peccavisse
2350 1400 2384 1430 in

1308 1444 1424 1482 Adam,
1448 1444 1475 1474 is
1498 1444 1717 1484 redemptione
1739 1444 1858 1475 Christi
1877 1455 1943 1475 non
1969 1444 2132 1484 indigeret.
2159 1443 2385 1484 Primigeniam

1307 1487 1479 1519 lectionem
1496 1489 1612 1519 vetusti
1631 1489 1755 1519 codices
1774 1489 1878 1519 bonae
1897 1495 1992 1519 notae
2010 1489 2205 1519 indicabunt.

1379 1545 1393 1560 α
1411 1532 1565 1570 Quodlib.
1582 1533 1629 1571 V,
1653 1539 1709 1563 art.
1726 1543 1749 1563 11
1772 1533 1811 1563 ad
1834 1544 1844 1564 1
1868 1533 1902 1563 in
1924 1532 2000 1564 fin.:
2029 1533 2149 1564 Adiuta
2162 1542 2227 1573 per
2241 1534 2385 1574 gratiam

1311 1589 1326 1604 1»
1347 1582 1425 1607 sunt
1441 1577 1605 1617 principia
1628 1577 1823 1608 demerendi.
1848 1577 1997 1617 Corrige:
2022 1577 2143 1608 Adiuta
2160 1587 2225 1617 per
2238 1578 2383 1618 gratiam

1311 1633 1326 1649 »
1342 1626 1481 1661 possunt
1496 1630 1565 1652 esse
1582 1622 1746 1662 principia
1765 1621 1920 1652 merendi.
1934 1633 1948 1648 ι·
1976 1621 2096 1652 Textus
2114 1627 2177 1652 est:
2201 1621 2276 1651 Alio
2291 1621 2385 1652 modo

1302 1671 1410 1706 potest
1432 1666 1572 1707 intelligi
1593 1667 1650 1703 sic,
1675 1666 1762 1707 quod
1785 1665 1951 1696 naturalia
1971 1675 2035 1696 non
2054 1666 2120 1696 sint
2136 1666 2301 1706 principia
2317 1675 2383 1697 me-

1309 1710 1402 1740 rendi
1425 1710 1476 1741 vel
1497 1710 1702 1741 demerendi:
1725 1715 1756 1741 et
1778 1711 1826 1741 sic
1840 1710 1968 1750 falsum
1993 1715 2049 1740 est.
2074 1709 2252 1740 Naturalia
2276 1711 2381 1749 enim,

1307 1754 1419 1785 adiuta
1435 1764 1498 1795 per
1511 1756 1656 1795 gratiam
1673 1760 1750 1786 sunt
1765 1764 1834 1786 esse
1850 1754 2015 1795 principia
2031 1754 2227 1785 demerendi.
2251 1753 2386 1794 optima

1308 1799 1461 1830 correctio
1485 1799 1634 1830 Lucarini
1665 1809 1702 1829 ex
1732 1799 1804 1839 ipso
1834 1805 1920 1829 textu
1946 1798 2125 1838 colligitur:
2156 1799 2295 1830 Possunt
2317 1807 2387 1830 esse

1302 1844 1466 1884 principia
1489 1844 1644 1874 merendi.

1378 1900 1392 1916 α
1406 1887 1559 1925 Quodlib.
1578 1888 1630 1926 111,
1648 1894 1703 1918 art.
1720 1897 1740 1918 x
1755 1888 1788 1918 in
1803 1894 1903 1927 corp.:
1915 1887 1955 1918 In
1973 1887 2109 1918 hisvero
2122 1888 2386 1927 quae-pertinent

1310 1945 1324 1960 >
1347 1932 1391 1963 ad
1395 1932 1500 1973 fidem
1518 1937 1549 1963 et
1563 1932 1662 1963 bonos
1677 1942 1791 1963 mores.
1803 1931 1906 1962 Alibi:
1930 1931 1995 1969 Vel,
2011 1941 2067 1962 seu
2082 1936 2141 1962 aut
2154 1931 2253 1962 bonos
2267 1940 2384 1963 mores.

1311 1989 1326 2004 2·
1349 1976 1430 2007 Vide
1457 1983 1584 2007 nostros
1608 1987 1632 2007 s.
1648 1977 1852 2007 Antoninum
1880 1986 1912 2016 p.
1936 1976 1997 2014 ΙΙΙ,
2021 1975 2068 2006 tit.
2084 1985 2122 2014 v,
2146 1985 2214 2016 cap.
2235 1986 2276 2014 11,
2299 1975 2328 2016 ξ.
2347 1982 2384 2016 9;

1311 2033 1325 2048 ›
1349 2020 1535 2052 Silvestrum
1549 2022 1647 2052 verbo
1665 2021 1782 2061 Opinio
1796 2030 1885 2051 num.
1904 2031 1930 2058 1,
1945 2030 2000 2061 qu.
2017 2027 2044 2059 1;
2055 2019 2236 2051 Corradum
2247 2020 2286 2050 de
2295 2019 2384 2051 Con-

1311 2077 1326 2093 »
1348 2072 1435 2096 tract.
1455 2075 1510 2106 qu.
1528 2076 1546 2096 c
1561 2072 1636 2106 post
1651 2066 1792 2096 conclus.
1804 2075 1838 2095 m
1851 2065 1884 2097 in
1898 2065 1993 2095 solut.
2009 2066 2024 2095 5
2037 2074 2100 2104 arg.
2110 2076 2126 2092 ι»
2145 2064 2268 2104 Integer
2281 2070 2384 2095 textus

1308 2110 1456 2140 Thomae
1479 2110 1524 2141 sic
1547 2110 1658 2140 habet:
1686 2122 1701 2138 ‹
1714 2109 1912 2147 Dicendum,
1937 2109 2028 2150 quod
2050 2108 2190 2139 diversae
2214 2108 2384 2149 opiniones

1311 2167 1325 2182 »
1349 2154 1519 2185 doctorum
1542 2164 1646 2185 sacrae
1663 2154 1842 2194 Scripturae
1865 2153 1891 2184 si
1914 2153 2046 2194 quidem
2066 2162 2133 2183 non
2149 2152 2327 2193 pertineant
2340 2152 2385 2185 ad

1311 2211 1326 2227 ι
1338 2199 1442 2240 fidem
1467 2204 1497 2230 et
1520 2199 1619 2230 bonos
1642 2208 1758 2236 mores,
1784 2199 1903 2239 absque
1922 2197 2065 2238 periculo
2089 2197 2249 2228 auditores
2265 2203 2384 2228 utram-

1311 2256 1326 2271 »
1348 2253 1412 2284 que
1435 2243 1624 2284 opinionem
1643 2243 1733 2284 sequi
1757 2249 1926 2283 possunt...
1943 2242 1978 2272 ln
2001 2241 2052 2272 his
2073 2251 2166 2280 vero,
2189 2251 2272 2283 quae
2290 2241 2384 2282 perti-

1311 2301 1326 2316 »
1348 2295 1425 2318 nent
1447 2288 1491 2318 ad
1503 2288 1608 2329 fidem
1633 2293 1664 2318 et
1686 2288 1784 2318 bonos
1807 2296 1923 2325 mores,
1949 2286 2057 2317 nullus
2080 2292 2261 2325 excusatur,
2285 2285 2312 2317 si
2334 2295 2383 2317 se-

1311 2345 1326 2360 »
1348 2339 1465 2373 quatur
1492 2342 1658 2363 erroneam
1686 2331 1875 2372 opinionem
1903 2331 2036 2362 alicuius
2063 2330 2214 2371 magistri.
2228 2342 2242 2358 2·
2269 2330 2324 2361 Bis
2347 2339 2384 2361 ea

1307 2378 1402 2408 verba
1431 2383 1603 2408 occurrunt
1633 2386 1709 2408 cum
1739 2376 1892 2417 particula
1921 2376 2091 2416 copulante
2114 2380 2164 2406 et:
2191 2381 2223 2406 at
2253 2374 2384 2415 perinde

1308 2421 1412 2459 fuerit,
1437 2421 1477 2451 ad
1499 2431 1662 2452 summam
1685 2421 1847 2452 doctrinae
1867 2420 1957 2462 quod
1980 2420 2100 2458 attinet,
2126 2419 2152 2450 si
2168 2419 2321 2460 particula
2336 2418 2384 2450 di-

1307 2466 1477 2503 siunctiva‚
1502 2466 1566 2503 vel,
1597 2465 1731 2506 legenda
1754 2465 1846 2496 foret.
1872 2465 1942 2506 Ipse
1965 2465 2110 2496 Thomas
2133 2463 2167 2495 in
2190 2473 2272 2504 resp.
2296 2463 2338 2494 ad
2367 2474 2379 2494 r

1307 2511 1351 2542 sic
1374 2510 1418 2542 ait
1444 2510 1531 2541 iuxta
1559 2509 1698 2541 Nicolini
1727 2509 1919 2540 editionem:
1952 2522 1967 2537 ι
1988 2508 2106 2540 Omnia
2133 2518 2218 2550 quae
2239 2508 2385 2539 dixerint

1309 2568 1323 2583 »
1347 2555 1434 2586 vobis
1455 2560 1583 2586 servate
1602 2560 1632 2585 et
1644 2553 1770 2595 facite,
1796 2554 1835 2584 de
1855 2554 1917 2584 illis
1938 2553 2141 2593 intelligatur,
2165 2562 2248 2594 quae
2269 2552 2310 2583 ad
2331 2561 2382 2584 ca-

1309 2612 1323 2627 »
1346 2599 1491 2630 thedram
1513 2599 1687 2639 pertinent:
1713 2599 1752 2638 ad
1767 2608 1867 2639 quam
1882 2608 1949 2629 non
1965 2597 2123 2638 pertinent
2141 2606 2188 2635 ea,
2209 2606 2291 2637 quae
2306 2602 2382 2627 sunt

1309 2656 1324 2671 »
1347 2649 1460 2674 contra
1477 2643 1582 2684 fidem
1607 2643 1658 2674 vel
1680 2643 1779 2674 bonos
1801 2652 1917 2674 mores.
1932 2655 1947 2670 »
1978 2641 2208 2672 Adnotaverim
2231 2641 2380 2679 demum,

1305 2687 1338 2718 in
1357 2687 1523 2728 Aquinatis
1540 2693 1638 2725 textu,
1662 2696 1760 2727 quem
1774 2686 1849 2717 loco
1874 2686 1968 2717 citato
1987 2685 2148 2725 integrum
2163 2684 2251 2715 affert
2273 2694 2298 2715 s.
2314 2686 2380 2715 An-

1305 2731 1456 2769 toninus,
1487 2730 1658 2771 utrobique
1688 2730 1896 2771 particulam,
1925 2730 1995 2767 vel,
2019 2728 2180 2759 adhiberi:
2211 2728 2256 2759 ad
2273 2728 2378 2770 fidem

1306 2776 1356 2807 vel
1379 2776 1477 2806 bonos
1499 2782 1615 2805 mores.

1371 2819 1527 2850 Mendutn
1550 2818 1647 2856 aliud,
1671 2818 1761 2859 quod
1784 2817 1932 2849 Lucarini
1955 2817 2151 2858 diligentiam
2167 2816 2258 2857 fugit,
2282 2816 2379 2848 corri-

1303 2863 1444 2904 gendum
1454 2873 1604 2904 propono
1615 2862 1768 2900 Quodlib.
1778 2863 1941 2900 XII,artic.
1957 2872 1967 2892 1
1986 2861 2020 2893 in
2031 2868 2131 2902 corp.:
2141 2861 2198 2892 Ex
2210 2862 2273 2892 hac
2280 2866 2380 2902 parte

1304 2918 1367 2939 non
1391 2908 1596 2939 desideratur
1619 2916 1687 2938 esse
1710 2906 1888 2944 relationis,
1912 2906 1970 2938 sed
1992 2906 2153 2937 distinctio
2174 2911 2206 2936 et
2224 2906 2378 2946 oppositio

1303 2954 1381 2984 eius.
1402 2953 1501 2992 Lege:
1526 2952 1581 2982 Ex
1595 2952 1657 2983 hac
1668 2957 1767 2992 parte
1785 2961 1849 2982 non
1869 2951 2094 2982 consideratur
2112 2959 2181 2981 esse
2199 2950 2378 2981 relationis.

1303 2997 1350 3028 Ex
1365 2997 1436 3038 ipso
1453 3003 1550 3035 textu,
1567 3006 1665 3037 quem
1681 2995 1824 3034 consule,
1841 2994 2021 3026 emendatio
2038 2994 2206 3035 colligitur.
