2788 4204
1146 293 1257 330 CAP.
1288 294 1359 340 xl,
1390 293 1540 330 LECT.
1570 295 1605 330 x

283 370 460 419 producit
479 369 658 407 effectum
682 381 835 418 semper
858 376 922 406 aut
941 369 1036 406 sicut
1054 370 1286 417 frequenter;
1316 377 1352 406 et

284 424 332 461 de
351 424 423 460 hac
443 423 517 471 agit
544 423 612 459 ibi:
634 424 730 459 Sunt
741 428 866 459 autem
885 423 1034 470 quidem
1054 423 1239 471 quaedam
1255 434 1351 471 quae

41 479 52 490 ‘
66 478 243 506 &mmm-4·
272 478 379 524 fiunt
402 476 662 514 universaliter
685 477 705 497 *
726 483 794 512 etc.
822 475 934 511 Circa
955 475 1127 524 primum·
1150 476 1226 512 duo
1247 476 1349 513 facit:

40 753 53 764 ⁶
66 752 138 774 Num.
153 758 173 780 5.

41 805 51 815 ·
64 804 111 826 Est
123 811 152 827 ex
170 804 239 827 codd.

281 530 408 579 primo
424 559 434 578 ,
469 529 631 566 ostendit
667 528 866 577 quomodo
902 528 1042 577 aliquid
1072 529 1351 566 demonstretur

282 596 352 632 per
381 595 537 620 causam
573 594 671 629 quae
702 589 757 618 est
794 581 906 617 simul
945 594 1033 618 cum
1068 594 1113 618 eo
1153 582 1258 619 cuius
1297 590 1351 619 est

283 649 415 683 causa;
441 635 632 681 secundo,
662 635 862 683 quomodo
898 635 1178 672 demonstratur
1210 635 1350 684 aliquid

281 701 351 738 per
371 701 526 726 causam
546 700 644 737 quae
665 700 744 725 non
764 695 820 725 est
847 688 960 725 simul
980 700 1069 725 cum
1085 700 1131 725 eo
1161 688 1267 726 cuius
1297 696 1351 725 est

282 754 415 787 causa;
436 741 505 778 ibi:
526 743 572 778 In
591 741 650 778 his
668 747 793 778 autem
822 753 920 790 quae
947 753 1022 778 non
1041 741 1154 778 simul
1172 742 1192 762 *
1214 749 1281 778 etc.

336 807 371 832 2.
390 795 499 832 Circa
514 795 681 844 primum
698 795 1017 832 considerandum
1033 794 1118 831 est*
1134 794 1251 843 quod,
1264 794 1351 843 quia

280 849 320 886 in
347 856 456 886 motu
488 860 644 887 necesse
675 855 730 885 est
758 848 997 886 considerare
1029 848 1133 898 prius
1163 856 1199 885 et
1224 856 1350 898 poste-

280 902 374 950 rius,
396 902 434 940 in
454 903 575 940 causis
604 910 732 939 motus
757 910 812 939 est
839 903 1011 952 accipere
1033 914 1188 939 causam
1209 910 1245 938 et
1264 915 1350 939 cau-

281 963 407 993 satum
445 968 485 992 se
522 957 663 993 habere
702 956 913 993 secundum
947 957 1052 1006 prius
1087 963 1124 992 et
1149 956 1348 1006 posterius.

282 1009 387 1046 Sicut
413 1017 516 1058 patet
543 1010 647 1058 quod
678 1022 792 1048 causa
820 1022 935 1058 agens
955 1010 1134 1048 naturalis
1153 1011 1350 1048 movendo

0 1105 5 1111 ,
39 1074 254 1102 ‘numerate-'eun
278 1063 453 1112 perducit
474 1065 494 1085 ³⁸
513 1065 562 1101 ad
587 1076 700 1100 suum
729 1064 924 1101 effectum:
946 1072 983 1101 et
1010 1065 1105 1101 sicut
1131 1075 1201 1111 per
1228 1071 1350 1100 totum

38 1128 52 1140 ⁸
60 1127 148 1150 codd·
155 1134 252 1156 rotper-

38 1154 113 1177 Mt.

0 1537 136 1575 ¹>‹tandm-

0 1564 253 1609 ἷ·ΒαΑιοιιω.

0 1610 78 1628 ειη.

0 1665 1 1668 ’
37 1662 175 1687 ‘uon-ex
182 1663 252 1686 codd.

35 1930 201 1980 ⁴00⁰&ssss
212 1946 220 1952 ·
231 1941 253 1979 ·.

2 1983 3 1986 ’
35 1983 90 2006 leet.
98 1989 156 2006 xxa.

37 2033 49 2044 ·
60 2031 143 2055 Hom
159 2038 208 2054 om.
222 2037 253 2054 n..

37 2089 51 2102 ⁸
64 2089 193 2112 eodm-1⁵:
214 2094 253 2111 ne-

7 2115 117 2139 <mdl-

280 1124 431 1154 motum
450 1117 671 1165 perducitur
689 1118 709 1138 *
730 1118 872 1154 mobile
898 1118 947 1155 ad
975 1117 1180 1155 terminum
1210 1125 1349 1164 motus,

280 1169 330 1206 ita
344 1182 414 1219 per
427 1170 593 1218 primam
606 1178 756 1219 partem
770 1178 899 1208 motus
912 1171 1131 1220 perducitur
1149 1171 1199 1207 ad
1217 1182 1350 1209 secun—

280 1223 384 1269 dam,
402 1231 438 1260 et
461 1223 514 1260 sic
534 1224 724 1272 deinceps.
756 1224 866 1261 Unde
886 1225 981 1261 sicut
999 1231 1128 1261 motus
1154 1231 1209 1259 est
1238 1235 1351 1261 causa

280 1275 416 1325 quietis
431 1278 710 1326 consequentis,
722 1277 772 1314 ita
785 1278 911 1326 prima
922 1289 1012 1326 pars
1027 1284 1155 1313 motus
1172 1285 1227 1314 est
1238 1290 1351 1314 causa

279 1330 558 1378 subsequentis,
584 1339 620 1367 et
646 1331 698 1368 sic
719 1331 909 1380 deinceps.
932 1332 982 1367 Et
1000 1331 1075 1367 hoc
1094 1330 1352 1368 indifferenter

279 1383 366 1430 siye
385 1384 464 1421 hoc
493 1384 752 1421 consideretur
779 1384 818 1420 in
846 1396 924 1420 uno
953 1384 1103 1432 mobili,
1133 1385 1238 1432 quod
1266 1397 1350 1422 mo-

277 1444 390 1474 vetur
418 1438 595 1474 continue
623 1450 646 1474 a
673 1437 859 1486 principio
888 1450 1008 1486 usque
1038 1439 1086 1475 ad
1111 1438 1248 1484 finem;
1270 1439 1349 1476 sive

245 1505 252 1520 ε
278 1489 318 1527 in
331 1490 491 1527 diversis
506 1490 722 1536 mobilibus,
739 1503 905 1538 quorum
919 1491 1088 1540 primum
1104 1493 1123 1512 ‘¹‘
1143 1499 1275 1529 movet
1294 1504 1350 1528 se-

280 1543 462 1591 cundum,
481 1551 517 1580 et
531 1544 744 1581 secundum
758 1544 922 1581 tertium.
935 1546 983 1581 Et
997 1546 1016 1566 ’¹‘
1031 1545 1116 1582 licet
1129 1545 1240 1582 simul
1257 1545 1350 1582 dum

277 1596 448 1646 primum
477 1609 642 1634 movens
670 1605 813 1644 movet,
834 1598 1003 1646 primum
1022 1607 1173 1636 motum
1192 1611 1350 1636 movea-

279 1658 351 1698 tur,
362 1659 492 1688 tamen
506 1651 675 1700 primum
691 1658 842 1688 motum
852 1652 872 1672 ³¹²
884 1659 1055 1688 remanet
1068 1664 1233 1689 movens
1248 1660 1350 1701 post-

279 1716 397 1753 quam
418 1704 526 1741 desiit
545 1704 706 1749 moveri,
729 1717 805 1753 quo
826 1713 1006 1741 movente
1033 1705 1145 1742 simul
1173 1714 1351 1743 movetur

279 1757 493 1795 secundum
508 1758 663 1795 mobile.
681 1759 729 1794 Et
744 1758 793 1795 ita
809 1758 1022 1796 successive
1043 1767 1248 1796 moventur
1267 1772 1350 1796 mo-

280 1810 389 1858 bilia,
425 1824 591 1860 quorum
623 1823 743 1847 unum
780 1819 836 1848 est
868 1824 983 1848 causa
1016 1819 1144 1850 motus
1177 1812 1348 1860 alterius,

280 1864 376 1902 sicut
403 1864 451 1902 de
479 1865 538 1902 his
567 1877 665 1913 quae
698 1864 946 1912 proiiciuntur
977 1865 1192 1903 manifestat
1224 1866 1350 1903 Philo-

280 1918 426 1967 sophus
455 1918 493 1955 in
512 1918 599 1954 VIII
619 1918 770 1966 Physic.
788 1919 808 1940 ³¹²
837 1919 910 1955 Per
937 1919 1039 1955 hunc
1068 1931 1158 1967 ergo
1187 1920 1348 1957 modum

281 1971 461 2019 contingit
487 1971 593 2020 quod
613 1983 727 2007 causa
747 1984 825 2008 non
845 1980 901 2008 est
920 1972 1031 2009 simul
1052 1985 1140 2010 cum
1168 1985 1214 2010 eo
1243 1973 1349 2010 cuius

279 2033 336 2062 est
355 2037 485 2072 eausa,
506 2025 544 2061 in
569 2033 754 2073 quantum
775 2025 915 2062 scilicet
932 2026 1056 2074 prima
1075 2039 1162 2075 pars
1185 2034 1313 2063 motus
1329 2027 1349 2047 ’²‘

279 2086 335 2116 est
361 2091 476 2115 eausa
495 2078 687 2115 secundae
709 2079 741 2126 ⁷²²,
761 2079 824 2115 vel
847 2079 1016 2127 primum
1045 2087 1196 2116 motum
1216 2087 1350 2116 movet

278 2132 504 2169 secundum.
522 2131 711 2178 Quamvis
731 2140 860 2169 autem
879 2140 1008 2169 motus
1028 2132 1066 2169 in
1085 2133 1160 2169 suis
1179 2133 1349 2182 partibus

278 2186 562 2222 successionem
590 2187 744 2231 habeat,
770 2194 900 2223 tamen
919 2186 1030 2223 simul
1051 2194 1106 2223 est
1126 2199 1214 2223 cum
1235 2199 1348 2223 causa

241 2263 246 2268 ·
278 2247 473 2277 movente.
505 2239 626 2276 Simul
656 2240 758 2276 enim
787 2240 881 2276 dum
910 2252 1073 2277 movens
1101 2248 1245 2287 movet,
1267 2252 1349 2276 mo-

1 2321 8 2325 -
37 2305 104 2334 Quid
115 2308 151 2327 est
164 2308 252 2328 motus.

36 2359 47 2370 ·
56 2363 168 2386 unqu,
183 2364 207 2387 p.
217 2364 251 2381 m.

38 2391 239 2412 emmone

37 2411 221 2440 cndnnqwd.
241 2398 250 2402 “

279 2292 353 2330 bile
373 2301 564 2339 movetur,
588 2305 634 2329 eo
655 2294 759 2341 quod
781 2301 910 2330 motus
932 2293 1021 2330 nihil
1044 2301 1099 2330 est
1113 2294 1216 2330 aliud
1230 2306 1347 2342 quam

279 2354 384 2383 actus
412 2347 565 2383 mobilis
585 2359 607 2383 a
626 2355 826 2393 movente,
856 2347 1069 2384 secundum
1098 2359 1213 2395 quem
1231 2348 1251 2368 *
1266 2359 1349 2383 mo-

277 2412 374 2437 vens
403 2400 537 2437 dicitur
565 2413 722 2437 movere
753 2408 788 2437 et
815 2401 957 2437 mobile
977 2401 1138 2438 moveri.
1160 2402 1209 2437 Et
1226 2402 1348 2437 multo

279 2453 401 2501 magis
439 2454 476 2490 in
508 2454 567 2490 his
605 2467 704 2502 quae
737 2462 824 2491 sunt
858 2462 959 2490 extra
997 2462 1163 2500 motum,
1200 2462 1349 2502 oportet

279 2519 436 2544 causam
471 2507 582 2544 simul
613 2520 695 2544 θεεθ
724 2520 812 2544 cum
842 2520 912 2544 suo
942 2515 1114 2554 causato;
1144 2508 1224 2544 sive
1253 2508 1348 2544 acci-

279 2561 404 2610 piatur
422 2562 565 2610 aliquid
583 2570 626 2598 ut
644 2562 828 2599 terminus
847 2569 976 2598 motus
996 2562 1106 2608 (sicut
1124 2561 1348 2598 illuminatio

332 2685 394 2710 Tria
420 2693 482 2718 ergo
501 2685 526 2709 in
551 2692 628 2709 causa
652 2690 727 2715 sunt,
746 2692 794 2717 pro
817 2684 946 2717 praesenti
969 2685 1136 2717 quaestione,
1156 2684 1350 2716 distinguenda:

283 2723 316 2753 ι’,
330 2729 381 2752 res,
395 2729 443 2746 seu
462 2721 607 2745 subiectum
622 2721 692 2752 quod
706 2728 782 2745 causa
802 2720 908 2751 dicitur;
929 2722 962 2750 α’,
978 2720 1058 2750 actio,
1077 2728 1124 2744 seu
1143 2721 1279 2744 causalitas
1299 2728 1351 2752 qua

279 2757 409 2782 mediante
429 2756 573 2780 subiectum
595 2756 665 2788 quod
685 2756 775 2780 dicitur
793 2763 879 2785 causa,
900 2756 1020 2780 effectum
1045 2755 1176 2788 producit,
1199 2755 1232 2787 3⁸,
1247 2756 1349 2786 relatio,

280 2800 348 2825 quae
367 2791 535 2823 consequitur
553 2791 727 2816 causalitatem
747 2791 858 2824 positam
878 2796 903 2815 et
922 2791 1041 2815 effectum
1061 2792 1230 2823 productum,
1251 2796 1276 2815 et
1299 2798 1351 2823 qua

281 2829 412 2854 mediante
429 2835 508 2852 causa
522 2827 582 2851 dicit
595 2827 712 2851 ordinem
728 2828 759 2851 ad
773 2827 903 2858 effectum,
918 2832 946 2851 ut
958 2827 990 2851 ad
1007 2827 1154 2851 terminum.
1169 2827 1205 2851 lta
1217 2826 1298 2851 homo
1311 2831 1351 2851 est

281 2871 359 2888 causa
377 2861 435 2892 filii;
450 2862 581 2895 generatio
600 2867 639 2887 est
658 2863 737 2892 actio,
758 2870 804 2886 seu
824 2862 959 2886 causalitas
979 2870 1030 2894 qua
1052 2862 1171 2895 producit
1189 2861 1285 2892 filium;
1305 2870 1350 2894 pa-

280 2898 385 2923 ternitas
404 2903 445 2922 est
463 2898 561 2927 relatio,
577 2905 644 2930 quae
662 2898 687 2922 in
707 2898 812 2922 homine
831 2905 861 2922 ex
886 2898 1051 2929 generatione
1070 2896 1113 2921 filii
1133 2898 1312 2930 consequitur,
1326 2902 1351 2922 et

281 2941 334 2966 qua
353 2934 385 2958 ad
404 2932 485 2958 filium
503 2938 533 2958 ut
551 2934 583 2958 ad
602 2933 740 2957 terminum
761 2933 981 2963 refertum-Res,
1003 2940 1051 2957 seu
1069 2933 1214 2957 subiectum
1234 2938 1275 2957 est
1294 2940 1350 2957 ma-

282 2969 376 2994 terIaIe
394 2969 419 2992 in
439 2976 524 2997 causa,
544 2976 591 2992 seu
611 2973 651 2992 est
670 2976 746 2992 causa
766 2968 930 2992 materialiter
949 2973 1065 2999 sumpta;
1079 2968 1216 2992 causalitas
1236 2973 1276 2992 est
1287 2969 1350 3001 for-

282 3005 359 3033 male,
378 3011 424 3028 seu
444 3008 483 3028 est
503 3011 579 3027 causa
596 3009 699 3035 sumpta
711 3003 877 3036 formaliter,
894 3011 940 3027 seu
958 3003 1150 3034 reduplicative
1163 3007 1192 3028 ut
1205 3010 1286 3028 causa
1301 3007 1349 3028 est.

282 3040 383 3064 Relatio
402 3039 514 3070 denique
533 3043 574 3063 est
592 3044 726 3070 respectus
745 3046 838 3063 causae
852 3039 885 3063 ad
899 3038 1134 3068 effectum.—Quid
1151 3039 1299 3071 intelligitur
1318 3039 1349 3062 ab

281 3074 420 3099 Aristotele
435 3079 460 3098 et
478 3081 493 3098 a
512 3082 534 3098 s.
548 3073 651 3098 Thoma
671 3074 696 3097 in
715 3074 763 3098 hoc
783 3078 889 3098 tractatu
910 3074 942 3098 de
961 3073 1101 3098 differentia
1115 3077 1229 3105 propter
1243 3074 1307 3106 quid
1326 3074 1351 3098 in

282 3109 391 3134 diversis
405 3108 508 3133 causis?
524 3109 581 3133 Non
596 3109 673 3138 enim,
687 3114 759 3133 notat
773 3109 918 3139 Caietanus,
933 3108 1004 3141 parvi
1023 3109 1100 3133 refert
1119 3110 1182 3141 quid
1201 3109 1294 3133 horum
1308 3116 1350 3133 ac-

281 3145 391 3177 cipiatur
408 3144 434 3168 in
454 3145 598 3177 proposito.

335 3180 417 3205 Porro
436 3179 542 3204 nomine
560 3187 653 3204 causae
666 3179 707 3203 hic
727 3187 779 3203 non
793 3178 942 3211 intelligitur
960 3187 1037 3204 causa
1057 3179 1220 3204 materialiter
1238 3185 1349 3211 sumpta,

282 3216 331 3241 hoc
350 3220 398 3245 est,
417 3223 459 3239 res
479 3215 522 3239 illa
536 3222 602 3247 quae
621 3220 662 3239 est
680 3222 770 3239 causa:
786 3222 873 3239 sermo
893 3219 932 3239 est
950 3214 1020 3239 enim
1034 3215 1066 3239 de
1085 3222 1161 3239 causa
1176 3221 1243 3246 quae
1262 3219 1302 3238 est
1316 3214 1350 3238 si-

282 3252 336 3276 mul
356 3258 415 3275 cum
435 3258 467 3275 eo
486 3250 558 3274 cuius
578 3255 618 3274 est
637 3258 727 3277 causa:
742 3250 813 3282 quod
836 3250 1015 3274 universaliter
1029 3250 1061 3274 de
1080 3257 1158 3274 causa
1172 3254 1276 3281 sumpta
1295 3258 1349 3273 ma-

281 3286 402 3311 terialiter
421 3294 473 3310 non
493 3290 532 3310 est
550 3293 651 3316 verum,
666 3290 694 3310 ut
708 3290 777 3317 patet
795 3286 828 3310 de
846 3284 950 3315 artifice,
965 3285 1009 3317 qui
1024 3290 1071 3315 est,
1085 3285 1147 3316 quin
1166 3290 1252 3309 tamen
1272 3284 1349 3308 sirnul

282 3322 374 3347 existat
393 3320 535 3346 artificium.
551 3321 602 3345 Sed
621 3326 646 3345 et
664 3320 829 3344 manifestum
853 3328 899 3352 per
917 3328 946 3345 se
965 3326 1005 3345 est
1023 3328 1126 3344 causam
1146 3319 1195 3344 hoc
1219 3320 1276 3344 loco
1296 3328 1349 3344 non

283 3357 361 3389 accipi
381 3364 428 3389 pro
447 3356 583 3380 relatione:
599 3361 639 3380 est
658 3356 725 3380 enirn
746 3363 833 3379 sermo
853 3356 884 3379 de
904 3363 980 3380 causa
1005 3361 1082 3387 prout
1106 3360 1194 3379 causat
1213 3355 1349 3385 effectum,

282 3398 308 3418 et
326 3393 416 3417 relatio
432 3399 526 3416 causae
541 3399 626 3423 neque
640 3391 766 3416 effectum.
783 3398 868 3423 neque
886 3391 991 3415 effectus
1004 3390 1155 3415 relationem
1170 3395 1266 3414 causat.
1279 3390 1348 3421 Ergo

282 3428 399 3460 sequitur
417 3427 488 3460 quod
508 3434 600 3451 causae
620 3427 725 3450 nomine
750 3427 905 3458 intelligatur
923 3434 1000 3450 causa
1019 3426 1173 3454 formaliter,
1194 3433 1241 3449 seu
1260 3433 1349 3450 causa-

283 3464 356 3493 litas,
377 3470 423 3487 seu
443 3470 520 3487 causa
539 3462 676 3486 materialis
697 3467 773 3493 prout
792 3467 831 3486 est
850 3462 899 3486 sub
919 3461 1074 3489 causalitate,
1097 3468 1190 3492 nempe
1210 3460 1236 3484 in
1255 3461 1348 3484 exerci-

282 3500 319 3524 tio
338 3499 444 3523 actionis
464 3498 569 3522 effectus
584 3497 758 3530 productivae.
774 3497 840 3521 Hinc
859 3496 922 3521 infra
942 3496 1024 3528 (num.
1040 3495 1064 3528 3)
1078 3495 1242 3527 distinguitur
1261 3494 1348 3520 aedifi-

283 3542 345 3559 cans
365 3534 390 3558 in
410 3534 523 3566 potentia
538 3533 569 3557 ab
589 3532 738 3557 aedificante
751 3533 776 3556 in
791 3537 857 3562 actu,
873 3537 898 3556 et
917 3532 949 3556 de
968 3531 1025 3561 hoc,
1040 3539 1091 3555 non
1106 3536 1191 3555 autem
1205 3531 1237 3555 de
1256 3530 1347 3563 primo,

284 3570 375 3594 dicitur
394 3570 465 3601 quod
485 3569 601 3593 nominat
619 3576 723 3593 causam
739 3568 764 3592 {n
778 3572 844 3597 actu,
858 3575 937 3599 quam
951 3572 1053 3599 oportet
1071 3566 1148 3591 simul
1166 3574 1224 3590 esse
1243 3574 1303 3590 cum
1317 3573 1347 3590 eo

283 3605 358 3630 cuius
378 3605 468 3629 dicitur
487 3612 573 3629 causa.
598 3604 630 3628 Et
649 3604 741 3628 merito
764 3611 840 3627 causa
859 3602 999 3627 formaliter
1017 3602 1127 3626 sumitur
1146 3611 1158 3624 ι
1171 3602 1243 3634 quia,
1263 3601 1349 3633 inquit

285 3650 299 3663 ν
317 3641 468 3670 Caietanus,
480 3640 586 3664 nomina
597 3639 737 3664 formaliter
751 3639 878 3663 sumenda
893 3643 962 3669 sunt,
973 3638 1071 3670 prolata
1081 3637 1232 3670 praesertim
1247 3645 1261 3661 a
1277 3641 1347 3661 tanto

1404 371 1500 408 aeris
1515 372 1627 409 simul
1648 379 1703 410 est
1718 385 1806 410 cum
1827 373 1915 410 solis
1936 381 2067 411 exortu
2083 376 2130 422 ²¹⁵),
2147 374 2226 412 sive
2246 375 2386 424 aliquid
2405 389 2466 413 ac-

1405 425 1562 474 cipiatur
1580 425 1618 462 in
1638 426 1695 462 his
1715 439 1814 475 quae
1834 435 1920 464 sunt
1937 428 2087 476 penitus
2106 429 2328 477 immobilia,
2347 438 2382 467 et
2395 430 2466 467 in*

1405 479 1526 516 causis
1547 480 1816 527 essentialibus,
1837 493 1935 529 quae
1964 489 2050 518 sunt
2078 494 2214 519 causae
2234 483 2350 531 ipsius
2370 495 2463 521 esse.

1460 534 1494 569 3.
1513 533 1623 569 Circa
1641 533 1808 582 primurn
1826 545 1914 581 ergo
1929 535 1949 555 '¹‘
1964 535 2040 571 duo
2056 535 2158 572 facit:
2172 535 2310 584 prim0‚
2326 549 2466 586 propo·
2494 552 2503 562 ·

1405 586 1458 622 nit
1476 587 1581 634 quod
1601 586 1776 632 intendit;
1796 587 1975 634 secundo,
1997 588 2210 626 manifestat
2227 590 2466 638 propositum

1404 652 1473 688 per
1501 641 1694 689 exempla3
1729 640 1800 677 ibi:
1835 642 1885 678 Ut
1908 647 2064 689 propter
2095 643 2186 691 quid
2201 644 2336 691 factus
2368 644 2466 692 defe-

1404 698 1483 729 ctus
1507 700 1564 729 etc
1585 694 1615 730 ²2.
1643 693 1742 730 Dicit
1765 706 1854 741 ergo
1882 694 2007 742 primo
2031 696 2136 743 quod
2160 697 2467 744 quandocunque
2493 711 2504 722 ⁸

1405 758 1519 782 causa
1539 754 1594 783 est
1618 747 1730 783 simul
1756 760 1843 784 curn
1864 756 1933 784 suo
1961 748 2108 795 effectu,
2125 758 2275 798 oportet
2290 750 2466 787 eamdem

1406 811 1560 836 causam
1589 801 1759 849 accipere
1788 809 1973 849 quantum
2001 802 2049 839 ad
2075 803 2149 839 hoc
2181 803 2286 851 quod
2312 811 2367 840 est
2384 804 2467 841 fieri

1404 854 1466 889 vel
1486 853 1626 890 factum
1647 867 1729 891 esse
1751 855 1814 891 vel
1834 855 1853 875 *
1873 854 2040 891 futurum
2061 868 2154 902 esse,
2171 869 2268 905 quae
2287 857 2467 906 accipitur
2492 873 2504 884 ·

1405 914 1589 953 quantum
1610 908 1657 944 ad
1676 908 1750 944 hoc
1772 907 1875 955 quod
1896 915 1951 944 est
1971 919 2069 944 esse:
2090 908 2179 957 quia
2194 909 2224 946 si
2245 922 2357 947 causa
2377 918 2432 947 est
2445 911 2465 931 *

1404 959 1516 995 simul
1537 972 1624 996 cum
1653 973 1724 997 suo
1743 961 1763 980 ²¹³
1792 967 1961 1006 causato,
1982 961 2078 998 sicut
2095 974 2248 999 necesse
2271 959 2333 999 ’θεῖ
2360 963 2465 1011 quod
2493 975 2502 983 ·

1405 1012 1559 1060 quando
1599 1021 1653 1049 est
1681 1025 1794 1049 causa
1822 1021 1878 1050 est
1898 1014 1918 1035 *
1947 1014 2120 1062 effectus,
2149 1015 2200 1052 ita
2227 1028 2381 1053 necesse
2411 1024 2466 1053 θεῖ

1405 1065 1509 1113 quod
1525 1066 1679 1113 quando
1694 1066 1737 1103 fit
1753 1078 1865 1102 causa
1889 1067 1954 1103 fiat
1980 1067 2135 1104 effectus
2149 1067 2178 1115 Ρ,
2191 1076 2227 1105 θῖ
2241 1069 2394 1117 quando
2411 1077 2465 1106 est

1405 1118 1500 1154 facta
1524 1119 1629 1166 quod
1649 1119 1694 1155 sit
1718 1119 1836 1155 factus
1857 1119 2022 1166 effectus,
2040 1129 2075 1157 et
2093 1122 2246 1169 quando
2267 1130 2322 1159 est
2344 1123 2466 1159 futura

1405 1171 1509 1220 quod
1529 1171 1574 1208 sit
1598 1171 1743 1208 futurus
1764 1172 1930 1209 effectus.
1947 1194 1971 1200 -
1988 1174 2072 1210 Nec
2092 1182 2147 1210 est
2170 1175 2342 1212 instantia
2362 1176 2464 1224 quod

1405 1225 1498 1261 dum
1528 1225 1570 1261 fit
1598 1224 1828 1271 aedificator,
1849 1225 2079 1264 addiscendo
2113 1235 2231 1264 artem
2265 1228 2465 1265 aedificati-

1403 1290 1495 1314 vam
1511 1278 1542 1324 ⁴,
1560 1278 1732 1314 nondum
1752 1279 1795 1315 fit
1813 1278 2040 1326 aedificium,
2058 1280 2162 1316 cuius
2181 1281 2260 1329 ipse
2281 1289 2336 1318 est
2354 1294 2466 1318 causa

1403 1343 1473 1380 per
1500 1338 1620 1368 artem
1649 1331 1927 1368 aedificativam
1956 1333 1991 1378 *3
2025 1333 2114 1381 quia
2141 1334 2360 1371 aedificator
2388 1347 2467 1372 non

1404 1385 1577 1422 nominat
1606 1397 1760 1422 causam
1789 1385 1950 1422 aedificii
1973 1387 1993 1407 '¹‘
2021 1386 2059 1423 in
2087 1394 2187 1433 actu,
2217 1388 2285 1424 sed
2313 1400 2466 1424 causam

1404 1438 1442 1474 in
1460 1439 1630 1487 potentia
1652 1440 1715 1476 vel
1735 1439 1772 1476 in
1796 1439 1938 1476 habitu.
1970 1440 2046 1476 Sed
2071 1440 2276 1477 aedificans
2296 1441 2467 1478 nominat

1406 1504 1560 1528 causam
1589 1492 1627 1529 in
1655 1500 1753 1539 actu,
1773 1505 1891 1540 quam
1911 1501 2060 1541 oportet
2079 1493 2190 1530 simul
2211 1505 2292 1530 esse
2313 1506 2401 1530 cum
2421 1506 2466 1531 eo

1405 1545 1510 1582 cuius
1531 1552 1586 1582 est
1600 1557 1725 1592 causa,
1741 1553 1782 1582 ut
1801 1546 1935 1583 dicitur
1953 1546 1991 1583 in
2011 1547 2042 1582 11
2058 1547 2234 1594 physic-:⁴⁵
2254 1548 2322 1583 Est
2340 1555 2467 1584 autem

1404 1598 1576 1636 identitas
1605 1607 1790 1647 quantum
1818 1599 1866 1636 ad
1890 1600 1979 1647 hoc,
2009 1600 2113 1647 quod
2133 1599 2171 1636 in
2190 1600 2368 1637 omnibus
2387 1613 2467 1637 me—

1405 1652 1510 1689 dium
1532 1659 1587 1689 est
1611 1665 1735 1689 causa.
1767 1653 1842 1689 Sed
1870 1653 1945 1689 hoc
1973 1653 2236 1701 accipiendum
2262 1661 2317 1690 est
2335 1666 2467 1691 secun-

1405 1705 1498 1742 dum
1518 1706 1685 1743 debitam
1704 1706 2008 1755 proportionem;
2029 1714 2070 1743 ut
2089 1706 2227 1743 scilicet
2244 1706 2370 1755 ipsum
2390 1719 2467 1744 esse

1406 1772 1542 1796 causae
1558 1759 1864 1808 proportionetur
1879 1759 1948 1808 ipsi
1959 1771 2036 1796 esse
2051 1760 2218 1806 effectus,
2231 1768 2267 1796 et
2270 1760 2366 1808 fieri
2379 1772 2465 1797 cau-

1405 1825 1468 1850 sae
1486 1813 1582 1860 fieri
1600 1812 1753 1859 causati,
1780 1820 1816 1849 et
1830 1814 1986 1861 factum
2009 1825 2087 1849 esse
2106 1825 2241 1849 causae
2257 1812 2369 1861 facio
2389 1825 2466 1850 esse

1405 1866 1558 1913 causati,
1576 1873 1612 1902 et
1617 1867 1800 1914 futurum
1820 1878 1897 1902 esse
1916 1875 2051 1902 causae
2058 1867 2198 1914 futuro
2218 1878 2294 1902 esse
2310 1866 2464 1904 causati.

1456 1931 1493 1966 4.
1524 1919 1672 1956 Deinde
1707 1931 1796 1956 cum
1825 1919 1931 1956 dicit:
1967 1921 2016 1956 Ut
2035 1925 2191 1968 propter
2221 1919 2312 1967 quid
2332 1921 2466 1968 factus

1403 1979 1457 2010 est
1477 1974 1640 2022 defectus
1663 1980 1745 2019 etc„
1771 1973 1984 2009 manifestat
2011 1973 2115 2021 quod
2141 1972 2284 2009 dixerat
2301 1971 2369 2021 per
2388 1973 2465 2010 duo

1404 2028 1594 2075 exempla,
1623 2038 1790 2074 quorum
1818 2026 1986 2075 primum
2020 2033 2074 2062 est
2107 2026 2153 2062 de
2187 2025 2314 2074 eclipsi
2342 2026 2478 2075 lunae.-

1403 2080 1574 2117 Dicimus
1603 2080 1705 2116 enim
1725 2080 1829 2128 quod
1848 2079 1928 2116 heri
1948 2079 2066 2115 factus
2086 2087 2141 2115 est
2164 2079 2330 2116 defectus
2354 2080 2465 2116 lunae

1402 2142 1558 2182 propter
1584 2134 1659 2170 hoc
1687 2133 1790 2181 quod
1819 2133 1899 2169 heri
1928 2133 2024 2169 facta
2053 2140 2108 2169 est
2134 2132 2366 2181 interpositio
2394 2140 2465 2169 ter-

1403 2200 1467 2224 rae
1495 2187 1590 2224 inter
1618 2188 1740 2224 solem
1769 2194 1804 2223 et
1832 2187 1982 2232 lunam;
2013 2193 2048 2222 et
2076 2186 2179 2234 quod
2213 2198 2313 2222 nunc
2341 2186 2383 2222 fit
2402 2186 2465 2222 de-

1403 2242 1520 2277 sectus
1549 2242 1660 2277 lunae
1688 2248 1842 2288 propter
1869 2240 1943 2276 hoc
1971 2239 2075 2287 quod
2104 2251 2204 2275 nunc
2232 2239 2275 2275 fit
2302 2239 2383 2275 talis
2411 2239 2464 2276 in-

1403 2294 1595 2343 terpositio
1616 2302 1753 2338 terrae;
1775 2301 1811 2330 et
1829 2292 1933 2341 quod
1954 2305 2035 2329 cras
2054 2293 2120 2329 fiet
2133 2293 2152 2313 '¹²
2173 2292 2338 2329 defectus
2353 2294 2464 2329 lunae

1403 2356 1557 2396 propter
1593 2347 1632 2384 id
1669 2346 1775 2395 quod
1811 2354 1908 2382 terra
1936 2354 2099 2394 ponetur
2127 2345 2147 2366 *
2176 2345 2215 2382 in
2251 2346 2399 2391 medio3
2430 2353 2470 2382 et.

1402 2401 1507 2449 quod
1536 2413 1637 2437 nunc
1656 2405 1671 2427 ⁷
1701 2408 1755 2436 est
1783 2400 1950 2436 defectus
1978 2400 2089 2436 lunae
2113 2406 2267 2447 propter
2294 2399 2331 2436 id
2359 2399 2464 2447 quod

1403 2467 1504 2491 nunc
1533 2463 1588 2491 est
1615 2453 1848 2502 interpositio
1881 2460 2012 2490 terrae.
2032 2473 2056 2480 -
2078 2452 2299 2489 Secundum
2337 2461 2463 2489 autem

1403 2509 1621 2557 exemplum
1637 2515 1691 2544 est
1706 2508 1725 2526 ⁴*
1741 2507 1788 2543 de
1811 2507 1999 2554 crystallo:
2016 2514 2108 2555 puta
2126 2505 2156 2542 si
2180 2506 2349 2542 dicamus
2373 2507 2464 2553 quid

1402 2570 1458 2599 est
1477 2562 1671 2610 crystallus
1695 2558 1724 2605 ⁸3
1751 2568 1786 2596 et
1809 2559 2012 2608 accipiatur
2038 2560 2112 2596 hoc
2137 2572 2207 2608 pro
2232 2559 2312 2596 eius
2332 2559 2464 2597 defini-

1405 2694 1417 2707 »
1434 2684 1607 2716 Philosopho;
1622 2691 1715 2708 causae
1729 2688 1814 2708 autem
1834 2689 1929 2707 nornen
1948 2689 1994 2706 nec
2012 2689 2077 2711 rem,
2091 2689 2138 2706 nec
2157 2681 2305 2706 relationem
2325 2681 2465 2706 formaliter

1406 2730 1418 2742 »
1434 2720 1568 2752 importat,
1593 2719 1639 2744 sed
1663 2720 1847 2743 causalitatem.
1872 2718 1948 2748 Quod
1971 2725 2001 2741 ex
2025 2717 2126 2741 duobus
2150 2716 2239 2748 liquet.
2262 2717 2348 2741 Primo
2367 2724 2397 2741 ex
2415 2716 2465 2741 hoc

1405 2764 1418 2778 »
1435 2755 1505 2787 quod
1525 2755 1580 2779 eius
1599 2755 1727 2786 (causae)
1746 2754 1901 2778 abstractum
1920 2753 2063 2778 causalitas
2082 2757 2128 2781 est,
2146 2756 2171 2776 et
2189 2757 2385 2784 consequenter,
2400 2752 2465 2776 sicut

1405 2799 1419 2814 »
1435 2791 1522 2815 album
1541 2798 1634 2822 puram
1652 2790 1806 2820 albedinem,
1825 2789 1858 2813 ita
1877 2795 1954 2813 causa
1972 2795 2063 2820 puram
2083 2787 2256 2812 causalitatem
2271 2786 2402 2819 significat.
2418 2788 2464 2811 Se-

1406 2835 1419 2849 »
1436 2826 1520 2850 cundo
1539 2833 1569 2850 ex
1587 2825 1637 2850 hoc
1656 2825 1726 2858 quod
1750 2833 1781 2849 ea
1799 2832 1865 2856 quae
1889 2823 1972 2848 causis
1996 2830 2117 2847 sermone
2136 2822 2236 2847 formali
2260 2823 2431 2847 attribuuntur
2450 2830 2464 2847 a

1406 2872 1418 2884 »
1434 2861 1604 2894 philosophis,
1619 2861 1650 2885 de
1663 2860 1863 2886 causalitatibus
1879 2863 1980 2891 oportet
1992 2864 2018 2882 et
2032 2857 2125 2882 sufficit
2137 2857 2271 2882 verificari:
2285 2862 2374 2890 utpote
2393 2857 2464 2890 quod

1406 2907 1418 2920 n
1435 2904 1512 2921 causa
1527 2896 1687 2927 distinguitur
1706 2896 1731 2920 in
1750 2903 1854 2920 causam
1873 2895 1898 2918 in
1917 2899 1974 2918 actu
1989 2898 2014 2918 et
2029 2900 2132 2918 causam
2152 2894 2177 2917 in
2196 2893 2333 2925 potentia...
2348 2893 2380 2917 Et
2393 2892 2465 2924 quod

1405 2942 1419 2955 x>
1434 2932 1529 2956 dictum
1545 2937 1585 2957 est
1599 2932 1630 2956 de
1645 2939 1729 2961 causa,
1744 2930 1938 2962 intelligendum
1954 2934 1993 2953 est
2007 2928 2229 2961 proportionaliter
2248 2928 2279 2952 de
2294 2928 2396 2952 effectus
2416 2935 2463 2952 seu

1406 2977 1419 2991 »
1436 2967 1531 2992 causati
1551 2967 1699 2991 nomine...
1720 2966 1751 2990 de
1771 2965 1823 2990 fieri
1843 2970 1868 2989 et
1887 2965 1981 2989 factum
2000 2971 2059 2988 esse
2075 2974 2087 2986 :-
2115 2962 2159 2996 (ln
2178 2964 2198 2987 ll
2219 2964 2334 2991 Poster.,
2361 2970 2416 2995 cap.
2430 2970 2463 2993 rx,

1405 3003 1420 3035 ξ
1438 3003 1515 3027 Circa
1526 3003 1644 3034 primam
1659 3002 1850 3026 conclusionem
1865 3005 1920 3030 etc„
1935 3000 1979 3024 fol.
1995 2998 2036 3029 86,
2052 3000 2100 3023 col.
2119 3007 2145 3029 1;
2161 3003 2186 3022 et
2199 2998 2213 3030 ξ
2232 2998 2308 3023 Circa
2322 2998 2462 3023 secundam

1403 3038 1595 3063 conclusionem
1615 3043 1672 3067 etc„
1687 3037 1720 3061 ib.
1736 3037 1784 3061 col.
1802 3036 1836 3070 2).
2413 3035 2415 3037 '

1458 3071 1483 3105 β)
1504 3073 1566 3097 Fiat
1585 3072 1691 3106 effectus
1710 3077 1757 3096 etc.
1771 3085 1791 3089 -
1804 3070 2049 3096 ACDGKLNOST:
2063 3070 2112 3103 fiet
2130 3068 2249 3102 effectus,·
2268 3068 2332 3092 HM:
2344 3068 2381 3100 fit
2403 3068 2463 3102 effe-

1403 3109 1548 3134 ctus.—M:
1568 3111 1593 3132 et
1611 3107 1719 3139 quando
1737 3110 1776 3131 est
1794 3114 1874 3131 causa
1886 3106 1923 3138 fit
1941 3105 2054 3139 effectus,
2070 3108 2095 3129 et
2109 3104 2214 3136 quando
2230 3107 2269 3128 cst
2281 3104 2378 3137 sutura
2393 3103 2464 3135 quod

1402 3144 1438 3168 sit
1446 3144 1552 3177 sutura,
1566 3151 1619 3167 orn.
1634 3142 1749 3176 effectus.
1769 3142 1806 3171 Q:
1826 3145 1851 3166 et
1869 3141 1976 3173 quando
1990 3143 2028 3165 est
2039 3140 2163 3173 sactafit
2175 3139 2292 3172 effectus,
2312 3141 2338 3163 et
2357 3139 2463 3170 quando

1403 3182 1441 3203 est
1460 3179 1559 3211 futura
1584 3178 1618 3202 sit
1635 3179 1765 3210 futurus;
1789 3176 2030 3201 ACDFHILNOST
2053 3180 2077 3199 et
2096 3183 2121 3207 p.
2141 3183 2175 3198 m.
2194 3174 2230 3198 K:
2256 3177 2282 3199 et
2299 3174 2405 3206 quando
2425 3177 2464 3198 est

1396 3215 1475 3247 sacta
1494 3213 1566 3245 quod
1583 3213 1618 3237 sit
1629 3214 1709 3245 facta
1729 3211 1764 3244 (C
1784 3220 1864 3243 marg.
1884 3212 1924 3236 vel
1936 3210 2052 3244 factus),
2067 3213 2094 3235 et
2107 3210 2212 3242 quando
2226 3212 2265 3234 est
2277 3209 2374 3242 futura
2392 3209 2464 3241 quod

1403 3249 1438 3273 sit
1449 3250 1549 3281 futura
1565 3248 1657 3279 (marg.
1671 3247 1699 3277 C,
1719 3248 1759 3271 vel
1771 3247 1903 3281 futurus),
1922 3254 1974 3270 orn.
1989 3246 2102 3280 effectus.
2118 3245 2162 3269 BG
2182 3250 2206 3269 et
2225 3252 2246 3269 s.
2262 3252 2296 3268 m.
2311 3245 2333 3269 K
2349 3244 2388 3268 bis
2409 3252 2462 3268 om.

1403 3283 1521 3316 effectus,
1542 3283 1608 3307 sicut
1626 3283 1807 3314 praecedentes
1827 3282 1900 3306 codd.
1919 3281 2046 3314 Integram
2066 3280 2201 3305 lectionem
2222 3280 2367 3312 adoptatam
2385 3279 2463 3303 habet

1404 3319 1461 3343 cod.
1476 3318 1505 3342 E.
1525 3318 1544 3342 Ρ
1563 3326 1615 3342 om.
1635 3317 1706 3349 quod
1724 3318 1903 3350 postfutura.

1456 3354 1482 3387 γ)
1504 3353 1539 3378 Et
1554 3353 1625 3385 quod
1641 3360 1709 3377 nunc
1723 3355 1763 3377 est
1781 3357 1827 3376 etc.
1838 3352 1935 3376 —l-laec
1948 3351 2034 3382 verba,
2049 3358 2134 3383 usque
2148 3351 2179 3374 ad
2195 3350 2359 3382 interpositio
2374 3353 2463 3374 terrae

1404 3389 1535 3419 inclusive,
1549 3389 1702 3412 omittuntur
1722 3395 1736 3411 a
1750 3387 1807 3412 cod.
1823 3387 1854 3417 Q.
1870 3387 1920 3411 Sed
1933 3392 1972 3410 est
1986 3386 2118 3410 mendum.
2138 3385 2252 3415 Quatuor
2267 3385 2334 3409 enim
2349 3386 2374 3409 in
2389 3392 2462 3417 prae-

1403 3425 1501 3449 cedenti
1521 3431 1629 3448 numero
1648 3428 1794 3455 comparata
1813 3427 1884 3452 sunt,
1903 3430 1997 3454 nempe
2016 3428 2070 3446 esse
2089 3429 2180 3445 causae
2199 3429 2257 3445 curn
2274 3427 2329 3445 esse
2348 3420 2461 3450 effectus,

1397 3459 1461 3493 fieri
1480 3466 1571 3483 causae
1591 3466 1649 3483 curn
1661 3458 1728 3490 fieri
1746 3457 1865 3487 effectus,
1877 3458 1983 3490 sactum
2003 3464 2058 3481 esse
2077 3464 2169 3480 causae
2185 3464 2243 3480 cum
2256 3457 2334 3489 sacto
2353 3462 2408 3480 esse
2426 3455 2462 3479 ef-

1404 3495 1492 3524 fectus,
1505 3495 1631 3527 futurum
1651 3500 1705 3518 esse
1724 3500 1816 3517 causae
1835 3500 1894 3516 cum
1905 3493 2004 3525 futuro
2023 3499 2077 3516 esse
2092 3491 2204 3516 effectus.
2224 3491 2297 3521 Quae
2315 3491 2401 3515 omnia
2420 3498 2462 3515 ex-

1403 3531 1527 3562 plicantur
1546 3529 1570 3553 in
1590 3529 1639 3553 hoc
1653 3536 1761 3553 numero
1780 3535 1825 3561 per
1838 3528 1963 3560 exempla.
1982 3527 2061 3551 Deest
2079 3531 2164 3551 autern
2178 3526 2202 3550 in
2223 3526 2248 3556 Q
2265 3526 2411 3550 membrum
2431 3526 2463 3550 de

1402 3572 1457 3590 esse
1471 3565 1574 3589 effectus
1588 3563 1717 3595 (defectus
1733 3563 1821 3595 lunae)
1838 3568 1943 3595 propter
1956 3569 2010 3587 esse
2025 3569 2116 3586 causae
2132 3561 2344 3593 (interpositionis
2359 3561 2461 3593 terrac).

1455 3599 1479 3632 ὃ)
1499 3600 1570 3630 Quid
1589 3603 1627 3624 est
1645 3599 1789 3631 crystallus
1814 3603 1862 3623 etc.
1875 3612 1894 3617 -
1907 3598 1934 3622 ln
1954 3603 2023 3622 textu
2044 3605 2152 3629 graeco:
2171 3594 2203 3621 Τῖ
2219 3594 2271 3621 ἔστι
2287 3594 2461 3629 κρύσταλλος

1401 3633 1574 3669 Κρὺσταλλος
1593 3640 1679 3659 autem
1698 3641 1789 3667 graece
1809 3634 1908 3667 glacies
1927 3638 1966 3658 est
1985 3633 2075 3663 latine,
2095 3641 2142 3657 seu
2161 3632 2245 3662 etiam,
2260 3631 2386 3656 vocabulo
2405 3631 2463 3663 ipso

2495 389 2504 398 '¹
2518 394 2598 414 Αυικο,
2612 392 2634 411 et
2644 395 2663 411 a.
2674 395 2709 412 m.

2494 420 2522 436 c:
2538 417 2599 437 ortu.

2493 441 2505 452 ⁴
2518 441 2545 462 In
2559 448 2587 463 ex
2601 442 2670 464 codd.

2519 551 2587 580 Ergo
2605 558 2654 574 om.
2668 559 2694 575 ιι.

2518 710 2588 732 Num.
2602 717 2652 739 seq.

2519 879 2576 899 axo.
2586 885 2596 889 -
2604 880 2629 895 r:
2646 875 2676 895 et.

2493 922 2502 931 ·
2517 921 2561 943 Est
2575 928 2603 943 ex
2621 921 2690 943 codd.

2515 974 2564 996 Suo
2573 980 2622 996 om.
2633 974 2703 996 codd.

2492 1032 2502 1042 '
2517 1030 2567 1054 Sit?

2591 1080 2606 1114 β

2492 1298 2706 1326 ὀαταεάξῇεαω-

2494 1325 2564 1346 riam.
2580 1325 2615 1346 Cf.
2631 1325 2671 1347 lib.
2685 1325 2704 1353 1,

2493 1351 2546 1372 lect.
2557 1357 2571 1377 ι,
2587 1357 2610 1372 ιι.
2626 1358 2642 1372 ι.

2493 1377 2546 1408 ’.οι
2564 1377 2703 1405 aedificato-

2494 1409 2565 1424 riam.

2495 1431 2503 1438 ·
2515 1430 2590 1453 Qdd.
2600 1431 2702 1455 (exc.r··o):

2494 1456 2518 1477 in
2527 1459 2547 1481 (c
2558 1457 2703 1482 om.1‘n)actu

2494 1482 2580 1536 gelgig‘fq
2588 1489 2602 1504 r
2609 1490 2657 1505 om.
2664 1489 2702 1505 ae-

2512 1515 2520 1529 1
2534 1525 2539 1530 .

2495 1561 2503 1569 ·
2520 1559 2575 1587 Cap.
2587 1566 2618 1586 ιιι,
2633 1561 2705 1582 ιι.8.-

2495 1586 2627 1634 figtrnrvnent.
2635 1587 2705 1609 s.‘1'h.

2491 2303 2501 2314 '⁵
2514 2302 2588 2324 Codd.
2602 2304 2661 2327 (exc.
2675 2309 2704 2324 ⁸1·-

2492 2331 2545 2354 le:
2561 2329 2616 2354 erit,·
2627 2330 2702 2357 otfit.

2492 2361 2521 2376 ur·-
2536 2356 2558 2376 h.
2573 2356 2616 2376 lac.
2700 2373 2703 2379 ,

2494 2383 2501 2391 ·
2517 2387 2677 2403 acuminum-r
2696 2390 2702 2404 :

2491 2408 2665 2435 interponetur:
2675 2415 2704 2430 ῡι.

2492 2440 2520 2455 o:
2536 2434 2702 2462 interponitur.

2589 2471 2605 2496 Υ

2491 2518 2502 2529 ⁴⁶
2516 2517 2562 2539 Est
2575 2524 2603 2539 ex
2617 2518 2685 2540 codd.

2588 2562 2602 2571 κ

2587 2570 2602 2587 0
