2788 4204
75 426 84 435 ·
92 424 174 446 Autem
182 430 210 446 ex
216 423 284 445 codd.

78 463 88 467 -
98 457 112 473 Α
122 451 207 473 omittit
221 452 264 472 est.

73 895 82 903 ·
94 894 150 922 snp.
160 899 228 921 nn.4.
238 897 284 922 et5.

74 1272 83 1283 ·
90 1277 135 1295 Δια
140 1271 216 1294 omitt.
221 1273 284 1293 sunt.

72 1749 176 1774 ·codd.-
182 1756 212 1772 n:
221 1751 286 1772 utra-

72 1782 131 1805 que,-
143 1779 166 1799 et
175 1776 207 1799 it·
213 1776 283 1798 intra.

618 265 636 279 b

1127 285 1239 321 CAP.
1270 286 1338 332 111,
1369 286 1519 323 LECT.
1548 287 1583 323 v
2450 290 2496 325 25

313 362 539 412 quamdam,
567 361 672 410 quod
699 368 824 409 potest
851 361 998 397 nomini
1027 361 1247 408 convenire,
1278 363 1380 399 aliud

309 422 442 452 autem
462 415 483 435 *
502 421 558 451 est
586 413 797 461 significare
827 426 914 449 cum
943 421 1136 462 tempore,
1168 414 1273 462 quod
1301 427 1379 451 non

314 467 494 505 convenit
520 466 678 513 nomini,
709 466 778 502 sed
804 466 938 503 verbo.

369 521 404 557 8.
425 519 574 557 Deinde
594 531 682 556 cum
703 518 805 555 dicit:
825 519 877 555 Et
893 525 945 556 est
962 530 1110 566 semper
1124 525 1206 565 etc.,
1229 519 1381 567 exponit

314 572 427 610 aliam
454 572 689 621 particulam.
720 571 795 608 Ubi
823 572 1035 608 notandum
1065 578 1120 607 est
1155 571 1260 619 quod
1291 571 1379 619 quia

314 625 527 662 subiectum
556 624 829 661 enunciationis
849 624 1080 672 significatur
1106 631 1148 660 ut
1175 624 1238 660 cui
1254 624 1380 660 inhae-

313 683 371 715 ret
395 678 538 726 aliquid
551 675 576 723 δ,
593 690 682 714 cum
709 678 874 714 verbum
898 677 1082 725 significet
1109 677 1293 714 actionem
1307 689 1381 725 per

312 731 466 767 modum
494 731 667 776 actionis,
698 729 746 767 de
782 730 888 767 cuius
917 730 1061 767 ratione
1090 738 1146 767 est
1178 737 1220 766 ut
1252 729 1380 767 inhae-

313 791 403 830 reat,
420 795 573 832 semper
590 782 744 832 ponitur
763 795 809 819 ex
823 790 929 831 parte
947 783 1164 831 praedicati,
1182 795 1379 832 nunquam

313 843 441 873 autem
470 848 516 872 ex
542 843 649 884 parte
678 835 846 882 subiecti,
863 836 933 873 nisi
961 843 1133 873 sumatur
1146 836 1185 872 in
1203 835 1242 874 vi
1257 836 1380 872 nomi-

311 888 381 936 nis,
401 896 443 925 ut
463 889 605 926 dictum
625 896 681 926 est
697 890 726 926 ³⁸.
762 889 907 926 Dicitur
926 901 1015 937 ergo
1035 889 1199 926 verbum
1228 901 1381 937 semper

313 953 397 978 esse
424 949 516 978 nota
544 954 680 978 eorum
715 954 814 991 quae
843 941 1018 979 dicuntur
1046 942 1094 978 de
1122 942 1261 978 altero:
1297 950 1379 979 tum

313 994 402 1043 quia
428 995 593 1033 verbum
621 1007 775 1044 semper
802 994 986 1042 significat
1013 995 1068 1041 id,
1099 995 1204 1043 quod
1231 995 1379 1044 praedi-

314 1054 433 1094 catur;
467 1055 549 1085 tum
582 1047 671 1096 quia
704 1048 743 1085 in
777 1049 883 1084 omni
914 1047 1196 1096 praedicatione
1231 1055 1381 1096 oportet

313 1111 396 1136 esse
414 1101 590 1147 verbum,
622 1113 668 1136 eo
698 1100 803 1149 quod
826 1102 991 1138 verbum
1019 1101 1199 1148 importat
1223 1113 1380 1149 compo-

282 1164 284 1166 ·
312 1152 499 1199 sitionem,
529 1165 606 1202 qua
631 1153 892 1201 praedicatum
922 1153 1164 1202 componitur
1196 1153 1378 1190 subiecto.

366 1217 402 1252 9.
419 1205 498 1242 Sed
517 1205 678 1242 dubium
692 1206 843 1243 videtur
857 1206 962 1255 quod
978 1206 1166 1243 subditur:
1187 1208 1238 1244 Ut
1249 1218 1380 1244 eorum

309 1268 409 1305 quae
441 1259 488 1295 de
521 1259 684 1296 subiecto
711 1259 772 1296 vel
798 1260 835 1296 in
863 1259 1025 1296 subiecto
1052 1265 1140 1295 sunt
1163 1260 1192 1296 *.
1223 1259 1382 1297 Videtur

312 1309 415 1348 enim
444 1311 586 1361 aliquid
615 1311 687 1348 dici
714 1319 756 1348 ut
783 1312 829 1349 de
856 1312 1038 1358 subiecto,
1069 1311 1174 1360 quod
1203 1312 1380 1350 essentia-

309 1362 666 1412 liter-*praedicatur;
686 1372 739 1411 ut,
759 1366 872 1402 homo
891 1370 947 1401 est
963 1364 1109 1401 animal
1113 1378 1126 1409 ‚·
1155 1365 1191 1401 in
1209 1364 1379 1403 subiecto

312 1424 454 1464 autem,
475 1417 571 1454 sicut
598 1417 774 1454 accidens
793 1418 839 1455 de
858 1417 1029 1455 subiecto
1049 1417 1306 1466 praedicatur;
1326 1427 1378 1465 ut,

311 1469 424 1506 homo
443 1470 632 1511 estalbus.
652 1470 691 1507 Si
711 1482 801 1518 ergo
820 1471 942 1507 verba
960 1470 1172 1518 significant
1190 1470 1380 1508 actionem

310 1522 374 1559 vel
400 1523 632 1571 passionem,
662 1535 761 1572 quae
787 1531 874 1560 sunt
901 1523 1119 1569 accidentia,
1142 1536 1380 1572 consequens

312 1582 369 1613 est
394 1583 437 1612 ut
468 1588 621 1625 semper
639 1576 851 1624 significent
879 1589 934 1623 ea,
956 1589 1055 1625 quae
1084 1577 1259 1614 dicuntur
1281 1580 1324 1613 ut
1342 1578 1379 1614 in

309 1628 494 1665 subiecto.
525 1630 679 1666 Frustra
697 1629 807 1677 igitur
836 1630 969 1667 dicitur
997 1630 1034 1666 in
1055 1629 1224 1667 subiecto
1252 1630 1315 1667 vel
1335 1631 1381 1667 de

282 1721 295 1723 ‚
312 1681 493 1718 subiecto.
512 1703 536 1710 -
550 1683 600 1718 Et
618 1682 667 1719 ad
686 1683 761 1719 hoc
781 1682 869 1720 dicit
888 1683 1070 1720 Boethius
1085 1689 1096 1704 ”
1111 1683 1216 1732 quod
1235 1691 1379 1720 utrum-

309 1745 386 1782 que
413 1735 434 1755 *
465 1734 515 1771 ad
548 1734 652 1771 idem
684 1735 856 1784 pertinet.
892 1735 1080 1773 Accidens
1123 1735 1226 1785 enim
1261 1743 1297 1772 et
1335 1737 1380 1774 de

311 1786 482 1824 subiecto
501 1787 751 1836 praedicatur,
773 1796 810 1825 et
828 1789 866 1825 in
886 1789 1056 1825 subiecto
1079 1797 1144 1826 est.
1156 1809 1181 1816 -
1193 1788 1271 1825 Sed
1291 1790 1379 1838 quia

309 1838 530 1877 Aristoteles
559 1840 808 1878 disiunctione
836 1841 962 1888 utitur,
990 1841 1142 1878 videtur
1175 1841 1277 1879 aliud
1310 1855 1380 1891 per

309 1899 515 1942 utrumque
547 1892 770 1940 significare.
806 1895 856 1930 Et
886 1894 974 1931 idco
1010 1902 1135 1942 potest
1168 1894 1240 1932 dici
1273 1896 1379 1944 quod

310 1957 399 1982 cum
433 1945 653 1982 Aristoteles
682 1945 770 1983 dicit
801 1947 922 1995 quod,
959 1948 1121 1984 Verbum
1148 1960 1296 1997 semper
1328 1955 1382 1986 est

309 2003 398 2035 nota
426 2010 570 2044 eorum,
590 2010 687 2047 quae
705 1999 751 2036 de
778 1999 895 2037 altero
908 2000 1195 2048 praedicantur,
1225 2014 1303 2038 non
1323 2010 1380 2039 est

309 2050 364 2095 sic
381 2050 679 2099 intelligendum,
709 2052 817 2101 quasi
843 2053 1050 2101 significata
1077 2054 1287 2091 verborum
1307 2055 1380 2092 sint

1436 364 1578 412 primo,
1599 365 1763 401 verbum
1794 364 2001 410 infinitum;
2031 365 2218 411 secundo,
2246 367 2366 402 verba
2392 379 2500 414 prae-

1436 417 1531 453 teriti
1569 417 1751 466 temporis
1787 418 1849 454 vel
1887 417 2021 463 futuri3
2059 417 2131 454 ibi:
2167 418 2342 454 Similiter
2376 425 2499 456 autem

1437 476 1563 505 curret
1587 471 1647 506 vel
1674 471 1858 507 currebat.
1875 491 1898 498 -
1914 470 2014 507 Dicit
2043 482 2132 517 ergo
2151 471 2276 518 primo
2302 471 2406 519 quod
2426 484 2499 508 non

1436 522 1563 567 currit,
1594 530 1630 559 et
1657 535 1731 559 non
1766 523 1927 568 laborat,
1962 535 2041 559 non
2068 523 2221 571 proprie
2255 523 2387 560 dicitur
2418 536 2501 560 ver-

1436 573 1541 610 bum.
1571 575 1639 611 Est
1658 575 1760 611 enim
1778 576 1977 624 proprium
2005 576 2111 613 verbi
2131 576 2341 623 significare
2361 576 2502 625 aliquid

1435 637 1504 672 per
1523 627 1685 663 modum
1700 628 1856 664 actionis
1870 629 1932 665 vel
1951 628 2149 676 passionis;
2166 629 2271 678 quod
2286 629 2501 677 praedictae

1438 677 1620 715 dictiones
1652 691 1730 715 non
1763 681 1917 717 faciunt:
1951 690 2153 718 removent
2180 681 2283 718 enim
2312 682 2501 718 actionem

1436 730 1498 766 vel
1514 731 1878 780 passionem,potius
1899 746 2014 782 quam
2030 734 2196 782 aliquam
2212 735 2501 772 determinatam

1437 782 1626 819 actionem
1654 785 1716 820 vel
1737 785 1954 832 passionem
1977 787 2197 834 significent.
2228 788 2305 824 Sed
2326 788 2502 836 quamvis

1436 847 1514 871 non
1542 836 1695 884 proprie
1722 837 1868 884 possint
1886 840 1905 858 ³
1927 839 1998 875 dici
2017 840 2192 887 verbum,
2213 847 2341 877 tamen
2362 853 2500 878 conve-

1435 888 1544 925 niunt
1575 888 1645 925 sibi
1679 902 1724 926 ea
1757 901 1854 937 quae
1888 903 2001 939 supra
2028 891 2151 940 posita
2183 900 2269 929 sunt
2296 893 2334 930 in
2368 893 2500 930 defini—

1435 941 1538 978 tione
1566 941 1686 978 verbi.
1723 942 1900 989 Quorum
1931 944 2099 991 primum
2133 953 2188 982 est
2223 946 2327 994 quod
2361 946 2500 994 signifi-

1436 1001 1495 1030 cat
1521 1001 1677 1042 tempus
1695 994 1723 1041 ζ,
1754 995 1842 1043 quia
1870 996 2052 1043 significat
2079 1010 2195 1046 agere
2223 1006 2259 1034 et
2279 1000 2372 1046 pati,
2403 1012 2501 1048 quae

1435 1047 1530 1084 sicut
1562 1054 1649 1084 sunt
1675 1047 1714 1083 in
1742 1054 1932 1096 tempore,
1966 1049 2015 1085 ita
2033 1050 2193 1097 privatio
2214 1063 2369 1097 eorum;
2398 1053 2501 1090 unde

1436 1108 1473 1136 et
1501 1100 1603 1147 quies
1631 1107 1806 1148 tempore
1834 1109 2088 1149 mensuratur,
2123 1110 2164 1139 ut
2191 1104 2351 1140 habetur
2382 1105 2421 1142 in
2448 1106 2499 1143 VI

1435 1154 1629 1201 Physicor.
1655 1153 1675 1173 '¹‘
1701 1153 1922 1190 Secundum
1952 1162 2007 1190 est
2039 1155 2143 1202 quod
2171 1167 2323 1204 semper
2350 1158 2502 1205 ponitur

1437 1218 1483 1242 ex
1501 1213 1608 1254 parte
1626 1205 1843 1253 praedicati,
1866 1206 1961 1242 sicut
1980 1214 2016 1243 et
2034 1208 2214 1244 verbum:
2245 1217 2280 1246 et
2307 1211 2381 1246 hoc
2400 1211 2499 1258 ideo,

1437 1259 1525 1307 quia
1538 1258 1687 1305 negatio
1704 1258 1894 1295 reducitur
1909 1259 1958 1296 ad
1973 1271 2091 1307 genus
2107 1261 2376 1299 affirmationis.
2391 1264 2502 1301 Unde

1437 1312 1533 1348 sicut
1559 1307 1723 1348 verbum
1758 1312 1863 1360 quod
1897 1312 2080 1360 significat
2108 1313 2296 1351 actionem
2323 1316 2385 1352 vel
2417 1329 2501 1364 pas-

1437 1365 1604 1410 sionem,
1640 1364 1825 1411 significat
1858 1365 1999 1414 aliquid
2032 1373 2074 1401 ut
2106 1365 2144 1402 in
2178 1367 2294 1403 altero
2324 1369 2505 1417 existens,-

1436 1418 1487 1454 ita
1524 1416 1740 1466 praedictae
1781 1418 1962 1455 dictiones
2002 1418 2212 1465 significant
2250 1421 2502 1459 remotionem

1437 1470 1594 1507 actionis
1622 1470 1685 1506 vel
1711 1471 1911 1518 passionis.

1497 1535 1553 1560 11.
1585 1523 1624 1560 Si
1644 1522 1728 1571 quis
1748 1531 1876 1560 autem
1896 1523 2063 1560 obiiciat:
2094 1523 2134 1559 Si
2153 1525 2355 1572 praedictis
2375 1526 2503 1563 dictio-

1436 1576 1548 1613 nibus
1577 1576 1757 1612 convenit
1785 1576 1954 1613 definitio
1982 1576 2107 1622 verbi;
2138 1589 2227 1624 ergo
2257 1586 2344 1615 sunt
2365 1580 2501 1625 verba;

1437 1650 1461 1657 -
1483 1628 1688 1666 dicendum
1723 1636 1779 1666 est
1812 1629 1917 1678 quod
1951 1629 2119 1666 definitio
2148 1631 2257 1667 verbi
2294 1644 2408 1680 supra
2435 1645 2503 1681 po-

1436 1682 1505 1719 sita
1533 1682 1643 1719 datur
1662 1681 1710 1717 de
1737 1683 1859 1718 verbo
1881 1682 2136 1719 communiter
2163 1692 2328 1732 sumpto.
2365 1685 2503 1722 Huius-

1435 1734 1541 1772 modi
1570 1742 1698 1771 autem
1729 1735 1910 1771 dictiones
1939 1742 2124 1782 negantur
2152 1748 2234 1773 esse
2262 1738 2393 1784 verba,
2415 1738 2504 1787 quia

1435 1787 1616 1825 deficiunt
1635 1799 1656 1823 a
1674 1788 1840 1835 perfecta
1865 1788 2009 1824 ratione
2033 1788 2153 1826 verbi.
2175 1790 2258 1826 Nec
2277 1798 2363 1827 ante
2385 1792 2404 1812 *
2421 1791 2504 1827 Ari·
2532 1802 2591 1822 ἐει
2610 1807 2652 1822 nec
2666 1802 2742 1822 tamen

2530 1829 2593 1849 ante.
2602 1839 2611 1843 -
2619 1834 2644 1848 Αι
2656 1833 2698 1848 nec
2709 1829 2742 1848 ta·

2530 1860 2581 1875 men
2597 1853 2728 1875 secundumn.

1435 1841 1609 1878 stotelem
1638 1848 1718 1877 erat
1745 1853 1888 1877 nomen
1907 1841 2074 1889 positum
2103 1841 2191 1878 huic
2219 1843 2347 1890 generi
2373 1844 2502 1880 dictio-

1435 1906 1529 1931 num
1557 1906 1580 1930 a
1612 1893 1740 1930 verbis
1769 1893 2044 1940 differentium3
2075 1894 2142 1931 sed
2171 1895 2259 1943 quia
2283 1896 2502 1934 huiusmodi

1436 1947 1618 1984 dictiones
1646 1945 1684 1983 in
1713 1946 1840 1995 aliquo
1870 1959 1958 1983 cum
1986 1947 2113 1984 verbis
2143 1949 2385 1996 conveniunt,
2409 1950 2501 1986 defi-

1435 2001 1537 2037 ciunt
1551 2007 1680 2036 tamen
1694 2012 1717 2036 a
1732 1999 1979 2036 determinata
1999 2000 2142 2036 ratione
2160 2001 2280 2048 verbi,
2297 2001 2384 2038 ideo
2400 2003 2420 2024 '¹‘
2432 2016 2501 2040 vo-

1435 2060 1494 2090 cat
1513 2065 1558 2089 ea
1576 2052 1695 2089 verba
1714 2053 1858 2100 infinita
1877 2053 1907 2089 *.
1935 2053 1983 2088 Et
2011 2053 2196 2090 rationem
2222 2054 2387 2092 nominis
2413 2056 2501 2092 assi-

2529 853 2537 859 ·
2548 857 2574 871 B:
2594 853 2682 877 posset.
2695 863 2704 868 -
2716 857 2742 873 c:

2524 878 2611 904 possit.

2530 1172 2538 1180 ·
2549 1171 2740 1193 (Σοπιιῃεη.ε.Τὴ.

2529 1198 2609 1219 lect.x.
2626 1198 2671 1219 -In
2687 1198 2740 1219 edit.

2530 1224 2608 1251 Didot,
2629 1230 2740 1251 cap.vm;-

2530 1251 2558 1272 al.
2566 1257 2597 1272 x11
2608 1254 2629 1272 et
2639 1257 2686 1272 xm.

2529 2016 2538 2025 ¹
2548 2015 2604 2036 Ideo
2614 2021 2641 2036 ex
2650 2022 2672 2036 Λ.

2529 2068 2538 2077 '
2548 2067 2583 2089 Cf.
2592 2069 2644 2089 lect.
2655 2074 2740 2095 praec„

2528 2100 2709 2148 9A¹:31'‹trumque.

1433 2114 1532 2154 gnat,
1550 2104 1638 2154 quia
1651 2105 1957 2154 unumquodque
1973 2106 1992 2125 ⁴⁶
2012 2118 2147 2142 eorum
2160 2106 2418 2145 indifferenter
2431 2121 2500 2157 po—

1434 2166 1505 2196 test
1525 2157 1597 2196 dici
1617 2157 1665 2195 de
1685 2171 1731 2195 eo
1752 2159 1855 2207 quod
1876 2164 1944 2204 est,
1973 2159 2035 2195 vel
2061 2159 2108 2195 de
2138 2171 2184 2195 eo
2214 2161 2319 2207 quod
2338 2173 2412 2198 non
2436 2168 2498 2198 est.

1435 2212 1606 2249 Sumitur
1633 2211 1735 2248 enim
1755 2211 1903 2258 negatio
1924 2211 2096 2259 apposita
2111 2223 2189 2248 non
2216 2211 2255 2248 in
2269 2213 2307 2249 vi
2322 2214 2499 2261 privatio-

1434 2265 1511 2311 nis,
1542 2264 1667 2303 sedin
1686 2264 1726 2301 vi
1754 2263 1932 2312 simplicis
1961 2264 2179 2311 negationis.
2210 2265 2375 2302 Privatio
2397 2267 2498 2304 enim

71 2119 117 2141 u:
129 2119 180 2141 nm
187 2117 285 2147 praeas-
306 2115 408 2153 quae
422 2104 688 2153 praedicantur
700 2105 732 2151 *;
748 2105 837 2154 quia
853 2118 941 2142 cum
955 2106 1185 2154 praedicatio
1205 2107 1380 2146 videatur

70 2147 167 2199 φατὲ.
185 2179 207 2198 α
230 2175 282 2197 edd.
310 2156 430 2204 magis
457 2157 611 2206 proprie
630 2157 680 2195 ad
708 2159 1028 2206 compositionem
1043 2160 1063 2181 *
1076 2159 1276 2208 pertinere,
1296 2161 1379 2209 ipsa

69 2201 284 2289 Y81²÷11⁰25⁸4
309 2210 430 2247 verba
448 2217 535 2247 sunt
553 2222 651 2259 quae
670 2211 935 2259 praedicantur
943 2213 974 2258 *‚
991 2212 1111 2260 magis
1131 2225 1247 2261 quarn
1268 2215 1377 2261 slgni—

69 2259 282 2318 ss'ss‘gj‘ssffl·
309 2262 426 2299 ficent
451 2263 679 2311 praedicata.
695 2284 719 2291 -
736 2264 804 2300 Est
832 2277 921 2312 ergo
954 2264 1239 2312 intelligendum
1273 2267 1378 2315 quod

309 2316 474 2353 verbum
509 2328 662 2365 semper
695 2323 751 2354 est
779 2316 928 2365 signum
966 2318 1071 2366 quod
1112 2319 1238 2367 aliqua
1268 2331 1377 2368 prae-

311 2367 493 2415 dicentur,
524 2369 612 2418 quia
641 2369 765 2407 omnis
793 2370 1023 2419 praedicatio
1051 2371 1095 2407 fit
1121 2384 1190 2420 per
1212 2373 1376 2409 verbum

310 2421 456 2458 ratione
476 2422 762 2470 compositionis
781 2423 1016 2472 importatae,
1038 2423 1118 2460 sive
1139 2424 1357 2472 praedicetu

311 2473 453 2522 aliquid
481 2475 720 2512 essentialiter
747 2476 829 2513 sive
857 2476 1142 2513 accidentaliter.
1343 2491 1345 2493 ·

372 2538 428 2563 10.
457 2527 608 2564 Deinde
628 2540 717 2565 cum
737 2528 839 2566 dicit:
868 2529 960 2566 Non
989 2529 1109 2566 currit
1123 2541 1214 2566 vero
1242 2535 1279 2566 et
1301 2542 1375 2567 non

311 2579 461 2616 laborat
477 2587 560 2627 etc.,
582 2581 744 2618 excludit
772 2581 963 2630 quaedam
982 2594 1005 2618 a
1023 2581 1168 2618 ratione
1186 2582 1305 2620 verbi.
1328 2584 1377 2619 Et

306 2700 387 2732 ponit
401 2700 509 2726 tertiam
524 2701 698 2732 particulam,
713 2701 827 2726 scilicet.-
844 2701 920 2726 cuius
933 2702 1006 2726 nulla
1021 2709 1089 2734 pars
1103 2706 1185 2727 extra
1203 2702 1340 2736 significat
1354 2707 1381 2728 et

312 2742 364 2761 non
383 2736 509 2768 exponit,
530 2736 593 2768 quia
611 2740 660 2760 etc.
679 2737 853 2761 Amanuensis
873 2737 942 2761 addit
961 2737 1056 2762 deinde
1074 2742 1100 2761 et
1117 2738 1222 2769 omittit,
1237 2739 1379 2763 secundam

311 2773 401 2795 autem
416 2771 596 2802 particulam:
609 2778 677 2803 quae
691 2772 813 2804 particula
829 2771 872 2796 illa
887 2777 927 2796 est
941 2780 1020 2804 quam
1033 2773 1184 2797 Aristoteles
1200 2781 1252 2797 non
1267 2774 1379 2805 exponit.

366 2804 392 2839 ὃ)
413 2806 589 2839 Significatur
618 2809 647 2830 ut
670 2807 715 2831 cui
737 2807 857 2832 inhaeret
881 2807 990 2839 aliquid.
1018 2808 1126 2832 Retineo
1151 2808 1216 2832 hanc
1241 2809 1379 2833 lectionem

313 2840 419 2865 Pianam
433 2846 459 2865 et
480 2841 554 2865 codd.
568 2841 651 2866 AC.-
666 2841 702 2866 E:
725 2845 765 2866 est
785 2845 815 2866 ut
835 2842 901 2866 illud
920 2843 964 2867 cui
982 2842 1102 2867 inhaeret
1120 2843 1230 2875 aliquid.
1250 2843 1323 2873 Quae
1342 2845 1379 2868 le-

314 2875 365 2900 ctio
378 2875 447 2900 bona
461 2880 535 2900 est-
549 2876 572 2900 D
582 2883 689 2901 erronee
699 2877 774 2908 legit:
789 2877 958 2910 significatur
967 2877 996 2902 id
1010 2878 1054 2902 cui
1067 2886 1118 2903 non
1134 2878 1254 2903 inhaeret
1267 2879 1378 2911 aliquid.

312 2910 363 2935 -Β
381 2910 507 2943 denique:
527 2911 695 2944 significatur
709 2915 739 2936 ut
756 2912 799 2937 cui
816 2912 937 2937 inhaeret
953 2913 1074 2945 aliquod,
1096 2916 1184 2938 tamen
1206 2914 1314 2939 verbum
1330 2919 1377 2939 etc.

314 2945 404 2970 Lectio
422 2945 539 2970 confusa.

367 2978 391 3013 ε)
411 2980 447 3005 Et
471 2981 508 3005 ad
531 2980 580 3007 hoc
603 2981 668 3006 dicit
693 2981 819 3006 Boethius
843 2986 891 3006 etc.
910 2996 932 3001 -
949 2983 1031 3007 ABC:
1056 2986 1083 3008 et
1106 2983 1144 3008 ad
1166 2983 1214 3008 hoc
1236 2985 1379 3016 respondet

314 3014 450 3040 Boethius.
469 3015 543 3045 Quae
556 3015 597 3040 hic
615 3023 646 3040 ex
663 3016 773 3041 Boethio
792 3016 937 3048 recitantur,
956 3017 1084 3042 habentui·
1101 3018 1127 3043 in
1142 3020 1255 3044 secunda
1269 3020 1335 3044 Edit.
1351 3020 1378 3044 in

315 3049 359 3074 lib.
370 3049 413 3074 De
427 3049 652 3082 interpretatione,
661 3051 704 3076 lib.
714 3051 733 3081 l,
749 3052 790 3076 De
801 3052 886 3081 verbo,
898 3060 957 3084 pag.
969 3052 1027 3084 314.
1039 3053 1089 3077 Sed
1104 3059 1205 3085 praeter
1217 3054 1283 3079 hanc
1298 3062 1376 3087 expo-

316 3084 444 3114 sinonem,
458 3085 534 3110 aliam
548 3085 645 3110 inducit
658 3086 782 3111 Boethius
798 3084 888 3119 (quam
906 3088 1062 3112 Ammonius
1077 3088 1175 3119 innuit,
1192 3089 1234 3114 De
1248 3089 1376 3121 interpre-

315 3119 424 3149 tatione,
439 3124 500 3144 sect.
511 3120 521 3144 1
531 3120 574 3144 De
583 3120 662 3145 verbo
675 3120 719 3145 fol.
725 3129 750 3153 7,
764 3122 813 3146 col.
823 3121 861 3155 4),
872 3129 983 3154 eamque
995 3123 1129 3147 meliorem
1140 3124 1196 3156 ipse
1209 3129 1297 3148 vocat:
1309 3134 1322 3147 ι
1330 3125 1377 3149 Vel

316 3164 330 3177 ι
346 3154 446 3184 melior,
455 3154 548 3186 inquit,
561 3154 623 3180 haec
633 3156 759 3187 expositio
773 3161 813 3181 est
827 3157 849 3181 si
863 3157 979 3181 similiter
992 3158 1086 3182 dixisse
1100 3166 1161 3183 eum
1175 3159 1376 3192 (Aristotelem)

317 3199 330 3212 ›
346 3189 514 3220 arbitremur,
533 3194 657 3222 tanquam
673 3190 694 3215 si
709 3191 820 3221 diceret,
839 3199 918 3216 omne
936 3193 1046 3217 verbum
1065 3192 1190 3225 significat
1209 3195 1315 3226 quidem
1335 3202 1378 3219 ac-

317 3234 330 3247 »
347 3224 442 3254 cidens,
462 3225 508 3248 sed
526 3224 560 3249 ita
578 3230 607 3249 ut
621 3225 646 3249 id
660 3226 731 3257 quod
747 3225 872 3258 significat
885 3231 930 3251 aut
943 3228 1095 3260 particulare
1113 3229 1147 3252 sit
1164 3233 1208 3253 aut
1222 3229 1376 3260 universale,

317 3269 330 3282 »
346 3264 375 3283 ut
389 3259 414 3284 id
424 3259 495 3291 quod
510 3259 544 3284 ait
558 3259 591 3284 de
603 3260 718 3285 subiecto
733 3261 765 3285 ad
778 3262 994 3287 universalitatem
1009 3263 1160 3293 referamus,
1170 3264 1241 3296 quod
1252 3264 1278 3288 in
1293 3264 1377 3289 subie-

317 3304 330 3317 ι
345 3297 388 3319 cto
401 3294 433 3318 ad
447 3295 531 3318 solam
545 3295 777 3326 particularitatem.
792 3296 858 3321 Cum
873 3297 940 3321 enim
961 3298 1026 3328 dico,
1045 3301 1172 3327 movetur,
1191 3299 1300 3323 verbum
1319 3299 1376 3331 qui-

317 3339 330 3352 »
347 3330 406 3354 dem
420 3334 460 3354 est
474 3334 500 3354 et
512 3329 639 3360 accidens,
654 3330 700 3355 sed
713 3330 870 3356 universale:
886 3336 974 3356 motus
988 3333 1057 3357 enim
1072 3333 1160 3365 plures
1175 3333 1275 3365 species
1290 3333 1375 3364 habet,

317 3375 329 3388 η
345 3369 375 3389 ut
391 3367 485 3389 cursus
508 3364 556 3389 sub
580 3369 654 3389 motu
677 3365 789 3397 ponitur.
807 3366 876 3398 Ergo
889 3374 982 3392 cursus
997 3367 1018 3391 si
1033 3366 1194 3392 definiendus
1208 3372 1255 3398 est,
1275 3374 1375 3393 motum

316 3409 330 3423 »
347 3400 379 3424 de
397 3407 475 3424 cursu
494 3399 680 3432 praedicamus.
700 3400 827 3430 Quocirca
845 3405 931 3426 motus
949 3409 1032 3433 genus
1052 3403 1184 3434 quoddam
1206 3407 1246 3427 est
1270 3410 1375 3433 cursus,

316 3445 330 3458 ι
346 3439 424 3467 atque
442 3434 500 3459 ideo
519 3439 607 3459 motus
622 3435 655 3460 de
668 3442 747 3459 cursu
766 3440 795 3460 ut
809 3435 842 3461 de
854 3436 969 3461 subiecto
982 3437 1179 3468 praedicabitur;
1199 3444 1292 3462 cursus
1314 3445 1376 3462 vero

317 3481 330 3493 >
346 3470 402 3502 ipse
421 3470 544 3502 quoniam
568 3470 668 3502 species
691 3470 752 3494 alias
772 3478 824 3494 non
843 3470 932 3501 habet,
947 3471 974 3495 in
992 3471 1107 3496 subiecto
1122 3476 1221 3496 tantum
1235 3477 1282 3502 est,
1297 3472 1323 3496 id
1337 3477 1377 3497 est

316 3515 330 3529 >
346 3505 373 3530 in
392 3508 522 3530 currente.
542 3505 629 3529 Motus
648 3509 734 3529 autem
754 3513 912 3537 quamquam
931 3510 957 3530 et
974 3506 1031 3538 ipse
1050 3506 1083 3530 sit
1101 3506 1127 3530 in
1147 3506 1270 3535 subiecto,
1289 3511 1376 3531 tamen

317 3550 330 3563 ι
346 3540 380 3566 de
396 3540 511 3566 subiecto
529 3540 697 3572 praedicatur.
721 3540 781 3565 Ideo
804 3541 863 3565 dicit
885 3541 1054 3572 (Aristoteles
1055 3542 1072 3572 )
1095 3548 1185 3566 eorum
1207 3549 1265 3566 esse
1289 3547 1376 3566 notam

317 3584 332 3599 ι
345 3575 468 3606 verbum,
488 3583 555 3607 quae
573 3575 605 3599 de
623 3575 702 3599 altero
721 3576 911 3607 praedicantur,
937 3580 1014 3607 atque
1037 3576 1118 3606 addit,
1141 3581 1171 3601 ut
1193 3583 1284 3600 eorum
1309 3584 1376 3608 quae

317 3620 331 3633 ›
347 3610 380 3635 de
397 3611 513 3636 subiecto
527 3611 568 3634 vel
587 3610 613 3634 in
633 3610 756 3635 subiecto.
775 3611 831 3635 Hoc
847 3611 913 3641 dicit,
929 3611 1096 3635 accidentium
1110 3611 1216 3643 quidem
1230 3611 1283 3636 vim
1296 3611 1375 3636 verba

458 3662 526 3694 Opp.
545 3662 576 3686 D.
591 3662 705 3687 Tuomst:
719 3662 750 3686 T.
770 3662 787 3687 I.

1434 2319 1614 2366 supponit
1660 2316 1951 2353 determinatum
1995 2317 2207 2355 subiectum
2238 2318 2267 2354 *.
2311 2319 2500 2356 Differunt

1433 2378 1562 2408 tamen
1589 2370 1809 2408 huiusmodi
1837 2370 1957 2406 verba
1985 2381 2007 2405 a
2034 2369 2162 2406 verbis
2189 2371 2384 2419 negativis,
2412 2373 2499 2421 quia

1432 2423 1551 2461 verba
1587 2422 1733 2461 infinita
1771 2430 1972 2460 sumuntur
2007 2422 2046 2459 in
2079 2422 2119 2460 vi
2155 2424 2267 2460 unius
2305 2424 2497 2473 dictionis,

1431 2477 1551 2514 verba
1578 2488 1672 2514 vero
1701 2476 1875 2523 negativa
1908 2475 1947 2512 in
1979 2474 2019 2512 vi
2048 2475 2210 2513 duarum
2240 2476 2459 2515 dictionum.

1491 2541 1548 2565 12.
1565 2529 1714 2566 Deinde
1730 2541 1818 2565 cum
1836 2528 1939 2565 dicit:
1955 2528 2132 2565 Similiter
2140 2535 2265 2566 autem
2281 2536 2407 2566 curret
2415 2538 2496 2578 etc.,

1432 2582 1595 2619 excludit
1622 2595 1645 2619 a
1671 2582 1792 2619 verbo
1820 2582 1940 2618 verba
1970 2582 2159 2629 praeteriti
2194 2590 2231 2619 et
2264 2582 2376 2619 futuri
2404 2590 2498 2620 tem-

1437 2713 1450 2727 »
1467 2702 1623 2736 significant,
1645 2703 1691 2728 sed
1714 2703 1804 2727 talium
1827 2710 1894 2735 quae
1912 2707 1956 2727 aut
1974 2702 2128 2727 universalia
2146 2702 2199 2727 sint
2217 2708 2259 2727 aut
2278 2703 2450 2736 particularia;
2470 2710 2498 2728 ut

1437 2749 1450 2763 xo
1466 2747 1526 2764 cum
1545 2739 1611 2769 dico,
1626 2745 1739 2766 moveor,
1759 2738 1906 2763 universale
1925 2738 2047 2770 quiddam
2067 2743 2106 2762 est
2124 2742 2150 2762 et
2168 2738 2201 2763 de
2218 2739 2333 2763 subiecto
2352 2739 2450 2770 dicitur,
2469 2745 2498 2764 ut

1436 2784 1450 2798 r>
1466 2775 1498 2799 de
1517 2781 1609 2804 cursu;
1633 2781 1692 2798 cum
1715 2781 1778 2798 vero
1798 2773 1868 2803 dico,
1892 2781 1986 2802 curro,
2013 2773 2164 2805 particulare
2188 2778 2241 2804 est,
2267 2778 2293 2798 et
2315 2774 2438 2805 quoniam
2464 2774 2499 2799 de

1436 2819 1449 2833 »
1465 2810 1580 2834 subiecto
1599 2817 1651 2833 non
1671 2809 1775 2839 dicitur,
1799 2809 1825 2833 in
1846 2808 1960 2833 subiecto
1984 2809 2070 2832 solum
2089 2813 2136 2832 est.
2149 2816 2162 2830 ³>
2175 2821 2192 2825 —
2206 2809 2276 2832 Haec
2295 2808 2427 2838 Boethius,
2447 2810 2496 2833 loc.

1434 2850 1460 2870 et
1468 2853 1526 2877 pag.
1538 2845 1609 2869 citt.—
1619 2844 1703 2868 Huius
1714 2844 1842 2868 secundae
1852 2843 1950 2867 Boethii
1966 2843 2180 2875 interpretationis
2195 2851 2216 2867 s.
2227 2843 2343 2867 Thomas
2358 2843 2495 2876 specialem

1434 2880 1592 2905 mentionem
1611 2887 1664 2903 non
1682 2879 1748 2909 facit,
1768 2879 1828 2911 quia
1846 2886 1935 2902 revera
1949 2878 2070 2903 convenit
2084 2886 2143 2902 cum
2158 2878 2253 2910 prima:
2268 2878 2293 2902 in
2307 2883 2414 2910 utraque
2427 2879 2495 2903 enim

1433 2915 1557 2940 Boethius
1576 2915 1654 2939 verba
1674 2914 1706 2938 de
1724 2914 1840 2938 subiecto
1859 2913 1899 2938 vel
1919 2913 1945 2937 in
1966 2913 2080 2937 subiecto
2099 2913 2130 2937 ad
2146 2913 2358 2945 praedicationem
2379 2913 2494 2937 acciden-

1433 2951 1511 2975 talem
1530 2949 1606 2974 refert
1612 2956 1619 2979 3
1639 2949 1801 2982 proindeque
1819 2948 1958 2981 Angelicus
1976 2953 2113 2980 utramque
2128 2953 2241 2977 recusat,
2257 2953 2282 2972 et
2295 2948 2437 2980 planiorem
2457 2949 2495 2973 in-

1433 2985 1642 3018 terpretationem
1661 2984 1791 3016 proponit.
1924 2996 1932 2998 -

1485 3019 1511 3053 ζ)
1532 3019 1673 3052 Significat
1687 3023 1796 3050 tempus.
1811 3019 1859 3043 Est
1871 3019 1946 3043 lectio
1960 3018 1998 3048 P„
2013 3018 2071 3042 edd.
2086 3017 2116 3042 bc
2130 3022 2155 3042 et
2173 3018 2248 3042 codd.
2262 3017 2382 3042 ACDE.-
2392 3017 2493 3048 Cod.B,

1433 3056 1491 3080 edd.
1510 3062 1527 3079 a
1550 3060 1576 3079 et
1598 3053 1678 3079 1526:
1701 3054 1885 3087 consignificat
1907 3057 2017 3085 tempus.
2039 3053 2124 3082 Quam
2145 3053 2279 3076 lectionem
2299 3053 2416 3077 existimo
2435 3060 2494 3077 esse

1432 3098 1519 3114 veram
1543 3095 1568 3114 et
1591 3090 1772 3121 adoptandam.
1800 3090 1833 3113 Et
1855 3089 1974 3121 quamvis
1998 3087 2136 3112 differentia
2166 3088 2304 3111 lectionum
2333 3088 2494 3112 materialiter

1432 3130 1545 3157 spectata
1564 3125 1660 3149 nullius
1679 3124 1804 3148 momenti
1819 3131 1878 3148 esse
1895 3124 2017 3153 videatur,
2034 3122 2211 3155 philosophice
2229 3128 2316 3147 tamen
2335 3122 2493 3147 considerata

1432 3165 1471 3184 est
1488 3160 1563 3184 valde
1578 3160 1695 3184 notanda.
1711 3159 1825 3183 Verbum
1839 3158 1908 3183 enim
1923 3158 2007 3190 primo
2021 3163 2046 3182 et
2060 3165 2106 3189 per
2120 3165 2148 3182 se
2162 3156 2286 3189 significat
2300 3165 2330 3182 ex
2344 3163 2432 3182 natura
2447 3165 2493 3182 sua

1431 3200 1474 3219 aut
1494 3194 1620 3219 actionem
1634 3199 1677 3218 aut
1691 3194 1839 3226 passionem
1858 3193 1906 3225 (Cf.
1922 3193 1978 3217 lect.
1993 3200 2010 3223 r,
2024 3201 2047 3216 n.
2059 3191 2083 3223 6,
2099 3197 2150 3216 not.
2165 3191 2204 3225 θ);
2219 3193 2272 3216 imo
2287 3193 2392 3217 verbum
2408 3193 2492 3217 nomi-

1431 3233 1513 3254 natur
1530 3229 1603 3260 apud
1616 3229 1718 3254 Arabes
1731 3229 1808 3257 actio,
1824 3233 1853 3252 ut
1865 3229 1993 3252 Averroes
2008 3228 2041 3252 ait
2055 3235 2133 3259 super
2147 3227 2190 3251 lib.
2205 3228 2247 3252 De
2266 3227 2491 3259 interpretatione,

1431 3265 1455 3297 ξ.
1472 3264 1561 3288 Dictio
1580 3264 1606 3288 in
1626 3264 1712 3288 verbo.
1731 3264 1811 3288 Porro
1832 3263 1948 3287 absolute
1966 3263 2095 3294 loquendo
2114 3262 2178 3287 actio
2197 3267 2222 3286 et
2236 3262 2322 3294 passio
2340 3270 2391 3287 non
2407 3262 2492 3287 dicunt

1430 3305 1547 3331 tempus:
1563 3306 1623 3322 narn
1638 3299 1749 3323 actiones
1764 3298 1931 3323 intellectivae
1945 3298 2057 3322 actiones
2068 3303 2134 3327 sunt,
2149 3305 2216 3329 quae
2229 3302 2314 3321 tamen
2329 3305 2414 3329 neque
2432 3303 2492 3322 sunt

1430 3339 1542 3366 tempus,
1553 3341 1637 3365 neque
1651 3333 1753 3365 proprie
1768 3333 1793 3357 in
1807 3331 2005 3365 temporefiunt.
2016 3333 2085 3364 Ergo
2094 3332 2202 3357 verbum
2213 3339 2260 3364 per
2268 3340 2297 3356 se
2307 3337 2332 3356 et
2344 3332 2427 3363 primo
2439 3340 2491 3356 non

1431 3367 1555 3400 significat
1568 3373 1679 3399 tempus.
1688 3369 1836 3392 —Attamen
1850 3368 1962 3392 actiones
1977 3367 2055 3399 ipsae,
2071 3375 2117 3399 per
2130 3367 2238 3391 verbum
2253 3367 2399 3391 immediate
2413 3367 2491 3399 signi—

1431 3403 1526 3432 ficatae,
1542 3403 1615 3426 nobis
1630 3407 1704 3426 notae
1717 3403 1811 3427 suntin
1823 3408 1948 3434 tempore.
1962 3403 1994 3426 Et
2003 3402 2060 3426 ideo
2069 3402 2176 3426 verbum
2190 3401 2286 3426 ratione
2296 3401 2400 3426 actionis
2411 3409 2490 3434 quam

1431 3437 1568 3469 significat,
1583 3444 1620 3461 ex
1633 3437 1800 3469 consequenti
1813 3436 1937 3469 significat
1949 3442 2060 3469 tempus,
2075 3444 2171 3468 nempe
2184 3435 2350 3468 significando
2364 3437 2490 3461 actionem

1430 3472 1601 3504 adsignificat
1619 3477 1730 3504 tempus.
1755 3472 1829 3496 Unde
1848 3471 1895 3496 dici
1914 3472 2017 3503 proprie
2036 3472 2125 3503 nequit
2142 3471 2212 3503 quod
2229 3471 2338 3495 verbum
2356 3472 2491 3504 significat

1430 3511 1532 3538 tempus
1546 3506 1675 3540 (quamvis
1689 3506 1807 3530 adhibitis
1817 3506 1966 3530 necessariis
1977 3506 2178 3530 distinctionibus
2192 3506 2328 3538 aliquando
2339 3506 2364 3531 id
2373 3505 2489 3541 dicatur),

1430 3542 1476 3566 sed
1491 3542 1561 3574 quod
1575 3541 1756 3574 consignificat
1771 3545 1886 3573 tempus,
1901 3546 1944 3565 aut
1957 3541 2092 3573 significat
2104 3549 2163 3566 cum
2178 3544 2294 3573 tmpore
2309 3540 2358 3575 (Cf.
2372 3542 2429 3566 lect.
2439 3542 2489 3573 cit.;

1431 3582 1456 3601 et
1470 3585 1562 3609 supra,
1578 3585 1602 3601 n.
1618 3575 1653 3610 7).
1674 3576 1751 3606 Quod
1770 3576 1928 3600 adamussim
1947 3576 2029 3600 reddit
2047 3576 2155 3600 verbum
2173 3576 2318 3600 Aristotelis
2338 3577 2444 3601 dicentis
2463 3577 2490 3601 in

1430 3611 1577 3636 definitione
1586 3611 1658 3636 verbi
1667 3611 1868 3645 προσσημαῗνον,
1874 3619 1926 3636 non
1936 3616 2022 3636 autem
2033 3611 2155 3645 σημαῖνον
2161 3609 2214 3646 (cf.
2221 3611 2285 3636 infra
2294 3619 2356 3645 n.19
2363 3617 2388 3637 et
2395 3611 2488 3646 seqq.).

2304 3664 2346 3694 4*

2526 2330 2536 2339 ‘
2547 2330 2581 2351 Cf.
2591 2330 2642 2351 lect.
2652 2336 2740 2357 praec„

2527 2366 2585 2388 n.13,
2601 2364 2649 2382 not.
2661 2366 2686 2391 μ..
