2788 4204
329 236 403 271 308

327 317 434 339 trum.—-
444 313 514 337 Loco
529 316 559 338 ut
573 313 679 342 dicitur,
693 313 768 337 codd.
785 312 925 337 CDGMNS
939 317 964 336 et
978 320 1004 344 p.
1015 319 1049 336 m.
1062 312 1086 336 K
1097 312 1186 343 legunt
1199 314 1228 335 ut
1243 310 1332 340 datur,
1346 318 1394 343 per

326 356 440 374 errorem
460 348 660 373 amanuensibus
679 348 747 372 haud
762 348 900 372 insuetum.
910 360 929 367 -·
939 348 1011 377 Quae
1027 347 1051 371 in
1067 346 1113 370 hac
1127 346 1236 371 lectione
1250 346 1282 371 de
1296 346 1393 371 unitate

326 390 351 409 et
365 384 510 409 diversitate
531 384 695 408 scientiarum
710 383 812 407 disserit
830 390 851 407 s.
865 382 981 406 Thomas
1001 389 1060 406 cum
1080 382 1232 410 Aristotele,
1254 381 1356 406 nonnisi
1378 389 1392 406 a

325 420 414 453 paucis
428 419 612 444 recentioribus
631 423 783 443 tractantur:
803 425 832 442 ea
846 418 915 442 enim
935 417 1052 449 plerique
1072 423 1116 442 aut
1133 417 1240 441 omnino
1260 417 1391 449 ignorant,

325 460 370 480 aut
388 455 455 480 inter
472 463 552 479 vanas
567 454 733 480 scholasticas
753 453 904 477 subtilitates
920 453 1066 476 amandam.
1086 453 1208 476 Attamen
1225 452 1273 476 nisi
1288 452 1346 485 quis
1362 460 1392 477 ea

325 490 442 515 habuerit
451 491 528 522 plane
539 494 680 523 perspecta,
688 488 860 529 philosophus
871 488 1019 512 nullatenus
1030 495 1089 511 esse
1099 492 1192 520 potest.
1204 487 1312 511 Interest
1322 487 1391 520 enim

325 526 436 551 maxime
454 526 573 550 scientias
593 529 693 548 nostras
712 524 805 552 rimari,
819 528 847 547 ut
866 530 918 555 quo
938 522 1028 547 ordine
1047 530 1076 547 se
1090 522 1202 548 habeant
1221 523 1252 547 ad
1272 523 1390 553 invicem,

325 569 376 594 qua
394 562 491 586 ratione
510 559 628 594 specifice
647 559 711 583 inter
724 567 752 583 se
769 558 892 589 differant,
907 563 994 582 utrum
1010 558 1121 590 denique
1135 557 1204 582 sibi'
1198 558 1309 582 1nvicem
1328 558 1390 582 sub-

324 597 474 622 ordinentur
493 595 638 625 definiatur;
658 599 683 618 et
705 594 794 618 exinde
813 593 936 618 inferatur
953 593 1039 618 unitas
1057 593 1098 618 vel
1119 593 1253 617 diversitas
1273 593 1390 618 scientia-

323 640 390 662 rum,
410 637 436 656 et
453 631 592 663 unicuique
617 629 720 662 propria
739 629 862 662 principia
887 629 1060 661 applicentur,
1080 634 1106 653 et
1124 629 1307 661 unaquaelibet
1325 629 1390 654 intra

323 668 416 692 limites
431 667 525 699 proprii
536 665 628 690 obiecti
639 664 806 695 contineatur,
818 669 843 688 et
857 664 968 696 propria,
983 669 1012 688 ut
1021 664 1055 689 ita
1065 664 1156 694 dicam,
1167 664 1224 688 luce
1239 664 1389 689 illustretur.

377 703 411 727 Ut
425 707 510 727 autem
525 700 634 725 novitius
650 700 746 724 ediscat
760 704 884 732 quantum
896 699 958 724 haec
973 700 1088 724 doctrina
1099 699 1278 732 philosophica
1290 699 1390 724 intersit

323 738 400 763 etiam
419 737 561 768 theologiae
581 741 695 766 nostrae,
716 735 802 760 audiat
821 743 842 765 s.
863 735 993 760 Thomam
1019 735 1106 768 ipsum
1130 735 1302 768 applicantem
1327 735 1389 760 haec

324 774 413 798 eadem
433 772 562 805 principia,
578 772 630 796 imo
649 772 740 796 eadem
755 771 881 804 exempla,
895 771 926 794 ad
942 771 1149 804 distinguendam
1169 771 1302 795 scientiam
1318 778 1389 796 mere

322 808 527 841 philosophicam
547 815 560 831 a
579 806 684 831 scientia
703 814 750 830 seu
777 807 900 839 sapientia
919 811 1007 831 nostra
1032 806 1189 838 theologica,
1211 814 1278 838 quae
1302 814 1355 830 non
1375 814 1388 831 a

321 844 427 873 ratione,
442 849 471 867 ut
489 843 540 872 illa,
555 843 602 867 sed
621 850 636 866 a
655 842 739 866 divina
761 842 918 867 revelatione
937 850 983 867 sua
1008 847 1140 866 mutuatur
1164 841 1302 875 principia:
1317 850 1330 865 α
1345 842 1388 866 Di-

324 890 336 902 »
352 886 427 903 versa
445 878 508 903 ratio
537 877 717 909 cognoscibilis
746 877 920 902 diversitatem
945 878 1109 903 scientiarum
1134 877 1238 902 inducit.
1262 878 1388 902 Eamdem

323 924 336 939 »
351 915 419 939 enim
438 914 630 938 conclusionem
645 914 806 938 demonstrat
819 914 967 945 astrologus
981 919 1011 943 et,
1019 913 1150 942 naturalis,
1163 917 1224 946 puta
1238 913 1309 945 quod
1322 918 1389 937 terra

322 959 336 974 >›
352 955 392 975 est
410 950 532 980 rotunda;
553 949 599 974 sed
618 949 765 980 astrologus
784 957 831 981 per
849 949 964 974 medium
982 949 1200 979 mathematicum,
1216 948 1283 973 idest
1301 956 1315 973 a
1334 956 1389 973 ma-

321 995 335 1009 »
351 986 414 1010 teria
432 986 588 1010 abstractum
595 993 602 1016 ;
622 984 743 1009 naturalis
763 990 849 1009 autem
868 993 915 1018 per
933 985 1047 1009 medium
1066 985 1132 1009 circa
1151 983 1284 1008 materiam
1304 984 1389 1009 consi-

322 1030 335 1044 ι)
352 1021 476 1046 deratum.
491 1021 566 1045 Unde
585 1020 646 1044 nihil
665 1019 786 1053 prohibet
798 1021 830 1045 de
849 1020 947 1045 eisdem
966 1021 1053 1050 rebus,
1070 1021 1101 1045 de
1116 1020 1210 1053 quibus
1227 1019 1388 1053 philosophi:

322 1066 336 1080 a>
353 1064 397 1082 cae
422 1057 570 1089 disciplinae
593 1061 712 1085 tractant,
734 1057 879 1080 secundum
904 1057 976 1088 quod
998 1060 1059 1080 sunt
1083 1055 1266 1088 cognoscibilia
1290 1056 1388 1080 lumine

321 1101 334 1115 ›>
350 1092 471 1117 naturalis
490 1091 603 1123 rationis,
617 1096 642 1116 et
661 1092 736 1116 aliam
755 1091 887 1116 scientiam
906 1097 1020 1122 tractare,
1037 1092 1181 1116 secundum
1201 1091 1272 1124 quod
1291 1099 1387 1123 cogno-

320 1137 334 1150 »
351 1133 457 1152 scuntur
475 1128 573 1152 lumine
593 1127 692 1152 divinae
709 1126 881 1151 revelationis.
901 1127 978 1152 Unde
1002 1126 1131 1159 theologia
1151 1134 1218 1159 quae
1237 1126 1269 1150 ad
1288 1134 1387 1151 sacram

320 1173 334 1187 »
349 1163 491 1188 doctrinam
505 1163 622 1196 pertinet,
638 1162 880 1187 differt-secundum
893 1170 977 1194 genus
992 1162 1023 1187 ab
1036 1162 1080 1187 illa
1093 1162 1231 1195 theologia,
1245 1170 1312 1194 quae
1326 1170 1386 1195 pars

320 1208 334 1223 »
350 1198 529 1232 philosophiae
548 1199 652 1232 ponitur
667 1207 682 1222 »
697 1198 737 1230 (Ρ.
751 1199 768 1228 1,
785 1206 829 1231 qu.
844 1206 860 1227 1,
875 1198 944 1222 artic.
959 1206 977 1229 1,
992 1198 1023 1222 ad
1045 1198 1080 1232 2).

371 1234 521 1259 Scholastici
541 1235 633 1259 merito
653 1234 844 1266 distinguebant
862 1233 992 1258 obiectum
1012 1233 1133 1258 scientiae
1147 1233 1173 1257 in
1185 1232 1315 1258 obiectum
1331 1240 1386 1257 ma—

317 1270 406 1295 teriale
425 1275 450 1295 et
468 1270 600 1295 obiectum
619 1270 736 1295 formale.
758 1269 875 1293 Primum
894 1274 934 1294 est
951 1277 993 1293 res
1013 1269 1046 1293 de
1073 1276 1124 1302 qua
1144 1268 1253 1293 habetur
1272 1268 1386 1299 scientia,

317 1311 346 1330 ut
359 1305 481 1336 mundus,
501 1305 593 1336 anima,
614 1313 669 1336 ens,
689 1306 759 1330 Deus
779 1310 839 1334 etc.;
859 1304 990 1329 obiectum
1004 1309 1090 1328 autem
1106 1303 1214 1328 formale
1228 1309 1268 1328 est
1282 1304 1385 1334 modus,

317 1348 364 1365 seu
383 1341 448 1365 ratio
467 1341 610 1365 secundum
630 1348 709 1373 quam
728 1348 770 1364 res
790 1340 950 1372 attinguntur
968 1339 999 1363 ab
1012 1339 1152 1364 intellectu.
1171 1339 1247 1363 Ratio
1258 1338 1335 1363 huius
1349 1339 1386 1364 di-

316 1376 424 1401 visionis
443 1381 483 1401 est
502 1376 563 1409 quia
581 1377 648 1401 aliud
668 1381 708 1401 est
726 1383 786 1400 esse
804 1376 840 1400 rei
860 1375 886 1400 in
906 1382 942 1403 se,
962 1375 1030 1399 aliud
1049 1379 1089 1399 est
1107 1382 1167 1399 esse
1185 1374 1223 1399 rei
1242 1374 1268 1399 in
1287 1374 1385 1400 ratione

316 1412 421 1442 scibilis,
427 1417 522 1453 ⁸'prout
534 1412 629 1437 scilicet
645 1417 685 1436 est
697 1411 827 1435 obiectum
842 1410 1008 1443 cognitionis:
1028 1417 1088 1434 nam
1102 1410 1165 1434 ratio
1181 1409 1319 1434 materialis
1334 1417 1385 1442 qua

317 1455 359 1472 res
373 1452 413 1472 est
427 1447 453 1471 in
473 1455 501 1472 se
516 1447 572 1480 ipsa
591 1447 727 1472 constituta
742 1451 767 1470 et
781 1446 898 1471 distincta
910 1445 1052 1470 formaliter
1065 1452 1080 1469 a
1093 1444 1184 1469 ceteris
1197 1445 1285 1475 rebus,
1300 1450 1387 1477 potest

317 1488 384 1508 stare
403 1483 459 1508 sine
477 1483 575 1507 ratione
593 1482 694 1507 formali
713 1481 865 1511 scibilitatis,
891 1488 958 1513 quae
977 1481 1098 1514 importat
1115 1480 1234 1504 ordinem
1253 1481 1285 1504 ad
1304 1480 1384 1506 facul-

315 1523 395 1548 tatem
415 1518 629 1550 cognoscitivam,
651 1523 676 1542 et
695 1524 761 1549 quae
780 1521 820 1541 est
838 1516 915 1540 simul
935 1524 1012 1551 causa
1031 1521 1057 1540 et
1075 1515 1202 1540 terminus
1222 1516 1383 1548 cognitionis.

316 1554 389 1578 Patet
407 1553 432 1578 in
451 1561 538 1578 sensu.
558 1553 660 1578 Etenim
678 1560 721 1576 res
741 1551 886 1576 materiales
910 1556 971 1576 sunt
988 1549 1015 1576 in
1034 1558 1063 1576 se
1082 1551 1145 1584 ipsis
1165 1550 1312 1582 distinctae3
1331 1559 1384 1576 non

315 1594 402 1614 tamen
420 1589 445 1613 in
459 1589 548 1613 ordine
561 1589 592 1613 ad
613 1588 762 1613 sensitivam
781 1587 956 1619 cognitionem
974 1594 1068 1612 omnes
1091 1586 1187 1611 habent
1206 1587 1325 1612 eamdem
1343 1595 1383 1612 ra-

315 1624 413 1649 tionem
433 1624 569 1648 formalem
588 1622 776 1652 sensibilitatis,
792 1623 852 1655 quia
872 1630 923 1647 non
942 1630 1035 1647 ornnes
1051 1622 1138 1655 quoad
1153 1622 1308 1647 totalitatem
1323 1626 1383 1655 pro-¹

315 1659 386 1693 priae
400 1659 510 1683 entitatis
527 1663 640 1691 possunt
654 1659 685 1683 ab
700 1657 822 1683 omnibus
837 1657 958 1682 sensibus
973 1657 1062 1690 attingi
1077 1657 1128 1690 (Cf.
1142 1657 1200 1682 lect.
1214 1665 1269 1688 xxx,
1281 1662 1334 1685 not.
1345 1657 1384 1699 a).

315 1695 382 1725 Quia
399 1702 462 1719 vero
487 1694 592 1719 scientia
615 1702 670 1719 non
687 1701 701 1718 a
720 1701 747 1719 re
766 1694 813 1718 sed
833 1701 847 1718 a
865 1693 947 1718 scibili
972 1693 1068 1725 pendet
1086 1698 1113 1718 et
1130 1693 1295 1724 terminatur,
1319 1699 1385 1719 rano

314 1730 468 1760 diversitatis
482 1730 522 1754 vel
535 1730 637 1755 unitatis
651 1729 814 1754 scientiarum
834 1737 886 1754 non
906 1729 937 1753 ab
952 1729 1054 1753 obiecto
1067 1728 1200 1758 materiali,
1216 1736 1263 1753 seu
1277 1737 1291 1753 a
1304 1729 1383 1754 rebus

313 1770 390 1799 prout
414 1771 475 1790 sunt
492 1766 518 1790 in
537 1765 630 1798 seipsis
654 1765 732 1789 unius
750 1765 792 1789 vel
812 1764 905 1789 diversi
925 1764 1040 1796 generis,
1063 1765 1110 1789 sed
1130 1771 1144 1788 a
1163 1764 1309 1795 scibilitate,
1335 1772 1383 1789 seu

314 1801 346 1826 ab
359 1801 460 1826 obiecto
473 1800 573 1826 formali
592 1801 732 1833 repetenda
745 1805 792 1825 est.
806 1800 872 1825 Hinc
887 1808 908 1824 s.
919 1799 1036 1824 Thomas
1050 1807 1103 1824 non
1116 1799 1148 1824 ab
1161 1799 1258 1824 unitate
1271 1800 1381 1832 generis,

314 1837 360 1861 sed
379 1837 410 1861 ab
430 1836 526 1861 unitate
539 1837 580 1861 vel
600 1836 747 1861 diversitate
761 1836 869 1869 generis
881 1835 979 1860 scibilis
992 1835 1084 1868 repetit
1094 1835 1219 1860 unitatem
1238 1835 1279 1860 vel
1299 1835 1384 1860 diver-

313 1872 415 1896 sitatem
435 1872 607 1897 scientiarum.

366 1907 417 1932 Sed
435 1907 566 1932 obiectum
586 1907 694 1933 formale
714 1907 809 1939 duplex
828 1911 881 1932 est:
901 1906 971 1931 aliud
990 1905 1059 1931 enim
1077 1911 1117 1931 est
1129 1905 1261 1931 obiectum
1274 1905 1383 1931 formale

312 1943 395 1976 quod,
415 1951 462 1967 seu
480 1944 544 1968 ratio
563 1943 678 1968 formalis
698 1949 779 1975 quae‚·
799 1942 867 1967 aliud
891 1946 978 1966 autem
998 1947 1037 1966 est
1055 1941 1185 1966 obiectum
1208 1941 1317 1966 formale
1335 1941 1384 1967 sub

312 1986 372 2011 quo,
393 1986 438 2003 seu
454 1980 517 2004 ratio
535 1978 650 2003 formalis
669 1978 717 2003 sub
731 1985 792 2010 qua.
808 1977 882 2008 Quae
897 1977 1026 2002 distinctio
1041 1984 1119 2009 saepe
1135 1977 1246 2002 occurrit
1265 1977 1290 2002 in
1309 1976 1383 2002 theo-

312 2014 402 2046 logicis
422 2014 572 2048 disciplinis,
591 2019 617 2039 et
634 2013 712 2039 habet
730 2021 790 2038 suas
810 2013 931 2038 radices'
925 2021 950 2037 ιιι
965 2013 1021 2045 ipsa
1040 2017 1131 2038 natura
1144 2012 1266 2043 scientiae
1280 2012 1384 2046 proprie

313 2049 403 2074 dictae.
422 2050 524 2075 Etenim
544 2049 649 2074 scientia
668 2054 693 2074 et
712 2054 751 2074 est
764 2049 789 2074 in
807 2047 938 2073 intellectu
952 2053 981 2073 ut
993 2048 1018 2072 in
1033 2048 1156 2078 subiecto,
1173 2053 1198 2073 et
1211 2053 1251 2073 est
1264 2049 1296 2072 de
1311 2048 1383 2072 obi&

313 2089 354 2110 cto
372 2090 402 2109 ut
420 2086 452 2110 de
470 2086 581 2110 termino
599 2085 681 2118 ipsius
701 2084 829 2110 scientiae.
848 2083 976 2108 Sistamus
995 2083 1122 2116 imprimis
1138 2084 1165 2108 in
1178 2083 1383 2108 consideratione

312 2120 405 2145 obiecti
416 2121 520 2146 scibilis.
531 2121 634 2145 Dictum
645 2125 685 2145 est
697 2128 775 2154 supra
789 2119 862 2152 quod
875 2119 980 2144 scientia
992 2119 1097 2152 proprie
1107 2119 1180 2150 dicta,
1188 2119 1273 2152 prouti
1287 2126 1382 2152 nempe

312 2161 353 2181 est
371 2156 477 2181 effectus
497 2155 733 2187 demonstrationis,
753 2161 793 2180 est
812 2155 844 2180 de
862 2154 1061 2185 universalibus,
1082 2154 1114 2179 de
1133 2154 1338 2179 immutabilibus
1357 2159 1383 2179 et

313 2192 488 2224 sempiternis,
502 2199 568 2225 quae
587 2199 638 2216 non
658 2196 699 2216 est
711 2190 846 2224 possibile
854 2189 928 2215 aliter
947 2198 975 2215 se
993 2189 1103 2215 habere:
1123 2190 1170 2215 sed
1189 2190 1286 2215 dictum
1305 2190 1382 2214 etiam

311 2232 352 2252 est
365 2228 437 2260 quod
455 2233 516 2252 tunc
533 2235 594 2252 vere
613 2227 710 2252 scimus
725 2227 758 2252 de
776 2226 926 2252 huiusmodi
945 2226 1036 2256 rebus,
1056 2226 1163 2258 quando
1181 2233 1226 2251 eas
1245 2225 1383 2258 cognosci-

311 2270 371 2287 mus
391 2271 437 2295 per
456 2271 554 2288 causas.
569 2263 626 2287 Hoc
645 2267 731 2287 autem
750 2262 859 2287 habetur
873 2262 980 2294 quando
995 2261 1074 2286 scitur
1088 2269 1141 2286 non
1161 2262 1248 2286 solum
1263 2261 1335 2294 quod
1349 2261 1383 2286 de

311 2298 385 2323 omni
403 2298 584 2331 (Cf.1ect.1x),
605 2303 630 2323 et
648 2298 720 2331 quod
734 2304 787 2330 per
804 2304 832 2323 se
851 2296 900 2330 (Cf.
916 2298 974 2322 lect.
987 2295 1023 2330 x),
1043 2297 1089 2322 sed
1107 2297 1214 2330 quando
1232 2297 1330 2321 scimus
1349 2297 1382 2321 de

311 2333 413 2358 obiecto
431 2334 575 2359 secundum
593 2334 664 2366 quod
683 2338 722 2359 est
741 2333 903 2362 universale,
925 2340 972 2358 seu
989 2332 1074 2365 primo
1094 2338 1120 2358 et
1143 2332 1290 2357 secundum
1308 2332 1381 2366 quod

312 2373 352 2393 est
371 2369 457 2402 ipsum
477 2367 528 2403 (Cf.
553 2370 612 2394 lect.
630 2377 655 2394 ιιι
674 2373 700 2394 et
717 2368 776 2401 x11);
796 2368 857 2401 quia
876 2368 939 2393 haec
957 2367 1047 2392 ultima
1071 2367 1183 2393 conditio
1201 2367 1382 2401 complectitur

311 2405 495 2437 praecedentes
509 2404 542 2430 de
554 2404 627 2430 omni
641 2409 667 2429 et
676 2411 728 2436 per
746 2411 773 2429 se
793 2402 844 2438 (Cf.
858 2404 917 2429 lect.
931 2411 964 2434 tx,
979 2411 1004 2428 n.
1022 2403 1056 2438 3),
1072 2408 1097 2429 et
1109 2409 1150 2428 est
1163 2411 1240 2428 causa
1256 2411 1303 2428 seu
1317 2403 1382 2428 ratio

915 233 1300 270 POSTERIORUM
1327 233 1760 271 ANALYTICORUM
1788 235 1882 271 LIB.
1915 236 1928 271 Ι

1447 312 1606 344 passionum,
1626 320 1693 345 quae
1708 311 1871 338 inferioribus
1890 313 2010 338 subiectis
2030 314 2169 339 convenire
2188 315 2413 347 demonstrantur,
2430 317 2519 350 proin-

1448 347 1533 380 deque
1546 353 1586 372 est
1600 348 1719 380 primum
1740 349 1810 380 quod
1829 348 1959 381 attingitur
1977 357 1992 373 a
2007 349 2201 374 demonstrante
2220 349 2270 382 (Cf.
2284 350 2342 375 lect.
2354 359 2402 380 xn.
2421 360 2447 376 n.
2466 352 2517 385 11).

1448 382 1489 407 Sic
1501 382 1597 407 habere
1610 387 1662 408 tres
1677 383 1786 415 angulos
1799 384 1921 416 aequales
1938 384 2040 409 duobus
2055 385 2139 415 rectis,
2155 386 2275 410 convenit
2287 382 2393 418 quidem
2407 387 2516 416 isosceli,

1447 422 1559 443 attamen
1578 419 1699 444 convenit
1717 418 1766 451 ipsi
1783 427 1835 443 non
1854 420 1999 444 secundum
2014 421 2085 452 quod
2104 420 2229 445 isosceles
2243 426 2290 451 est,
2306 422 2354 446 sed
2372 423 2517 447 secundum

1447 453 1517 486 quod
1536 459 1576 478 est
1594 454 1751 487 triangulus5
1769 454 1898 496 triangulo
1908 463 1971 479 vero
1985 455 2042 480 talis
2055 456 2142 488 passio
2156 455 2276 480 convenit
2288 457 2431 482 secundum
2445 458 2516 492 quod

1447 493 1487 513 est
1499 489 1651 521 triangulus.
1667 489 1755 514 Primo
1769 497 1831 521 ergo
1844 490 1976 522 attingitur
1988 490 2052 516 ratio
2066 491 2196 523 trianguli
2211 495 2238 515 et
2251 498 2297 523 per
2311 491 2378 516 hanc
2390 492 2515 517 rationem

1446 528 1570 557 tanquam
1584 532 1631 557 per
1642 532 1731 550 veram
1747 533 1851 550 causam
1866 526 2058 551 demonstratur
2072 526 2128 551 eius
2147 527 2284 559 passiones
2295 532 2443 568 competere
2456 535 2515 561 spe-

1446 559 1535 584 ciebus
1548 559 1676 593 trianguli,
1691 569 1742 585 non
1757 565 1884 593 quatenus
1899 562 1998 594 species
2013 566 2081 592 sunt,
2096 562 2143 586 sed
2154 567 2281 594 quatenus
2295 563 2456 588 continentur
2464 563 2515 588 sub

1445 594 1490 619 illo
1510 599 1634 627 tanquam
1657 595 1706 620 sub
1727 603 1830 628 genere.
1839 596 1942 621 -Ratio
1965 604 2033 629 quae
2051 597 2136 629 primo
2162 602 2187 622 et
2205 605 2252 630 per
2272 605 2302 622 se
2326 597 2471 630 attingitur,
2490 603 2518 623 et

1445 637 1491 662 per
1506 638 1594 662 quam,
1613 635 1738 664 tanquam
1756 638 1804 664 per
1822 639 1927 656 causam
1946 632 2086 665 propriam,
2107 633 2140 657 de
2158 633 2281 658 subiectis
2305 633 2516 659 demonstrantur

1445 665 1581 698 passiones
1595 673 1758 698 communeS,
1773 671 1879 691 vocatur
1892 667 2019 692 obiectum
2032 667 2151 701 formale
2163 668 2242 701 quod,
2257 676 2305 693 seu
2317 668 2382 693 ratio
2399 669 2515 694 formalis

1444 708 1512 733 quae
1529 701 1658 726 scientiae.

1497 736 1597 761 Deinde
1615 736 1746 762 obiectum
1765 737 1855 762 scibile
1874 737 1951 762 debet
1969 737 2125 763 considerari
2147 738 2173 762 in
2187 739 2278 764 ordine
2291 739 2368 764 etiam
2381 740 2414 764 ad
2428 740 2514 765 subie-

1445 776 1515 795 ctum
1535 772 1690 804 intelligens,
1710 780 1757 796 seu
1776 772 1807 796 ad
1830 773 1996 797 intellectum.
2015 773 2134 805 Cognitio
2154 773 2231 804 enim,
2251 782 2311 799 cum
2330 774 2364 799 sit
2382 776 2447 800 actio
2466 776 2514 800 im-

1445 814 1562 838 manens,
1573 811 1599 831 et
1611 807 1714 832 aliunde
1726 812 1854 840 repugnet
1866 807 1920 832 dari
1934 808 1990 832 sine
2002 807 2104 832 obiecto
2117 809 2228 840 cognito,
2241 810 2355 841 postulat
2367 810 2514 836 necessario

1444 847 1473 866 ut
1485 843 1572 867 locum
1583 850 1635 867 non
1645 842 1738 868 habeat
1751 843 1800 867 nisi
1814 848 1942 876 quatenus
1956 843 2086 868 obiectum
2097 845 2229 875 cognitum
2240 849 2280 869 est
2290 845 2316 869 in
2330 850 2513 878 cognoscente.

1443 878 1523 910 Atqui
1547 886 1600 902 non
1623 883 1710 911 potest
1734 878 1865 904 obiectum
1890 878 2021 910 cognitum
2048 885 2107 903 esse
2131 878 2157 903 in
2182 885 2355 912 cognoscente
2378 880 2427 905 nisi
2453 888 2514 906 con-

1444 918 1566 945 gruenter
1578 913 1610 938 ad
1625 918 1742 938 naturam
1762 913 1908 938 intellectus
1928 913 1954 938 in
1968 921 2023 946 quo
2036 913 2165 946 recipitur,
2180 914 2231 939 hoc
2249 919 2291 939 est
2302 915 2513 947 immaterialiter,

1444 949 1510 973 sicut
1529 949 1705 974 immaterialis
1721 954 1812 974 natura
1831 957 1879 974 sua
1897 954 1938 974 est
1955 948 2110 974 intellectus.
2129 950 2199 982 Ergo
2218 950 2244 975 in
2262 951 2352 976 ordine
2371 951 2403 976 ad
2421 955 2513 984 poten—

1443 984 1504 1009 tiam
1524 984 1705 1009 intellectivam
1725 990 1849 1015 nostram,
1868 984 1999 1009 obiectum
2014 990 2246 1018 quantumcunque
2264 983 2376 1018 fingatur
2387 994 2435 1019 per
2449 986 2514 1012 ima—

1443 1020 1599 1061 ginationem
1624 1019 1782 1050 universale,
1806 1019 1985 1050 immutabile,
2009 1021 2210 1053 sempiternum,
2234 1028 2287 1045 non
2314 1026 2402 1054 potest
2424 1026 2513 1047 tamen

1442 1056 1527 1088 primo
1546 1061 1572 1080 et
1589 1063 1635 1088 per
1655 1063 1683 1080 se
1702 1055 1798 1080 habere
1816 1055 1942 1080 rationem
1960 1055 2097 1081 formalem
2116 1056 2268 1087 scibilitatis,
2287 1057 2337 1081 nisi
2350 1057 2401 1082 sub
2414 1057 2514 1083 ratione

1443 1091 1664 1116 immaterialitatis
1685 1089 1735 1124 (Cf.
1750 1098 1772 1116 s.
1786 1090 1837 1115 Th.
1852 1098 1911 1124 sup.
1926 1091 2072 1122 Boethium,
2088 1091 2130 1116 De
2152 1090 2291 1122 Trinitate,
2308 1099 2351 1125 qu.
2365 1100 2390 1123 V,
2406 1093 2476 1118 artic.
2494 1101 2512 1118 1.

1442 1126 1490 1151 Ed.
1503 1127 1532 1151 P.
1546 1134 1638 1159 opusc.
1654 1133 1707 1156 Lxx,
1721 1126 1766 1151 fol.
1785 1125 1841 1158 134,
1856 1126 1904 1151 col.
1919 1125 1958 1160 4).
1977 1126 2028 1151 Iste
2041 1127 2144 1157 modus,
2160 1134 2206 1151 seu
2221 1126 2344 1159 medium,
2358 1135 2406 1153 seu
2416 1128 2513 1153 -condi-
2539 1127 2547 1130 ”

1442 1162 1485 1194 tio,
1501 1170 1548 1187 seu
1566 1162 1630 1186 ratio
1642 1162 1766 1194 requisita
1779 1162 1805 1186 in
1823 1161 1934 1192 obiecto,
1949 1170 1980 1186 ex
2000 1167 2091 1187 natura
2104 1162 2234 1195 potentiae
2256 1168 2362 1188 nostrae
2380 1163 2513 1189 intellecti-

1441 1205 1497 1228 vae,
1508 1197 1556 1222 sub
1572 1205 1624 1230 qua
1634 1197 1719 1222 solum
1734 1196 1912 1222 manifestatur
1924 1197 2063 1222 intellectui
2074 1202 2164 1222 nostro
2174 1197 2304 1222 obiectum
2313 1198 2422 1224 formale
2431 1198 2510 1231 quod,

1442 1238 1548 1258 vocatur
1561 1232 1692 1257 obiectum
1707 1233 1817 1257 formale
1834 1233 1883 1257 sub
1901 1240 1966 1265 quo,
1987 1239 2034 1257 seu
2052 1233 2118 1257 ratio
2135 1233 2252 1258 formalis
2266 1234 2315 1258 sub
2328 1234 2438 1266 qum-Et
2451 1234 2512 1267 quia

1441 1269 1467 1293 id
1481 1269 1552 1301 quod
1571 1268 1630 1293 facit
1650 1268 1883 1293 manifestationem
1902 1275 2059 1301 quocunque
2078 1268 2171 1299 modo,
2187 1276 2311 1294 vocamus
2325 1269 2404 1294 etiam
2422 1270 2513 1295 lumen

1443 1301 1499 1337 (Cf.
1523 1304 1580 1328 lect.
1600 1311 1681 1335 xxxvr,
1706 1309 1758 1328 not.
1774 1302 1819 1338 o);
1840 1303 1903 1328 haec
1926 1303 1990 1328 ratio
2008 1303 2123 1328 formalis
2141 1309 2249 1328 vocatur
2269 1304 2357 1329 lumen
2376 1305 2425 1330 sub
2446 1311 2512 1338 qum·

1441 1339 1507 1364 sicut
1524 1339 1655 1364 obiectum
1679 1338 1788 1364 formale
1812 1338 1884 1371 quod
1903 1339 1994 1363 dicitur
2018 1339 2095 1364 etiam
2119 1339 2208 1363 lumen
2227 1339 2299 1372 quod
2323 1339 2374 1372 (Cf.
2388 1339 2468 1365 Caiet.
2485 1340 2512 1365 in
2555 1374 2561 1378 Ι

1441 1375 1450 1400 1
1469 1375 1589 1405 Foster„
1609 1382 1665 1408 cap.
1683 1382 1749 1404 xxn,
1773 1374 1790 1407 ἓ
1811 1375 1890 1399 Circa
1907 1374 2050 1399 secundam
2070 1378 2096 1399 et
2119 1375 2227 1400 tertiam
2245 1375 2360 1401 conclus.
2369 1393 2377 1405 ‚
2398 1375 2443 1400 fol.
2461 1374 2511 1408 68,

1440 1410 1490 1434 col.
1505 1409 1534 1441 3,
1553 1417 1645 1442 seqq.
1638 1429 1646 1441 ,
1671 1415 1696 1434 et
1714 1409 1740 1434 in
1759 1410 1787 1434 P.
1801 1409 1823 1440 1,
1834 1418 1886 1445 qu.
1905 1417 1929 1440 1,
1947 1409 2017 1434 artic.
2033 1418 2074 1442 ιιι,
2094 1410 2110 1442 ξ
2128 1410 2172 1434 Ad
2189 1410 2350 1436 evidentiam
2369 1408 2449 1436 huius
2467 1418 2512 1436 ra-

1440 1445 1520 1470 tionis
1539 1445 1607 1477 etc..)

1493 1480 1557 1505 Vult
1575 1488 1638 1513 ergo
1657 1488 1679 1505 s.
1688 1479 1806 1505 Thomas
1826 1480 1863 1514 (n.
1882 1488 1891 1505 ι
1900 1481 1924 1513 ι)
1938 1481 2010 1514 quod
2024 1481 2056 1506 ad
2070 1481 2195 1506 unitatem
2209 1481 2331 1506 scientiae
2345 1482 2398 1506 duo
2410 1481 2512 1507 obiecta

1439 1515 1495 1549 ipsa
1513 1515 1631 1540 formalia
1649 1515 1813 1548 requirantur
1819 1523 1826 1547 ς
1846 1523 1942 1549 nempe
1961 1521 1986 1540 et
2003 1516 2087 1541 unitas
2107 1515 2215 1541 subiecti
2233 1516 2336 1547 scibilis,
2351 1515 2402 1541 hoc
2415 1522 2458 1542 est
2469 1515 2510 1542 ea*-

1439 1551 1500 1576 dem
1523 1551 1588 1575 ratio
1611 1550 1727 1575 formalis
1750 1551 1798 1576 sub
1816 1558 1868 1583 qua
1874 1558 1884 1581 ‚·
1903 1556 1929 1575 et
1950 1551 2035 1576 unitas
2057 1551 2257 1585 principiorum,
2280 1551 2332 1577 hoc
2356 1557 2396 1577 est
2418 1553 2511 1578 eadem

1439 1586 1503 1612 ratio
1521 1586 1639 1611 formalis
1657 1593 1734 1619 quae.
1757 1586 1790 1612 Et
1813 1587 1956 1619 sapienter.
1975 1594 2036 1612 nam
2055 1594 2102 1620 per
2120 1587 2205 1612 solam
2222 1587 2350 1613 unitatem
2373 1587 2511 1618 formalem

1437 1622 1485 1647 sub
1504 1629 1571 1655 qua,
1591 1629 1633 1646 res
1653 1621 1702 1646 sub
1721 1629 1775 1646 uno
1794 1621 1900 1651 lumine,
1914 1629 1961 1646 seu
1979 1620 2061 1654 gradu
2081 1621 2258 1646 abstractionis
2277 1629 2293 1646 a
2311 1621 2418 1647 materia
2435 1621 2510 1648 intel-

1438 1657 1515 1682 lectui
1535 1656 1744 1699 manifestantur;
1764 1661 1790 1682 et
1807 1665 1855 1690 per
1873 1657 1956 1682 solam
1975 1657 2100 1682 unitatem
2114 1657 2251 1682 formalem
2269 1664 2345 1690 quae,
2359 1664 2404 1682 res
2416 1657 2443 1682 in
2456 1657 2511 1683 ιιιιο

1436 1693 1586 1726 eodemque
1607 1692 1732 1726 principio
1751 1692 1876 1725 superiori
1895 1693 2032 1723 uniuntur,
2052 1693 2123 1726 quod
2141 1692 2228 1725 primo
2246 1693 2356 1726 explicat
2373 1693 2510 1729 passiones

1438 1736 1535 1758 earum,
1557 1733 1687 1761 quatenus
1708 1735 1832 1761 supremo
1850 1727 1887 1752 illi
1906 1726 2031 1761 principio
2051 1733 2246 1753 connectuntur.
2261 1741 2281 1747 ·-
2295 1726 2394 1753 Sufficit
2413 1733 2510 1760 autem,

1439 1764 1508 1789 addit
1520 1764 1660 1796 Angelicus
1679 1762 1746 1797 (ib.)
1765 1763 1899 1788 diversitas
1919 1763 2113 1805 principiorum,
2132 1763 2182 1788 hoc
2201 1768 2248 1794 eat,
2267 1763 2374 1788 rationis
2392 1762 2511 1789 formali·

1437 1806 1513 1832 quae,
1527 1800 1560 1824 ad
1579 1799 1700 1824 scientias
1719 1798 1936 1824 diversificandas.
1950 1799 1983 1824 Et
2001 1799 2066 1824 ratio
2083 1804 2136 1830 est,
2161 1799 2222 1832 quia
2234 1798 2279 1824 ubi
2293 1798 2384 1824 existat
2397 1799 2511 1840 praefat

1438 1834 1586 1865 diversitas,
1600 1834 1701 1860 obiecta
1719 1833 1817 1859 scibilia
1832 1842 1884 1859 non
1897 1834 2023 1859 uniuntur
2036 1834 2061 1859 in
2075 1842 2129 1859 uno
2144 1833 2269 1867 principio
2283 1834 2422 1867 superiori,
2433 1832 2510 1868 quod

1437 1869 1471 1895 sit
1483 1870 1549 1895 ratio
1561 1869 1703 1895 scibilitatis
1720 1869 1874 1911 passionum
1887 1870 2075 1895 communium.
2094 1869 2174 1894 Addit
2191 1874 2278 1894 autem
2292 1877 2315 1895 s.
2328 1869 2427 1895 noeum-
2437 1870 2511 1903 qma
2536 1884 2537 1887 =

1437 1906 1503 1931 hanc
1527 1905 1702 1931 diversitatem
1725 1905 1831 1931 rationis
1856 1905 1972 1930 formalis
1994 1913 2063 1939 quae
2085 1905 2223 1930 comitatur
2248 1905 2382 1931 diversitas
2406 1905 2510 1948 generis

1437 1940 1542 1972 scibilis,
1556 1941 1606 1966 hoc
1622 1945 1663 1966 est
1675 1940 1781 1966 rationis
1796 1941 1912 1966 formalis
1921 1941 1969 1966 sub
1981 1947 2034 1974 qua
2050 1939 2107 1974 (cf.
2122 1940 2203 1966 Caiet.
2217 1940 2242 1965 in
2255 1940 2285 1966 Ρ.
2294 1940 2313 1972 1,
2323 1947 2368 1983 qu:
2378 1948 2396 1972 1,
2410 1940 2481 1966 artic.
2490 1947 2509 1980 1,

1434 1976 1453 2009 ᾖ
1471 1975 1516 2001 Ad
1529 1976 1578 2002 hoc
1593 1976 1770 2009 respondetur
1783 1975 1853 2010 ete..)
1873 1975 1969 2009 Nequit
1983 1976 2052 2002 enim
2064 1976 2132 2002 ratio
2145 1975 2262 2002 formalis
2273 1982 2342 2009 quae
2356 1976 2383 2002 in

1436 2020 1497 2037 esse
1511 2012 1612 2037 diversa
1631 2019 1738 2045 genere,
1753 2012 1822 2052 'quin
1834 2011 1913 2037 simul
1931 2011 2046 2037 involvat
2063 2011 2190 2037 rationem
2209 2011 2314 2038 maim-is
2331 2012 2374 2037 vel
2399 2011 2508 2050 minoris

1437 2047 1616 2072 abstractionis
1636 2055 1650 2072 a
1669 2046 1787 2078 materia,
1802 2052 1828 2072 et
1844 2046 1903 2072 ideo
1922 2046 2098 2072 diversitatem
2116 2046 2223 2072 rationis
2242 2046 2364 2072 formalis
2383 2047 2431 2072 sub
2445 2045 2507 2080 qud.

1436 2081 1594 2108 Aban-ahere
1608 2082 1678 2108 enim
1691 2090 1706 2107 a
1719 2083 1826 2108 materia
1839 2082 1965 2114 contingit
1982 2082 2125 2115 tripliciter:
2138 2082 2182 2107 vel
2191 2082 2338 2107 numadum
2352 2089 2418 2108 esse
2424 2086 2454 2108 et
2465 2086 2507 2108 ιο-

1436 2119 1550 2144 cundum
1569 2118 1703 2148 rationem,
1717 2118 1783 2143 sicut
1797 2123 1857 2144 sunt
1870 2118 2096 2148 transcendentia,
2112 2125 2180 2151 quae
2193 2117 2414 2145 considerantur
2406 2126 2434 2143 ιιι
2452 2124 2508 2146 mee

1435 2153 1570 2188 taphysica
1589 2153 1713 2187 generali,
1729 2161 1775 2179 seu
1794 2154 1939 2186 ontologia;
1958 2153 1998 2178 vel
2022 2153 2166 2178 secundum
2189 2151 2316 2180 rationem
2341 2157 2367 2179 et
2389 2155 2442 2178 non
2454 2149 2508 2179 ὅδ’-

1436 2189 1551 2215 cundum
1574 2196 1648 2220 esse,
1671 2189 1746 2214 sicuti
1769 2196 1800 2214 ea
1822 2196 1890 2222 quae
1919 2188 2272 2220 consideranmramathod,
2289 2188 2389 2214 scilieet
2400 2189 2507 2222 quanti-

1436 2228 1512 2255 tates,
1533 2233 1600 2258 quae
1613 2233 1665 2250 non
1678 2230 1740 2250 sunt
1757 2225 1807 2250 nisi
1819 2224 1845 2251 in
1860 2225 1980 2256 materia,
1999 2225 2046 2250 sed
2064 2232 2079 2249 a
2098 2224 2209 2250 manieti
2231 2223 2427 2251 considerantur
2445 2228 2477 2250 ut
2490 2231 2508 2250 ι

1436 2261 1543 2286 materia
1557 2260 1713 2292 abstractae;
1726 2261 1769 2285 vel
1783 2268 1869 2294 neque
1883 2260 2026 2285 secundum
2040 2259 2167 2286 rationem
2181 2267 2267 2293 neque
2280 2260 2426 2285 secundum
2438 2256 2507 2291 est'e‘,

1435 2295 1522 2330 prouti
1541 2301 1603 2321 sunt
1621 2295 1766 2326 naturalia,
1785 2303 1861 2329 quae,
1878 2300 2008 2330 quatenus
2022 2295 2206 2321 abstrahuntur
2218 2302 2233 2320 a
2245 2295 2303 2320 soh
2321 2295 2429 2336 materia
2440 2294 2507 2336 laq*

1435 2332 1540 2363 viduali,
1554 2332 1751 2358 considerantur
1763 2339 1779 2356 a
1791 2331 1899 2358 scientia
1912 2331 2030 2357 naturali.
2044 2331 2126 2359 Porro
2131 2330 2190 2362 alia
2201 2335 2262 2356 sunt
2275 2328 2398 2364 principia
2411 2330 2508 2364 quita-u

1434 2366 1528 2401 probat
1547 2366 1740 2401 metaphysicus
1754 2375 1816 2392 suas
1831 2367 2026 2397 conclusiones;
2041 2366 2090 2392 alia
2103 2370 2164 2392 sunt
2177 2365 2273 2400 quibus
2286 2365 2431 2399 probantur
2444 2366 2509 2391 cofi-

1435 2403 1565 2429 clusiones
1585 2402 1795 2433 mathematieae;
1816 2403 1865 2428 alla
1882 2402 1978 2436 quibus
1991 2402 2085 2436 probat
2101 2401 2236 2436 physicus.
2468 2417 2469 2420 =

2465 2457 2496 2477 τις

2462 2512 2466 2530 ¹
2478 2512 2481 2520 ,
