<?xml version="1.0" encoding="UTF-8"?>
<!DOCTYPE html PUBLIC "-//W3C//DTD XHTML 1.0 Transitional//EN"
    "http://www.w3.org/TR/xhtml1/DTD/xhtml1-transitional.dtd">
<html xmlns="http://www.w3.org/1999/xhtml" xml:lang="en" lang="en">
 <head>
  <title>
</title>
<meta http-equiv="Content-Type" content="text/html;charset=utf-8" />
  <meta name='ocr-system' content='tesseract 3.04.00' />
  <meta name='ocr-capabilities' content='ocr_page ocr_carea ocr_par ocr_line ocrx_word'/>
</head>
<body>
  <div class='ocr_page' id='page_1' title='image "./operaomniaiussui01thom/operaomniaiussui01thom_0130.png"; bbox 0 0 2548 4192; ppageno 0'>
   <div class='ocr_carea' id='block_1_1' title="bbox 192 278 273 304">
    <p class='ocr_par' dir='ltr' id='par_1_1' title="bbox 192 278 273 304">
     <span class='ocr_line' id='line_1_1' title="bbox 192 278 273 304; baseline -0.025 0"><span class='ocrx_word' id='word_1_1' title='bbox 192 278 273 304; x_wconf 90' lang='lat' dir='ltr'>CVIII</span> 
     </span>
    </p>
   </div>
   <div class='ocr_carea' id='block_1_2' title="bbox 399 343 516 374">
    <p class='ocr_par' dir='ltr' id='par_1_2' title="bbox 399 343 516 374">
     <span class='ocr_line' id='line_1_2' title="bbox 399 343 516 374; baseline -0.017 0"><span class='ocrx_word' id='word_1_2' title='bbox 399 343 516 374; x_wconf 87' lang='lat' dir='ltr'>Graeci</span> 
     </span>
    </p>
   </div>
   <div class='ocr_carea' id='block_1_3' title="bbox 194 429 644 783">
    <p class='ocr_par' dir='ltr' id='par_1_3' title="bbox 194 429 590 520">
     <span class='ocr_line' id='line_1_3' title="bbox 194 429 590 477; baseline -0.025 -9"><span class='ocrx_word' id='word_1_3' title='bbox 194 435 366 477; x_wconf 92' lang='lat' dir='ltr'>Dionysius</span> <span class='ocrx_word' id='word_1_4' title='bbox 390 429 590 471; x_wconf 89' lang='lat' dir='ltr'>Areopagita.</span> 
     </span>
     <span class='ocr_line' id='line_1_4' title="bbox 195 481 358 520; baseline -0.031 -7"><span class='ocrx_word' id='word_1_5' title='bbox 195 481 358 520; x_wconf 86' lang='lat' dir='ltr'>Origenes.</span> 
     </span>
    </p>

    <p class='ocr_par' dir='ltr' id='par_1_4' title="bbox 195 517 644 783">
     <span class='ocr_line' id='line_1_5' title="bbox 195 517 628 565; baseline -0.03 -8"><span class='ocrx_word' id='word_1_6' title='bbox 195 523 367 565; x_wconf 88' lang='lat' dir='ltr'>Dionysius</span> <span class='ocrx_word' id='word_1_7' title='bbox 390 517 628 551; x_wconf 81' lang='lat' dir='ltr'>Alexandrinus.</span> 
     </span>
     <span class='ocr_line' id='line_1_6' title="bbox 195 563 495 601; baseline -0.03 0"><span class='ocrx_word' id='word_1_8' title='bbox 195 570 287 601; x_wconf 85' lang='lat' dir='ltr'><strong>Titus</strong></span> <span class='ocrx_word' id='word_1_9' title='bbox 311 563 495 597; x_wconf 89' lang='lat' dir='ltr'>Bostrensis.</span> 
     </span>
     <span class='ocr_line' id='line_1_7' title="bbox 195 604 592 645; baseline -0.03 0"><span class='ocrx_word' id='word_1_10' title='bbox 195 612 350 645; x_wconf 87' lang='lat' dir='ltr'>Eusebius</span> <span class='ocrx_word' id='word_1_11' title='bbox 375 604 592 639; x_wconf 84' lang='lat' dir='ltr'>Caesariensis.</span> 
     </span>
     <span class='ocr_line' id='line_1_8' title="bbox 195 647 644 689; baseline -0.031 0"><span class='ocrx_word' id='word_1_12' title='bbox 195 655 383 689; x_wconf 84' lang='lat' dir='ltr'>Athanasius</span> <span class='ocrx_word' id='word_1_13' title='bbox 407 647 644 682; x_wconf 88' lang='lat' dir='ltr'>Alexandrinus.</span> 
     </span>
     <span class='ocr_line' id='line_1_9' title="bbox 195 692 611 741; baseline -0.034 -8"><span class='ocrx_word' id='word_1_14' title='bbox 195 702 351 741; x_wconf 89' lang='lat' dir='ltr'>Didymus</span> <span class='ocrx_word' id='word_1_15' title='bbox 374 692 611 727; x_wconf 84' lang='lat' dir='ltr'>Alexandrinus.</span> 
     </span>
     <span class='ocr_line' id='line_1_10' title="bbox 196 738 613 783; baseline -0.031 -7"><span class='ocrx_word' id='word_1_16' title='bbox 196 743 364 783; x_wconf 84' lang='lat' dir='ltr'>Gregorius</span> <span class='ocrx_word' id='word_1_17' title='bbox 387 738 613 769; x_wconf 87' lang='lat' dir='ltr'>Nazianzenus.</span> 
     </span>
    </p>
   </div>
   <div class='ocr_carea' id='block_1_4' title="bbox 195 778 696 827">
    <p class='ocr_par' dir='ltr' id='par_1_5' title="bbox 195 778 696 827">
     <span class='ocr_line' id='line_1_11' title="bbox 195 778 696 827; baseline -0.032 -7"><span class='ocrx_word' id='word_1_18' title='bbox 195 787 346 827; x_wconf 87' lang='lat' dir='ltr'>Iosephus</span> <span class='ocrx_word' id='word_1_19' title='bbox 379 778 696 820; x_wconf 89' lang='lat' dir='ltr'>Hierosolymitanus.</span> 
     </span>
    </p>
   </div>
   <div class='ocr_carea' id='block_1_5' title="bbox 193 823 672 1312">
    <p class='ocr_par' dir='ltr' id='par_1_6' title="bbox 193 823 672 1312">
     <span class='ocr_line' id='line_1_12' title="bbox 193 823 568 864; baseline -0.032 -1"><span class='ocrx_word' id='word_1_20' title='bbox 193 831 326 864; x_wconf 86' lang='lat' dir='ltr'>Basilius</span> <span class='ocrx_word' id='word_1_21' title='bbox 350 823 568 859; x_wconf 85' lang='lat' dir='ltr'>Caesariensis.</span> 
     </span>
     <span class='ocr_line' id='line_1_13' title="bbox 195 872 558 914; baseline -0.03 -7"><span class='ocrx_word' id='word_1_22' title='bbox 195 874 363 914; x_wconf 88' lang='lat' dir='ltr'>Gregorius</span> <span class='ocrx_word' id='word_1_23' title='bbox 386 872 558 911; x_wconf 81' lang='lat' dir='ltr'>NyssenuS.</span> 
     </span>
     <span class='ocr_line' id='line_1_14' title="bbox 194 910 672 960; baseline -0.027 -9"><span class='ocrx_word' id='word_1_24' title='bbox 194 917 390 960; x_wconf 86' lang='lat' dir='ltr'>Epiphanius</span> <span class='ocrx_word' id='word_1_25' title='bbox 414 911 588 944; x_wconf 83' lang='lat' dir='ltr'>salaminae</span> <span class='ocrx_word' id='word_1_26' title='bbox 612 910 672 949; x_wconf 90' lang='lat' dir='ltr'>Ep.</span> 
     </span>
     <span class='ocr_line' id='line_1_15' title="bbox 195 959 609 999; baseline -0.027 -4"><span class='ocrx_word' id='word_1_27' title='bbox 195 966 326 995; x_wconf 88' lang='lat' dir='ltr'>Ioannes</span> <span class='ocrx_word' id='word_1_28' title='bbox 350 959 609 999; x_wconf 88' lang='lat' dir='ltr'>Chrysostomus.</span> 
     </span>
     <span class='ocr_line' id='line_1_16' title="bbox 195 1000 593 1039; baseline -0.028 0"><span class='ocrx_word' id='word_1_29' title='bbox 195 1007 377 1039; x_wconf 89' lang='lat' dir='ltr'>Severianus</span> <span class='ocrx_word' id='word_1_30' title='bbox 402 1000 593 1034; x_wconf 88' lang='lat' dir='ltr'>Gabalensis.</span> 
     </span>
     <span class='ocr_line' id='line_1_17' title="bbox 194 1043 654 1090; baseline -0.026 -7"><span class='ocrx_word' id='word_1_31' title='bbox 194 1049 393 1090; x_wconf 84' lang='lat' dir='ltr'>Theophilus</span> <span class='ocrx_word' id='word_1_32' title='bbox 416 1043 654 1077; x_wconf 89' lang='lat' dir='ltr'>Alexandrinus.</span> 
     </span>
     <span class='ocr_line' id='line_1_18' title="bbox 196 1089 594 1137; baseline -0.025 -10"><span class='ocrx_word' id='word_1_33' title='bbox 196 1095 332 1137; x_wconf 91' lang='lat' dir='ltr'>Cyrillus</span> <span class='ocrx_word' id='word_1_34' title='bbox 356 1089 594 1123; x_wconf 83' lang='lat' dir='ltr'>Alexandrinus.</span> 
     </span>
     <span class='ocr_line' id='line_1_19' title="bbox 195 1135 539 1171; baseline -0.026 0"><span class='ocrx_word' id='word_1_35' title='bbox 195 1140 333 1171; x_wconf 89' lang='lat' dir='ltr'>Isidorus</span> <span class='ocrx_word' id='word_1_36' title='bbox 355 1135 539 1167; x_wconf 90' lang='lat' dir='ltr'>Pelusiotes.</span> 
     </span>
     <span class='ocr_line' id='line_1_20' title="bbox 194 1175 669 1220; baseline -0.025 -4"><span class='ocrx_word' id='word_1_37' title='bbox 194 1183 415 1215; x_wconf 91' lang='lat' dir='ltr'>Theodoretus</span> <span class='ocrx_word' id='word_1_38' title='bbox 440 1177 586 1220; x_wconf 90' lang='lat' dir='ltr'>Cyrensis</span> <span class='ocrx_word' id='word_1_39' title='bbox 610 1175 669 1215; x_wconf 90' lang='lat' dir='ltr'>Ep.</span> 
     </span>
     <span class='ocr_line' id='line_1_21' title="bbox 195 1227 574 1259; baseline -0.021 0"><span class='ocrx_word' id='word_1_40' title='bbox 195 1230 327 1259; x_wconf 88' lang='lat' dir='ltr'>Ioannes</span> <span class='ocrx_word' id='word_1_41' title='bbox 351 1227 574 1256; x_wconf 90' lang='lat' dir='ltr'>Damascenus.</span> 
     </span>
     <span class='ocr_line' id='line_1_22' title="bbox 194 1271 462 1312; baseline -0.022 -8"><span class='ocrx_word' id='word_1_42' title='bbox 194 1271 462 1312; x_wconf 90' lang='lat' dir='ltr'>Theophylactus.</span> 
     </span>
    </p>
   </div>
   <div class='ocr_carea' id='block_1_6' title="bbox 911 239 1647 288">
    <p class='ocr_par' dir='ltr' id='par_1_7' title="bbox 911 239 1647 288">
     <span class='ocr_line' id='line_1_23' title="bbox 911 239 1647 288; baseline -0.02 0"><span class='ocrx_word' id='word_1_43' title='bbox 911 243 1368 288; x_wconf 89' lang='lat' dir='ltr'>DISSERTATIONES</span> <span class='ocrx_word' id='word_1_44' title='bbox 1399 239 1647 277; x_wconf 89' lang='lat' dir='ltr'>CRITICAE</span> 
     </span>
    </p>
   </div>
   <div class='ocr_carea' id='block_1_7' title="bbox 934 330 1044 360">
    <p class='ocr_par' dir='ltr' id='par_1_8' title="bbox 934 330 1044 360">
     <span class='ocr_line' id='line_1_24' title="bbox 934 330 1044 360; baseline -0.018 0"><span class='ocrx_word' id='word_1_45' title='bbox 934 330 1044 360; x_wconf 85' lang='lat' dir='ltr'>Latini</span> 
     </span>
    </p>
   </div>
   <div class='ocr_carea' id='block_1_8' title="bbox 745 418 1217 1292">
    <p class='ocr_par' dir='ltr' id='par_1_9' title="bbox 746 418 1217 766">
     <span class='ocr_line' id='line_1_25' title="bbox 749 418 1046 453; baseline -0.03 0"><span class='ocrx_word' id='word_1_46' title='bbox 749 422 847 453; x_wconf 91' lang='lat' dir='ltr'>Iulius</span> <span class='ocrx_word' id='word_1_47' title='bbox 870 418 1046 450; x_wconf 87' lang='lat' dir='ltr'>Africanus.</span> 
     </span>
     <span class='ocr_line' id='line_1_26' title="bbox 749 456 1217 506; baseline -0.026 -9"><span class='ocrx_word' id='word_1_48' title='bbox 749 465 927 506; x_wconf 86' lang='lat' dir='ltr'>Cyprianus</span> <span class='ocrx_word' id='word_1_49' title='bbox 952 456 1217 497; x_wconf 89' lang='lat' dir='ltr'>Carthaginensis.</span> 
     </span>
     <span class='ocr_line' id='line_1_27' title="bbox 748 501 1194 541; baseline -0.027 0"><span class='ocrx_word' id='word_1_50' title='bbox 748 509 886 541; x_wconf 84' lang='lat' dir='ltr'>Hilarius</span> <span class='ocrx_word' id='word_1_51' title='bbox 910 506 1110 536; x_wconf 87' lang='lat' dir='ltr'>Pictavorurn</span> <span class='ocrx_word' id='word_1_52' title='bbox 1134 501 1194 540; x_wconf 88' lang='lat' dir='ltr'>Ep.</span> 
     </span>
     <span class='ocr_line' id='line_1_28' title="bbox 747 550 1021 588; baseline -0.026 -4"><span class='ocrx_word' id='word_1_53' title='bbox 747 555 902 584; x_wconf 86' lang='lat' dir='ltr'>Damasus</span> <span class='ocrx_word' id='word_1_54' title='bbox 926 550 1021 588; x_wconf 85' lang='lat' dir='ltr'>Papa.</span> 
     </span>
     <span class='ocr_line' id='line_1_29' title="bbox 747 587 1212 628; baseline -0.024 0"><span class='ocrx_word' id='word_1_55' title='bbox 747 595 936 628; x_wconf 90' lang='lat' dir='ltr'>Ambrosius</span> <span class='ocrx_word' id='word_1_56' title='bbox 957 587 1212 623; x_wconf 89' lang='lat' dir='ltr'>Mediolanensis.</span> 
     </span>
     <span class='ocr_line' id='line_1_30' title="bbox 747 635 1165 679; baseline -0.024 -7"><span class='ocrx_word' id='word_1_57' title='bbox 747 641 963 679; x_wconf 88' lang='lat' dir='ltr'>Hieronymus</span> <span class='ocrx_word' id='word_1_58' title='bbox 992 635 1165 674; x_wconf 89' lang='lat' dir='ltr'>Presbyter.</span> 
     </span>
     <span class='ocr_line' id='line_1_31' title="bbox 747 678 1152 723; baseline -0.025 -7"><span class='ocrx_word' id='word_1_59' title='bbox 747 683 944 723; x_wconf 80' lang='lat' dir='ltr'>Augusti-nus</span> <span class='ocrx_word' id='word_1_60' title='bbox 969 680 1067 719; x_wconf 88' lang='lat' dir='ltr'>Hipp.</span> <span class='ocrx_word' id='word_1_61' title='bbox 1092 678 1152 716; x_wconf 89' lang='lat' dir='ltr'>Ep.</span> 
     </span>
     <span class='ocr_line' id='line_1_32' title="bbox 746 726 967 766; baseline -0.023 -6"><span class='ocrx_word' id='word_1_62' title='bbox 746 730 812 760; x_wconf 92' lang='lat' dir='ltr'>Leo</span> <span class='ocrx_word' id='word_1_63' title='bbox 836 728 920 766; x_wconf 89' lang='lat' dir='ltr'>Papa</span> <span class='ocrx_word' id='word_1_64' title='bbox 945 726 967 755; x_wconf 93' lang='lat'>1.</span> 
     </span>
    </p>

    <p class='ocr_par' dir='ltr' id='par_1_10' title="bbox 746 765 1212 1031">
     <span class='ocr_line' id='line_1_33' title="bbox 748 765 1100 811; baseline -0.028 -7"><span class='ocrx_word' id='word_1_65' title='bbox 748 775 882 811; x_wconf 87' lang='lat' dir='ltr'>Prosper</span> <span class='ocrx_word' id='word_1_66' title='bbox 905 765 1100 808; x_wconf 89' lang='lat' dir='ltr'>Rhegiensis.</span> 
     </span>
     <span class='ocr_line' id='line_1_34' title="bbox 747 809 1143 848; baseline -0.025 0"><span class='ocrx_word' id='word_1_67' title='bbox 747 816 904 848; x_wconf 87' lang='lat' dir='ltr'>Maximus</span> <span class='ocrx_word' id='word_1_68' title='bbox 927 809 1143 843; x_wconf 87' lang='lat' dir='ltr'>Taurinensis.</span> 
     </span>
     <span class='ocr_line' id='line_1_35' title="bbox 746 854 1212 900; baseline -0.021 -8"><span class='ocrx_word' id='word_1_69' title='bbox 746 859 930 900; x_wconf 86' lang='lat' dir='ltr'>Fulgentius</span> <span class='ocrx_word' id='word_1_70' title='bbox 955 854 1128 895; x_wconf 89' lang='lat' dir='ltr'>Ruspensis</span> <span class='ocrx_word' id='word_1_71' title='bbox 1152 854 1212 893; x_wconf 90' lang='lat' dir='ltr'>Ep.</span> 
     </span>
     <span class='ocr_line' id='line_1_36' title="bbox 746 900 1077 944; baseline -0.021 -8"><span class='ocrx_word' id='word_1_72' title='bbox 746 903 916 944; x_wconf 87' lang='lat' dir='ltr'>Gregorius</span> <span class='ocrx_word' id='word_1_73' title='bbox 945 902 1030 940; x_wconf 91' lang='lat' dir='ltr'>Papa</span> <span class='ocrx_word' id='word_1_74' title='bbox 1054 900 1077 929; x_wconf 93' lang='lat'>1.</span> 
     </span>
     <span class='ocr_line' id='line_1_37' title="bbox 746 942 1190 985; baseline -0.018 -5"><span class='ocrx_word' id='word_1_75' title='bbox 746 950 884 980; x_wconf 88' lang='lat' dir='ltr'>Isidorus</span> <span class='ocrx_word' id='word_1_76' title='bbox 908 943 1105 985; x_wconf 80' lang='lat' dir='ltr'>Hispalensis</span> <span class='ocrx_word' id='word_1_77' title='bbox 1129 942 1190 982; x_wconf 88' lang='lat' dir='ltr'>Ep.</span> 
     </span>
     <span class='ocr_line' id='line_1_38' title="bbox 746 992 1023 1031; baseline -0.022 -6"><span class='ocrx_word' id='word_1_78' title='bbox 746 994 831 1025; x_wconf 87' lang='lat' dir='ltr'>Beda</span> <span class='ocrx_word' id='word_1_79' title='bbox 849 992 1023 1031; x_wconf 88' lang='lat' dir='ltr'>Presbyter.</span> 
     </span>
    </p>

    <p class='ocr_par' dir='ltr' id='par_1_11' title="bbox 747 1032 1155 1123">
     <span class='ocr_line' id='line_1_39' title="bbox 747 1032 1155 1069; baseline -0.02 0"><span class='ocrx_word' id='word_1_80' title='bbox 747 1037 901 1069; x_wconf 91' lang='lat' dir='ltr'>Alcuinus</span> <span class='ocrx_word' id='word_1_81' title='bbox 925 1045 980 1065; x_wconf 90' lang='lat' dir='ltr'>seu</span> <span class='ocrx_word' id='word_1_82' title='bbox 1009 1032 1155 1064; x_wconf 90' lang='lat' dir='ltr'>Albinus.</span> 
     </span>
     <span class='ocr_line' id='line_1_40' title="bbox 748 1084 887 1123; baseline -0.029 -9"><span class='ocrx_word' id='word_1_83' title='bbox 748 1084 887 1123; x_wconf 82' lang='lat' dir='ltr'>Haymo,</span> 
     </span>
    </p>

    <p class='ocr_par' dir='ltr' id='par_1_12' title="bbox 745 1124 1060 1210">
     <span class='ocr_line' id='line_1_41' title="bbox 746 1124 1060 1158; baseline -0.019 0"><span class='ocrx_word' id='word_1_84' title='bbox 746 1128 895 1158; x_wconf 86' lang='lat' dir='ltr'>Rabanus</span> <span class='ocrx_word' id='word_1_85' title='bbox 919 1124 1060 1154; x_wconf 90' lang='lat' dir='ltr'>Maurus.</span> 
     </span>
     <span class='ocr_line' id='line_1_42' title="bbox 745 1170 920 1210; baseline -0.017 -8"><span class='ocrx_word' id='word_1_86' title='bbox 745 1170 920 1210; x_wconf 89' lang='lat' dir='ltr'>Remigius.</span> 
     </span>
    </p>

    <p class='ocr_par' dir='ltr' id='par_1_13' title="bbox 749 1213 1112 1292">
     <span class='ocr_line' id='line_1_43' title="bbox 749 1213 1079 1253; baseline -0.015 -6"><span class='ocrx_word' id='word_1_87' title='bbox 749 1217 859 1246; x_wconf 89' lang='lat' dir='ltr'>Petrus</span> <span class='ocrx_word' id='word_1_88' title='bbox 882 1213 1079 1253; x_wconf 91' lang='lat' dir='ltr'>Alphonsus.</span> 
     </span>
     <span class='ocr_line' id='line_1_44' title="bbox 749 1258 1112 1292; baseline -0.014 -1"><span class='ocrx_word' id='word_1_89' title='bbox 749 1261 880 1292; x_wconf 89' lang='lat' dir='ltr'>Glossae</span> <span class='ocrx_word' id='word_1_90' title='bbox 904 1258 1112 1288; x_wconf 76' lang='lat' dir='ltr'>diversorum.</span> 
     </span>
    </p>
   </div>
   <div class='ocr_carea' id='block_1_9' title="bbox 1284 577 1292 1224">
    <p class='ocr_par' dir='ltr' id='par_1_14' title="bbox 1284 577 1292 1224">
     <span class='ocr_line' id='line_1_45' title="bbox 1284 577 1292 1224; baseline 0 0"><span class='ocrx_word' id='word_1_91' title='bbox 1284 577 1292 1224; x_wconf 95' lang='lat' dir='ltr'> </span> 
     </span>
    </p>
   </div>
   <div class='ocr_carea' id='block_1_10' title="bbox 195 1311 595 1398">
    <p class='ocr_par' dir='ltr' id='par_1_15' title="bbox 195 1311 595 1398">
     <span class='ocr_line' id='line_1_46' title="bbox 195 1311 595 1357; baseline -0.02 -9"><span class='ocrx_word' id='word_1_92' title='bbox 195 1315 385 1357; x_wconf 90' lang='lat' dir='ltr'>Euthymius</span> <span class='ocrx_word' id='word_1_93' title='bbox 410 1311 595 1343; x_wconf 88' lang='lat' dir='ltr'>Monachus.</span> 
     </span>
     <span class='ocr_line' id='line_1_47' title="bbox 195 1361 555 1398; baseline -0.019 -6"><span class='ocrx_word' id='word_1_94' title='bbox 195 1362 331 1392; x_wconf 91' lang='lat' dir='ltr'>Graecus</span> <span class='ocrx_word' id='word_1_95' title='bbox 354 1361 555 1398; x_wconf 91' lang='lat' dir='ltr'>Anonymus.</span> 
     </span>
    </p>
   </div>
   <div class='ocr_carea' id='block_1_11' title="bbox 195 1438 1261 1571">
    <p class='ocr_par' dir='ltr' id='par_1_16' title="bbox 195 1438 1261 1571">
     <span class='ocr_line' id='line_1_48' title="bbox 259 1438 1261 1484; baseline -0.018 -4"><span class='ocrx_word' id='word_1_96' title='bbox 259 1450 364 1480; x_wconf 89' lang='lat' dir='ltr'>Patres</span> <span class='ocrx_word' id='word_1_97' title='bbox 387 1456 461 1477; x_wconf 89' lang='lat' dir='ltr'>vero</span> <span class='ocrx_word' id='word_1_98' title='bbox 491 1444 718 1484; x_wconf 89' lang='lat' dir='ltr'>scriptoresque</span> <span class='ocrx_word' id='word_1_99' title='bbox 749 1438 912 1475; x_wconf 88' lang='lat' dir='ltr'>laudatos,</span> <span class='ocrx_word' id='word_1_100' title='bbox 943 1444 1121 1475; x_wconf 90' lang='lat' dir='ltr'>eorumque</span> <span class='ocrx_word' id='word_1_101' title='bbox 1145 1443 1261 1474; x_wconf 86' lang='lat' dir='ltr'>opera,</span> 
     </span>
     <span class='ocr_line' id='line_1_49' title="bbox 195 1478 1260 1534; baseline -0.017 -9"><span class='ocrx_word' id='word_1_102' title='bbox 195 1505 229 1525; x_wconf 92' lang='lat' dir='ltr'>ac</span> <span class='ocrx_word' id='word_1_103' title='bbox 253 1502 387 1534; x_wconf 88' lang='lat' dir='ltr'>operum</span> <span class='ocrx_word' id='word_1_104' title='bbox 406 1490 540 1521; x_wconf 91' lang='lat' dir='ltr'>indicata</span> <span class='ocrx_word' id='word_1_105' title='bbox 554 1490 623 1518; x_wconf 86' lang='lat' dir='ltr'>loca</span> <span class='ocrx_word' id='word_1_106' title='bbox 639 1483 818 1525; x_wconf 90' lang='lat' dir='ltr'>diligentius</span> <span class='ocrx_word' id='word_1_107' title='bbox 836 1480 1046 1522; x_wconf 84' lang='lat' dir='ltr'>expendentes</span> <span class='ocrx_word' id='word_1_108' title='bbox 1070 1478 1128 1509; x_wconf 88' lang='lat' dir='ltr'>viri</span> <span class='ocrx_word' id='word_1_109' title='bbox 1153 1478 1260 1516; x_wconf 87' lang='lat' dir='ltr'>critici,</span> 
     </span>
     <span class='ocr_line' id='line_1_50' title="bbox 195 1523 1260 1571; baseline -0.017 -1"><span class='ocrx_word' id='word_1_110' title='bbox 195 1536 467 1570; x_wconf 87' lang='lat' dir='ltr'>animadvertenda</span> <span class='ocrx_word' id='word_1_111' title='bbox 486 1533 640 1564; x_wconf 91' lang='lat' dir='ltr'>nonnulla</span> <span class='ocrx_word' id='word_1_112' title='bbox 659 1534 859 1571; x_wconf 83' lang='lat' dir='ltr'>proponunt:</span> <span class='ocrx_word' id='word_1_113' title='bbox 879 1525 1007 1556; x_wconf 86' lang='lat' dir='ltr'>alterius</span> <span class='ocrx_word' id='word_1_114' title='bbox 1026 1523 1187 1564; x_wconf 87' lang='lat' dir='ltr'>scriptoris</span> <span class='ocrx_word' id='word_1_115' title='bbox 1202 1533 1260 1553; x_wconf 92' lang='lat' dir='ltr'>no—</span> 
     </span>
    </p>
   </div>
   <div class='ocr_carea' id='block_1_12' title="bbox 192 1567 1261 1667">
    <p class='ocr_par' dir='ltr' id='par_1_17' title="bbox 192 1567 1261 1667">
     <span class='ocr_line' id='line_1_51' title="bbox 193 1567 1261 1622; baseline -0.018 -7"><span class='ocrx_word' id='word_1_116' title='bbox 193 1594 267 1614; x_wconf 90' lang='lat' dir='ltr'>men</span> <span class='ocrx_word' id='word_1_117' title='bbox 290 1592 347 1622; x_wconf 93' lang='lat' dir='ltr'>pro</span> <span class='ocrx_word' id='word_1_118' title='bbox 372 1581 468 1611; x_wconf 91' lang='lat' dir='ltr'>altero</span> <span class='ocrx_word' id='word_1_119' title='bbox 488 1578 646 1608; x_wconf 89' lang='lat' dir='ltr'>interdum</span> <span class='ocrx_word' id='word_1_120' title='bbox 670 1574 765 1615; x_wconf 89' lang='lat' dir='ltr'>poni,</span> <span class='ocrx_word' id='word_1_121' title='bbox 790 1570 993 1612; x_wconf 89' lang='lat' dir='ltr'>supposititia</span> <span class='ocrx_word' id='word_1_122' title='bbox 1021 1578 1152 1610; x_wconf 90' lang='lat' dir='ltr'>quoque</span> <span class='ocrx_word' id='word_1_123' title='bbox 1172 1567 1261 1598; x_wconf 88' lang='lat' dir='ltr'>adhi-</span> 
     </span>
     <span class='ocr_line' id='line_1_52' title="bbox 192 1612 1260 1667; baseline -0.017 -8"><span class='ocrx_word' id='word_1_124' title='bbox 192 1628 256 1659; x_wconf 87' lang='lat' dir='ltr'>beri</span> <span class='ocrx_word' id='word_1_125' title='bbox 288 1636 400 1667; x_wconf 90' lang='lat' dir='ltr'>opera,</span> <span class='ocrx_word' id='word_1_126' title='bbox 420 1635 454 1654; x_wconf 90' lang='lat' dir='ltr'>ac</span> <span class='ocrx_word' id='word_1_127' title='bbox 478 1623 568 1663; x_wconf 89' lang='lat' dir='ltr'>plura</span> <span class='ocrx_word' id='word_1_128' title='bbox 599 1621 665 1650; x_wconf 89' lang='lat' dir='ltr'>sine</span> <span class='ocrx_word' id='word_1_129' title='bbox 697 1617 796 1649; x_wconf 90' lang='lat' dir='ltr'>dubio</span> <span class='ocrx_word' id='word_1_130' title='bbox 827 1616 995 1656; x_wconf 87' lang='lat' dir='ltr'>depravata</span> <span class='ocrx_word' id='word_1_131' title='bbox 1022 1612 1155 1644; x_wconf 80' lang='lat' dir='ltr'>&#39;inveniri</span> <span class='ocrx_word' id='word_1_132' title='bbox 1179 1613 1260 1643; x_wconf 91' lang='lat' dir='ltr'>loca.</span> 
     </span>
    </p>
   </div>
   <div class='ocr_carea' id='block_1_13' title="bbox 191 1656 1261 1713">
    <p class='ocr_par' dir='ltr' id='par_1_18' title="bbox 191 1656 1261 1713">
     <span class='ocr_line' id='line_1_53' title="bbox 191 1656 1261 1713; baseline -0.016 -10"><span class='ocrx_word' id='word_1_133' title='bbox 191 1674 302 1713; x_wconf 91' lang='lat' dir='ltr'>Neque</span> <span class='ocrx_word' id='word_1_134' title='bbox 326 1677 430 1701; x_wconf 87' lang='lat' dir='ltr'>tamen</span> <span class='ocrx_word' id='word_1_135' title='bbox 454 1667 605 1707; x_wconf 88' lang='lat' dir='ltr'>Angelico</span> <span class='ocrx_word' id='word_1_136' title='bbox 630 1663 761 1695; x_wconf 88' lang='lat' dir='ltr'>Doctori</span> <span class='ocrx_word' id='word_1_137' title='bbox 785 1662 819 1692; x_wconf 94' lang='lat' dir='ltr'>id</span> <span class='ocrx_word' id='word_1_138' title='bbox 842 1661 919 1691; x_wconf 88' lang='lat' dir='ltr'>vitio</span> <span class='ocrx_word' id='word_1_139' title='bbox 944 1666 1062 1697; x_wconf 87' lang='lat' dir='ltr'>vertas,</span> <span class='ocrx_word' id='word_1_140' title='bbox 1087 1657 1177 1698; x_wconf 92' lang='lat' dir='ltr'>quod</span> <span class='ocrx_word' id='word_1_141' title='bbox 1200 1656 1261 1697; x_wconf 89' lang='lat' dir='ltr'>ipsi</span> 
     </span>
    </p>
   </div>
   <div class='ocr_carea' id='block_1_14' title="bbox 193 1701 1306 1755">
    <p class='ocr_par' dir='ltr' id='par_1_19' title="bbox 193 1701 1306 1755">
     <span class='ocr_line' id='line_1_54' title="bbox 193 1701 1306 1755; baseline -0.015 -7"><span class='ocrx_word' id='word_1_142' title='bbox 193 1716 381 1755; x_wconf 89' lang='lat' dir='ltr'>caeterisque</span> <span class='ocrx_word' id='word_1_143' title='bbox 401 1713 467 1743; x_wconf 91' lang='lat' dir='ltr'>eius</span> <span class='ocrx_word' id='word_1_144' title='bbox 487 1711 553 1742; x_wconf 89' lang='lat' dir='ltr'>aevi</span> <span class='ocrx_word' id='word_1_145' title='bbox 578 1708 782 1749; x_wconf 88' lang='lat' dir='ltr'>scriptoribus</span> <span class='ocrx_word' id='word_1_146' title='bbox 806 1714 979 1738; x_wconf 89' lang='lat' dir='ltr'>commune</span> <span class='ocrx_word' id='word_1_147' title='bbox 1000 1710 1056 1734; x_wconf 89' lang='lat' dir='ltr'>est.</span> <span class='ocrx_word' id='word_1_148' title='bbox 1077 1702 1184 1733; x_wconf 88' lang='lat' dir='ltr'>Causa</span> <span class='ocrx_word' id='word_1_149' title='bbox 1203 1701 1261 1732; x_wconf 87' lang='lat' dir='ltr'>fuit</span> <span class='ocrx_word' id='word_1_150' title='bbox 1300 1728 1306 1734; x_wconf 84' lang='lat'>,</span> 
     </span>
    </p>
   </div>
   <div class='ocr_carea' id='block_1_15' title="bbox 190 1747 1281 3662">
    <p class='ocr_par' dir='ltr' id='par_1_20' title="bbox 190 1747 1268 2644">
     <span class='ocr_line' id='line_1_55' title="bbox 191 1747 1261 1797; baseline -0.015 -5"><span class='ocrx_word' id='word_1_151' title='bbox 191 1760 326 1792; x_wconf 90' lang='lat' dir='ltr'>rudioris</span> <span class='ocrx_word' id='word_1_152' title='bbox 341 1766 371 1789; x_wconf 93' lang='lat' dir='ltr'>et</span> <span class='ocrx_word' id='word_1_153' title='bbox 393 1756 530 1797; x_wconf 88' lang='lat' dir='ltr'>impoliti</span> <span class='ocrx_word' id='word_1_154' title='bbox 554 1753 669 1785; x_wconf 88' lang='lat' dir='ltr'>saeculi</span> <span class='ocrx_word' id='word_1_155' title='bbox 689 1751 842 1783; x_wconf 88' lang='lat' dir='ltr'>conditio.</span> <span class='ocrx_word' id='word_1_156' title='bbox 858 1749 1086 1781; x_wconf 82' lang='lat' dir='ltr'>Difficultatem</span> <span class='ocrx_word' id='word_1_157' title='bbox 1106 1747 1192 1778; x_wconf 85' lang='lat' dir='ltr'>auxit</span> <span class='ocrx_word' id='word_1_158' title='bbox 1210 1756 1261 1777; x_wconf 81' lang='lat' dir='ltr'>ex—</span> 
     </span>
     <span class='ocr_line' id='line_1_56' title="bbox 190 1792 1262 1841; baseline -0.014 -5"><span class='ocrx_word' id='word_1_159' title='bbox 190 1813 290 1836; x_wconf 86' lang='lat' dir='ltr'>trema</span> <span class='ocrx_word' id='word_1_160' title='bbox 313 1802 459 1834; x_wconf 91' lang='lat' dir='ltr'>codicum</span> <span class='ocrx_word' id='word_1_161' title='bbox 483 1799 624 1841; x_wconf 89' lang='lat' dir='ltr'>penuria,</span> <span class='ocrx_word' id='word_1_162' title='bbox 639 1808 703 1839; x_wconf 84' lang='lat' dir='ltr'>qua</span> <span class='ocrx_word' id='word_1_163' title='bbox 716 1796 775 1827; x_wconf 88' lang='lat' dir='ltr'>viri</span> <span class='ocrx_word' id='word_1_164' title='bbox 797 1795 882 1827; x_wconf 87' lang='lat' dir='ltr'>docti</span> <span class='ocrx_word' id='word_1_165' title='bbox 906 1794 1112 1834; x_wconf 83' lang='lat' dir='ltr'>adigebantur</span> <span class='ocrx_word' id='word_1_166' title='bbox 1132 1792 1262 1822; x_wconf 84' lang='lat' dir='ltr'>Patrum</span> 
     </span>
     <span class='ocr_line' id='line_1_57' title="bbox 192 1835 1261 1880; baseline -0.014 0"><span class='ocrx_word' id='word_1_167' title='bbox 192 1848 357 1880; x_wconf 86' lang='lat' dir='ltr'>sententias</span> <span class='ocrx_word' id='word_1_168' title='bbox 382 1857 447 1877; x_wconf 91' lang='lat' dir='ltr'>non</span> <span class='ocrx_word' id='word_1_169' title='bbox 471 1856 507 1876; x_wconf 88' lang='lat' dir='ltr'>ex</span> <span class='ocrx_word' id='word_1_170' title='bbox 531 1845 618 1875; x_wconf 85' lang='lat' dir='ltr'>fonte</span> <span class='ocrx_word' id='word_1_171' title='bbox 643 1841 779 1879; x_wconf 88' lang='lat' dir='ltr'>haurire,</span> <span class='ocrx_word' id='word_1_172' title='bbox 804 1841 860 1872; x_wconf 92' lang='lat' dir='ltr'>sed</span> <span class='ocrx_word' id='word_1_173' title='bbox 883 1849 920 1870; x_wconf 85' lang='lat' dir='ltr'>ex</span> <span class='ocrx_word' id='word_1_174' title='bbox 943 1837 1067 1869; x_wconf 90' lang='lat' dir='ltr'>Glossis</span> <span class='ocrx_word' id='word_1_175' title='bbox 1091 1843 1146 1868; x_wconf 90' lang='lat' dir='ltr'>aut</span> <span class='ocrx_word' id='word_1_176' title='bbox 1174 1835 1261 1867; x_wconf 88' lang='lat' dir='ltr'>simi-</span> 
     </span>
     <span class='ocr_line' id='line_1_58' title="bbox 191 1881 1262 1925; baseline -0.014 0"><span class='ocrx_word' id='word_1_177' title='bbox 191 1895 272 1925; x_wconf 92' lang='lat' dir='ltr'>libus</span> <span class='ocrx_word' id='word_1_178' title='bbox 298 1890 546 1923; x_wconf 82' lang='lat' dir='ltr'>collectionibus.</span> <span class='ocrx_word' id='word_1_179' title='bbox 578 1888 773 1919; x_wconf 90' lang='lat' dir='ltr'>Graecorum</span> <span class='ocrx_word' id='word_1_180' title='bbox 798 1885 894 1917; x_wconf 88' lang='lat' dir='ltr'>etiam</span> <span class='ocrx_word' id='word_1_181' title='bbox 917 1884 1048 1914; x_wconf 88' lang='lat' dir='ltr'>Patrum</span> <span class='ocrx_word' id='word_1_182' title='bbox 1076 1881 1191 1912; x_wconf 88' lang='lat' dir='ltr'>latinae</span> <span class='ocrx_word' id='word_1_183' title='bbox 1214 1881 1262 1911; x_wconf 89' lang='lat' dir='ltr'>in-</span> 
     </span>
     <span class='ocr_line' id='line_1_59' title="bbox 192 1926 1263 1978; baseline -0.014 -9"><span class='ocrx_word' id='word_1_184' title='bbox 192 1937 438 1978; x_wconf 84' lang='lat' dir='ltr'>terpretationes,</span> <span class='ocrx_word' id='word_1_185' title='bbox 463 1945 543 1976; x_wconf 90' lang='lat' dir='ltr'>quae</span> <span class='ocrx_word' id='word_1_186' title='bbox 567 1942 640 1974; x_wconf 88' lang='lat' dir='ltr'>prae</span> <span class='ocrx_word' id='word_1_187' title='bbox 664 1931 812 1962; x_wconf 90' lang='lat' dir='ltr'>manibus</span> <span class='ocrx_word' id='word_1_188' title='bbox 841 1929 1048 1966; x_wconf 84' lang='lat' dir='ltr'>habebantur,</span> <span class='ocrx_word' id='word_1_189' title='bbox 1072 1926 1151 1957; x_wconf 90' lang='lat' dir='ltr'>vitio</span> <span class='ocrx_word' id='word_1_190' title='bbox 1175 1926 1263 1956; x_wconf 88' lang='lat' dir='ltr'>labo-</span> 
     </span>
     <span class='ocr_line' id='line_1_60' title="bbox 193 1971 1263 2020; baseline -0.013 -7"><span class='ocrx_word' id='word_1_191' title='bbox 193 1984 318 2014; x_wconf 88' lang='lat' dir='ltr'>rabant:</span> <span class='ocrx_word' id='word_1_192' title='bbox 343 1991 378 2011; x_wconf 89' lang='lat' dir='ltr'>ac</span> <span class='ocrx_word' id='word_1_193' title='bbox 401 1980 460 2020; x_wconf 91' lang='lat' dir='ltr'>ipsi</span> <span class='ocrx_word' id='word_1_194' title='bbox 485 1979 615 2009; x_wconf 90' lang='lat' dir='ltr'>demum</span> <span class='ocrx_word' id='word_1_195' title='bbox 638 1977 833 2016; x_wconf 81' lang='lat' dir='ltr'>interpretes,</span> <span class='ocrx_word' id='word_1_196' title='bbox 852 1975 984 2005; x_wconf 88' lang='lat' dir='ltr'>Patrum</span> <span class='ocrx_word' id='word_1_197' title='bbox 1007 1971 1263 2012; x_wconf 87' lang='lat' dir='ltr'>scriptorumque</span> 
     </span>
     <span class='ocr_line' id='line_1_61' title="bbox 194 2015 1263 2058; baseline -0.013 0"><span class='ocrx_word' id='word_1_198' title='bbox 194 2027 325 2058; x_wconf 89' lang='lat' dir='ltr'>nomina</span> <span class='ocrx_word' id='word_1_199' title='bbox 355 2032 408 2055; x_wconf 86' lang='lat' dir='ltr'>aut</span> <span class='ocrx_word' id='word_1_200' title='bbox 438 2024 546 2055; x_wconf 91' lang='lat' dir='ltr'>litteris</span> <span class='ocrx_word' id='word_1_201' title='bbox 577 2023 738 2053; x_wconf 85' lang='lat' dir='ltr'>dumtaxat</span> <span class='ocrx_word' id='word_1_202' title='bbox 765 2019 956 2056; x_wconf 86' lang='lat' dir='ltr'>initialibus,</span> <span class='ocrx_word' id='word_1_203' title='bbox 982 2023 1037 2047; x_wconf 85' lang='lat' dir='ltr'>aut</span> <span class='ocrx_word' id='word_1_204' title='bbox 1067 2015 1151 2046; x_wconf 91' lang='lat' dir='ltr'>notis</span> <span class='ocrx_word' id='word_1_205' title='bbox 1175 2025 1263 2046; x_wconf 90' lang='lat' dir='ltr'>com-</span> 
     </span>
     <span class='ocr_line' id='line_1_62' title="bbox 195 2061 1264 2113; baseline -0.012 -11"><span class='ocrx_word' id='word_1_206' title='bbox 195 2070 361 2113; x_wconf 86' lang='lat' dir='ltr'>pendiariis</span> <span class='ocrx_word' id='word_1_207' title='bbox 390 2069 524 2099; x_wconf 89' lang='lat' dir='ltr'>indicata</span> <span class='ocrx_word' id='word_1_208' title='bbox 554 2077 612 2108; x_wconf 88' lang='lat' dir='ltr'>pro</span> <span class='ocrx_word' id='word_1_209' title='bbox 644 2066 733 2096; x_wconf 89' lang='lat' dir='ltr'>libito</span> <span class='ocrx_word' id='word_1_210' title='bbox 765 2064 943 2095; x_wconf 87' lang='lat' dir='ltr'>efferebant.</span> <span class='ocrx_word' id='word_1_211' title='bbox 964 2061 999 2092; x_wconf 91' lang='lat' dir='ltr'>Id</span> <span class='ocrx_word' id='word_1_212' title='bbox 1023 2070 1123 2101; x_wconf 89' lang='lat' dir='ltr'>genus</span> <span class='ocrx_word' id='word_1_213' title='bbox 1155 2069 1264 2091; x_wconf 88' lang='lat' dir='ltr'>causas</span> 
     </span>
     <span class='ocr_line' id='line_1_63' title="bbox 195 2105 1263 2155; baseline -0.012 -8"><span class='ocrx_word' id='word_1_214' title='bbox 195 2116 283 2147; x_wconf 88' lang='lat' dir='ltr'>novit</span> <span class='ocrx_word' id='word_1_215' title='bbox 306 2115 372 2155; x_wconf 91' lang='lat' dir='ltr'>ipse</span> <span class='ocrx_word' id='word_1_216' title='bbox 396 2114 538 2144; x_wconf 89' lang='lat' dir='ltr'>Thomas</span> <span class='ocrx_word' id='word_1_217' title='bbox 563 2123 597 2142; x_wconf 91' lang='lat' dir='ltr'>ac</span> <span class='ocrx_word' id='word_1_218' title='bbox 621 2117 752 2141; x_wconf 87' lang='lat' dir='ltr'>enarrat.</span> <span class='ocrx_word' id='word_1_219' title='bbox 775 2107 918 2140; x_wconf 82' lang='lat' dir='ltr'>Candide</span> <span class='ocrx_word' id='word_1_220' title='bbox 950 2106 1064 2137; x_wconf 82' lang='lat' dir='ltr'>fatetur</span> <span class='ocrx_word' id='word_1_221' title='bbox 1098 2110 1132 2136; x_wconf 89' lang='lat' dir='ltr'>ut</span> <span class='ocrx_word' id='word_1_222' title='bbox 1156 2105 1263 2146; x_wconf 86' lang='lat' dir='ltr'>pluri-</span> 
     </span>
     <span class='ocr_line' id='line_1_64' title="bbox 195 2149 1263 2195; baseline -0.011 -4"><span class='ocrx_word' id='word_1_223' title='bbox 195 2171 279 2191; x_wconf 89' lang='lat' dir='ltr'>mum</span> <span class='ocrx_word' id='word_1_224' title='bbox 304 2170 345 2190; x_wconf 91' lang='lat' dir='ltr'>ex</span> <span class='ocrx_word' id='word_1_225' title='bbox 370 2158 504 2195; x_wconf 88' lang='lat' dir='ltr'>Glossis,</span> <span class='ocrx_word' id='word_1_226' title='bbox 529 2167 595 2187; x_wconf 90' lang='lat' dir='ltr'>non</span> <span class='ocrx_word' id='word_1_227' title='bbox 619 2166 655 2186; x_wconf 84' lang='lat' dir='ltr'>ex</span> <span class='ocrx_word' id='word_1_228' title='bbox 679 2154 778 2192; x_wconf 85' lang='lat' dir='ltr'>sonte,</span> <span class='ocrx_word' id='word_1_229' title='bbox 802 2153 898 2184; x_wconf 87' lang='lat' dir='ltr'>verba</span> <span class='ocrx_word' id='word_1_230' title='bbox 921 2152 1052 2182; x_wconf 88' lang='lat' dir='ltr'>Patrum</span> <span class='ocrx_word' id='word_1_231' title='bbox 1076 2149 1263 2190; x_wconf 86' lang='lat' dir='ltr'>desumpta:</span> 
     </span>
     <span class='ocr_line' id='line_1_65' title="bbox 195 2194 1264 2243; baseline -0.012 -7"><span class='ocrx_word' id='word_1_232' title='bbox 195 2204 333 2236; x_wconf 87' lang='lat' dir='ltr'>adhiberi</span> <span class='ocrx_word' id='word_1_233' title='bbox 364 2202 542 2243; x_wconf 86' lang='lat' dir='ltr'>oportuisse</span> <span class='ocrx_word' id='word_1_234' title='bbox 573 2200 802 2231; x_wconf 85' lang='lat' dir='ltr'>translationes</span> <span class='ocrx_word' id='word_1_235' title='bbox 833 2198 981 2234; x_wconf 80' lang='lat' dir='ltr'>vitiosas,</span> <span class='ocrx_word' id='word_1_236' title='bbox 1005 2195 1038 2226; x_wconf 93' lang='lat' dir='ltr'>in</span> <span class='ocrx_word' id='word_1_237' title='bbox 1066 2194 1264 2232; x_wconf 81' lang='lat' dir='ltr'>Homiliario</span> 
     </span>
     <span class='ocr_line' id='line_1_66' title="bbox 194 2239 1264 2286; baseline -0.011 -6"><span class='ocrx_word' id='word_1_238' title='bbox 194 2249 330 2280; x_wconf 84' lang='lat' dir='ltr'>maxime</span> <span class='ocrx_word' id='word_1_239' title='bbox 362 2247 487 2278; x_wconf 88' lang='lat' dir='ltr'>Ioannis</span> <span class='ocrx_word' id='word_1_240' title='bbox 519 2244 760 2286; x_wconf 84' lang='lat' dir='ltr'>Chrysostomi:</span> <span class='ocrx_word' id='word_1_241' title='bbox 797 2243 1032 2282; x_wconf 90' lang='lat' dir='ltr'>doctorumque</span> <span class='ocrx_word' id='word_1_242' title='bbox 1068 2239 1264 2270; x_wconf 89' lang='lat' dir='ltr'>Graecorum</span> 
     </span>
     <span class='ocr_line' id='line_1_67' title="bbox 195 2283 1264 2335; baseline -0.011 -10"><span class='ocrx_word' id='word_1_243' title='bbox 195 2294 349 2335; x_wconf 84' lang='lat' dir='ltr'>quasdam</span> <span class='ocrx_word' id='word_1_244' title='bbox 374 2292 585 2332; x_wconf 82' lang='lat' dir='ltr'>expositiones</span> <span class='ocrx_word' id='word_1_245' title='bbox 600 2291 631 2320; x_wconf 87' lang='lat' dir='ltr'>in</span> <span class='ocrx_word' id='word_1_246' title='bbox 657 2290 805 2326; x_wconf 83' lang='lat' dir='ltr'>latinum,</span> <span class='ocrx_word' id='word_1_247' title='bbox 822 2298 855 2318; x_wconf 89' lang='lat' dir='ltr'>se</span> <span class='ocrx_word' id='word_1_248' title='bbox 879 2292 1019 2324; x_wconf 85' lang='lat' dir='ltr'>curante,</span> <span class='ocrx_word' id='word_1_249' title='bbox 1035 2293 1202 2315; x_wconf 82' lang='lat' dir='ltr'>conversas</span> <span class='ocrx_word' id='word_1_250' title='bbox 1226 2283 1264 2314; x_wconf 85' lang='lat' dir='ltr'>ab</span> 
     </span>
     <span class='ocr_line' id='line_1_68' title="bbox 195 2328 1264 2378; baseline -0.011 -9"><span class='ocrx_word' id='word_1_251' title='bbox 195 2339 372 2378; x_wconf 88' lang='lat' dir='ltr'>interprete,</span> <span class='ocrx_word' id='word_1_252' title='bbox 388 2336 478 2367; x_wconf 89' lang='lat' dir='ltr'>cuius</span> <span class='ocrx_word' id='word_1_253' title='bbox 501 2335 597 2366; x_wconf 83' lang='lat' dir='ltr'>fidem</span> <span class='ocrx_word' id='word_1_254' title='bbox 612 2333 701 2375; x_wconf 90' lang='lat' dir='ltr'>sequi</span> <span class='ocrx_word' id='word_1_255' title='bbox 725 2332 834 2363; x_wconf 90' lang='lat' dir='ltr'>debuit</span> <span class='ocrx_word' id='word_1_256' title='bbox 853 2332 931 2372; x_wconf 89' lang='lat' dir='ltr'>ipse.</span> <span class='ocrx_word' id='word_1_257' title='bbox 951 2331 1073 2361; x_wconf 90' lang='lat' dir='ltr'>Verum</span> <span class='ocrx_word' id='word_1_258' title='bbox 1088 2328 1175 2359; x_wconf 90' lang='lat' dir='ltr'>enim</span> <span class='ocrx_word' id='word_1_259' title='bbox 1188 2337 1264 2358; x_wconf 88' lang='lat' dir='ltr'>vero</span> 
     </span>
     <span class='ocr_line' id='line_1_69' title="bbox 197 2373 1264 2422; baseline -0.01 -9"><span class='ocrx_word' id='word_1_260' title='bbox 197 2393 234 2413; x_wconf 88' lang='lat' dir='ltr'>ea</span> <span class='ocrx_word' id='word_1_261' title='bbox 256 2392 379 2422; x_wconf 88' lang='lat' dir='ltr'>semper</span> <span class='ocrx_word' id='word_1_262' title='bbox 400 2380 492 2411; x_wconf 89' lang='lat' dir='ltr'>fuerit</span> <span class='ocrx_word' id='word_1_263' title='bbox 507 2379 620 2420; x_wconf 87' lang='lat' dir='ltr'>Operis</span> <span class='ocrx_word' id='word_1_264' title='bbox 639 2389 656 2409; x_wconf 89' lang='lat' dir='ltr'>a</span> <span class='ocrx_word' id='word_1_265' title='bbox 679 2378 809 2409; x_wconf 84' lang='lat' dir='ltr'>Thoma</span> <span class='ocrx_word' id='word_1_266' title='bbox 824 2375 998 2408; x_wconf 79' lang='lat' dir='ltr'>elucubrati</span> <span class='ocrx_word' id='word_1_267' title='bbox 1021 2373 1159 2404; x_wconf 88' lang='lat' dir='ltr'>maxima</span> <span class='ocrx_word' id='word_1_268' title='bbox 1177 2373 1264 2403; x_wconf 88' lang='lat' dir='ltr'>laus:</span> 
     </span>
     <span class='ocr_line' id='line_1_70' title="bbox 202 2415 1267 2467; baseline -0.01 -9"><span class='ocrx_word' id='word_1_269' title='bbox 202 2428 272 2464; x_wconf 87' lang='lat' dir='ltr'>Quo</span> <span class='ocrx_word' id='word_1_270' title='bbox 286 2426 416 2467; x_wconf 87' lang='lat' dir='ltr'>factum</span> <span class='ocrx_word' id='word_1_271' title='bbox 441 2431 487 2455; x_wconf 86' lang='lat' dir='ltr'>est</span> <span class='ocrx_word' id='word_1_272' title='bbox 510 2423 663 2467; x_wconf 81' lang='lat' dir='ltr'>(Antonii</span> <span class='ocrx_word' id='word_1_273' title='bbox 687 2421 849 2453; x_wconf 86' lang='lat' dir='ltr'>Possevini</span> <span class='ocrx_word' id='word_1_274' title='bbox 874 2421 904 2452; x_wconf 88' lang='lat' dir='ltr'>S.</span> <span class='ocrx_word' id='word_1_275' title='bbox 922 2421 945 2451; x_wconf 89' lang='lat' dir='ltr'>I.</span> <span class='ocrx_word' id='word_1_276' title='bbox 965 2419 1060 2450; x_wconf 82' lang='lat' dir='ltr'>verba</span> <span class='ocrx_word' id='word_1_277' title='bbox 1083 2415 1206 2460; x_wconf 84' lang='lat' dir='ltr'>refero)</span> <span class='ocrx_word' id='word_1_278' title='bbox 1231 2422 1267 2448; x_wconf 85' lang='lat' dir='ltr'>ut</span> 
     </span>
     <span class='ocr_line' id='line_1_71' title="bbox 200 2463 1267 2511; baseline -0.009 -9"><span class='ocrx_word' id='word_1_279' title='bbox 200 2477 230 2502; x_wconf 86' lang='lat' dir='ltr'>et</span> <span class='ocrx_word' id='word_1_280' title='bbox 253 2471 484 2511; x_wconf 80' lang='lat' dir='ltr'>Evangelicum</span> <span class='ocrx_word' id='word_1_281' title='bbox 515 2478 661 2505; x_wconf 86' lang='lat' dir='ltr'>sensum,</span> <span class='ocrx_word' id='word_1_282' title='bbox 683 2473 713 2498; x_wconf 90' lang='lat' dir='ltr'>et</span> <span class='ocrx_word' id='word_1_283' title='bbox 736 2468 849 2497; x_wconf 86' lang='lat' dir='ltr'>Patres</span> <span class='ocrx_word' id='word_1_284' title='bbox 877 2466 1026 2506; x_wconf 80' lang='lat' dir='ltr'>antiquos</span> <span class='ocrx_word' id='word_1_285' title='bbox 1050 2463 1187 2500; x_wconf 85' lang='lat' dir='ltr'>latinos,</span> <span class='ocrx_word' id='word_1_286' title='bbox 1211 2463 1267 2503; x_wconf 84' lang='lat' dir='ltr'>qui</span> 
     </span>
     <span class='ocr_line' id='line_1_72' title="bbox 199 2508 1268 2552; baseline -0.009 -5"><span class='ocrx_word' id='word_1_287' title='bbox 199 2516 432 2552; x_wconf 85' lang='lat' dir='ltr'>delitescebant,</span> <span class='ocrx_word' id='word_1_288' title='bbox 453 2519 510 2544; x_wconf 86' lang='lat' dir='ltr'>aut</span> <span class='ocrx_word' id='word_1_289' title='bbox 534 2515 656 2544; x_wconf 87' lang='lat' dir='ltr'>minore</span> <span class='ocrx_word' id='word_1_290' title='bbox 680 2517 774 2543; x_wconf 88' lang='lat' dir='ltr'>erant</span> <span class='ocrx_word' id='word_1_291' title='bbox 797 2512 829 2541; x_wconf 90' lang='lat' dir='ltr'>in</span> <span class='ocrx_word' id='word_1_292' title='bbox 855 2521 931 2548; x_wconf 85' lang='lat' dir='ltr'>usu,</span> <span class='ocrx_word' id='word_1_293' title='bbox 952 2519 992 2540; x_wconf 86' lang='lat' dir='ltr'>ac</span> <span class='ocrx_word' id='word_1_294' title='bbox 1017 2509 1159 2540; x_wconf 79' lang='lat' dir='ltr'>Graecos</span> <span class='ocrx_word' id='word_1_295' title='bbox 1183 2508 1268 2548; x_wconf 79' lang='lat' dir='ltr'>ipsos</span> 
     </span>
     <span class='ocr_line' id='line_1_73' title="bbox 201 2555 1268 2600; baseline -0.009 -9"><span class='ocrx_word' id='word_1_296' title='bbox 201 2562 389 2600; x_wconf 81' lang='lat' dir='ltr'>interpretes</span> <span class='ocrx_word' id='word_1_297' title='bbox 412 2567 665 2599; x_wconf 86' lang='lat' dir='ltr'>assequeremur,</span> <span class='ocrx_word' id='word_1_298' title='bbox 686 2557 794 2587; x_wconf 85' lang='lat' dir='ltr'>divina</span> <span class='ocrx_word' id='word_1_299' title='bbox 823 2557 886 2587; x_wconf 81' lang='lat' dir='ltr'>viri</span> <span class='ocrx_word' id='word_1_300' title='bbox 911 2555 1047 2586; x_wconf 82' lang='lat' dir='ltr'>caritate</span> <span class='ocrx_word' id='word_1_301' title='bbox 1067 2555 1268 2593; x_wconf 77' lang='lat' dir='ltr'>procurante</span> 
     </span>
     <span class='ocr_line' id='line_1_74' title="bbox 203 2605 785 2644; baseline -0.007 -8"><span class='ocrx_word' id='word_1_302' title='bbox 203 2610 238 2636; x_wconf 87' lang='lat' dir='ltr'>ut</span> <span class='ocrx_word' id='word_1_303' title='bbox 261 2605 360 2635; x_wconf 86' lang='lat' dir='ltr'>latine</span> <span class='ocrx_word' id='word_1_304' title='bbox 377 2608 549 2644; x_wconf 79' lang='lat' dir='ltr'>propterea</span> <span class='ocrx_word' id='word_1_305' title='bbox 575 2607 785 2633; x_wconf 76' lang='lat' dir='ltr'>verterentur.</span> 
     </span>
    </p>

    <p class='ocr_par' dir='ltr' id='par_1_21' title="bbox 199 2642 1278 3573">
     <span class='ocr_line' id='line_1_75' title="bbox 268 2642 1267 2688; baseline -0.008 -9"><span class='ocrx_word' id='word_1_306' title='bbox 268 2649 319 2679; x_wconf 90' lang='lat'>111.</span> <span class='ocrx_word' id='word_1_307' title='bbox 340 2648 462 2679; x_wconf 90' lang='lat' dir='ltr'>Mendis</span> <span class='ocrx_word' id='word_1_308' title='bbox 486 2657 593 2688; x_wconf 89' lang='lat' dir='ltr'>porro,</span> <span class='ocrx_word' id='word_1_309' title='bbox 613 2647 677 2677; x_wconf 89' lang='lat' dir='ltr'>sive</span> <span class='ocrx_word' id='word_1_310' title='bbox 696 2656 778 2687; x_wconf 89' lang='lat' dir='ltr'>quae</span> <span class='ocrx_word' id='word_1_311' title='bbox 802 2643 1041 2676; x_wconf 89' lang='lat' dir='ltr'>laboriosissimi</span> <span class='ocrx_word' id='word_1_312' title='bbox 1065 2642 1170 2683; x_wconf 90' lang='lat' dir='ltr'>operis</span> <span class='ocrx_word' id='word_1_313' title='bbox 1190 2651 1267 2672; x_wconf 91' lang='lat' dir='ltr'>con-</span> 
     </span>
     <span class='ocr_line' id='line_1_76' title="bbox 202 2686 1267 2732; baseline -0.008 -8"><span class='ocrx_word' id='word_1_314' title='bbox 202 2693 279 2724; x_wconf 92' lang='lat' dir='ltr'>ditio</span> <span class='ocrx_word' id='word_1_315' title='bbox 303 2693 420 2723; x_wconf 86' lang='lat' dir='ltr'>ferebat</span> <span class='ocrx_word' id='word_1_316' title='bbox 442 2692 474 2722; x_wconf 91' lang='lat' dir='ltr'>in</span> <span class='ocrx_word' id='word_1_317' title='bbox 499 2692 567 2722; x_wconf 91' lang='lat' dir='ltr'>rudi</span> <span class='ocrx_word' id='word_1_318' title='bbox 592 2691 736 2729; x_wconf 90' lang='lat' dir='ltr'>saeculo,</span> <span class='ocrx_word' id='word_1_319' title='bbox 762 2690 826 2720; x_wconf 86' lang='lat' dir='ltr'>sive</span> <span class='ocrx_word' id='word_1_320' title='bbox 850 2699 931 2732; x_wconf 85' lang='lat' dir='ltr'>quae</span> <span class='ocrx_word' id='word_1_321' title='bbox 963 2695 1074 2729; x_wconf 89' lang='lat' dir='ltr'>postea</span> <span class='ocrx_word' id='word_1_322' title='bbox 1097 2686 1267 2726; x_wconf 87' lang='lat' dir='ltr'>exscripto-</span> 
     </span>
     <span class='ocr_line' id='line_1_77' title="bbox 201 2731 1268 2778; baseline -0.007 -10"><span class='ocrx_word' id='word_1_323' title='bbox 201 2748 273 2769; x_wconf 88' lang='lat' dir='ltr'>rum</span> <span class='ocrx_word' id='word_1_324' title='bbox 296 2737 632 2778; x_wconf 89' lang='lat' dir='ltr'>typographorumque</span> <span class='ocrx_word' id='word_1_325' title='bbox 650 2735 814 2766; x_wconf 86' lang='lat' dir='ltr'>oscitantia</span> <span class='ocrx_word' id='word_1_326' title='bbox 837 2735 1035 2775; x_wconf 87' lang='lat' dir='ltr'>irrepserant,</span> <span class='ocrx_word' id='word_1_327' title='bbox 1050 2732 1200 2773; x_wconf 88' lang='lat' dir='ltr'>improbo</span> <span class='ocrx_word' id='word_1_328' title='bbox 1224 2731 1268 2761; x_wconf 84' lang='lat' dir='ltr'>Ia-</span> 
     </span>
     <span class='ocr_line' id='line_1_78' title="bbox 201 2777 1269 2822; baseline -0.007 -9"><span class='ocrx_word' id='word_1_329' title='bbox 201 2783 276 2813; x_wconf 93' lang='lat' dir='ltr'>bore</span> <span class='ocrx_word' id='word_1_330' title='bbox 300 2789 417 2822; x_wconf 87' lang='lat' dir='ltr'>tergere</span> <span class='ocrx_word' id='word_1_331' title='bbox 441 2791 476 2812; x_wconf 90' lang='lat' dir='ltr'>ac</span> <span class='ocrx_word' id='word_1_332' title='bbox 499 2790 631 2821; x_wconf 88' lang='lat' dir='ltr'>purgare</span> <span class='ocrx_word' id='word_1_333' title='bbox 651 2790 733 2820; x_wconf 92' lang='lat' dir='ltr'>opus</span> <span class='ocrx_word' id='word_1_334' title='bbox 752 2780 860 2820; x_wconf 90' lang='lat' dir='ltr'>ipsum</span> <span class='ocrx_word' id='word_1_335' title='bbox 880 2788 1043 2819; x_wconf 85' lang='lat' dir='ltr'>aggressus</span> <span class='ocrx_word' id='word_1_336' title='bbox 1066 2784 1112 2808; x_wconf 90' lang='lat' dir='ltr'>est</span> <span class='ocrx_word' id='word_1_337' title='bbox 1135 2777 1269 2806; x_wconf 83' lang='lat' dir='ltr'>loannes</span> 
     </span>
     <span class='ocr_line' id='line_1_79' title="bbox 200 2821 1270 2864; baseline -0.007 -7"><span class='ocrx_word' id='word_1_338' title='bbox 200 2826 361 2857; x_wconf 90' lang='lat' dir='ltr'>Nicolaius</span> <span class='ocrx_word' id='word_1_339' title='bbox 375 2825 503 2857; x_wconf 88' lang='lat' dir='ltr'>Ordinis</span> <span class='ocrx_word' id='word_1_340' title='bbox 514 2825 766 2856; x_wconf 88' lang='lat' dir='ltr'>Praedicatorum</span> <span class='ocrx_word' id='word_1_341' title='bbox 782 2824 894 2864; x_wconf 87' lang='lat' dir='ltr'>gallus,</span> <span class='ocrx_word' id='word_1_342' title='bbox 910 2822 1107 2863; x_wconf 86' lang='lat' dir='ltr'>professione</span> <span class='ocrx_word' id='word_1_343' title='bbox 1128 2821 1270 2862; x_wconf 88' lang='lat' dir='ltr'>primum</span> 
     </span>
     <span class='ocr_line' id='line_1_80' title="bbox 199 2865 1269 2910; baseline -0.006 -9"><span class='ocrx_word' id='word_1_344' title='bbox 199 2870 423 2908; x_wconf 87' lang='lat' dir='ltr'>Virdunensis‚</span> <span class='ocrx_word' id='word_1_345' title='bbox 448 2876 557 2910; x_wconf 91' lang='lat' dir='ltr'>postea</span> <span class='ocrx_word' id='word_1_346' title='bbox 587 2869 751 2900; x_wconf 89' lang='lat' dir='ltr'>Blesensis.</span> <span class='ocrx_word' id='word_1_347' title='bbox 781 2868 868 2906; x_wconf 85' lang='lat' dir='ltr'>Quid</span> <span class='ocrx_word' id='word_1_348' title='bbox 893 2868 960 2908; x_wconf 92' lang='lat' dir='ltr'>ipse</span> <span class='ocrx_word' id='word_1_349' title='bbox 984 2866 1170 2908; x_wconf 83' lang='lat' dir='ltr'>praestiterit</span> <span class='ocrx_word' id='word_1_350' title='bbox 1196 2865 1269 2896; x_wconf 88' lang='lat' dir='ltr'>satis</span> 
     </span>
     <span class='ocr_line' id='line_1_81' title="bbox 200 2910 1269 2954; baseline -0.006 -8"><span class='ocrx_word' id='word_1_351' title='bbox 200 2915 317 2946; x_wconf 87' lang='lat' dir='ltr'>indicat</span> <span class='ocrx_word' id='word_1_352' title='bbox 340 2915 450 2946; x_wconf 89' lang='lat' dir='ltr'>titulus</span> <span class='ocrx_word' id='word_1_353' title='bbox 474 2914 631 2951; x_wconf 85' lang='lat' dir='ltr'>editionis,</span> <span class='ocrx_word' id='word_1_354' title='bbox 657 2924 738 2954; x_wconf 87' lang='lat' dir='ltr'>quae</span> <span class='ocrx_word' id='word_1_355' title='bbox 762 2913 886 2944; x_wconf 87' lang='lat' dir='ltr'>Parisiis</span> <span class='ocrx_word' id='word_1_356' title='bbox 909 2912 1050 2953; x_wconf 90' lang='lat' dir='ltr'>primum</span> <span class='ocrx_word' id='word_1_357' title='bbox 1074 2910 1192 2952; x_wconf 91' lang='lat' dir='ltr'>prodiit</span> <span class='ocrx_word' id='word_1_358' title='bbox 1215 2920 1269 2940; x_wconf 89' lang='lat' dir='ltr'>an-</span> 
     </span>
     <span class='ocr_line' id='line_1_82' title="bbox 202 2954 1270 3000; baseline -0.006 -10"><span class='ocrx_word' id='word_1_359' title='bbox 202 2970 245 2990; x_wconf 92' lang='lat' dir='ltr'>no</span> <span class='ocrx_word' id='word_1_360' title='bbox 276 2961 356 3000; x_wconf 88' lang='lat'>1657</span> <span class='ocrx_word' id='word_1_361' title='bbox 377 2959 432 2989; x_wconf 86' lang='lat' dir='ltr'>fol.</span> <span class='ocrx_word' id='word_1_362' title='bbox 448 2958 568 2989; x_wconf 87' lang='lat' dir='ltr'>Eadem</span> <span class='ocrx_word' id='word_1_363' title='bbox 591 2958 699 2988; x_wconf 90' lang='lat' dir='ltr'>locum</span> <span class='ocrx_word' id='word_1_364' title='bbox 722 2958 814 2988; x_wconf 89' lang='lat' dir='ltr'>habet</span> <span class='ocrx_word' id='word_1_365' title='bbox 836 2957 868 2988; x_wconf 89' lang='lat' dir='ltr'>in</span> <span class='ocrx_word' id='word_1_366' title='bbox 891 2964 983 2988; x_wconf 90' lang='lat' dir='ltr'>tomo</span> <span class='ocrx_word' id='word_1_367' title='bbox 997 2956 1084 2987; x_wconf 86' lang='lat' dir='ltr'>XVII</span> <span class='ocrx_word' id='word_1_368' title='bbox 1113 2954 1270 2986; x_wconf 85' lang='lat' dir='ltr'>Parisinae</span> 
     </span>
     <span class='ocr_line' id='line_1_83' title="bbox 203 2999 1271 3043; baseline -0.005 -9"><span class='ocrx_word' id='word_1_369' title='bbox 203 3004 349 3034; x_wconf 89' lang='lat' dir='ltr'>omnium</span> <span class='ocrx_word' id='word_1_370' title='bbox 358 3003 502 3043; x_wconf 90' lang='lat' dir='ltr'>Operum</span> <span class='ocrx_word' id='word_1_371' title='bbox 513 3002 658 3033; x_wconf 88' lang='lat' dir='ltr'>Thomae</span> <span class='ocrx_word' id='word_1_372' title='bbox 674 3002 821 3033; x_wconf 87' lang='lat' dir='ltr'>editionis</span> <span class='ocrx_word' id='word_1_373' title='bbox 837 3012 921 3032; x_wconf 89' lang='lat' dir='ltr'>anno</span> <span class='ocrx_word' id='word_1_374' title='bbox 940 3002 1033 3039; x_wconf 85' lang='lat'>1660,</span> <span class='ocrx_word' id='word_1_375' title='bbox 1045 3010 1127 3042; x_wconf 89' lang='lat' dir='ltr'>quae</span> <span class='ocrx_word' id='word_1_376' title='bbox 1138 2999 1271 3030; x_wconf 89' lang='lat' dir='ltr'>demum</span> 
     </span>
     <span class='ocr_line' id='line_1_84' title="bbox 205 3044 1271 3088; baseline -0.004 -10"><span class='ocrx_word' id='word_1_377' title='bbox 205 3048 370 3088; x_wconf 89' lang='lat' dir='ltr'>Herbipoli</span> <span class='ocrx_word' id='word_1_378' title='bbox 394 3058 501 3078; x_wconf 88' lang='lat' dir='ltr'>recusa</span> <span class='ocrx_word' id='word_1_379' title='bbox 525 3054 570 3078; x_wconf 90' lang='lat' dir='ltr'>est</span> <span class='ocrx_word' id='word_1_380' title='bbox 598 3047 748 3087; x_wconf 87' lang='lat' dir='ltr'>impensis</span> <span class='ocrx_word' id='word_1_381' title='bbox 778 3046 904 3077; x_wconf 88' lang='lat' dir='ltr'>Ioannis</span> <span class='ocrx_word' id='word_1_382' title='bbox 927 3045 1048 3086; x_wconf 86' lang='lat' dir='ltr'>Ziegeri</span> <span class='ocrx_word' id='word_1_383' title='bbox 1077 3044 1271 3085; x_wconf 81' lang='lat' dir='ltr'>bibliopolae</span> 
     </span>
     <span class='ocr_line' id='line_1_85' title="bbox 208 3087 1272 3133; baseline -0.004 -11"><span class='ocrx_word' id='word_1_384' title='bbox 208 3102 290 3122; x_wconf 86' lang='lat' dir='ltr'>anno</span> <span class='ocrx_word' id='word_1_385' title='bbox 319 3101 410 3133; x_wconf 87' lang='lat'>1704.</span> <span class='ocrx_word' id='word_1_386' title='bbox 433 3091 581 3122; x_wconf 90' lang='lat' dir='ltr'>Titulum</span> <span class='ocrx_word' id='word_1_387' title='bbox 604 3090 749 3131; x_wconf 85' lang='lat' dir='ltr'>profero:</span> <span class='ocrx_word' id='word_1_388' title='bbox 773 3104 787 3118; x_wconf 70' lang='grc' dir='ltr'><em>α</em></span> <span class='ocrx_word' id='word_1_389' title='bbox 806 3091 910 3122; x_wconf 84' lang='lat' dir='ltr'>Sancti</span> <span class='ocrx_word' id='word_1_390' title='bbox 934 3091 1081 3121; x_wconf 86' lang='lat' dir='ltr'>Thomae</span> <span class='ocrx_word' id='word_1_391' title='bbox 1105 3087 1272 3130; x_wconf 82' lang='lat' dir='ltr'>Aquinatis</span> 
     </span>
     <span class='ocr_line' id='line_1_86' title="bbox 211 3133 1272 3176; baseline -0.003 -10"><span class='ocrx_word' id='word_1_392' title='bbox 211 3149 225 3163; x_wconf 82' lang='lat'>»</span> <span class='ocrx_word' id='word_1_393' title='bbox 249 3146 285 3166; x_wconf 86' lang='lat' dir='ltr'>ex</span> <span class='ocrx_word' id='word_1_394' title='bbox 308 3135 426 3166; x_wconf 92' lang='lat' dir='ltr'>Ordine</span> <span class='ocrx_word' id='word_1_395' title='bbox 450 3135 703 3166; x_wconf 86' lang='lat' dir='ltr'>Praedicatorum</span> <span class='ocrx_word' id='word_1_396' title='bbox 728 3134 829 3176; x_wconf 91' lang='lat' dir='ltr'>quinti</span> <span class='ocrx_word' id='word_1_397' title='bbox 857 3135 1013 3166; x_wconf 79' lang='lat' dir='ltr'>Ecclesiae</span> <span class='ocrx_word' id='word_1_398' title='bbox 1037 3133 1185 3165; x_wconf 90' lang='lat' dir='ltr'>Doctoris</span> <span class='ocrx_word' id='word_1_399' title='bbox 1206 3134 1272 3164; x_wconf 85' lang='lat' dir='ltr'>An—</span> 
     </span>
     <span class='ocr_line' id='line_1_87' title="bbox 211 3178 1274 3220; baseline -0.002 -11"><span class='ocrx_word' id='word_1_400' title='bbox 211 3193 226 3208; x_wconf 74' lang='lat'><strong>»</strong></span> <span class='ocrx_word' id='word_1_401' title='bbox 249 3179 338 3220; x_wconf 90' lang='lat' dir='ltr'>gelici</span> <span class='ocrx_word' id='word_1_402' title='bbox 362 3179 525 3220; x_wconf 85' lang='lat' dir='ltr'>Expositio</span> <span class='ocrx_word' id='word_1_403' title='bbox 550 3179 700 3210; x_wconf 88' lang='lat' dir='ltr'>continua</span> <span class='ocrx_word' id='word_1_404' title='bbox 722 3190 816 3220; x_wconf 87' lang='lat' dir='ltr'>super</span> <span class='ocrx_word' id='word_1_405' title='bbox 835 3186 972 3220; x_wconf 88' lang='lat' dir='ltr'>quatuor</span> <span class='ocrx_word' id='word_1_406' title='bbox 990 3178 1217 3218; x_wconf 75' lang='lat' dir='ltr'>EvangelistaS‚</span> <span class='ocrx_word' id='word_1_407' title='bbox 1237 3187 1274 3207; x_wconf 85' lang='lat' dir='ltr'>ex</span> 
     </span>
     <span class='ocr_line' id='line_1_88' title="bbox 212 3223 1274 3264; baseline -0.001 -11"><span class='ocrx_word' id='word_1_408' title='bbox 212 3237 226 3252; x_wconf 66' lang='lat' dir='ltr'><em>n</em></span> <span class='ocrx_word' id='word_1_409' title='bbox 249 3223 352 3254; x_wconf 89' lang='lat' dir='ltr'>latinis</span> <span class='ocrx_word' id='word_1_410' title='bbox 367 3230 397 3254; x_wconf 90' lang='lat' dir='ltr'>et</span> <span class='ocrx_word' id='word_1_411' title='bbox 411 3224 527 3263; x_wconf 89' lang='lat' dir='ltr'>graecis</span> <span class='ocrx_word' id='word_1_412' title='bbox 541 3224 732 3261; x_wconf 85' lang='lat' dir='ltr'>auctoribus,</span> <span class='ocrx_word' id='word_1_413' title='bbox 749 3234 783 3254; x_wconf 91' lang='lat' dir='ltr'>ac</span> <span class='ocrx_word' id='word_1_414' title='bbox 799 3224 980 3264; x_wconf 89' lang='lat' dir='ltr'>praesertim</span> <span class='ocrx_word' id='word_1_415' title='bbox 999 3234 1036 3254; x_wconf 88' lang='lat' dir='ltr'>ex</span> <span class='ocrx_word' id='word_1_416' title='bbox 1055 3224 1185 3254; x_wconf 88' lang='lat' dir='ltr'>Patrum</span> <span class='ocrx_word' id='word_1_417' title='bbox 1204 3231 1274 3252; x_wconf 90' lang='lat' dir='ltr'>sen-</span> 
     </span>
     <span class='ocr_line' id='line_1_89' title="bbox 212 3267 1275 3309; baseline -0.001 -12"><span class='ocrx_word' id='word_1_418' title='bbox 212 3282 227 3297; x_wconf 83' lang='lat'><strong>›</strong></span> <span class='ocrx_word' id='word_1_419' title='bbox 249 3268 353 3299; x_wconf 89' lang='lat' dir='ltr'>tentiis</span> <span class='ocrx_word' id='word_1_420' title='bbox 363 3274 393 3298; x_wconf 90' lang='lat' dir='ltr'>et</span> <span class='ocrx_word' id='word_1_421' title='bbox 401 3268 513 3308; x_wconf 86' lang='lat' dir='ltr'>glossis</span> <span class='ocrx_word' id='word_1_422' title='bbox 524 3268 604 3298; x_wconf 89' lang='lat' dir='ltr'>miro</span> <span class='ocrx_word' id='word_1_423' title='bbox 615 3267 854 3309; x_wconf 85' lang='lat' dir='ltr'>artificio,quasi</span> <span class='ocrx_word' id='word_1_424' title='bbox 865 3278 932 3298; x_wconf 88' lang='lat' dir='ltr'>uno</span> <span class='ocrx_word' id='word_1_425' title='bbox 943 3275 1051 3299; x_wconf 90' lang='lat' dir='ltr'>tenore</span> <span class='ocrx_word' id='word_1_426' title='bbox 1062 3273 1275 3307; x_wconf 85' lang='lat' dir='ltr'>contextuque</span> 
     </span>
     <span class='ocr_line' id='line_1_90' title="bbox 213 3311 1276 3352; baseline -0.001 -10"><span class='ocrx_word' id='word_1_427' title='bbox 213 3326 227 3340; x_wconf 84' lang='lat'>»</span> <span class='ocrx_word' id='word_1_428' title='bbox 251 3311 401 3343; x_wconf 87' lang='lat' dir='ltr'>conflata:</span> <span class='ocrx_word' id='word_1_429' title='bbox 418 3312 537 3343; x_wconf 85' lang='lat' dir='ltr'>Catena</span> <span class='ocrx_word' id='word_1_430' title='bbox 555 3322 648 3342; x_wconf 85' lang='lat' dir='ltr'>aurea</span> <span class='ocrx_word' id='word_1_431' title='bbox 663 3312 835 3343; x_wconf 89' lang='lat' dir='ltr'>iustissimo</span> <span class='ocrx_word' id='word_1_432' title='bbox 855 3312 948 3343; x_wconf 89' lang='lat' dir='ltr'>titulo</span> <span class='ocrx_word' id='word_1_433' title='bbox 972 3319 1169 3352; x_wconf 79' lang='lat' dir='ltr'>nuncupata:</span> <span class='ocrx_word' id='word_1_434' title='bbox 1190 3321 1276 3342; x_wconf 88' lang='lat' dir='ltr'>nunc</span> 
     </span>
     <span class='ocr_line' id='line_1_91' title="bbox 213 3355 1277 3387; baseline -0.001 -1"><span class='ocrx_word' id='word_1_435' title='bbox 213 3370 227 3385; x_wconf 81' lang='grc'>»</span> <span class='ocrx_word' id='word_1_436' title='bbox 250 3367 324 3387; x_wconf 91' lang='lat' dir='ltr'>vero</span> <span class='ocrx_word' id='word_1_437' title='bbox 348 3356 475 3387; x_wconf 86' lang='lat' dir='ltr'>tandem</span> <span class='ocrx_word' id='word_1_438' title='bbox 495 3357 532 3387; x_wconf 93' lang='lat' dir='ltr'>ab</span> <span class='ocrx_word' id='word_1_439' title='bbox 552 3356 725 3387; x_wconf 88' lang='lat' dir='ltr'>innumeris</span> <span class='ocrx_word' id='word_1_440' title='bbox 744 3364 774 3387; x_wconf 91' lang='lat' dir='ltr'>et</span> <span class='ocrx_word' id='word_1_441' title='bbox 793 3356 977 3387; x_wconf 90' lang='lat' dir='ltr'>enormibus</span> <span class='ocrx_word' id='word_1_442' title='bbox 997 3357 1119 3387; x_wconf 89' lang='lat' dir='ltr'>mendis</span> <span class='ocrx_word' id='word_1_443' title='bbox 1143 3355 1277 3386; x_wconf 86' lang='lat' dir='ltr'>aliarum</span> 
     </span>
     <span class='ocr_line' id='line_1_92' title="bbox 214 3399 1277 3442; baseline 0 -13"><span class='ocrx_word' id='word_1_444' title='bbox 214 3414 228 3428; x_wconf 60' lang='lat' dir='ltr'>s</span> <span class='ocrx_word' id='word_1_445' title='bbox 251 3401 428 3432; x_wconf 88' lang='lat' dir='ltr'>editionum</span> <span class='ocrx_word' id='word_1_446' title='bbox 451 3408 630 3442; x_wconf 86' lang='lat' dir='ltr'>expurgata,</span> <span class='ocrx_word' id='word_1_447' title='bbox 655 3401 802 3432; x_wconf 89' lang='lat' dir='ltr'>locorum</span> <span class='ocrx_word' id='word_1_448' title='bbox 825 3401 981 3431; x_wconf 89' lang='lat' dir='ltr'>indicibus</span> <span class='ocrx_word' id='word_1_449' title='bbox 1005 3408 1095 3432; x_wconf 85' lang='lat' dir='ltr'>antea</span> <span class='ocrx_word' id='word_1_450' title='bbox 1119 3399 1204 3431; x_wconf 84' lang='lat' dir='ltr'>falsis</span> <span class='ocrx_word' id='word_1_451' title='bbox 1227 3399 1277 3430; x_wconf 84' lang='lat' dir='ltr'>vel</span> 
     </span>
     <span class='ocr_line' id='line_1_93' title="bbox 215 3445 1278 3486; baseline 0.001 -13"><span class='ocrx_word' id='word_1_452' title='bbox 215 3458 229 3472; x_wconf 72' lang='grc'>»</span> <span class='ocrx_word' id='word_1_453' title='bbox 251 3445 440 3485; x_wconf 84' lang='lat' dir='ltr'>imperfectis</span> <span class='ocrx_word' id='word_1_454' title='bbox 463 3445 628 3486; x_wconf 86' lang='lat' dir='ltr'>insignita,</span> <span class='ocrx_word' id='word_1_455' title='bbox 652 3445 743 3476; x_wconf 91' lang='lat' dir='ltr'>novis</span> <span class='ocrx_word' id='word_1_456' title='bbox 767 3445 1006 3483; x_wconf 84' lang='lat' dir='ltr'>additamentis,</span> <span class='ocrx_word' id='word_1_457' title='bbox 1034 3445 1228 3485; x_wconf 83' lang='lat' dir='ltr'>marginibus</span> <span class='ocrx_word' id='word_1_458' title='bbox 1247 3450 1278 3474; x_wconf 89' lang='lat' dir='ltr'>et</span> 
     </span>
     <span class='ocr_line' id='line_1_94' title="bbox 215 3488 1278 3530; baseline 0.001 -12"><span class='ocrx_word' id='word_1_459' title='bbox 215 3501 230 3517; x_wconf 70' lang='lat' dir='ltr'>s</span> <span class='ocrx_word' id='word_1_460' title='bbox 253 3489 444 3520; x_wconf 80' lang='lat' dir='ltr'>ornamentis</span> <span class='ocrx_word' id='word_1_461' title='bbox 467 3497 568 3527; x_wconf 86' lang='lat' dir='ltr'>aucta,</span> <span class='ocrx_word' id='word_1_462' title='bbox 587 3497 623 3521; x_wconf 93' lang='lat' dir='ltr'>ut</span> <span class='ocrx_word' id='word_1_463' title='bbox 646 3489 776 3530; x_wconf 87' lang='lat' dir='ltr'>singulis</span> <span class='ocrx_word' id='word_1_464' title='bbox 801 3489 1006 3530; x_wconf 88' lang='lat' dir='ltr'>Evangelistis</span> <span class='ocrx_word' id='word_1_465' title='bbox 1031 3488 1167 3530; x_wconf 85' lang='lat' dir='ltr'>praefixa</span> <span class='ocrx_word' id='word_1_466' title='bbox 1189 3498 1278 3529; x_wconf 86' lang='lat' dir='ltr'>prae·</span> 
     </span>
     <span class='ocr_line' id='line_1_95' title="bbox 217 3533 697 3573; baseline 0.006 -11"><span class='ocrx_word' id='word_1_467' title='bbox 217 3546 231 3560; x_wconf 81' lang='grc'><strong>»</strong></span> <span class='ocrx_word' id='word_1_468' title='bbox 255 3533 330 3563; x_wconf 81' lang='lat' dir='ltr'>satio</span> <span class='ocrx_word' id='word_1_469' title='bbox 354 3533 478 3573; x_wconf 89' lang='lat' dir='ltr'>plenius</span> <span class='ocrx_word' id='word_1_470' title='bbox 501 3534 660 3565; x_wconf 86' lang='lat' dir='ltr'>indicabit.</span> <span class='ocrx_word' id='word_1_471' title='bbox 684 3548 697 3561; x_wconf 80' lang='lat'><strong>»</strong></span> 
     </span>
    </p>

    <p class='ocr_par' dir='ltr' id='par_1_22' title="bbox 216 3577 1281 3662">
     <span class='ocr_line' id='line_1_96' title="bbox 280 3577 1281 3618; baseline 0 -11"><span class='ocrx_word' id='word_1_472' title='bbox 280 3577 363 3607; x_wconf 86' lang='lat' dir='ltr'>Tam</span> <span class='ocrx_word' id='word_1_473' title='bbox 387 3578 473 3608; x_wconf 89' lang='lat' dir='ltr'>ardui</span> <span class='ocrx_word' id='word_1_474' title='bbox 499 3578 657 3618; x_wconf 80' lang='lat' dir='ltr'>adsumpti</span> <span class='ocrx_word' id='word_1_475' title='bbox 681 3578 796 3608; x_wconf 88' lang='lat' dir='ltr'>laboris</span> <span class='ocrx_word' id='word_1_476' title='bbox 821 3578 940 3618; x_wconf 84' lang='lat' dir='ltr'>primae</span> <span class='ocrx_word' id='word_1_477' title='bbox 964 3584 1067 3618; x_wconf 89' lang='lat' dir='ltr'>partes</span> <span class='ocrx_word' id='word_1_478' title='bbox 1091 3577 1230 3614; x_wconf 82' lang='lat' dir='ltr'>fuerunt,</span> <span class='ocrx_word' id='word_1_479' title='bbox 1245 3583 1281 3607; x_wconf 90' lang='lat' dir='ltr'>ut</span> 
     </span>
     <span class='ocr_line' id='line_1_97' title="bbox 216 3620 1281 3662; baseline 0.002 -13"><span class='ocrx_word' id='word_1_480' title='bbox 216 3620 361 3650; x_wconf 90' lang='lat' dir='ltr'>locorum</span> <span class='ocrx_word' id='word_1_481' title='bbox 383 3621 432 3650; x_wconf 85' lang='lat' dir='ltr'>vel</span> <span class='ocrx_word' id='word_1_482' title='bbox 456 3622 699 3660; x_wconf 86' lang='lat' dir='ltr'>sententiarum,</span> <span class='ocrx_word' id='word_1_483' title='bbox 724 3632 805 3662; x_wconf 90' lang='lat' dir='ltr'>quae</span> <span class='ocrx_word' id='word_1_484' title='bbox 834 3622 1019 3659; x_wconf 86' lang='lat' dir='ltr'>afferuntur,</span> <span class='ocrx_word' id='word_1_485' title='bbox 1044 3621 1162 3652; x_wconf 88' lang='lat' dir='ltr'>indices</span> <span class='ocrx_word' id='word_1_486' title='bbox 1191 3630 1281 3651; x_wconf 87' lang='lat' dir='ltr'>accu-</span> 
     </span>
    </p>
   </div>
   <div class='ocr_carea' id='block_1_16' title="bbox 1313 313 2393 789">
    <p class='ocr_par' dir='ltr' id='par_1_23' title="bbox 1313 313 2393 789">
     <span class='ocr_line' id='line_1_98' title="bbox 1313 313 2389 353; baseline -0.007 -2"><span class='ocrx_word' id='word_1_487' title='bbox 1313 320 1466 351; x_wconf 85' lang='lat' dir='ltr'>ratissime</span> <span class='ocrx_word' id='word_1_488' title='bbox 1498 319 1733 348; x_wconf 84' lang='lat' dir='ltr'>adnotarentur.</span> <span class='ocrx_word' id='word_1_489' title='bbox 1766 314 1850 345; x_wconf 89' lang='lat' dir='ltr'>Hinc</span> <span class='ocrx_word' id='word_1_490' title='bbox 1882 313 2120 353; x_wconf 86' lang='lat' dir='ltr'>diligentissime</span> <span class='ocrx_word' id='word_1_491' title='bbox 2153 323 2228 344; x_wconf 89' lang='lat' dir='ltr'>cum</span> <span class='ocrx_word' id='word_1_492' title='bbox 2258 314 2389 345; x_wconf 90' lang='lat' dir='ltr'>Patrum</span> 
     </span>
     <span class='ocr_line' id='line_1_99' title="bbox 1314 357 2388 404; baseline -0.006 -9"><span class='ocrx_word' id='word_1_493' title='bbox 1314 364 1568 404; x_wconf 89' lang='lat' dir='ltr'>scriptorumque</span> <span class='ocrx_word' id='word_1_494' title='bbox 1587 361 1651 390; x_wconf 90' lang='lat' dir='ltr'>iam</span> <span class='ocrx_word' id='word_1_495' title='bbox 1677 358 1767 389; x_wconf 90' lang='lat' dir='ltr'>editis</span> <span class='ocrx_word' id='word_1_496' title='bbox 1792 357 1878 388; x_wconf 90' lang='lat' dir='ltr'>libris</span> <span class='ocrx_word' id='word_1_497' title='bbox 1901 364 1995 398; x_wconf 90' lang='lat' dir='ltr'>atque</span> <span class='ocrx_word' id='word_1_498' title='bbox 2016 357 2132 388; x_wconf 87' lang='lat' dir='ltr'>catenis</span> <span class='ocrx_word' id='word_1_499' title='bbox 2153 357 2323 389; x_wconf 88' lang='lat' dir='ltr'>collatione</span> <span class='ocrx_word' id='word_1_500' title='bbox 2343 359 2388 389; x_wconf 83' lang='lat' dir='ltr'>fa-</span> 
     </span>
     <span class='ocr_line' id='line_1_100' title="bbox 1314 401 2389 446; baseline -0.004 -8"><span class='ocrx_word' id='word_1_501' title='bbox 1314 415 1372 445; x_wconf 89' lang='lat' dir='ltr'>cta,</span> <span class='ocrx_word' id='word_1_502' title='bbox 1398 414 1530 446; x_wconf 88' lang='lat' dir='ltr'>uterque</span> <span class='ocrx_word' id='word_1_503' title='bbox 1555 405 1716 443; x_wconf 87' lang='lat' dir='ltr'>catalogus</span> <span class='ocrx_word' id='word_1_504' title='bbox 1740 409 1812 433; x_wconf 92' lang='lat' dir='ltr'>tum</span> <span class='ocrx_word' id='word_1_505' title='bbox 1830 401 2015 440; x_wconf 87' lang='lat' dir='ltr'>latinorum,</span> <span class='ocrx_word' id='word_1_506' title='bbox 2035 408 2106 432; x_wconf 91' lang='lat' dir='ltr'>tum</span> <span class='ocrx_word' id='word_1_507' title='bbox 2125 411 2313 442; x_wconf 88' lang='lat' dir='ltr'>graecorum</span> <span class='ocrx_word' id='word_1_508' title='bbox 2331 403 2389 434; x_wconf 89' lang='lat' dir='ltr'>Pa—</span> 
     </span>
     <span class='ocr_line' id='line_1_101' title="bbox 1314 446 2391 488; baseline -0.004 -6"><span class='ocrx_word' id='word_1_509' title='bbox 1314 459 1399 482; x_wconf 89' lang='lat' dir='ltr'>trum</span> <span class='ocrx_word' id='word_1_510' title='bbox 1423 449 1620 480; x_wconf 81' lang='lat' dir='ltr'>emendatior</span> <span class='ocrx_word' id='word_1_511' title='bbox 1648 447 1858 488; x_wconf 86' lang='lat' dir='ltr'>proponitur,</span> <span class='ocrx_word' id='word_1_512' title='bbox 1883 456 1919 477; x_wconf 89' lang='lat' dir='ltr'>ac</span> <span class='ocrx_word' id='word_1_513' title='bbox 1943 455 2061 486; x_wconf 89' lang='lat' dir='ltr'>magno</span> <span class='ocrx_word' id='word_1_514' title='bbox 2093 446 2225 477; x_wconf 89' lang='lat' dir='ltr'>illorum</span> <span class='ocrx_word' id='word_1_515' title='bbox 2255 456 2391 478; x_wconf 88' lang='lat' dir='ltr'>nurnero</span> 
     </span>
     <span class='ocr_line' id='line_1_102' title="bbox 1314 490 2390 534; baseline -0.003 -9"><span class='ocrx_word' id='word_1_516' title='bbox 1314 502 1436 532; x_wconf 89' lang='lat' dir='ltr'>auctus,</span> <span class='ocrx_word' id='word_1_517' title='bbox 1452 494 1507 534; x_wconf 94' lang='lat' dir='ltr'>qui</span> <span class='ocrx_word' id='word_1_518' title='bbox 1527 493 1577 523; x_wconf 92' lang='lat' dir='ltr'>vel</span> <span class='ocrx_word' id='word_1_519' title='bbox 1592 491 1777 522; x_wconf 88' lang='lat' dir='ltr'>nominibus</span> <span class='ocrx_word' id='word_1_520' title='bbox 1793 490 1941 531; x_wconf 79' lang='lat' dir='ltr'>propriiS,</span> <span class='ocrx_word' id='word_1_521' title='bbox 1956 490 2007 520; x_wconf 90' lang='lat' dir='ltr'>vel</span> <span class='ocrx_word' id='word_1_522' title='bbox 2022 491 2081 520; x_wconf 91' lang='lat' dir='ltr'>sub</span> <span class='ocrx_word' id='word_1_523' title='bbox 2096 491 2228 521; x_wconf 88' lang='lat' dir='ltr'>nomine</span> <span class='ocrx_word' id='word_1_524' title='bbox 2245 491 2390 529; x_wconf 83' lang='lat' dir='ltr'>Glossae,</span> 
     </span>
     <span class='ocr_line' id='line_1_103' title="bbox 1314 535 2391 578; baseline -0.003 -9"><span class='ocrx_word' id='word_1_525' title='bbox 1314 540 1364 569; x_wconf 91' lang='lat' dir='ltr'>vel</span> <span class='ocrx_word' id='word_1_526' title='bbox 1387 548 1464 578; x_wconf 86' lang='lat' dir='ltr'>vage</span> <span class='ocrx_word' id='word_1_527' title='bbox 1490 538 1548 567; x_wconf 92' lang='lat' dir='ltr'>sub</span> <span class='ocrx_word' id='word_1_528' title='bbox 1568 537 1700 567; x_wconf 89' lang='lat' dir='ltr'>nomine</span> <span class='ocrx_word' id='word_1_529' title='bbox 1722 536 1840 566; x_wconf 86' lang='lat' dir='ltr'>Graeci</span> <span class='ocrx_word' id='word_1_530' title='bbox 1858 536 2037 576; x_wconf 73' lang='lat' dir='ltr'>scriptoris,</span> <span class='ocrx_word' id='word_1_531' title='bbox 2053 535 2104 565; x_wconf 94' lang='lat' dir='ltr'>vel</span> <span class='ocrx_word' id='word_1_532' title='bbox 2124 535 2261 576; x_wconf 91' lang='lat' dir='ltr'>denique</span> <span class='ocrx_word' id='word_1_533' title='bbox 2285 536 2391 566; x_wconf 90' lang='lat' dir='ltr'>nomi-</span> 
     </span>
     <span class='ocr_line' id='line_1_104' title="bbox 1314 579 2393 621; baseline -0.002 -8"><span class='ocrx_word' id='word_1_534' title='bbox 1314 584 1407 614; x_wconf 89' lang='lat' dir='ltr'>nibus</span> <span class='ocrx_word' id='word_1_535' title='bbox 1432 581 1636 612; x_wconf 84' lang='lat' dir='ltr'>commutatis</span> <span class='ocrx_word' id='word_1_536' title='bbox 1661 581 1836 621; x_wconf 87' lang='lat' dir='ltr'>allegantur</span> <span class='ocrx_word' id='word_1_537' title='bbox 1859 590 1877 610; x_wconf 91' lang='lat' dir='ltr'>a</span> <span class='ocrx_word' id='word_1_538' title='bbox 1900 590 1926 610; x_wconf 93' lang='lat' dir='ltr'>s.</span> <span class='ocrx_word' id='word_1_539' title='bbox 1946 579 2087 610; x_wconf 87' lang='lat' dir='ltr'>Thoma.</span> <span class='ocrx_word' id='word_1_540' title='bbox 2113 579 2223 610; x_wconf 82' lang='lat' dir='ltr'>Liceat</span> <span class='ocrx_word' id='word_1_541' title='bbox 2243 580 2338 611; x_wconf 83' lang='lat' dir='ltr'>illum</span> <span class='ocrx_word' id='word_1_542' title='bbox 2362 587 2393 611; x_wconf 92' lang='lat' dir='ltr'>et</span> 
     </span>
     <span class='ocr_line' id='line_1_105' title="bbox 1314 624 2390 666; baseline -0.003 -8"><span class='ocrx_word' id='word_1_543' title='bbox 1314 628 1375 658; x_wconf 91' lang='lat' dir='ltr'>hoc</span> <span class='ocrx_word' id='word_1_544' title='bbox 1399 627 1473 657; x_wconf 92' lang='lat' dir='ltr'>loco</span> <span class='ocrx_word' id='word_1_545' title='bbox 1497 625 1637 666; x_wconf 89' lang='lat' dir='ltr'>proferre</span> <span class='ocrx_word' id='word_1_546' title='bbox 1660 625 1819 656; x_wconf 89' lang='lat' dir='ltr'>lectorum</span> <span class='ocrx_word' id='word_1_547' title='bbox 1842 624 1960 663; x_wconf 90' lang='lat' dir='ltr'>oculis,</span> <span class='ocrx_word' id='word_1_548' title='bbox 1984 631 2022 655; x_wconf 91' lang='lat' dir='ltr'>ut</span> <span class='ocrx_word' id='word_1_549' title='bbox 2044 634 2126 665; x_wconf 91' lang='lat' dir='ltr'>quae</span> <span class='ocrx_word' id='word_1_550' title='bbox 2150 631 2182 655; x_wconf 92' lang='lat' dir='ltr'>et</span> <span class='ocrx_word' id='word_1_551' title='bbox 2203 631 2324 666; x_wconf 84' lang='lat' dir='ltr'>quanta</span> <span class='ocrx_word' id='word_1_552' title='bbox 2347 625 2390 655; x_wconf 93' lang='lat' dir='ltr'>le-</span> 
     </span>
     <span class='ocr_line' id='line_1_106' title="bbox 1314 668 2391 711; baseline -0.003 -9"><span class='ocrx_word' id='word_1_553' title='bbox 1314 682 1385 711; x_wconf 88' lang='lat' dir='ltr'>gere</span> <span class='ocrx_word' id='word_1_554' title='bbox 1402 670 1544 701; x_wconf 89' lang='lat' dir='ltr'>debuerit</span> <span class='ocrx_word' id='word_1_555' title='bbox 1558 670 1702 711; x_wconf 88' lang='lat' dir='ltr'>Aquinas</span> <span class='ocrx_word' id='word_1_556' title='bbox 1718 670 1757 700; x_wconf 87' lang='lat' dir='ltr'>ad</span> <span class='ocrx_word' id='word_1_557' title='bbox 1773 679 1872 700; x_wconf 89' lang='lat' dir='ltr'>unam</span> <span class='ocrx_word' id='word_1_558' title='bbox 1887 669 2118 700; x_wconf 86' lang='lat' dir='ltr'>contexendam</span> <span class='ocrx_word' id='word_1_559' title='bbox 2129 668 2285 700; x_wconf 86' lang='lat' dir='ltr'>Catenam</span> <span class='ocrx_word' id='word_1_560' title='bbox 2299 679 2391 700; x_wconf 84' lang='lat' dir='ltr'>suam</span> 
     </span>
     <span class='ocr_line' id='line_1_107' title="bbox 1314 717 1500 746; baseline -0.005 0"><span class='ocrx_word' id='word_1_561' title='bbox 1314 717 1500 746; x_wconf 89' lang='lat' dir='ltr'>innotescat.</span> 
     </span>
     <span class='ocr_line' id='line_1_108' title="bbox 1700 758 2001 789; baseline -0.003 0"><span class='ocrx_word' id='word_1_562' title='bbox 1700 759 1858 789; x_wconf 72' lang='lat' dir='ltr'>Aue-tores</span> <span class='ocrx_word' id='word_1_563' title='bbox 1881 758 2001 788; x_wconf 87' lang='lat' dir='ltr'>Latini.</span> 
     </span>
    </p>
   </div>
   <div class='ocr_carea' id='block_1_17' title="bbox 1314 823 2395 1980">
    <p class='ocr_par' dir='ltr' id='par_1_24' title="bbox 1314 823 1786 865">
     <span class='ocr_line' id='line_1_109' title="bbox 1314 823 1786 865; baseline -0.004 -10"><span class='ocrx_word' id='word_1_564' title='bbox 1314 823 1481 862; x_wconf 90' lang='lat' dir='ltr'>Alcuinus,</span> <span class='ocrx_word' id='word_1_565' title='bbox 1506 823 1562 865; x_wconf 92' lang='lat' dir='ltr'>qui</span> <span class='ocrx_word' id='word_1_566' title='bbox 1586 830 1616 854; x_wconf 90' lang='lat' dir='ltr'>et</span> <span class='ocrx_word' id='word_1_567' title='bbox 1639 823 1786 854; x_wconf 91' lang='lat' dir='ltr'>Albinus.</span> 
     </span>
    </p>

    <p class='ocr_par' dir='ltr' id='par_1_25' title="bbox 1315 865 2391 900">
     <span class='ocr_line' id='line_1_110' title="bbox 1315 865 2391 900; baseline -0.001 -1"><span class='ocrx_word' id='word_1_568' title='bbox 1315 869 1346 900; x_wconf 91' lang='lat' dir='ltr'>S.</span> <span class='ocrx_word' id='word_1_569' title='bbox 1370 869 1567 899; x_wconf 89' lang='lat' dir='ltr'>Ambrosius:</span> <span class='ocrx_word' id='word_1_570' title='bbox 1584 875 1615 898; x_wconf 91' lang='lat' dir='ltr'>et</span> <span class='ocrx_word' id='word_1_571' title='bbox 1629 868 1687 898; x_wconf 89' lang='lat' dir='ltr'>sub</span> <span class='ocrx_word' id='word_1_572' title='bbox 1703 867 1771 898; x_wconf 91' lang='lat' dir='ltr'>eius</span> <span class='ocrx_word' id='word_1_573' title='bbox 1786 867 1917 898; x_wconf 89' lang='lat' dir='ltr'>nomine</span> <span class='ocrx_word' id='word_1_574' title='bbox 1929 865 2175 898; x_wconf 82' lang='lat' dir='ltr'>commentator</span> <span class='ocrx_word' id='word_1_575' title='bbox 2195 866 2228 898; x_wconf 91' lang='lat' dir='ltr'>in</span> <span class='ocrx_word' id='word_1_576' title='bbox 2242 866 2391 899; x_wconf 86' lang='lat' dir='ltr'>Paulum.</span> 
     </span>
    </p>

    <p class='ocr_par' dir='ltr' id='par_1_26' title="bbox 1315 910 2391 950">
     <span class='ocr_line' id='line_1_111' title="bbox 1315 910 2391 950; baseline -0.002 -6"><span class='ocrx_word' id='word_1_577' title='bbox 1315 914 1346 944; x_wconf 93' lang='lat' dir='ltr'>S.</span> <span class='ocrx_word' id='word_1_578' title='bbox 1367 913 1539 944; x_wconf 89' lang='lat' dir='ltr'>Anselmus</span> <span class='ocrx_word' id='word_1_579' title='bbox 1560 913 1724 950; x_wconf 87' lang='lat' dir='ltr'>Cantuar.,</span> <span class='ocrx_word' id='word_1_580' title='bbox 1741 911 1904 943; x_wconf 88' lang='lat' dir='ltr'>multoties</span> <span class='ocrx_word' id='word_1_581' title='bbox 1924 910 2058 942; x_wconf 86' lang='lat' dir='ltr'>Glossae</span> <span class='ocrx_word' id='word_1_582' title='bbox 2077 911 2209 942; x_wconf 86' lang='lat' dir='ltr'>nornine</span> <span class='ocrx_word' id='word_1_583' title='bbox 2223 911 2391 942; x_wconf 85' lang='lat' dir='ltr'>indicatus.</span> 
     </span>
    </p>

    <p class='ocr_par' dir='ltr' id='par_1_27' title="bbox 1315 955 2393 1044">
     <span class='ocr_line' id='line_1_112' title="bbox 1315 955 2393 998; baseline -0.002 -10"><span class='ocrx_word' id='word_1_584' title='bbox 1315 958 1346 989; x_wconf 90' lang='lat' dir='ltr'>S.</span> <span class='ocrx_word' id='word_1_585' title='bbox 1367 958 1583 998; x_wconf 89' lang='lat' dir='ltr'>Augustinus:</span> <span class='ocrx_word' id='word_1_586' title='bbox 1613 964 1643 988; x_wconf 91' lang='lat' dir='ltr'>et</span> <span class='ocrx_word' id='word_1_587' title='bbox 1674 957 1733 988; x_wconf 88' lang='lat' dir='ltr'>sub</span> <span class='ocrx_word' id='word_1_588' title='bbox 1765 956 1833 987; x_wconf 88' lang='lat' dir='ltr'>eius</span> <span class='ocrx_word' id='word_1_589' title='bbox 1865 955 1996 986; x_wconf 88' lang='lat' dir='ltr'>nomine</span> <span class='ocrx_word' id='word_1_590' title='bbox 2024 958 2148 987; x_wconf 88' lang='lat' dir='ltr'>Auctor</span> <span class='ocrx_word' id='word_1_591' title='bbox 2178 955 2393 997; x_wconf 86' lang='lat' dir='ltr'>quarumdam</span> 
     </span>
     <span class='ocr_line' id='line_1_113' title="bbox 1359 1002 1596 1044; baseline -0.004 -11"><span class='ocrx_word' id='word_1_592' title='bbox 1359 1002 1596 1044; x_wconf 90' lang='lat' dir='ltr'>quaestionum.</span> 
     </span>
    </p>

    <p class='ocr_par' dir='ltr' id='par_1_28' title="bbox 1315 1047 1598 1089">
     <span class='ocr_line' id='line_1_114' title="bbox 1315 1047 1598 1089; baseline -0.004 -11"><span class='ocrx_word' id='word_1_593' title='bbox 1315 1047 1400 1078; x_wconf 91' lang='lat' dir='ltr'>Beda</span> <span class='ocrx_word' id='word_1_594' title='bbox 1423 1048 1598 1089; x_wconf 87' lang='lat' dir='ltr'>Presbyter.</span> 
     </span>
    </p>

    <p class='ocr_par' dir='ltr' id='par_1_29' title="bbox 1315 1090 1920 1133">
     <span class='ocr_line' id='line_1_115' title="bbox 1315 1090 1920 1133; baseline -0.005 -10"><span class='ocrx_word' id='word_1_595' title='bbox 1315 1092 1346 1123; x_wconf 91' lang='lat' dir='ltr'>S.</span> <span class='ocrx_word' id='word_1_596' title='bbox 1368 1091 1548 1133; x_wconf 86' lang='lat' dir='ltr'>Cyprianus</span> <span class='ocrx_word' id='word_1_597' title='bbox 1572 1091 1720 1132; x_wconf 87' lang='lat' dir='ltr'>Carthag.</span> <span class='ocrx_word' id='word_1_598' title='bbox 1740 1090 1801 1131; x_wconf 90' lang='lat' dir='ltr'>Ep.</span> <span class='ocrx_word' id='word_1_599' title='bbox 1822 1097 1852 1121; x_wconf 90' lang='lat' dir='ltr'>et</span> <span class='ocrx_word' id='word_1_600' title='bbox 1875 1090 1920 1120; x_wconf 91' lang='lat' dir='ltr'>M.</span> 
     </span>
    </p>

    <p class='ocr_par' dir='ltr' id='par_1_30' title="bbox 1315 1137 1644 1177">
     <span class='ocr_line' id='line_1_116' title="bbox 1315 1137 1644 1177; baseline 0 -10"><span class='ocrx_word' id='word_1_601' title='bbox 1315 1137 1346 1167; x_wconf 90' lang='lat' dir='ltr'>S.</span> <span class='ocrx_word' id='word_1_602' title='bbox 1367 1137 1525 1167; x_wconf 89' lang='lat' dir='ltr'>Damasus</span> <span class='ocrx_word' id='word_1_603' title='bbox 1548 1137 1644 1177; x_wconf 87' lang='lat' dir='ltr'>Papa.</span> 
     </span>
    </p>

    <p class='ocr_par' dir='ltr' id='par_1_31' title="bbox 1315 1178 2320 1222">
     <span class='ocr_line' id='line_1_117' title="bbox 1315 1178 2320 1222; baseline -0.003 -10"><span class='ocrx_word' id='word_1_604' title='bbox 1315 1181 1347 1212; x_wconf 92' lang='lat' dir='ltr'>S.</span> <span class='ocrx_word' id='word_1_605' title='bbox 1368 1181 1555 1222; x_wconf 83' lang='lat' dir='ltr'>Fulgentius</span> <span class='ocrx_word' id='word_1_606' title='bbox 1579 1182 1680 1221; x_wconf 89' lang='lat' dir='ltr'>Rusp.</span> <span class='ocrx_word' id='word_1_607' title='bbox 1701 1179 1874 1221; x_wconf 87' lang='lat' dir='ltr'>aliquando</span> <span class='ocrx_word' id='word_1_608' title='bbox 1898 1180 1958 1210; x_wconf 87' lang='lat' dir='ltr'>sub</span> <span class='ocrx_word' id='word_1_609' title='bbox 1981 1179 2154 1220; x_wconf 87' lang='lat' dir='ltr'>Augustini</span> <span class='ocrx_word' id='word_1_610' title='bbox 2177 1178 2320 1209; x_wconf 87' lang='lat' dir='ltr'>nomine.</span> 
     </span>
    </p>

    <p class='ocr_par' dir='ltr' id='par_1_32' title="bbox 1316 1226 1820 1266">
     <span class='ocr_line' id='line_1_118' title="bbox 1316 1226 1820 1266; baseline -0.004 -9"><span class='ocrx_word' id='word_1_611' title='bbox 1316 1226 1348 1257; x_wconf 92' lang='lat' dir='ltr'>S.</span> <span class='ocrx_word' id='word_1_612' title='bbox 1369 1226 1552 1266; x_wconf 87' lang='lat' dir='ltr'>Gregorius·</span> <span class='ocrx_word' id='word_1_613' title='bbox 1565 1226 1651 1266; x_wconf 90' lang='lat' dir='ltr'>Papa</span> <span class='ocrx_word' id='word_1_614' title='bbox 1674 1226 1820 1265; x_wconf 84' lang='lat' dir='ltr'>Magnus.</span> 
     </span>
    </p>

    <p class='ocr_par' dir='ltr' id='par_1_33' title="bbox 1316 1269 1745 1312">
     <span class='ocr_line' id='line_1_119' title="bbox 1316 1269 1745 1312; baseline -0.002 -11"><span class='ocrx_word' id='word_1_615' title='bbox 1316 1271 1446 1311; x_wconf 89' lang='lat' dir='ltr'>Haymo</span> <span class='ocrx_word' id='word_1_616' title='bbox 1471 1269 1745 1312; x_wconf 83' lang='lat' dir='ltr'>Halberstatensis.</span> 
     </span>
    </p>

    <p class='ocr_par' dir='ltr' id='par_1_34' title="bbox 1317 1308 2391 1356">
     <span class='ocr_line' id='line_1_120' title="bbox 1317 1308 2391 1356; baseline -0.003 -10"><span class='ocrx_word' id='word_1_617' title='bbox 1317 1315 1348 1346; x_wconf 91' lang='lat' dir='ltr'>S.</span> <span class='ocrx_word' id='word_1_618' title='bbox 1370 1315 1598 1356; x_wconf 88' lang='lat' dir='ltr'>Hieronymus:</span> <span class='ocrx_word' id='word_1_619' title='bbox 1609 1322 1640 1346; x_wconf 89' lang='lat' dir='ltr'>et</span> <span class='ocrx_word' id='word_1_620' title='bbox 1650 1315 1708 1345; x_wconf 93' lang='lat' dir='ltr'>sub</span> <span class='ocrx_word' id='word_1_621' title='bbox 1719 1314 1787 1345; x_wconf 90' lang='lat' dir='ltr'>eius</span> <span class='ocrx_word' id='word_1_622' title='bbox 1798 1314 1930 1344; x_wconf 88' lang='lat' dir='ltr'>nomine</span> <span class='ocrx_word' id='word_1_623' title='bbox 1937 1308 2184 1344; x_wconf 84' lang='lat' dir='ltr'>Commentator</span> <span class='ocrx_word' id='word_1_624' title='bbox 2193 1313 2227 1344; x_wconf 87' lang='lat' dir='ltr'>in</span> <span class='ocrx_word' id='word_1_625' title='bbox 2235 1312 2391 1344; x_wconf 88' lang='lat' dir='ltr'>Marcum.</span> 
     </span>
    </p>

    <p class='ocr_par' dir='ltr' id='par_1_35' title="bbox 1317 1359 1746 1391">
     <span class='ocr_line' id='line_1_121' title="bbox 1317 1359 1746 1391; baseline 0 -1"><span class='ocrx_word' id='word_1_626' title='bbox 1317 1360 1349 1391; x_wconf 93' lang='lat' dir='ltr'>S.</span> <span class='ocrx_word' id='word_1_627' title='bbox 1370 1359 1510 1390; x_wconf 85' lang='lat' dir='ltr'>Hilarius</span> <span class='ocrx_word' id='word_1_628' title='bbox 1534 1359 1746 1390; x_wconf 80' lang='lat' dir='ltr'>pictaviensis.</span> 
     </span>
    </p>

    <p class='ocr_par' dir='ltr' id='par_1_36' title="bbox 1317 1403 1963 1442">
     <span class='ocr_line' id='line_1_122' title="bbox 1317 1403 1963 1442; baseline 0 -8"><span class='ocrx_word' id='word_1_629' title='bbox 1317 1404 1451 1435; x_wconf 87' lang='lat' dir='ltr'>Ioannes</span> <span class='ocrx_word' id='word_1_630' title='bbox 1475 1403 1657 1442; x_wconf 83' lang='lat' dir='ltr'>Cassianus,</span> <span class='ocrx_word' id='word_1_631' title='bbox 1682 1403 1828 1435; x_wconf 86' lang='lat' dir='ltr'>Collator</span> <span class='ocrx_word' id='word_1_632' title='bbox 1851 1403 1963 1435; x_wconf 91' lang='lat' dir='ltr'>dictus.</span> 
     </span>
    </p>

    <p class='ocr_par' dir='ltr' id='par_1_37' title="bbox 1317 1448 1740 1490">
     <span class='ocr_line' id='line_1_123' title="bbox 1317 1448 1740 1490; baseline -0.002 -11"><span class='ocrx_word' id='word_1_633' title='bbox 1317 1448 1348 1479; x_wconf 93' lang='lat' dir='ltr'>S.</span> <span class='ocrx_word' id='word_1_634' title='bbox 1370 1448 1509 1479; x_wconf 90' lang='lat' dir='ltr'>Isidorus</span> <span class='ocrx_word' id='word_1_635' title='bbox 1533 1448 1740 1490; x_wconf 89' lang='lat' dir='ltr'>Hispalensis.</span> 
     </span>
    </p>

    <p class='ocr_par' dir='ltr' id='par_1_38' title="bbox 1317 1492 1716 1534">
     <span class='ocr_line' id='line_1_124' title="bbox 1317 1492 1716 1534; baseline 0 -11"><span class='ocrx_word' id='word_1_636' title='bbox 1317 1492 1348 1524; x_wconf 94' lang='lat' dir='ltr'>S.</span> <span class='ocrx_word' id='word_1_637' title='bbox 1370 1493 1437 1523; x_wconf 91' lang='lat' dir='ltr'>Leo</span> <span class='ocrx_word' id='word_1_638' title='bbox 1461 1493 1547 1534; x_wconf 89' lang='lat' dir='ltr'>Papa</span> <span class='ocrx_word' id='word_1_639' title='bbox 1569 1493 1716 1533; x_wconf 87' lang='lat' dir='ltr'>Magnus.</span> 
     </span>
    </p>

    <p class='ocr_par' dir='ltr' id='par_1_39' title="bbox 1317 1534 2395 1613">
     <span class='ocr_line' id='line_1_125' title="bbox 1317 1534 2395 1613; baseline -0.002 -45"><span class='ocrx_word' id='word_1_640' title='bbox 1317 1537 1348 1568; x_wconf 94' lang='lat' dir='ltr'>S.</span> <span class='ocrx_word' id='word_1_641' title='bbox 1362 1536 1527 1613; x_wconf 54' lang='lat' dir='ltr'>cMaximus</span> <span class='ocrx_word' id='word_1_642' title='bbox 1564 1537 1791 1568; x_wconf 82' lang='lat' dir='ltr'>Taurinensis:</span> <span class='ocrx_word' id='word_1_643' title='bbox 1823 1537 1927 1568; x_wconf 84' lang='lat' dir='ltr'>verius</span> <span class='ocrx_word' id='word_1_644' title='bbox 1964 1535 2122 1567; x_wconf 82' lang='lat' dir='ltr'>Maximus</span> <span class='ocrx_word' id='word_1_645' title='bbox 2158 1536 2278 1577; x_wconf 85' lang='lat' dir='ltr'>Martyr</span> <span class='ocrx_word' id='word_1_646' title='bbox 2313 1534 2395 1576; x_wconf 82' lang='lat' dir='ltr'>inter</span> 
     </span>
    </p>

    <p class='ocr_par' dir='ltr' id='par_1_40' title="bbox 1393 1591 1511 1613">
     <span class='ocr_line' id='line_1_126' title="bbox 1393 1591 1511 1613; baseline 0 -1"><span class='ocrx_word' id='word_1_647' title='bbox 1393 1591 1511 1613; x_wconf 89' lang='lat' dir='ltr'>raecos.</span> 
     </span>
    </p>

    <p class='ocr_par' dir='ltr' id='par_1_41' title="bbox 1317 1623 2327 1668">
     <span class='ocr_line' id='line_1_127' title="bbox 1317 1623 2327 1668; baseline -0.002 -11"><span class='ocrx_word' id='word_1_648' title='bbox 1317 1626 1428 1658; x_wconf 90' lang='lat' dir='ltr'>Petrus</span> <span class='ocrx_word' id='word_1_649' title='bbox 1451 1626 1650 1668; x_wconf 85' lang='lat' dir='ltr'>Alphonsus‚</span> <span class='ocrx_word' id='word_1_650' title='bbox 1675 1635 1712 1656; x_wconf 85' lang='lat' dir='ltr'>ex</span> <span class='ocrx_word' id='word_1_651' title='bbox 1737 1626 1854 1657; x_wconf 85' lang='lat' dir='ltr'>Iudaeo</span> <span class='ocrx_word' id='word_1_652' title='bbox 1879 1625 2091 1667; x_wconf 89' lang='lat' dir='ltr'>postmodum</span> <span class='ocrx_word' id='word_1_653' title='bbox 2114 1623 2327 1657; x_wconf 81' lang='lat' dir='ltr'>Christianus.</span> 
     </span>
    </p>

    <p class='ocr_par' dir='ltr' id='par_1_42' title="bbox 1317 1668 2395 1747">
     <span class='ocr_line' id='line_1_128' title="bbox 1317 1668 2395 1712; baseline -0.002 -10"><span class='ocrx_word' id='word_1_654' title='bbox 1317 1671 1348 1702; x_wconf 93' lang='lat' dir='ltr'>S.</span> <span class='ocrx_word' id='word_1_655' title='bbox 1369 1671 1480 1702; x_wconf 87' lang='lat' dir='ltr'>Petrus</span> <span class='ocrx_word' id='word_1_656' title='bbox 1504 1671 1689 1709; x_wconf 84' lang='lat' dir='ltr'>Ravennas,</span> <span class='ocrx_word' id='word_1_657' title='bbox 1714 1670 1769 1712; x_wconf 87' lang='lat' dir='ltr'>qui</span> <span class='ocrx_word' id='word_1_658' title='bbox 1801 1677 1832 1702; x_wconf 92' lang='lat' dir='ltr'>et</span> <span class='ocrx_word' id='word_1_659' title='bbox 1855 1670 2094 1712; x_wconf 86' lang='lat' dir='ltr'>chrysologus:</span> <span class='ocrx_word' id='word_1_660' title='bbox 2120 1668 2216 1700; x_wconf 88' lang='lat' dir='ltr'>etiam</span> <span class='ocrx_word' id='word_1_661' title='bbox 2248 1669 2308 1700; x_wconf 88' lang='lat' dir='ltr'>sub</span> <span class='ocrx_word' id='word_1_662' title='bbox 2335 1669 2395 1701; x_wconf 79' lang='lat' dir='ltr'>no-</span> 
     </span>
     <span class='ocr_line' id='line_1_129' title="bbox 1363 1715 1642 1747; baseline 0 -1"><span class='ocrx_word' id='word_1_663' title='bbox 1363 1716 1448 1747; x_wconf 89' lang='lat' dir='ltr'>mine</span> <span class='ocrx_word' id='word_1_664' title='bbox 1472 1715 1642 1747; x_wconf 83' lang='lat' dir='ltr'>Severiani.</span> 
     </span>
    </p>

    <p class='ocr_par' dir='ltr' id='par_1_43' title="bbox 1317 1760 1720 1802">
     <span class='ocr_line' id='line_1_130' title="bbox 1317 1760 1720 1802; baseline 0 -11"><span class='ocrx_word' id='word_1_665' title='bbox 1317 1760 1349 1791; x_wconf 92' lang='lat' dir='ltr'>S.</span> <span class='ocrx_word' id='word_1_666' title='bbox 1370 1761 1506 1801; x_wconf 87' lang='lat' dir='ltr'>Prosper</span> <span class='ocrx_word' id='word_1_667' title='bbox 1529 1760 1720 1802; x_wconf 89' lang='lat' dir='ltr'>Aquitanus.</span> 
     </span>
    </p>

    <p class='ocr_par' dir='ltr' id='par_1_44' title="bbox 1317 1805 1633 1843">
     <span class='ocr_line' id='line_1_131' title="bbox 1317 1805 1633 1843; baseline 0 -8"><span class='ocrx_word' id='word_1_668' title='bbox 1317 1805 1468 1835; x_wconf 86' lang='lat' dir='ltr'>Rabanus</span> <span class='ocrx_word' id='word_1_669' title='bbox 1491 1805 1633 1843; x_wconf 82' lang='lat' dir='ltr'>Maurus.</span> 
     </span>
    </p>

    <p class='ocr_par' dir='ltr' id='par_1_45' title="bbox 1318 1848 1792 1889">
     <span class='ocr_line' id='line_1_132' title="bbox 1318 1848 1792 1889; baseline -0.002 -9"><span class='ocrx_word' id='word_1_670' title='bbox 1318 1849 1483 1889; x_wconf 86' lang='lat' dir='ltr'>Remigius</span> <span class='ocrx_word' id='word_1_671' title='bbox 1506 1848 1792 1880; x_wconf 89' lang='lat' dir='ltr'>Altissiodorensis.</span> 
     </span>
    </p>

    <p class='ocr_par' dir='ltr' id='par_1_46' title="bbox 1318 1892 2168 1936">
     <span class='ocr_line' id='line_1_133' title="bbox 1318 1892 2168 1936; baseline -0.002 -11"><span class='ocrx_word' id='word_1_672' title='bbox 1318 1893 1505 1925; x_wconf 83' lang='lat' dir='ltr'>Severianus</span> <span class='ocrx_word' id='word_1_673' title='bbox 1529 1903 1588 1935; x_wconf 90' lang='lat' dir='ltr'>pro</span> <span class='ocrx_word' id='word_1_674' title='bbox 1613 1893 1817 1936; x_wconf 87' lang='lat' dir='ltr'>Chrysologo</span> <span class='ocrx_word' id='word_1_675' title='bbox 1841 1892 1977 1934; x_wconf 85' lang='lat' dir='ltr'>positus,</span> <span class='ocrx_word' id='word_1_676' title='bbox 2002 1899 2038 1924; x_wconf 89' lang='lat' dir='ltr'>ut</span> <span class='ocrx_word' id='word_1_677' title='bbox 2061 1901 2168 1933; x_wconf 85' lang='lat' dir='ltr'>supra.</span> 
     </span>
    </p>

    <p class='ocr_par' dir='ltr' id='par_1_47' title="bbox 1319 1937 1966 1980">
     <span class='ocr_line' id='line_1_134' title="bbox 1319 1937 1966 1980; baseline -0.003 -10"><span class='ocrx_word' id='word_1_678' title='bbox 1319 1939 1452 1970; x_wconf 90' lang='lat' dir='ltr'>Glossae</span> <span class='ocrx_word' id='word_1_679' title='bbox 1475 1938 1578 1970; x_wconf 86' lang='lat' dir='ltr'>variae</span> <span class='ocrx_word' id='word_1_680' title='bbox 1602 1948 1793 1980; x_wconf 88' lang='lat' dir='ltr'>anonymae.</span> <span class='ocrx_word' id='word_1_681' title='bbox 1960 1937 1966 1948; x_wconf 86' lang='lat'><em>&#39;</em></span> 
     </span>
    </p>
   </div>
   <div class='ocr_carea' id='block_1_18' title="bbox 1696 2003 2011 2036">
    <p class='ocr_par' dir='ltr' id='par_1_48' title="bbox 1696 2003 2011 2036">
     <span class='ocr_line' id='line_1_135' title="bbox 1696 2003 2011 2036; baseline -0.006 0"><span class='ocrx_word' id='word_1_682' title='bbox 1696 2005 1854 2036; x_wconf 81' lang='lat' dir='ltr'>Auctores</span> <span class='ocrx_word' id='word_1_683' title='bbox 1882 2003 2011 2035; x_wconf 83' lang='lat' dir='ltr'>Graeci.</span> 
     </span>
    </p>
   </div>
   <div class='ocr_carea' id='block_1_19' title="bbox 1319 2067 2356 3655">
    <p class='ocr_par' dir='ltr' id='par_1_49' title="bbox 1320 2067 1710 2100">
     <span class='ocr_line' id='line_1_136' title="bbox 1320 2067 1710 2100; baseline -0.005 0"><span class='ocrx_word' id='word_1_684' title='bbox 1320 2069 1497 2100; x_wconf 84' lang='lat' dir='ltr'>Alexander</span> <span class='ocrx_word' id='word_1_685' title='bbox 1520 2067 1710 2100; x_wconf 87' lang='lat' dir='ltr'>Monachus.</span> 
     </span>
    </p>

    <p class='ocr_par' dir='ltr' id='par_1_50' title="bbox 1319 2112 1881 2378">
     <span class='ocr_line' id='line_1_137' title="bbox 1320 2112 1836 2156; baseline -0.002 -12"><span class='ocrx_word' id='word_1_686' title='bbox 1320 2114 1351 2144; x_wconf 93' lang='lat' dir='ltr'>S.</span> <span class='ocrx_word' id='word_1_687' title='bbox 1372 2113 1629 2156; x_wconf 89' lang='lat' dir='ltr'>Amphylochius</span> <span class='ocrx_word' id='word_1_688' title='bbox 1654 2112 1836 2143; x_wconf 87' lang='lat' dir='ltr'>Iconiensis.</span> 
     </span>
     <span class='ocr_line' id='line_1_138' title="bbox 1319 2157 1881 2198; baseline -0.002 -9"><span class='ocrx_word' id='word_1_689' title='bbox 1319 2157 1516 2196; x_wconf 87' lang='lat' dir='ltr'>Anastasius,</span> <span class='ocrx_word' id='word_1_690' title='bbox 1541 2157 1672 2189; x_wconf 87' lang='lat' dir='ltr'>Maximi</span> <span class='ocrx_word' id='word_1_691' title='bbox 1696 2157 1881 2198; x_wconf 85' lang='lat' dir='ltr'>discipulus.</span> 
     </span>
     <span class='ocr_line' id='line_1_139' title="bbox 1320 2201 1765 2234; baseline -0.004 0"><span class='ocrx_word' id='word_1_692' title='bbox 1320 2203 1351 2234; x_wconf 92' lang='lat' dir='ltr'>S.</span> <span class='ocrx_word' id='word_1_693' title='bbox 1372 2203 1515 2234; x_wconf 86' lang='lat' dir='ltr'>Andreas</span> <span class='ocrx_word' id='word_1_694' title='bbox 1543 2201 1765 2234; x_wconf 85' lang='lat' dir='ltr'>Caesariensis.</span> 
     </span>
     <span class='ocr_line' id='line_1_140' title="bbox 1319 2246 1696 2288; baseline -0.003 -10"><span class='ocrx_word' id='word_1_695' title='bbox 1319 2247 1486 2288; x_wconf 85' lang='lat' dir='ltr'>Antipater</span> <span class='ocrx_word' id='word_1_696' title='bbox 1508 2246 1696 2279; x_wconf 90' lang='lat' dir='ltr'>Bostrensis.</span> 
     </span>
     <span class='ocr_line' id='line_1_141' title="bbox 1319 2291 1773 2333; baseline -0.002 -10"><span class='ocrx_word' id='word_1_697' title='bbox 1319 2291 1538 2333; x_wconf 88' lang='lat' dir='ltr'>Apollinarius</span> <span class='ocrx_word' id='word_1_698' title='bbox 1562 2291 1773 2323; x_wconf 88' lang='lat' dir='ltr'>Laodicenus.</span> 
     </span>
     <span class='ocr_line' id='line_1_142' title="bbox 1319 2335 1699 2378; baseline -0.003 -11"><span class='ocrx_word' id='word_1_699' title='bbox 1319 2336 1462 2368; x_wconf 90' lang='lat' dir='ltr'>Asterius</span> <span class='ocrx_word' id='word_1_700' title='bbox 1486 2335 1699 2378; x_wconf 89' lang='lat' dir='ltr'>Apamiensis.</span> 
     </span>
    </p>

    <p class='ocr_par' dir='ltr' id='par_1_51' title="bbox 1319 2377 2356 2512">
     <span class='ocr_line' id='line_1_143' title="bbox 1319 2377 2356 2420; baseline 0 -8"><span class='ocrx_word' id='word_1_701' title='bbox 1319 2381 1352 2412; x_wconf 88' lang='lat' dir='ltr'>S.</span> <span class='ocrx_word' id='word_1_702' title='bbox 1372 2381 1581 2412; x_wconf 86' lang='lat' dir='ltr'>Athanasius:</span> <span class='ocrx_word' id='word_1_703' title='bbox 1602 2387 1634 2412; x_wconf 91' lang='lat' dir='ltr'>et</span> <span class='ocrx_word' id='word_1_704' title='bbox 1656 2380 1715 2411; x_wconf 92' lang='lat' dir='ltr'>sub</span> <span class='ocrx_word' id='word_1_705' title='bbox 1739 2379 1808 2410; x_wconf 90' lang='lat' dir='ltr'>eius</span> <span class='ocrx_word' id='word_1_706' title='bbox 1831 2379 1963 2410; x_wconf 90' lang='lat' dir='ltr'>nomine</span> <span class='ocrx_word' id='word_1_707' title='bbox 1987 2377 2199 2420; x_wconf 74' lang='lat' dir='ltr'>adscdptitius</span> <span class='ocrx_word' id='word_1_708' title='bbox 2222 2380 2356 2412; x_wconf 78' lang='lat' dir='ltr'>Auctor.</span> 
     </span>
     <span class='ocr_line' id='line_1_144' title="bbox 1321 2425 1828 2465; baseline -0.004 -8"><span class='ocrx_word' id='word_1_709' title='bbox 1321 2425 1352 2457; x_wconf 91' lang='lat' dir='ltr'>S.</span> <span class='ocrx_word' id='word_1_710' title='bbox 1372 2425 1507 2457; x_wconf 87' lang='lat' dir='ltr'>Basilius</span> <span class='ocrx_word' id='word_1_711' title='bbox 1531 2425 1657 2457; x_wconf 86' lang='lat' dir='ltr'>Caesar.</span> <span class='ocrx_word' id='word_1_712' title='bbox 1681 2425 1828 2465; x_wconf 80' lang='lat' dir='ltr'>Magnus.</span> 
     </span>
     <span class='ocr_line' id='line_1_145' title="bbox 1321 2469 1780 2512; baseline -0.004 -10"><span class='ocrx_word' id='word_1_713' title='bbox 1321 2470 1352 2502; x_wconf 90' lang='lat' dir='ltr'>S.</span> <span class='ocrx_word' id='word_1_714' title='bbox 1374 2470 1514 2512; x_wconf 91' lang='lat' dir='ltr'>Cyrillus</span> <span class='ocrx_word' id='word_1_715' title='bbox 1538 2469 1780 2501; x_wconf 86' lang='lat' dir='ltr'>Alexandrinus.</span> 
     </span>
    </p>

    <p class='ocr_par' dir='ltr' id='par_1_52' title="bbox 1321 2513 1781 2635">
     <span class='ocr_line' id='line_1_146' title="bbox 1321 2513 1781 2556; baseline -0.004 -10"><span class='ocrx_word' id='word_1_716' title='bbox 1321 2515 1353 2546; x_wconf 92' lang='lat' dir='ltr'>S.</span> <span class='ocrx_word' id='word_1_717' title='bbox 1374 2514 1514 2556; x_wconf 89' lang='lat' dir='ltr'>Cyrillus</span> <span class='ocrx_word' id='word_1_718' title='bbox 1539 2513 1781 2556; x_wconf 82' lang='lat' dir='ltr'>Hierosolymit.</span> 
     </span>
     <span class='ocr_line' id='line_1_147' title="bbox 1322 2558 1739 2591; baseline -0.002 -1"><span class='ocrx_word' id='word_1_719' title='bbox 1322 2559 1473 2591; x_wconf 88' lang='lat' dir='ltr'>Clemens</span> <span class='ocrx_word' id='word_1_720' title='bbox 1497 2558 1739 2590; x_wconf 86' lang='lat' dir='ltr'>Alexandrinus.</span> 
     </span>
     <span class='ocr_line' id='line_1_148' title="bbox 1322 2603 1677 2635; baseline 0 -1"><span class='ocrx_word' id='word_1_721' title='bbox 1322 2603 1473 2635; x_wconf 88' lang='lat' dir='ltr'>Clemens</span> <span class='ocrx_word' id='word_1_722' title='bbox 1499 2605 1677 2635; x_wconf 89' lang='lat' dir='ltr'>Romanus.</span> 
     </span>
    </p>

    <p class='ocr_par' dir='ltr' id='par_1_53' title="bbox 1323 2647 1748 2778">
     <span class='ocr_line' id='line_1_149' title="bbox 1323 2647 1672 2680; baseline -0.006 0"><span class='ocrx_word' id='word_1_723' title='bbox 1323 2648 1460 2680; x_wconf 89' lang='lat' dir='ltr'>Cosmas</span> <span class='ocrx_word' id='word_1_724' title='bbox 1483 2647 1672 2680; x_wconf 87' lang='lat' dir='ltr'>Monachus.</span> 
     </span>
     <span class='ocr_line' id='line_1_150' title="bbox 1323 2691 1738 2724; baseline -0.002 -1"><span class='ocrx_word' id='word_1_725' title='bbox 1323 2692 1507 2724; x_wconf 90' lang='lat' dir='ltr'>Diadochus</span> <span class='ocrx_word' id='word_1_726' title='bbox 1531 2691 1738 2723; x_wconf 89' lang='lat' dir='ltr'>Photicensis.</span> 
     </span>
     <span class='ocr_line' id='line_1_151' title="bbox 1323 2736 1748 2778; baseline -0.002 -11"><span class='ocrx_word' id='word_1_727' title='bbox 1323 2737 1482 2778; x_wconf 88' lang='lat' dir='ltr'>Didymus</span> <span class='ocrx_word' id='word_1_728' title='bbox 1506 2736 1748 2768; x_wconf 79' lang='lat' dir='ltr'>Alexandrinus.</span> 
     </span>
    </p>

    <p class='ocr_par' dir='ltr' id='par_1_54' title="bbox 1324 2779 1795 2857">
     <span class='ocr_line' id='line_1_152' title="bbox 1324 2779 1777 2822; baseline -0.007 -9"><span class='ocrx_word' id='word_1_729' title='bbox 1324 2781 1356 2813; x_wconf 91' lang='lat' dir='ltr'>S.</span> <span class='ocrx_word' id='word_1_730' title='bbox 1376 2780 1551 2822; x_wconf 91' lang='lat' dir='ltr'>Dionysius</span> <span class='ocrx_word' id='word_1_731' title='bbox 1575 2779 1777 2822; x_wconf 85' lang='lat' dir='ltr'>Areopagita.</span> 
     </span>
     <span class='ocr_line' id='line_1_153' title="bbox 1324 2823 1795 2857; baseline -0.004 0"><span class='ocrx_word' id='word_1_732' title='bbox 1324 2825 1508 2857; x_wconf 88' lang='lat' dir='ltr'>Dorotheus</span> <span class='ocrx_word' id='word_1_733' title='bbox 1530 2823 1795 2856; x_wconf 85' lang='lat' dir='ltr'>Archimandrita.</span> 
     </span>
    </p>

    <p class='ocr_par' dir='ltr' id='par_1_55' title="bbox 1324 2869 1667 2912">
     <span class='ocr_line' id='line_1_154' title="bbox 1324 2869 1667 2912; baseline -0.006 -10"><span class='ocrx_word' id='word_1_734' title='bbox 1324 2871 1355 2902; x_wconf 94' lang='lat' dir='ltr'>S.</span> <span class='ocrx_word' id='word_1_735' title='bbox 1376 2870 1536 2911; x_wconf 86' lang='lat' dir='ltr'>Ephraem</span> <span class='ocrx_word' id='word_1_736' title='bbox 1560 2869 1667 2912; x_wconf 89' lang='lat' dir='ltr'>Syrus.</span> 
     </span>
    </p>

    <p class='ocr_par' dir='ltr' id='par_1_56' title="bbox 1324 2912 1874 3170">
     <span class='ocr_line' id='line_1_155' title="bbox 1324 2912 1874 2956; baseline -0.004 -10"><span class='ocrx_word' id='word_1_737' title='bbox 1324 2915 1356 2946; x_wconf 89' lang='lat' dir='ltr'>S.</span> <span class='ocrx_word' id='word_1_738' title='bbox 1377 2913 1577 2956; x_wconf 86' lang='lat' dir='ltr'>Epiphanius</span> <span class='ocrx_word' id='word_1_739' title='bbox 1600 2914 1661 2955; x_wconf 89' lang='lat' dir='ltr'>Ep.</span> <span class='ocrx_word' id='word_1_740' title='bbox 1685 2912 1874 2945; x_wconf 83' lang='lat' dir='ltr'>Salaminae.</span> 
     </span>
     <span class='ocr_line' id='line_1_156' title="bbox 1326 2957 1729 2991; baseline -0.005 -1"><span class='ocrx_word' id='word_1_741' title='bbox 1326 2958 1482 2991; x_wconf 87' lang='lat' dir='ltr'>Eusebius</span> <span class='ocrx_word' id='word_1_742' title='bbox 1507 2957 1729 2990; x_wconf 82' lang='lat' dir='ltr'>Caesariensis.</span> 
     </span>
     <span class='ocr_line' id='line_1_157' title="bbox 1326 3002 1714 3045; baseline -0.005 -10"><span class='ocrx_word' id='word_1_743' title='bbox 1326 3003 1503 3045; x_wconf 87' lang='lat' dir='ltr'>Eutychius</span> <span class='ocrx_word' id='word_1_744' title='bbox 1526 3002 1714 3034; x_wconf 87' lang='lat' dir='ltr'>Patriarcha.</span> 
     </span>
     <span class='ocr_line' id='line_1_158' title="bbox 1326 3047 1732 3090; baseline -0.002 -11"><span class='ocrx_word' id='word_1_745' title='bbox 1326 3047 1520 3090; x_wconf 90' lang='lat' dir='ltr'>Euthymius</span> <span class='ocrx_word' id='word_1_746' title='bbox 1544 3047 1732 3079; x_wconf 89' lang='lat' dir='ltr'>Monachus.</span> 
     </span>
     <span class='ocr_line' id='line_1_159' title="bbox 1327 3091 1727 3133; baseline -0.005 -9"><span class='ocrx_word' id='word_1_747' title='bbox 1327 3092 1480 3133; x_wconf 84' lang='lat' dir='ltr'>Evagrius</span> <span class='ocrx_word' id='word_1_748' title='bbox 1504 3091 1727 3124; x_wconf 84' lang='lat' dir='ltr'>Scholasticus.</span> 
     </span>
     <span class='ocr_line' id='line_1_160' title="bbox 1328 3137 1509 3170; baseline -0.011 0"><span class='ocrx_word' id='word_1_749' title='bbox 1328 3137 1509 3170; x_wconf 89' lang='lat' dir='ltr'>Geometer.</span> 
     </span>
    </p>

    <p class='ocr_par' dir='ltr' id='par_1_57' title="bbox 1328 3179 1806 3222">
     <span class='ocr_line' id='line_1_161' title="bbox 1328 3179 1806 3222; baseline -0.008 -9"><span class='ocrx_word' id='word_1_750' title='bbox 1328 3181 1360 3213; x_wconf 92' lang='lat' dir='ltr'>S.</span> <span class='ocrx_word' id='word_1_751' title='bbox 1381 3181 1554 3222; x_wconf 87' lang='lat' dir='ltr'>Gregorius</span> <span class='ocrx_word' id='word_1_752' title='bbox 1575 3179 1806 3212; x_wconf 84' lang='lat' dir='ltr'>Nazianzenus.</span> 
     </span>
    </p>

    <p class='ocr_par' dir='ltr' id='par_1_58' title="bbox 1329 3222 1854 3401">
     <span class='ocr_line' id='line_1_162' title="bbox 1329 3222 1832 3266; baseline -0.006 -9"><span class='ocrx_word' id='word_1_753' title='bbox 1329 3226 1360 3258; x_wconf 91' lang='lat' dir='ltr'>S.</span> <span class='ocrx_word' id='word_1_754' title='bbox 1381 3225 1554 3266; x_wconf 87' lang='lat' dir='ltr'>Gregorius</span> <span class='ocrx_word' id='word_1_755' title='bbox 1577 3222 1832 3256; x_wconf 84' lang='lat' dir='ltr'>Neocaesariens.</span> 
     </span>
     <span class='ocr_line' id='line_1_163' title="bbox 1329 3266 1751 3311; baseline -0.005 -10"><span class='ocrx_word' id='word_1_756' title='bbox 1329 3270 1361 3301; x_wconf 93' lang='lat' dir='ltr'>S.</span> <span class='ocrx_word' id='word_1_757' title='bbox 1382 3269 1554 3311; x_wconf 80' lang='lat' dir='ltr'>Gregorius</span> <span class='ocrx_word' id='word_1_758' title='bbox 1577 3266 1751 3311; x_wconf 78' lang='lat' dir='ltr'>Nyssenus.</span> 
     </span>
     <span class='ocr_line' id='line_1_164' title="bbox 1330 3312 1854 3356; baseline -0.006 -10"><span class='ocrx_word' id='word_1_759' title='bbox 1330 3314 1510 3356; x_wconf 83' lang='lat' dir='ltr'>Hesychius</span> <span class='ocrx_word' id='word_1_760' title='bbox 1532 3312 1854 3355; x_wconf 87' lang='lat' dir='ltr'>Hierosolymitanus.</span> 
     </span>
     <span class='ocr_line' id='line_1_165' title="bbox 1331 3357 1744 3401; baseline -0.005 -11"><span class='ocrx_word' id='word_1_761' title='bbox 1331 3359 1528 3401; x_wconf 84' lang='lat' dir='ltr'>Hippolytus</span> <span class='ocrx_word' id='word_1_762' title='bbox 1549 3357 1744 3390; x_wconf 88' lang='lat' dir='ltr'>Portuensis.</span> 
     </span>
    </p>

    <p class='ocr_par' dir='ltr' id='par_1_59' title="bbox 1330 3401 1834 3489">
     <span class='ocr_line' id='line_1_166' title="bbox 1330 3401 1834 3444; baseline -0.006 -10"><span class='ocrx_word' id='word_1_763' title='bbox 1330 3403 1362 3435; x_wconf 92' lang='lat' dir='ltr'>S.</span> <span class='ocrx_word' id='word_1_764' title='bbox 1384 3403 1523 3444; x_wconf 77' lang='lat' dir='ltr'>ignatius</span> <span class='ocrx_word' id='word_1_765' title='bbox 1546 3401 1766 3435; x_wconf 85' lang='lat' dir='ltr'>Antiochenus</span> <span class='ocrx_word' id='word_1_766' title='bbox 1789 3401 1834 3432; x_wconf 89' lang='lat' dir='ltr'>M.</span> 
     </span>
     <span class='ocr_line' id='line_1_167' title="bbox 1332 3447 1805 3489; baseline -0.006 -10"><span class='ocrx_word' id='word_1_767' title='bbox 1332 3447 1364 3480; x_wconf 89' lang='lat' dir='ltr'>S.</span> <span class='ocrx_word' id='word_1_768' title='bbox 1385 3448 1519 3479; x_wconf 89' lang='lat' dir='ltr'>Ioannes</span> <span class='ocrx_word' id='word_1_769' title='bbox 1543 3447 1805 3489; x_wconf 87' lang='lat' dir='ltr'>Chrysostomus.</span> 
     </span>
    </p>

    <p class='ocr_par' dir='ltr' id='par_1_60' title="bbox 1333 3491 1727 3533">
     <span class='ocr_line' id='line_1_168' title="bbox 1333 3491 1727 3533; baseline -0.003 -10"><span class='ocrx_word' id='word_1_770' title='bbox 1333 3492 1365 3523; x_wconf 91' lang='lat' dir='ltr'>S.</span> <span class='ocrx_word' id='word_1_771' title='bbox 1386 3492 1520 3523; x_wconf 86' lang='lat' dir='ltr'>Ioannes</span> <span class='ocrx_word' id='word_1_772' title='bbox 1544 3491 1727 3533; x_wconf 80' lang='lat' dir='ltr'>Clymacus.</span> 
     </span>
    </p>

    <p class='ocr_par' dir='ltr' id='par_1_61' title="bbox 1334 3536 2026 3655">
     <span class='ocr_line' id='line_1_169' title="bbox 1334 3536 1772 3567; baseline -0.002 0"><span class='ocrx_word' id='word_1_773' title='bbox 1334 3536 1365 3567; x_wconf 92' lang='lat' dir='ltr'>S.</span> <span class='ocrx_word' id='word_1_774' title='bbox 1387 3537 1521 3567; x_wconf 87' lang='lat' dir='ltr'>Ioannes</span> <span class='ocrx_word' id='word_1_775' title='bbox 1544 3536 1772 3567; x_wconf 78' lang='lat' dir='ltr'>Damascenus.</span> 
     </span>
     <span class='ocr_line' id='line_1_170' title="bbox 1335 3578 2026 3621; baseline -0.003 -11"><span class='ocrx_word' id='word_1_776' title='bbox 1335 3581 1500 3621; x_wconf 86' lang='lat' dir='ltr'>Iosephus,</span> <span class='ocrx_word' id='word_1_777' title='bbox 1526 3579 1726 3612; x_wconf 87' lang='lat' dir='ltr'>Iudaicarum</span> <span class='ocrx_word' id='word_1_778' title='bbox 1748 3578 1879 3620; x_wconf 88' lang='lat' dir='ltr'>Antiqq.</span> <span class='ocrx_word' id='word_1_779' title='bbox 1905 3583 2026 3610; x_wconf 88' lang='lat' dir='ltr'>auctor.</span> 
     </span>
     <span class='ocr_line' id='line_1_171' title="bbox 1336 3624 1544 3655; baseline -0.005 0"><span class='ocrx_word' id='word_1_780' title='bbox 1336 3624 1367 3655; x_wconf 91' lang='lat' dir='ltr'>S.</span> <span class='ocrx_word' id='word_1_781' title='bbox 1389 3625 1544 3655; x_wconf 80' lang='lat' dir='ltr'>irenaeus.</span> 
     </span>
    </p>
   </div>
  </div>
 </body>
</html>
