2788 4204
342 371 413 395 nem,
432 367 494 388 sunt
517 362 584 388 sicut
607 361 800 387 conclusiones.
812 358 1010 389 launa-Fi-

343 400 384 425 nis
404 407 456 424 non
474 403 514 424 est
532 402 638 431 propter
657 397 801 425 materiam,
814 395 862 420 sed
879 403 894 420 e
909 399 1010 419 contra-

343 436 393 460 rio.
407 433 643 464 ibid-Quomodo
653 433 687 457 sit
701 432 844 457 necessitas
855 430 880 455 in
898 429 928 454 iis
943 437 1011 462 quae

343 475 406 495 sunt
419 474 525 503 propter
538 468 628 494 finem.
641 467 704 493 ibid.
723 467 787 492 Vide
802 465 1012 491 Marma-Fi—

345 506 386 531 nis
402 506 428 530 in
447 505 615 537 generatione
633 508 674 528 est
693 502 779 527 forma
797 500 900 534 speciei.
920 500 1012 525 ibid.-

344 541 367 566 F
369 541 418 566 inis
436 541 463 565 in
480 540 571 565 ordine
585 537 743 564 executionis
758 541 799 562 est
814 537 941 561 terminus
958 534 1012 560 effi-

346 576 485 606 cientium,
500 575 548 600 sed
561 575 588 599 in
596 574 687 598 ordine
697 572 846 598 intentionis
859 577 900 596 est
909 579 1012 596 earum-

347 611 408 636 dem
423 617 561 636 causarum
571 609 735 642 principium.
746 608 775 637 ΙΙ,
783 615 816 637 rx,
826 616 850 632 κ.

308 646 574 673 Potum—Formae
596 644 749 669 essentiales
773 651 827 668 non
850 650 1013 675 cognoscun-

346 688 390 708 tur
403 682 527 710 intuitive,
542 680 590 705 sed
603 687 650 712 per
664 679 818 704 accidentia:
833 678 904 703 notio
923 686 1013 704 earum

347 718 458 743 habetur
477 724 524 749 per
541 715 611 740 viam
631 722 739 740 sensus:
753 715 896 747 quomodo.
917 715 946 744 11,
959 721 1014 743 xm,

348 753 518 778 s.-Formae
537 756 639 784 praeter
658 758 700 775 res
719 751 858 775 existentes
878 750 1015 775 nominan-

349 793 392 814 tur
405 787 505 820 species
516 787 558 812 vel
574 787 658 812 ideae.
673 786 691 816 1,
707 793 791 817 xxxin,
801 786 952 811 u.—Forma
966 785 1015 810 hu-

350 823 464 849 iusmodi
479 828 582 855 praeter
600 830 643 847 res
663 822 791 851 existens,
809 821 851 846 vel
867 826 908 846 est
927 828 1014 846 exem-

351 860 417 893 plar,
426 859 469 884 vel
483 858 639 891 principium
654 857 838 889 cognoscendi.
851 856 914 881 ibid.
923 870 942 875 -
951 856 1016 881 For-

351 903 395 920 ma
404 894 570 926 exemplaris
580 894 747 918 communius
760 893 829 925 apud
839 892 1015 917 Scholasticos

353 935 379 956 et
398 930 493 955 Divum
508 929 641 954 Thomam
656 928 836 953 denominatur
851 927 921 957 idea,·
936 928 1016 952 altera

352 973 417 991 vero
443 965 528 990 forma
552 964 719 989 communius
743 963 843 995 species
867 963 899 987 ab
923 963 1016 987 iisdem

351 1006 460 1026 vocatur
467 1009 474 1032 ;
499 1001 620 1033 quamvis
644 1005 787 1032 utrumque
808 998 964 1023 vocabulum
984 998 1016 1022 ad

352 1044 434 1062 unam
453 1036 628 1068 eamdemque
647 1043 703 1060 rem
726 1033 920 1064 significandam
940 1041 1017 1058 usur-

353 1077 417 1106 pent
439 1071 602 1104 Philosophi.
622 1070 686 1095 ibid.
703 1083 723 1089 -
741 1070 837 1094 Forma
861 1069 1016 1101 exemplaris

353 1108 450 1133 directe
463 1107 640 1140 cognoscimr;
654 1111 681 1131 et
694 1110 735 1130 est
745 1105 900 1138 principium
910 1104 1017 1129 actionis

353 1148 484 1176 quatenus
497 1147 538 1167 est
555 1142 689 1167 obiectum
708 1141 869 1173 cognitionis,
889 1148 942 1164 non
959 1140 1017 1164 vice

353 1186 439 1204 versa.
459 1178 523 1203 ibid.
541 1192 560 1197 —
577 1178 674 1202 Forma
697 1184 765 1209 quae
789 1176 895 1209 proprie
919 1175 1018 1207 species

355 1214 461 1243 dicitur,
480 1218 521 1238 est
540 1213 656 1238 medium
680 1219 732 1244 quo
757 1210 930 1243 cognoscendi
939 1218 950 1243 ;μ
965 1218 1019 1235 non

356 1254 445 1274 autem
468 1249 599 1274 obiectum
624 1247 697 1280 quod
722 1247 900 1280 cognoscitur,
925 1246 974 1270 nisi
993 1246 1019 1270 in

354 1284 450 1310 reflexa
473 1284 629 1315 cognitione.
649 1283 712 1308 ibid.
730 1297 749 1301 -
767 1282 936 1307 Recentiorea
959 1281 1019 1305 reii-

356 1321 426 1346 ciunt
444 1320 560 1353 speciem
579 1319 630 1344 hoc
649 1326 729 1344 sensu
748 1322 889 1350 acceptam.
909 1316 972 1341 ibid.

281 1407 342 1415 ,J

654 1423 691 1459 G

321 1533 450 1559 eamus
462 1544 500 1550 —-
513 1530 612 1555 Citatur
636 1529 692 1554 eius
718 1536 786 1561 opus
806 1528 849 1554 De
866 1527 942 1553 libris
955 1535 1022 1560 pro-

376 1567 434 1593 riis.
453 1566 472 1596 l,
490 1573 508 1597 ι,
528 1564 551 1591 Θ.

321 1575 481 1630 &amno
491 1616 524 1620 —
535 1601 564 1627 Id
583 1600 655 1634 quod
674 1604 821 1632 generatur,
836 1598 972 1623 deducitur
991 1599 1024 1624 de

311 1668 313 1670 ,
359 1646 413 1664 non
431 1644 488 1663 esse
506 1637 539 1661 ad
557 1644 622 1662 esse.
641 1637 659 1665 l,
679 1643 712 1664 ιν.
731 1644 763 1661 ω.

321 1673 415 1701 Gutus
431 1687 466 1692 —
482 1673 530 1697 Est
548 1680 608 1705 pars
636 1670 815 1704 metaphysica
831 1675 857 1695 et
875 1669 1024 1702 potentialis

357 1708 467 1743 speciei:
486 1707 596 1733 trahitur
609 1707 641 1732 ad
654 1707 768 1739 speciem
783 1713 830 1739 per
843 1705 1024 1732 differentiam.

358 1746 378 1776 Ι,
396 1752 458 1775 xvn,
476 1742 500 1769 ὃ.
519 1751 576 1772 xxv,
595 1742 716 1768 *in-Non
735 1747 776 1767 est
786 1742 947 1775 formaliter
963 1749 1023 1774 spe-

360 1781 429 1809 cies,
448 1779 496 1804 sed
515 1778 679 1804 virtualiter.
698 1779 723 1807 l,
742 1785 802 1807 xvu,
821 1776 845 1802 δ.
857 1791 877 1796 -
889 1778 980 1803 Genus
1000 1782 1026 1802 et

360 1816 463 1850 species
483 1823 536 1840 non
560 1818 760 1840 convertuntur:
780 1811 908 1838 affirmato
928 1820 1026 1847 genere

359 1860 414 1878 non
439 1849 582 1876 affirmatur
600 1850 717 1882 species;
738 1850 797 1874 licet
810 1856 841 1873 ex
855 1848 1025 1874 affirmatione

314 1913 318 1918 ,
359 1886 456 1920 speciei
471 1890 597 1920 sequatur
609 1884 746 1910 affirmatio
759 1884 871 1916 generis.
881 1885 899 1914 1,
909 1892 966 1914 xxv,
978 1892 1027 1909 τ.-

359 1923 451 1949 Genus
474 1922 561 1956 primo
578 1920 683 1954 ponitur
701 1920 727 1945 in
752 1918 901 1945 definitione
921 1919 1026 1952 speciei.

360 1959 380 1990 1,
393 1965 480 1989 xxvm,
494 1956 687 1991 †.-Si'affltur
701 1956 733 1981 de
747 1955 834 1988 specie
848 1955 1026 1986 determinata,

359 2001 413 2020 non
427 1993 564 2025 quodlibet
575 1999 668 2025 genus,
679 1991 726 2021 sed
741 1991 920 2016 immediatum
931 1990 956 2015 in
970 1990 1026 2016 eius

361 2028 511 2058 definitione
525 2027 677 2060 ponendum
692 2031 741 2052 est.
752 2026 835 2051 ibid-
850 2026 920 2057 Quid
934 2026 968 2051 sit
980 2034 1026 2058 ge-

361 2072 412 2092 nus
426 2064 615 2091 immediatum.
635 2062 698 2088 ibid.
707 2076 727 2081 -
736 2062 840 2087 Genera
858 2067 920 2087 sunt
934 2069 1026 2095 supre-

359 2109 417 2134 ma,
432 2100 590 2130 subalterna,
604 2103 630 2123 et
643 2097 742 2123 infima.
752 2098 770 2129 1,
780 2105 824 2128 xn,
839 2106 863 2123 υ.
872 2097 1028 2122 -Dividitur

361 2145 445 2171 genus
473 2136 499 2161 in
518 2134 752 2168 praedicamentale
779 2141 827 2158 seu
852 2133 983 2163 naturale,
1003 2138 1029 2158 et

361 2173 486 2207 logicum.
501 2172 519 2200 l,
533 2178 574 2199 κν,
590 2168 615 2203 β.
627 2169 703 2194 -Est
721 2170 798 2195 etiam
818 2176 901 2201 genus
916 2169 1029 2201 praedi-

351 2209 447 2238 ‚cabile
461 2213 487 2233 et
500 2206 599 2232 scibile.
613 2205 676 2230 ibid.
689 2219 709 2224 —
722 2205 812 2230 Genus
826 2204 972 2229 subiectum
988 2208 1030 2229 est

360 2252 445 2278 genus
469 2242 566 2268 scibile.
586 2240 651 2266 ibid.
663 2254 684 2260 -
695 2240 800 2266 Genera
818 2240 902 2270 logica
916 2247 1029 2273 quomo-

362 2281 398 2306 do
422 2279 475 2306 sint
499 2278 567 2304 entia
585 2277 701 2302 rationis.
721 2276 784 2301 ibid.
798 2276 919 2301 -Genus
943 2276 1029 2308 proxi-

361 2323 438 2342 mum
451 2315 479 2340 in
492 2321 522 2339 se
534 2313 718 2346 complectitur
730 2312 819 2336 omnia
837 2319 934 2344 genera
950 2318 1028 2344 supe-

361 2351 440 2377 riora.
459 2351 478 2380 l,
497 2356 583 2379 mm,
602 2357 628 2380 η.

328 2386 468 2413 canemus
475 2399 513 2405 —
522 2384 664 2415 Quomodo
673 2383 856 2415 interpretetur
864 2386 963 2408 textum
972 2382 1029 2407 Ari-

364 2421 475 2448 stotelis.
493 2421 523 2450 ΙΙ,
541 2427 613 2449 xvm,
633 2417 656 2452 β.

665 2501 702 2538 Η

330 2599 450 2625 ΗΑΒῐτυε
466 2610 500 2617 -
520 2597 619 2623 Dicitur
642 2604 696 2621 uno
722 2595 803 2620 modo
828 2600 900 2620 actus
924 2595 1031 2628 quidam

364 2634 484 2660 habentis
500 2638 525 2659 et
543 2632 632 2658 habiti.
646 2633 665 2662 l,
679 2639 762 2660 xxxvr,
777 2639 830 2656 ο.-
839 2630 939 2656 Dicitur
953 2631 1030 2656 etiam

365 2669 503 2702 dispositio
521 2667 597 2694 firma
616 2672 642 2692 et
659 2666 761 2692 difficile
774 2666 887 2691 mobilis.
900 2666 924 2696 Ι,
937 2674 976 2698 νι,
991 2674 1032 2691 t.-

365 2706 460 2732 utrum
480 2709 506 2730 et
524 2703 661 2737 quomodo
680 2703 713 2727 sit
728 2702 851 2727 naturalis
864 2701 960 2734 aliquis
972 2702 1031 2726 talis

325 2767 329 2771 ,
365 2740 478 2766 habitus.
496 2740 526 2769 ll,
538 2747 579 2770 xx,
592 2747 612 2763 ε.
621 2752 640 2758 -
650 2738 760 2763 Habitus
772 2737 965 2769 cognoscitivus
979 2745 1033 2762 non

324 2780 332 2789 ⁸
365 2782 407 2802 est
429 2775 537 2801 actualis
556 2774 748 2805 consideratio,
770 2773 818 2798 sed
841 2772 976 2805 dispositio
999 2773 1033 2798 ad

367 2820 436 2839 eam.
445 2813 464 2841 l,
478 2818 546 2840 xuv,
557 2819 583 2835 ιι.

330 2848 475 2875 Ηιοιι-
488 2847 528 2872 De
556 2846 612 2871 eius
640 2849 784 2878 systemate
807 2843 964 2868 idealistico:
993 2848 1034 2868 est

365 2890 458 2909 revera
475 2881 693 2915 pantheisticum:
712 2888 766 2913 quo
784 2879 911 2912 principio
929 2878 1034 2904 nitatur.

367 2919 377 2945 1
404 2926 432 2943 tv
458 2927 489 2944 ω.

330 2936 516 2983 ιιιέιιοέπκυε,
536 2951 718 2977 S.—Citatur
736 2950 780 2975 lib.
794 2950 820 2974 v
838 2950 865 2975 in
886 2950 995 2975 Isaiam.
1014 2951 1033 2979 ι,

367 2997 435 3019 xxxv,
452 2987 479 3014 λ.

331 3025 392 3052 Hoc
410 3031 522 3050 aunum
533 3036 568 3041 —
581 3022 706 3054 Designat
722 3020 884 3046 individuum
898 3021 923 3045 in
936 3027 1034 3052 genere

367 3060 537 3086 substantiae.
550 3059 568 3088 Ι,
582 3065 606 3087 x,
622 3055 672 3087 ξ.-
681 3056 750 3087 Quid
764 3057 911 3088 requiratur
923 3060 953 3080 ut
971 3055 1032 3080 sub-

367 3097 464 3122 iectum
483 3094 517 3119 sit
535 3094 585 3119 hoc
602 3092 716 3125 aliquid.
735 3092 799 3117 ibid.
811 3105 831 3110 -
843 3092 918 3122 Quae
936 3090 1033 3124 signifi-

368 3131 495 3157 cantrhoc
512 3129 624 3162 aliquid,
644 3133 706 3153 sunt
724 3128 793 3152 entia
807 3134 860 3159 per
877 3134 914 3152 se.
933 3127 952 3155 1,
971 3134 995 3156 x,
1009 3124 1033 3158 β.

332 3167 413 3194 nouo
427 3181 462 3185 —
477 3166 583 3191 Praeter
600 3164 760 3195 instinctum,
779 3163 875 3196 gaudet
892 3162 1001 3187 ratione.
1015 3163 1034 3191 Ι,

368 3211 387 3234 ι,
405 3201 429 3235 β.
451 3202 493 3236 Cf.
508 3202 603 3226 Rmo.

678 3279 692 3314 Ι

334 3379 398 3405 Inna
411 3393 446 3398 —
465 3378 530 3403 Vide
546 3377 652 3402 Funus.

334 3415 491 3440 marsuas
505 3428 539 3432 —
553 3412 708 3438 ldealismus
727 3415 753 3436 et
776 3410 922 3435 sensismus
941 3417 972 3434 ex
990 3416 1036 3434 eo-

371 3450 432 3475 dem
451 3448 578 3482 principio
596 3447 723 3481 originem
743 3446 850 3471 ducunt.
869 3446 888 3475 l,
906 3453 963 3476 xw,
980 3452 1004 3470 κ,
1017 3458 1037 3464 -

371 3485 541 3515 Idealismus,
566 3488 595 3508 ut
623 3482 759 3508 scientiam
782 3486 902 3512 tueatur,
926 3481 1037 3505 collocat

371 3526 442 3550 extra
461 3525 487 3546 et
509 3527 589 3552 supra
612 3517 758 3548 sensibilia,
784 3516 907 3542 scientiae
931 3520 1036 3541 nostrae

331 3583 334 3586 ,
372 3556 482 3582 obiecta.
495 3555 560 3582 ibid.
972 3576 975 3579 .

337 3592 504 3618 mucium-u
519 3605 551 3610 —-
566 3590 707 3621 Quomodo
729 3587 874 3621 ignorantia
891 3587 1002 3620 positiva
1020 3594 1036 3611 a

371 3627 481 3653 Platone
499 3625 642 3652 definiatur.
662 3626 680 3655 l,
694 3632 772 3654 xxvu,
784 3633 805 3650 ε.
816 3638 836 3644 -
848 3624 908 3648 Non
926 3622 1037 3648 admittit

1114 273 1281 316 INDEX
1311 277 1712 316 ALPHABETICUS

1102 358 1158 390 ipse
1180 357 1335 389 negativam.
1355 357 1418 382 ibid.
1430 371 1450 376 —
1465 356 1625 390 Ignorantia
1645 356 1764 382 Elenchi.

1107 393 1173 418 Vide
1191 394 1406 418 Panatomsnus.

1067 431 1222 455 lunxvmuun
1237 436 1329 454 vasum
1339 443 1372 446 —
1384 429 1443 453 Non
1462 432 1502 453 est
1520 428 1681 453 universale:
1702 427 1766 461 quid

1103 465 1145 489 sit.
1165 466 1183 494 l,
1202 472 1252 493 ινι,
1273 473 1296 489 κ.

1066 501 1192 526 {nunerio
1204 515 1236 519 —
1247 499 1388 530 Quomodo
1401 499 1555 531 procedatur
1567 499 1594 524 in
1608 499 1765 524 inductione.

1103 536 1127 566 Ι,
1146 543 1168 565 1,
1188 544 1210 568 ρ.
1223 549 1243 554 -
1257 536 1316 560 Duo
1335 535 1522 559 universalium
1545 542 1641 567 genera
1659 542 1709 567 ope
1728 535 1766 559 in-

1103 571 1231 596 ductionis
1260 571 1421 603 accipiuntur
1449 570 1480 595 ab
1505 570 1638 595 intellectu
1661 575 1766 600 nostro;

1103 607 1232 632 elementa
1245 607 1400 631 universalia
1414 606 1460 630 sed
1471 606 1624 638 disgregata,
1636 611 1662 631 et
1675 606 1767 631 eadem

1105 642 1250 675 composita
1269 650 1316 675 per
1337 641 1469 666 iudicium.
1488 642 1507 671 l,
1526 649 1581 672 xxx,
1601 640 1625 667 δ.

1068 679 1206 703 lunum-un
1221 692 1254 696 —
1266 676 1396 703 Infinitum
1414 677 1572 709 simpliciter
1584 682 1610 702 et
1621 677 1766 702 secundum

1104 713 1178 746 quid,
1193 721 1240 738 seu
1259 713 1436 745 indefinitum.
1456 714 1475 743 Ι,
1488 720 1592 743 xxxvru,
1608 710 1630 738 Θ.
1642 727 1662 732 -
1674 712 1767 738 lndefi-

1105 749 1157 774 nita
1176 753 1205 773 ut
1223 749 1268 778 sic,
1281 756 1334 773 non
1353 753 1416 773 sunt
1434 748 1539 773 scibilia.
1559 750 1577 777 l,
1590 756 1693 779 xxxvm,
1708 756 1732 773 κ.

1069 785 1230 810 lssnncwn
1244 798 1276 802 —
1288 784 1442 809 Instinctum
1458 784 1491 808 ad
1503 792 1595 815 unum,
1606 785 1676 817 quod
1690 789 1730 809 est
1743 784 1769 808 in

1105 820 1197 850 brutis,
1212 825 1253 844 est
1271 820 1303 844 ad
1316 820 1542 844 conservationem
1561 825 1587 844 et
1606 820 1769 853 propagatio—

1105 863 1174 884 nem,
1188 855 1271 888 magis
1291 862 1371 887 quarn
1391 854 1586 887 perfectionem.
1605 857 1656 886 l,1,
1677 854 1769 888 β.-1η

1106 890 1256 916 hominibus
1276 890 1354 915 etiam
1373 890 1502 915 invenitur
1518 891 1668 916 instinctum
1683 891 1770 923 quoad

1107 927 1210 959 aliquos
1230 931 1312 951 actus.
1332 926 1396 951 ibid.

1072 963 1278 988 Insrnunanwu
1290 975 1324 980 —
1341 961 1424 986 Debet
1442 968 1502 986 esse
1525 962 1660 987 conforme
1680 962 1770 991 utenti,

1108 998 1239 1028 materiae,
1259 1002 1285 1022 et
1302 996 1355 1022 fini.
1375 998 1394 1027 1,
1413 1004 1447 1027 ιν,
1468 1005 1496 1022 π.

1072 1034 1250 1058 lammam-us
1264 1047 1296 1051 —
1308 1033 1464 1061 Intellectus,
1479 1040 1526 1057 seu
1541 1040 1623 1061 mens,
1634 1037 1674 1057 est
1687 1033 1772 1057 incor-

1108 1068 1244 1101 ruptibiliS.
1264 1070 1282 1097 l⁷
1298 1076 1352 1098 x111,
1372 1076 1395 1093 τ.
1409 1082 1427 1087 -
1441 1067 1526 1092 Utitur
1544 1068 1727 1100 imaginatione
1746 1073 1772 1092 et

1108 1104 1332 1137 phantasmatibus
1352 1104 1378 1127 in
1393 1104 1538 1135 cogitando.
1554 1103 1617 1128 ibid.
1631 1118 1650 1122 —
1663 1104 1772 1128 Deordi-

1109 1139 1178 1164 natio
1191 1140 1217 1164 in
1232 1140 1318 1171 ipsum
1328 1139 1456 1163 redundat
1466 1147 1496 1163 ex
1506 1140 1670 1171 corruptione
1679 1139 1772 1163 virium

1109 1175 1302 1200 sensitivamm.
1322 1174 1386 1199 ibid.
1399 1187 1419 1192 —
1435 1174 1575 1206 Cognitum
1595 1179 1636 1199 est
1654 1175 1679 1198 in
1699 1174 1773 1199 intel-

1110 1211 1178 1235 lectu
1197 1209 1409 1234 immaterialiter.
1428 1210 1447 1237 1.
1465 1217 1521 1239 xm,
1542 1218 1565 1234 υ.
1578 1223 1598 1228 -
1611 1209 1774 1240 Intelligibile

1111 1250 1137 1270 et
1155 1252 1203 1269 ens
1222 1248 1415 1268 convertuntur.
1435 1245 1455 1274 1,
1468 1251 1570 1274 xxxvut,
1586 1252 1610 1269 κ.
1622 1258 1641 1264 -
1654 1244 1723 1274 Quid
1743 1245 1775 1269 sit

1110 1279 1243 1305 obiectum
1267 1279 1429 1304 extensivum
1454 1279 1608 1304 intellectus.
1629 1281 1652 1310 Ι,
1671 1287 1774 1310 xxxvm,

1112 1313 1135 1340 θ.
1148 1329 1169 1334 -
1180 1314 1214 1339 Et
1226 1314 1357 1339 obiectum
1373 1314 1517 1347 proprium.
1537 1316 1555 1345 1,
1570 1322 1672 1345 xxxvm,
1687 1313 1710 1340 θ.
1723 1322 1775 1346 xm,

1112 1358 1132 1376 ε.
1141 1350 1309 1375 -Obiectum
1324 1350 1379 1375 eius
1394 1350 1528 1382 proprium
1543 1358 1596 1375 non
1612 1351 1777 1383 cognoscitur

1113 1386 1162 1411 nisi
1181 1393 1228 1419 per
1247 1385 1347 1417 species
1367 1385 1509 1410 abstractas
1529 1393 1543 1410 a
1556 1386 1732 1411 sensibilibus.
1746 1387 1776 1416 ll,

1113 1429 1167 1451 xm,
1186 1429 1206 1446 ε.
1219 1435 1238 1440 -
1250 1421 1370 1453 Cognitio
1382 1420 1562 1446 intellectualis
1584 1421 1715 1454 duplicem
1733 1429 1776 1446 or-

1114 1457 1202 1482 dinem
1227 1456 1317 1486 habet,
1341 1457 1432 1489 quoad
1455 1464 1484 1481 se
1507 1462 1533 1481 et
1557 1457 1647 1489 quoad
1670 1464 1726 1482 nos.
1746 1458 1776 1488 ll,

1113 1500 1165 1523 xw,
1178 1491 1201 1521 ζ.
1210 1505 1230 1512 ·-
1239 1491 1380 1522 Quomodo
1395 1492 1543 1517 intellectus
1562 1497 1587 1517 et
1601 1492 1673 1517 rati0
1687 1492 1777 1517 distin-

1114 1533 1233 1560 guantur.
1247 1527 1265 1557 1,
1284 1535 1302 1558 1,
1315 1535 1339 1561 γ.
1355 1542 1374 1546 -
1387 1527 1446 1552 Νοῐι
1465 1527 1601 1560 designant
1615 1528 1679 1552 duas
1698 1528 1777 1553 facul-

1113 1568 1189 1593 tates,
1199 1563 1246 1588 sed
1256 1563 1308 1587 duo
1321 1561 1405 1588 officia
1419 1562 1538 1588 eiusdem
1549 1563 1684 1588 facultatis.
1696 1564 1779 1588 ibid.-

1119 1599 1184 1624 Vide
1197 1599 1291 1623 Rario.
1300 1612 1319 1617 -
1332 1599 1413 1623 Actus
1428 1598 1574 1623 intellectus
1589 1599 1630 1632 (ut
1643 1599 1777 1631 distingui-

1114 1639 1157 1659 tur
1175 1642 1190 1659 a
1209 1633 1324 1665 ratione)
1338 1639 1399 1658 sunt
1417 1634 1584 1666 intelligentia
1603 1639 1628 1659 et
1646 1634 1778 1660 iudicium.

1114 1671 1140 1700 1,
1158 1677 1182 1700 1,
1201 1677 1225 1703 γ,
1240 1668 1293 1694 8.-
1307 1669 1395 1699 Quare
1409 1670 1553 1702 intelligens
1569 1670 1668 1695 dicatur
1684 1670 1779 1695 melius

1115 1705 1256 1736 dispositus
1278 1713 1358 1737 quam
1382 1705 1476 1730 solens.
1497 1706 1520 1735 l,
1539 1713 1579 1734 vx,
1605 1714 1621 1730 ι.
1638 1719 1658 1724 -
1678 1706 1778 1731 Intelle-

1113 1744 1173 1766 ctus
1192 1739 1272 1773 (νοΰς)
1286 1740 1404 1771 designat
1418 1741 1487 1773 apud
1501 1741 1678 1770 Aristotelem,
1697 1742 1728 1772 ι’,
1744 1741 1780 1766 fa-

1115 1777 1237 1801 cultatem
1255 1775 1424 1800 subiectivam
1443 1776 1552 1806 animae,
1572 1776 1728 1801 denudatam
1748 1777 1779 1801 ab

1115 1812 1188 1836 omni
1216 1816 1274 1836 actu
1302 1815 1328 1836 et
1355 1811 1387 1835 ab
1412 1812 1484 1836 omni
1512 1812 1578 1836 idea.
1597 1813 1622 1842 l,
1641 1819 1732 1842 xxxw,
1756 1820 1780 1837 ο.

1117 1846 1167 1881 (Cf.
1177 1847 1207 1876 ll,
1220 1854 1264 1877 xx,
1284 1846 1340 1879 αα).
1354 1861 1374 1866 -
1392 1848 1419 1871 2·
1430 1865 1437 1877 ,
1453 1847 1571 1879 designat
1584 1850 1673 1872 actum
1688 1853 1780 1880 poten—

1116 1882 1167 1907 tiae
1191 1881 1371 1907 intellectivae.
1386 1882 1450 1907 ibid.
1466 1881 1516 1915 (Cf.
1531 1883 1549 1911 l,
1566 1890 1633 1913 κων,
1653 1891 1676 1908 e.
1697 1883 1726 1913 ll,
1740 1891 1780 1914 xx,

1117 1918 1239 1950 aa).-·ln
1259 1917 1308 1942 hoc
1327 1925 1407 1942 sensu
1432 1923 1472 1942 est
1496 1918 1650 1950 principium
1671 1918 1780 1943 demon-

1116 1953 1246 1978 strationis
1260 1960 1291 1978 ex
1307 1958 1380 1986 parte
1399 1953 1528 1978 scientiae.
1546 1953 1692 1978 ibid-Est
1709 1959 1780 1978 actus

1117 1989 1289 2014 accidentalis.
1311 1989 1374 2013 ibid.
1388 1988 1546 2022 -Significat
1572 1997 1625 2013 non
1646 1989 1781 2020 iudicium,

1116 2025 1164 2049 sed
1180 2023 1415 2057 apprehensionem
1431 2023 1587 2049 definitionis
1604 2024 1667 2049 ibid.
1682 2038 1700 2043 —-
1713 2025 1782 2050 Dici-

1116 2065 1160 2085 tur
1178 2059 1255 2084 etiam
1272 2059 1458 2092 intelligentia,
1473 2059 1623 2085 intellectio.
1635 2060 1782 2085 ibid.-Est

1117 2103 1224 2128 semper
1237 2102 1324 2120 verus.
1343 2095 1435 2120 ibid.-
1446 2094 1479 2125 3⁸,
1494 2102 1574 2127 saepe
1592 2094 1718 2126 significat
1734 2096 1781 2121 ha-

1118 2131 1201 2156 bitum
1222 2131 1366 2163 primorum
1385 2130 1579 2163 principiorum.
1599 2130 1662 2156 ibid.
1682 2131 1738 2163 (Cf.
1757 2132 1781 2160 Ι,

1117 2174 1152 2194 vr.
1164 2175 1181 2192 ι.
1194 2174 1263 2197 xmv,
1275 2175 1300 2191 σ.
1316 2166 1345 2196 ΙΙ,
1359 2174 1399 2195 xx,
1417 2166 1471 2198 aa).
1482 2180 1501 2185 —
1511 2166 1659 2199 Explicatur
1673 2167 1735 2199 quid
1749 2167 1782 2191 sit

1118 2202 1168 2227 iste
1185 2201 1298 2227 habitus.
1318 2202 1342 2232 l,
1362 2209 1401 2231 vr,
1423 2210 1439 2226 ι.
1463 2209 1546 2232 xxxvi,
1561 2202 1710 2232 o.—Quare
1723 2203 1782 2227 talis

1119 2237 1222 2262 habitus
1242 2237 1340 2262 dicatur
1352 2237 1506 2262 intellectus.
1521 2238 1544 2267 l,
1559 2244 1647 2268 xxxvi,
1665 2245 1687 2262 ο.
1703 2252 1723 2256 -
1741 2239 1781 2263 ln-

1118 2274 1238 2300 tellectus
1264 2280 1345 2304 agens
1369 2280 1422 2297 non
1449 2278 1489 2297 est
1516 2272 1619 2297 habitus
1646 2273 1783 2305 principio-

1119 2317 1186 2334 rum.
1206 2309 1240 2338 Π,
1258 2315 1303 2338 xx,
1317 2316 1359 2341 γγ.
1373 2322 1391 2326 -
1410 2308 1467 2332 Vox
1490 2308 1637 2333 intellectus
1655 2307 1782 2341 significa-

1119 2352 1148 2369 re
1166 2349 1253 2376 potest
1271 2344 1349 2368 etiam
1374 2343 1460 2376 ipsam
1479 2351 1536 2368 rem
1560 2343 1729 2369 intellectam.
1749 2345 1782 2374 ll,

1119 2387 1159 2411 xx,
1179 2388 1223 2404 aa.

1083 2417 1333 2441 lurnuoanna—
1348 2414 1418 2446 Quid
1443 2414 1485 2439 sit.
1505 2416 1523 2445 I,
1542 2422 1561 2445 τ,
1581 2423 1605 2448 γ,
1623 2413 1783 2440 8.—-Arabes

1121 2458 1179 2476 eam
1193 2455 1288 2475 vocant
1306 2450 1488 2475 formationem
1507 2451 1549 2475 vel
1575 2450 1783 2483 imaginationem

1121 2494 1168 2519 per
1181 2486 1348 2511 intellectum.
1367 2485 1431 2511 ibid.

1084 2523 1284 2548 lmnnooarlo
1299 2536 1332 2539 —
1347 2520 1457 2546 Fallacia
1481 2521 1696 2554 interrogationis.
1721 2521 1785 2546 Vide

1122 2557 1337 2582 Panammsnus.

1086 2594 1201 2619 loannes
1216 2606 1249 2611 —
1267 2593 1306 2617 De
1325 2592 1440 2625 quodam
1466 2593 1573 2623 Ioanne,
1593 2593 1638 2625 qui
1657 2600 1672 2617 e
1691 2600 1784 2624 graeco

1121 2628 1198 2653 vertit
1215 2628 1340 2653 nonnulla
1358 2628 1505 2653 Aristotelis
1524 2636 1611 2660 opera,
1626 2629 1784 2653 mentionem

1121 2664 1181 2689 facit
1198 2664 1228 2688 B.
1241 2663 1365 2688 Albertus
1383 2663 1502 2696 Magnus.
1521 2664 1539 2694 l,
1558 2671 1623 2693 xxxi,
1640 2673 1670 2698 μ.
1683 2677 1703 2682 -
1717 2664 1785 2688 lnter

1122 2700 1185 2729 alia,
1208 2699 1319 2724 reddidit
1337 2699 1493 2724 Posteriora
1514 2699 1670 2733 AnalytIca.
1689 2699 1753 2724 ibid.
1767 2713 1786 2718 -

1122 2735 1261 2760 Dubitatur
1273 2742 1306 2759 an
1325 2735 1359 2759 sit
1378 2735 1486 2759 loannes
1500 2735 1532 2759 de
1548 2734 1729 2767 Basingstoke,
1743 2734 1785 2759 vel

1123 2771 1189 2795 alius
1213 2770 1398 2803 homonymus.
1420 2770 1484 2795 ibid.
1502 2784 1523 2789 -
1542 2770 1636 2795 Versio
1660 2770 1715 2795 eius
1738 2777 1786 2794 nec

1123 2811 1164 2831 est
1182 2806 1275 2830 eadem
1294 2813 1354 2830 cum
1371 2805 1528 2835 Boethiana,
1546 2813 1594 2830 nec
1613 2813 1674 2830 cum
1689 2810 1786 2830 nostra.

1124 2841 1188 2866 ibid.

1087 2878 1203 2903 lomes
1222 2877 1411 2906 Dauascmms,
1430 2877 1457 2902 S.
1470 2889 1507 2895 -
1520 2876 1618 2901 Citatur
1643 2876 1698 2901 eius
1718 2876 1785 2901 Dia-

1123 2912 1225 2938 lectIca.
1245 2912 1275 2941 Il,
1294 2919 1331 2941 m,
1350 2911 1375 2941 ζ.

1087 2950 1202 2974 lomus
1222 2947 1599 2972 Samsntnussusrs—Citatur.
1618 2947 1708 2980 Pmef.

1087 2985 1208 3009 lumcmu
1219 2998 1252 3002 —
1264 2983 1334 3013 Quid
1353 2983 1394 3007 sit.
1408 2983 1426 3013 Ι,
1440 2990 1458 3013 1,
1471 2991 1495 3016 γ,
1509 2981 1532 3007 δ.
1545 2990 1572 3013 n,
1593 2981 1643 3007 0.-
1652 2982 1699 3006 Est
1713 2989 1784 3006 com-

1122 3019 1238 3051 positum
1266 3019 1387 3050 mentale,
1402 3018 1476 3043 cuius
1499 3025 1555 3043 esse
1574 3023 1614 3042 est
1638 3016 1784 3050 significare

1122 3062 1224 3079 verum.
1248 3055 1273 3084 l,
1292 3062 1326 3084 η,
1351 3052 1519 3086 [3.—Arabes
1547 3053 1669 3078 iudicium
1691 3056 1786 3077 vocant

1123 3089 1308 3115 credulitatem
1326 3089 1368 3114 vel
1384 3089 1480 3121 fidem.
1505 3090 1523 3119 1,
1542 3096 1559 3118 1,
1581 3087 1604 3113 ὃ.
1617 3089 1785 3113 -Ordinatur

1124 3125 1156 3149 ad
1171 3125 1400 3149 ratiocinationem.
1413 3124 1505 3156 Praq‘.

1428 3206 1449 3242 J

1089 3302 1221 3328 Jounmm
1236 3314 1273 3319 —
1287 3301 1384 3326 Citatur
1403 3299 1460 3324 eius
1478 3299 1642 3325 Recherches
1660 3298 1786 3330 critiques

1125 3344 1173 3362 sur
1187 3335 1258 3369 l'dge
1270 3339 1297 3362 et
1308 3335 1433 3368 l'origine
1447 3335 1493 3360 des
1507 3334 1675 3360 traductions
1689 3333 1786 3359 latines

1125 3372 1280 3398 d'Aristote.
1299 3371 1390 3405 Pmef.
1403 3371 1422 3402 1,
1441 3378 1506 3401 xxxi,
1527 3379 1553 3405 μ.

1421 3456 1456 3492 Κ

1088 3550 1283 3575 KANT—Eius
1303 3547 1480 3581 apriorismus
1498 3551 1538 3572 est
1555 3554 1646 3571 revera
1664 3545 1785 3571 subiecti-

1125 3586 1233 3646 vismits.
1252 3585 1274 3616 Ι,
1293 3592 1329 3615 tv,
1347 3592 1381 3609 εε.
1394 3597 1414 3604 -
1427 3583 1524 3608 Citatur
1543 3582 1599 3608 eius
1617 3581 1747 3615 Lag-ique.
1766 3581 1786 3612 l,

1125 3629 1165 3652 xx,
1203 3639 1210 3646 .

2431 277 2508 323 435

2151 356 2183 391 L

1819 461 2026 485 meomnmsxs
2034 474 2071 479 —
2081 460 2211 486 Robertus
2221 462 2418 488 Lincolniensis.
2431 464 2517 489 Citan-

1856 501 1898 520 tur
1917 497 1972 520 eius
1989 496 2137 520 Comment.
2151 496 2176 520 in
2191 497 2271 521 libros
2288 497 2478 524 Posteriorum.
2498 499 2517 530 1,

1856 539 1906 561 xm,
1926 539 1950 556 τ.
1969 531 1998 561 ΙΙ,
2018 538 2055 562 111,
2074 531 2098 560 ζ.
2117 539 2170 563 vm,
2190 540 2215 565 γ.

1821 567 1908 591 Lmsa
1918 580 1951 585 -—
1963 566 2114 599 Concipitur
2125 572 2153 592 ut
2167 567 2250 592 fluxus
2264 568 2351 600 puncti
2366 574 2392 594 et
2406 570 2437 594 ad
2451 577 2517 603 pun-

1858 607 1929 627 ctum
1945 603 2096 627 terminans.
2116 603 2146 634 ll,
2160 611 2194 634 xt,
2207 611 2231 637 γ.
2245 617 2265 622 -
2279 604 2306 628 ln
2319 611 2349 629 ea
2362 605 2410 629 tria
2428 605 2518 630 distin-

1858 642 1979 670 guuntur.
1999 638 2062 662 ibid.

1821 673 2089 698 Loemus—Docuit
2112 681 2200 698 rerum
2220 674 2346 699 essentias
2365 682 2425 700 esse
2443 676 2519 701 nobis

1858 708 1960 740 penitus
1975 709 2085 740 ignotas.
2099 710 2117 740 1,
2131 717 2165 740 lv,
2180 707 2246 734 δδ.-
2259 711 2333 741 ltem,
2348 710 2519 737 substantiam

1859 751 1919 768 esse
1938 744 2118 768 collectionem
2137 745 2314 770 accidentium.
2334 746 2397 771 ibid.

1823 779 1927 804 Looica
1941 794 1974 798 —
1989 779 2052 814 Eius
2070 781 2212 805 necessitas
2231 785 2257 805 et
2275 781 2358 813 origo.
2377 783 2402 812 1,
2420 789 2444 813 1,
2464 780 2488 815 β.
2501 796 2521 802 ·-

1859 814 1906 839 Est
1925 815 1957 839 de
1981 815 2214 840 universalitatibus
2238 821 2265 841 et
2288 816 2481 843 intentionibus.
2501 819 2520 848 1,

1859 857 1916 879 xvi,
1936 858 1959 874 κ.

1824 886 1880 910 Lux
1891 899 1923 903 —
1936 885 2048 910 Extense
2063 885 2189 918 significat
2202 894 2281 912 omne
2295 888 2320 912 id
2331 889 2402 920 quod
2412 889 2521 914 manife-

1861 925 1920 945 stat.
1931 922 1949 949 Ι.
1959 928 2041 951 xxxvr,
2052 929 2075 946 o.
2085 929 2135 951 xm,
2146 930 2168 946 υ.
2177 936 2197 941 -
2207 923 2347 953 Quomodo
2366 923 2520 955 intellectus,

1860 956 1967 986 veritas,
1989 962 2014 981 et
2037 957 2123 989 ipsum
2150 958 2308 990 intelligibile
2331 959 2448 984 dicantur
2469 960 2520 985 lux.

1862 991 1944 1016 ibid.-
1954 992 2010 1017 Ens
2025 998 2065 1017 est
2077 993 2160 1025 prima
2173 994 2217 1018 lux
2231 994 2365 1019 obiectiva.
2376 995 2394 1026 l,
2404 1002 2487 1027 xxxw,
2497 1004 2522 1021 ο.

2152 1098 2196 1134 Μ

1827 1203 1919 1227 Maior.
1929 1217 1962 1221 —
1974 1203 2054 1227 Maior
2068 1204 2197 1229 terminus
2216 1205 2248 1230 ab
2264 1205 2406 1233 Aristotele
2418 1214 2444 1234 et
2457 1210 2524 1235 Divo

1864 1237 1968 1263 Thoma
1995 1239 2138 1271 appellatur
2157 1241 2286 1272 primum.
2311 1243 2333 1272 Ι,
2351 1251 2395 1274 xx,
2413 1253 2434 1269 ε.
2458 1245 2525 1270 Vide

1865 1273 2002 1298 lix-mann.
2008 1287 2027 1293 ·-
2033 1274 2115 1299 Maior
2120 1276 2271 1308 propositio
2281 1279 2436 1311 syllogismi,
2444 1289 2524 1313 quae-

1866 1316 1927 1333 nam
1941 1309 1981 1333 sit.
2001 1310 2024 1339 l,
2039 1317 2097 1340 vlu,
2113 1311 2254 1344 p.-Maior
2268 1315 2411 1346 propositio
2426 1317 2523 1349 praeci-

1866 1351 1918 1376 pue
1936 1349 1996 1368 sunt
2015 1345 2138 1378 principia
2156 1347 2400 1375 indemonstrabilia.
2411 1352 2428 1381 1,
2445 1360 2484 1383 xx,
2504 1361 2524 1377 ε.

1830 1379 1955 1404 Mart-:ma
1966 1394 1999 1397 —
2011 1380 2070 1410 Quo
2081 1388 2161 1405 sensu
2172 1382 2269 1407 dicatur
2279 1383 2414 1417 infinita.l‚
2423 1394 2526 1417 xxxvm,

1867 1412 1889 1439 0.
1902 1428 1922 1433 -
1938 1415 2046 1439 Nonnisi
2075 1415 2172 1441 formas
2202 1420 2331 1444 naturales
2351 1426 2438 1453 potest
2461 1424 2526 1447 acci-

1867 1457 1937 1482 pere.
1957 1450 2020 1475 ibid.
2032 1451 2232 1484 —Comparatur
2251 1454 2282 1478 ad
2301 1454 2412 1481 formam
2430 1462 2459 1482 ut
2477 1458 2526 1483 irn-

1867 1485 2010 1518 perfectum
2030 1487 2061 1515 ad
2081 1488 2232 1519 perfectum.
2250 1491 2279 1520 11,
2294 1497 2327 1520 1x,
2342 1490 2363 1516 0.
2376 1506 2395 1510 -
2407 1493 2526 1518 Necessi-

1867 1526 1906 1545 tas
1926 1522 1982 1546 eius
2001 1522 2084 1547 oritur
2101 1531 2132 1548 ex
2150 1523 2210 1549 fine.
2230 1526 2252 1554 Ι,
2270 1533 2337 1557 x1.11,
2356 1525 2378 1551 δ.
2392 1541 2412 1546 -
2423 1529 2527 1554 Materia

1868 1557 2014 1582 communis
2039 1563 2064 1582 et
2083 1558 2271 1585 individualis.-
2294 1563 2425 1588 sensibilis
2444 1569 2469 1588 et
2488 1565 2527 1589 in-

1868 1593 2021 1626 telligibilis.
2040 1594 2063 1624 1,
2086 1601 2142 1625 x1.1,
2166 1594 2189 1623 ζ.
2201 1609 2220 1614 -
2233 1597 2379 1622 Intellectus
2404 1598 2529 1625 abstrahit

1869 1629 1984 1660 speciem
1999 1629 2035 1653 rei
2046 1630 2168 1655 naturalis
2183 1638 2197 1655 a
2208 1633 2315 1657 materia
2329 1634 2444 1659 sensibili
2457 1635 2527 1660 indi-

1869 1664 1979 1694 viduali,
1991 1672 2043 1688 non
2057 1672 2120 1689 vero
2133 1673 2148 1690 a
2161 1668 2304 1692 communi.
2319 1668 2381 1693 ibid.
2390 1682 2410 1687 -
2423 1670 2528 1702 Species

1869 1699 2065 1724 mathematicae
2081 1701 2266 1727 abstrahuntur
2279 1703 2354 1728 etiam
2368 1712 2383 1729 a
2394 1706 2529 1731 communi

1869 1735 1993 1764 sensibili,
2005 1743 2057 1760 non
2067 1741 2154 1761 autem
2168 1737 2200 1761 ab
2214 1738 2375 1772 intelligibili
2387 1742 2528 1772 communi,

1871 1771 1991 1803 quamvis
2003 1771 2035 1795 ab
2046 1771 2198 1804 intelligibili
2212 1773 2372 1799 individuali
2381 1775 2530 1801 abstrahan-

1870 1811 1919 1831 tur.
1940 1806 2031 1831 ibid.—-
2046 1806 2179 1837 Quaedam
2195 1814 2256 1833 sunt
2274 1817 2341 1842 quae
2360 1817 2471 1843 possunt
2485 1813 2529 1837 ab-

1870 1841 1951 1906 {trahi
1970 1842 2047 1866 etiam
2066 1843 2098 1867 ab
2117 1843 2270 1876 intelligibili
2291 1847 2432 1872 communi.
2447 1847 2465 1878 l,
2479 1855 2529 1878 xm,

1892 1896 1899 1908 ,
1919 1886 1942 1902 υ.

1835 1913 2032 1938 Marsum-rica
2048 1927 2081 1931 —
2098 1914 2190 1944 Quoad
2214 1921 2330 1941 nostram
2355 1918 2529 1949 cognitionem

1871 1949 2022 1980 naturalem,
2036 1953 2076 1973 est
2094 1949 2120 1974 in
2139 1958 2245 1975 summo
2264 1952 2423 1978 certitudinis
2437 1955 2529 1986 gradu.

1870 1985 1889 2013 l,
1907 1991 1975 2014 xxvi,
1995 1982 2018 2016 β.

1835 2019 1949 2044 Maximis
1966 2033 2002 2038 —-
2020 2020 2153 2052 Sylvester
2171 2021 2285 2047 Maurus.
2304 2022 2402 2048 Citatur
2420 2024 2475 2049 eius
2486 2032 2529 2049 ex-

1870 2055 1984 2087 planatio
2003 2055 2120 2087 Operum
2138 2056 2294 2082 Aristotelis.
2313 2059 2331 2089 1,
2350 2066 2393 2089 xn,
2413 2057 2435 2091 β,
2455 2058 2478 2084 Θ.

1834 2091 1942 2115 Manum
1953 2105 1986 2108 —
1996 2091 2037 2115 Ad
2055 2092 2117 2123 quid
2139 2093 2292 2124 requiratur.
2302 2094 2320 2124 l,
2333 2101 2382 2124 xlx,
2395 2102 2420 2126 η.
2428 2108 2447 2114 -
2458 2095 2530 2120 Licet

1871 2126 1989 2151 videatur
2013 2127 2084 2159 quod
2112 2127 2195 2159 possit
2222 2129 2343 2161 appellari
2370 2131 2529 2161 secundum,

1871 2161 1935 2186 haec
1954 2167 2040 2186 tamen
2059 2162 2154 2187 locutio
2173 2171 2224 2187 non
2240 2169 2280 2188 est
2294 2169 2396 2197 recepta
2409 2165 2434 2198 in
2454 2166 2530 2190 scho-

1872 2197 1913 2222 lis.
1932 2198 1954 2226 1,
1973 2205 2013 2227 xx,
2032 2205 2052 2221 ε.
2064 2211 2083 2216 -
2095 2199 2123 2223 ln
2142 2199 2302 2231 syllogismis
2323 2200 2531 2226 demonstrativis

1871 2239 1889 2257 a
1903 2232 2002 2264 priori,
2023 2233 2138 2258 medium
2158 2239 2198 2258 est
2217 2242 2294 2259 causa
2313 2236 2497 2261 conclusionis.
2511 2238 2530 2268 1,

1871 2275 1944 2298 xxvt,
1963 2267 2015 2296 ζ.-
2033 2268 2092 2293 Non
2111 2274 2151 2293 est
2170 2277 2247 2295 causa
2266 2269 2394 2302 efficiens,
2413 2272 2460 2296 sed
2479 2272 2531 2296 for-

1873 2303 1958 2328 malis.
1977 2305 2012 2334 ll,
2030 2311 2054 2334 1,
2074 2312 2099 2328 α.
2113 2318 2133 2323 —-
2146 2304 2266 2330 Definitio
2285 2306 2427 2339 passionis,
2446 2308 2530 2340 qualis

1874 2339 2102 2364 demonstrationis
2117 2340 2151 2364 sit
2165 2341 2289 2366 medium.
2303 2343 2332 2372 ΙΙ,
2346 2349 2363 2372 1,
2378 2350 2421 2367 αα.
2430 2357 2450 2361 -
2459 2343 2532 2368 Den-

1872 2381 1934 2400 sare
1952 2380 1978 2399 et
1995 2378 2173 2407 augmentare
2190 2377 2283 2401 media.
2304 2378 2322 2406 l,
2341 2385 2408 2408 xxvx,
2423 2377 2446 2407 ζ.

1837 2410 2016 2435 Menona-rm
2026 2424 2060 2429 —
2071 2410 2133 2435 Eius
2151 2411 2291 2437 obiectum.
2306 2413 2334 2442 ΙΙ,
2349 2420 2388 2442 xx,
2404 2422 2419 2442 ι,
2432 2422 2453 2438 ν.
2462 2415 2531 2439 —ln-

1874 2450 1914 2470 est
1933 2451 1959 2470 et
1983 2445 2132 2471 hominibus
2158 2452 2183 2471 et
2201 2447 2292 2472 brutis.
2313 2449 2347 2479 ll,
2367 2456 2411 2479 xx,
2432 2457 2448 2473 ι.
2462 2463 2481 2468 -
2494 2449 2533 2473 Ex

1873 2486 1946 2514 parte
1966 2482 2151 2506 memorativae
2169 2482 2249 2507 homo
2268 2483 2352 2508 differt
2370 2491 2384 2508 a
2403 2484 2485 2509 brutis
2506 2485 2532 2509 in

1874 2517 1924 2541 hoc
1942 2517 2014 2549 quod
2033 2516 2111 2542 habet
2129 2518 2369 2544 reminiscentiam.-
2387 2520 2449 2552 quid
2467 2520 2532 2544 haec

1875 2552 1916 2577 sit.
1930 2552 1992 2577 ibid.
2002 2552 2197 2578 -Memorativa
2211 2553 2236 2578 in
2251 2554 2356 2579 homine
2366 2563 2417 2579 non
2432 2555 2532 2587 attingit

1874 2595 1956 2613 unum
1983 2595 2122 2613 commune
2140 2588 2166 2612 in
2186 2589 2369 2615 intentionibus
2388 2598 2454 2623 quas
2472 2598 2531 2623 per-

1874 2623 1943 2656 cipit.
1962 2624 1992 2654 ll,
2011 2631 2050 2655 xx,
2070 2632 2091 2648 ν.

1838 2659 2031 2684 Matar-mmet
2042 2674 2074 2677 —
2085 2659 2223 2685 Obiectum
2237 2660 2293 2686 eius
2313 2665 2353 2685 est
2367 2668 2413 2686 ens
2432 2666 2457 2686 et
2465 2669 2531 2694 pas·-

1875 2695 1962 2720 siones
1981 2695 2057 2720 entis.
2077 2696 2094 2725 1,
2114 2703 2141 2726 n,
2154 2704 2179 2727 η.
2193 2704 2253 2726 xvn,
2273 2697 2412 2725 m—Varia
2426 2697 2531 2721 nomina

1876 2731 1971 2764 quibus
1992 2730 2136 2762 insignitur.
2156 2732 2173 2760 1,
2193 2739 2220 2762 n,
2239 2740 2263 2763 η.
2276 2744 2295 2750 —-
2310 2732 2448 2762 Quomodo
2463 2740 2477 2757 a
2490 2740 2531 2756 re-

1876 2766 2030 2791 centioribus
2040 2766 2176 2798 accipiatur
2186 2771 2211 2791 et
2221 2766 2356 2791 dividatur.
2367 2768 2454 2792 ibid.—
2466 2768 2532 2792 Vide

1875 2802 2009 2826 Scmnrm.

1839 2837 1930 2862 Minoa
1939 2851 1973 2856 —-
1984 2837 2068 2861 Minor
2081 2837 2210 2862 terminus
2229 2837 2260 2862 ab
2269 2838 2407 2863 Aristotele
2426 2843 2452 2863 et
2464 2838 2529 2862 Divo

1875 2872 1977 2897 Thema
2002 2873 2145 2904 appellatur
2167 2873 2283 2898 tertium.
2306 2874 2329 2902 l,
2351 2881 2396 2904 xx,
2420 2882 2439 2898 ε.
2468 2873 2532 2898 Vide

1875 2908 2010 2932 Exi-mma.
2033 2921 2053 2926 -
2072 2908 2156 2932 Minor
2178 2908 2330 2940 propositio
2363 2908 2528 2941 syllogismi,

1848 2957 1853 2959 <
1874 2950 2002 2976 quaenam
2022 2943 2064 2967 sit.
2083 2944 2101 2973 1,
2114 2951 2173 2972 vm,
2193 2951 2216 2976 ρ.

1838 2979 1931 3003 Morus
1947 2993 1980 2996 —
1994 2978 2080 3002 Motus
2104 2978 2167 3003 coeli
2192 2979 2322 3004 circularis
2347 2979 2481 3011 quomodo
2499 2978 2533 3003 sit

1875 3022 1954 3039 causa
1972 3014 2143 3038 circulationis
2163 3014 2188 3039 in
2207 3014 2415 3047 generationibus
2434 3022 2531 3045 rerum,

1875 3050 2015 3083 explicatur
2033 3056 2063 3074 ex
2081 3049 2228 3075 Aristotele.
2248 3051 2282 3081 ll,
2301 3057 2344 3080 xn,
2363 3058 2389 3074 α.

2163 3134 2201 3171 Ν

1839 3227 1996 3252 Numam
2011 3240 2044 3244 —
2060 3225 2199 3255 Quomodo
2223 3226 2250 3250 in
2268 3226 2305 3251 eis
2325 3226 2359 3251 sit
2380 3226 2531 3251 necessitas.

1875 3263 1894 3292 1,
1909 3270 1969 3292 XLII,
1983 3260 2005 3286 δ.
2019 3275 2039 3280 -
2052 3262 2080 3286 In
2100 3260 2246 3286 definitione
2260 3269 2350 3286 eorum
2367 3261 2495 3286 invenitur
2507 3262 2533 3286 id

1874 3297 1946 3329 quod
1964 3301 2005 3321 est
2022 3296 2198 3321 necessarium
2217 3302 2322 3329 propter
2334 3296 2422 3321 finem.
2441 3297 2534 3322 ibid.—

1875 3332 1952 3365 Opus
1966 3337 2007 3356 est
2024 3332 2050 3356 in
2069 3339 2160 3356 eorum
2175 3331 2322 3357 definitione
2335 3339 2432 3365 ponere
2445 3337 2533 3364 partes

1876 3375 2029 3392 communes
2048 3367 2178 3392 materiae.
2199 3367 2261 3392 ibid.

1839 3403 2071 3428 Nxcassanmu—
2087 3402 2156 3433 Quid
2175 3403 2215 3427 sit.
2235 3404 2253 3434 1,
2272 3410 2338 3432 nn,
2357 3401 2407 3427 ’6.-
2422 3402 2470 3427 Est
2487 3402 2534 3427 ab·

1875 3438 1991 3463 solutum
2017 3443 2043 3463 et
2065 3438 2272 3471 hypotheticum.
2293 3438 2356 3463 ibid.
2369 3451 2387 3456 -
2401 3438 2534 3468 Quaerere

1874 3479 1962 3498 utrum
1987 3474 2013 3498 in
2030 3474 2109 3498 rebus
2132 3474 2165 3498 sit
2183 3473 2359 3498 necessarium
2384 3473 2535 3506 simpliciter

1876 3514 1921 3534 aut
1945 3517 1975 3534 ex
1999 3509 2192 3541 suppositione,
2217 3509 2279 3533 nihil
2298 3509 2366 3533 aliud
2394 3513 2435 3533 est
2453 3516 2534 3541 quam

1876 3552 2002 3578 quaerere
2015 3549 2103 3569 utrum
2117 3544 2257 3569 necessitas
2273 3544 2416 3569 inveniatur
2434 3551 2464 3569 ex
2482 3542 2534 3568 fine

1877 3585 1921 3605 aut
1945 3588 1975 3605 ex
1998 3580 2112 3605 materia.
2134 3579 2311 3605 ibid.—-Vide
2334 3581 2532 3607 AamlctuJA,

1876 3615 1963 3646 Fixus,
1982 3616 2120 3645 Marma,
2139 3615 2306 3641 Nar-umen.
