2548 4192
227 286 273 311 m
1211 253 1416 291 INDEX

509 344 734 372 DISSERTATIO
754 339 1003 368 DECIMASEXTA.

226 413 267 438 De
280 410 432 444 praecipuis
447 409 571 433 Summae
589 404 760 437 neologicae
774 400 940 428 editionibus,
954 405 1013 423 cum
1029 395 1184 434 mendorum
1199 399 1288 418 corre-

277 447 377 473 ctione:
399 446 481 477 deque
511 442 626 476 genuino
649 439 764 465 eiusdem
793 439 870 462 textu
899 440 1032 466 nunquam
1051 434 1078 456 et
1097 436 1218 462 nuspiam
1242 427 1287 453 de-

272 485 399 516 pravato.

391 522 395 526 “
684 515 787 538 CAPUT
801 515 819 535 Ι.

225 560 422 596 Typographiae
440 557 533 582 menda
551 556 652 587 aliaque
670 554 695 578 id
714 560 796 585 genus
816 550 976 578 indicantur,
1000 546 1107 586 quaein
1121 548 1238 569 vetustas
1258 550 1287 567 ac

278 598 422 622 Romanam
437 593 495 618 anni
510 591 574 624 1570
591 590 715 615 editiones
730 588 896 619 irrepserunt.
914 585 941 608 In
956 591 986 607 ea
1000 582 1102 606 mendis
1122 579 1287 620 expurganda

277 630 404 657 Francisci
429 628 535 654 Garciae
553 626 686 651 studium:
712 623 882 654 eiusdemque
904 619 965 644 vitia
991 617 1135 642 nonnulla:
1159 615 1287 639 Dominici

278 666 386 693 Nicolini
404 662 556 698 typographi
574 660 665 685 Veneti
692 657 837 683 oscitantia:
858 654 987 687 diligentia
1005 660 1068 678 vero
1096 652 1208 676 Cosmae
1231 650 1287 708 Μοᾷ

278 703 354 728 telles
378 719 385 726 .
1115 693 1183 719 pag.
1221 692 1270 710 ccx

225 774 298 799 Nova
312 773 410 796 Romae
424 777 438 793 a
457 766 581 799 Gregorio
599 733 900 789 DonatgAc‘iitgganeditio.
924 758 1126 784 Lovaniensium
1150 757 1287 781 doctorum

278 813 303 833 et
321 804 492 832 Duacensium
511 800 703 827 emendationes
727 803 753 823 et
771 802 860 822 notae:
876 803 988 829 quarum
1007 792 1287 834 aliqualem-examen

276 847 388 868 vocatae.
408 837 558 864 Parisiensis
578 836 679 860 Ioannis
699 833 794 860 Nicolai
809 831 950 857 accuratior
968 830 1059 870 editio:
1079 828 1149 869 quid·
1165 835 1191 868 ¹.¹¹
1206 834 1236 851 ea
1249 834 1287 850 vi-

277 878 330 903 deri
344 876 427 910 possit
440 875 526 899 minus
541 872 616 897 laude
631 871 738 903 dignum
752 869 885 894 indicatur.
911 866 1044 899 Regina1d1
1059 865 1178 889 Lucartm
1197 869 1286 887 emen-

278 913 392 939 dationes
411 910 511 943 aliquae
529 914 656 941 expensae
675 911 700 931 et
719 909 846 930 correctae
866 918 1093 928 ......
1133 909 1146 922 ›
1211 905 1287 922 ccxvi

675 946 779 970 CAPUT
792 946 831 968 111.

223 983 436 1011 Accuratissimae
454 979 580 1005 editiones
595 977 732 1002 Patavinae
751 976 830 1000 duae:
846 981 913 1007 quae
931 973 1041 998 invicem
1060 974 1243 1012 comparantur
1261 972 1288 992 et

277 1019 462 1053 expenduntur.
481 1014 676 1040 Emendatiores
692 1012 773 1037 curari
792 1011 876 1036 adhuc
889 1013 1008 1042 possunt.
1024 1007 1188 1047 Novissimae
1202 1011 1287 1029 corre-

277 1056 374 1081 ctiones
391 1053 509 1078 Thomae
523 1050 671 1075 Madalenae
686 1047 791 1073 Ordinis
811 1046 1032 1074 Praedicatorum,
1047 1050 1107 1068 cum
1126 1040 1287 1066 ammadver-

277 1091 393 1117 sionibus
419 1096 1089 1114 ................
1128 1088 1141 1101 »
1191 1083 1287 1101 ccxvni

679 1124 782 1147 CAPUT
796 1123 837 1146 1v.
1042 1149 1048 1155 ·
1069 1149 1074 1155 ⁸
1178 1147 1184 1153 .
1200 1147 1206 1153 ’

223 1164 314 1196 Neque
327 1161 435 1186 indicata
449 1157 542 1183 menda
556 1156 630 1189 plura
640 1162 707 1188 quae
721 1155 883 1187 irrepserant,
891 1158 976 1184 neque
991 1149 1117 1190 adhibitae
1131 1156 1146 1172 a
1159 1155 1222 1172 viris
1241 1154 1287 1179 pe-

276 1196 404 1223 ritissimis
420 1193 620 1222 emendationes,
634 1192 714 1216 ullam
730 1197 846 1222 unquam
862 1188 887 1212 in
902 1191 1152 1225 praestantissimum
1163 1184 1287 1224 Summae

276 1231 448 1264 Theologicae
462 1237 529 1263 opus
544 1228 736 1261 corruptionem
750 1226 875 1250 invexere.
886 1222 988 1248 Ioannis
1003 1220 1145 1246 Bromiardi
1160 1224 1287 1244 sententia

278 1268 404 1302 quaedam
423 1265 573 1299 expenditur
601 1274 1095 1288 ............
1133 1266 1147 1279 ι
1221 1262 1287 1279 ccxx

655 1304 758 1328 CAPUT
771 1303 802 1325 V.
1106 1328 1112 1334 ·

224 1340 432 1375 Propitiatorium
450 1339 531 1362 Areae
550 1336 575 1361 in
594 1335 709 1368 quodam
733 1334 857 1358 Summae
875 1332 933 1356 loco
952 1330 1044 1355 dicitur
1063 1329 1194 1362 lapideum
1213 1327 1287 1360 prelo

277 1381 384 1403 errante.
403 1373 564 1407 Theophilus
584 1370 742 1404 Raynaudus
761 1368 884 1394 refellitur
911 1383 1095 1392 .....
1134 1374 1147 1387 ι
1212 1370 1287 1388 ccxxl

489 1432 714 1460 DISSERTATIO
733 1429 1018 1456 DECIMASEPTIMA.

225 1502 266 1527 De
280 1498 416 1533 Opusculis
428 1496 513 1522 sancti
526 1495 640 1520 Thomae
649 1492 790 1526 Aquinatis
804 1490 951 1525 generatim
959 1498 967 1513 :
982 1493 1038 1515 tum
1049 1496 1111 1514 uero
1122 1489 1155 1514 de
1163 1488 1286 1522 singulis,

280 1537 379 1561 Contra
391 1539 494 1559 errores
511 1532 674 1556 Graecorum
687 1528 725 1554 ad
741 1528 875 1553 Urbanum
890 1527 1022 1557 Quartum
1031 1533 1039 1548 .·
1054 1525 1168 1558 itemque
1185 1525 1287 1550 Contra

280 1573 403 1599 Graecos,
421 1570 550 1593 Armenes
559 1570 585 1591 et
600 1566 747 1590 Saracenos
761 1564 797 1589 ad
820 1564 960 1588 Cantorem
979 1561 1181 1587 antiochenum.-
1204 1560 1287 1594 deque

277 1607 391 1641 genuino
413 1603 571 1636 Compendio
593 1600 751 1634 Theologiae
773 1600 909 1632 alteroque
927 1597 1071 1631 supposito.

687 1650 789 1674 CAPUT
803 1651 821 1672 1.

225 1697 370 1722 Censorum
393 1692 566 1727 quorumdam
589 1690 711 1716 iudicium
735 1690 767 1714 de
786 1696 896 1714 numero
919 1688 1130 1721 Opusculorum,
1150 1694 1219 1720 quae
1237 1686 1288 1711 sub

277 1731 381 1756 nomine
400 1729 478 1754 sancti
497 1728 614 1752 ‘rhomae
633 1726 791 1759 prodierunt.
811 1724 955 1749 Resellitur.
975 1723 1109 1748 Editiones
1129 1723 1231 1756 aliquae
1245 1730 1288 1747 ex-

278 1767 425 1801 penduntur
1133 1769 1145 1782 »
1194 1765 1288 1783 ccxxm

465 1777 1093 1789 ···············

225 1837 359 1864 Genuinus
377 1834 513 1868 Aquinatis
527 1833 611 1858 foetus
625 1837 666 1858 est
678 1802 842 1865 8333}le
857 1831 952 1856 Contra
967 1838 1067 1856 errores
1083 1830 1242 1856 Graecorum
1257 1831 1290 1856 ad

278 1874 412 1899 Urbanum
431 1871 572 1901 Quartum:
590 1868 710 1893 Auctoris
730 1868 876 1893 consilium.
891 1867 1010 1900 imperita
1033 1871 1059 1892 et
1073 1867 1226 1900 imprudens
1241 1867 1290 1892 Ca—

279 1909 358 1935 simiri
381 1906 477 1932 Oudini
500 1913 610 1931 censura
632 1903 763 1930 refellitur.
787 1904 853 1928 Mala
876 1902 941 1928 fides
965 1903 1067 1928 loannis
1092 1902 1219 1934 Launoii,
1244 1904 1289 1937 qui

279 1946 426 1970 Romanum
445 1940 595 1967 Pontificem
615 1941 786 1966 adclamatum
806 1939 831 1964 in
851 1940 958 1972 Synodo
977 1939 1183 1965 Calchedonensi
1203 1940 1290 1965 Oecu-

279 1981 408 2006 menicum
427 1977 551 2003 inficiatur
561 1992 1099 2002 .............
1137 1985 1152 1999 ι

226 2052 391 2086 Opusculum
410 2053 497 2074 contra
516 2048 642 2078 Graecos,
661 2017 836 2072 Aqqntzqgsng}
855 2046 996 2071 Saracenos
1025 2047 1056 2071 ad
1085 2047 1224 2072 Cantorem
1244 2055 1290 2072 an—

278 2087 440 2113 tiochenum:
455 2085 563 2117 eiusque
582 2091 672 2116 graeca
686 2083 779 2108 versio.
800 2082 937 2116 Specimen
952 2082 1079 2113 eiusdem,
1094 2083 1120 2108 in
1135 2090 1221 2116 eoque
1235 2091 1289 2108 ser-

276 2128 335 2149 vata
357 2121 495 2147 methodus
518 2120 550 2144 ad
573 2124 687 2144 errantes
711 2119 888 2144 revincendos.
914 2118 1051 2143 Refutatur
1073 2119 1157 2144 iacobi
1181 2119 1290 2144 Brukeri

278 2166 388 2184 censura
1138 2163 1152 2179 ι
1199 2162 1291 2181 ccxxvl

1207 1983 1291 2002 cmv

427 2172 1099 2182 ----------------

226 2229 415 2263 Compendium
429 2227 594 2259 Theologiae,
609 2197 918 2260 ςυὲἓξῐῐιξρίῐὲᾊειενηί
931 2226 1021 2251 Patris
1034 2226 1142 2252 verbum
1157 2232 1290 2252 auctorem

278 2266 354 2291 habet
372 2269 488 2290 sanctum
503 2263 640 2288 Thomam.
660 2263 699 2287 Ab
714 2270 746 2287 eo
761 2267 786 2287 et
800 2263 909 2287 Alberto
921 2262 1016 2295 Magno
1035 2262 1197 2288 abiudicatur
1211 2263 1289 2288 Com-

279 2301 402 2335 pendium
415 2301 532 2330 alterum,
542 2299 613 2332 quod
626 2298 721 2331 incipit:
738 2297 764 2323 T
759 2298 912 2332 heologicae
926 2298 1055 2324 ueritatis.
1067 2298 1179 2333 Philippi
1192 2299 1290 2324 Labbei

279 2344 387 2362 censura
397 2335 555 2370 expenditur.
566 2334 684 2360 Genuina
694 2334 838 2359 restituitur
853 2334 928 2360 lectio
943 2340 1042 2366 textus,
1057 2335 1103 2368 qui
1118 2335 1194 2361 Parte
1207 2335 1291 2368 prima

278 2373 386 2398 habetur
404 2372 485 2405 capite
503 2378 594 2396 ccxmv
608 2378 672 2395 voce
691 2370 796 2395 loathan
816 2375 914 2395 mutata
929 2371 954 2396 in
970 2371 1064 2396 Ptoma
1090 2389 1096 2396 .
1136 2381 1149 2395 ι
1188 2378 1291 2397 ccxxvn

496 2431 722 2456 DlSSERTATlO
742 2431 1016 2457 DECIMAOCTAVA

230 2498 272 2523 De
294 2496 431 2530 Opusculis
448 2495 485 2521 ad
505 2495 628 2521 Ioannem
652 2495 837 2520 Vercellensem
852 2495 1016 2529 Magistrum
1034 2498 1192 2524 Gener-alem
1211 2498 1291 2524 Ordi-

281 2533 322 2558 nis
340 2532 571 2558 Prdedicatorum.
594 2531 632 2556 ad
650 2531 786 2556 lectorem
806 2534 939 2560 venetum,
959 2532 997 2557 ad
1015 2533 1154 2559 Lectorem
1175 2534 1291 2560 vesunti-

282 2576 356 2597 num,
381 2568 418 2593 ad
440 2567 618 2601 Reginaldum
644 2567 843 2592 Privernatem:
867 2567 949 2600 deque
973 2569 1099 2595 Auctoris
1124 2570 1291 2602 eruditione,

281 2604 415 2629 soliditate
434 2603 533 2636 ingenii
550 2606 577 2628 et
595 2602 695 2635 optima
713 2603 784 2628 crisi.

689 2654 792 2676 CAPUT
807 2655 824 2676 1.

230 2693 377 2718 Genuinum
390 2691 469 2716 sancti
482 2691 599 2716 Thomae
613 2691 778 2724 Opusculum
797 2692 944 2717 ostenditur
963 2693 1113 2727 Responsio
1133 2695 1165 2720 de
1178 2696 1292 2722 articulis

282 2728 384 2754 duobus
412 2732 437 2752 et
455 2727 630 2760 quadraginta.
649 2727 817 2760 Supposititia
836 2729 915 2753 altera
934 2734 975 2753 est
998 2730 1030 2754 de
1048 2730 1163 2755 articulis
1187 2737 1292 2758 centum

281 2769 306 2789 et
324 2768 390 2788 octo.
410 2763 612 2788 Prudentissima
625 2763 761 2796 Aquinatis
775 2763 965 2789 animadversio
979 2764 1045 2790 circ‘a
1059 2765 1163 2797 iudicia,
1178 2775 1246 2800 quae
1261 2769 1293 2794 de

282 2798 498 2832 philosophorum
517 2799 615 2831 placitis
643 2798 701 2824 ferri
721 2798 816 2823 debent
839 2799 870 2824 ad
890 2798 948 2825 fidei
963 2801 1107 2826 doctrinam
1126 2804 1291 2835 comparatis.

281 2835 405 2867 Exempla
419 2834 560 2859 afferuntur
574 2835 606 2859 de
619 2835 726 2866 Angelis
741 2835 871 2860 caelorum
887 2836 1045 2868 motoribus,
1061 2837 1145 2871 deque
1160 2839 1292 2865 caelorum

281 2870 366 2895 anima
389 2875 414 2895 et
432 2870 490 2895 loco
513 2870 611 2895 inferni.
638 2870 757 2895 Richardi
780 2870 887 2895 Simonii
911 2871 1150 2899 animadversiones
1169 2874 1291 2901 refellun-

1136 2920 1149 2933 ι
1200 2918 1292 2937 ccxxlx

693 2948 779 2971 CAUT
792 2949 821 2971 11.

231 2977 375 3002 Germanus
394 2977 529 3010 Aquinatis
548 2977 632 3003 foetus
648 2982 688 3002 est
701 2978 867 3010 Opusculum
883 2978 921 3003 De
936 2978 1020 3004 forma
1040 2980 1222 3007 absolutionis.
1237 2983 1291 3008 Du-

283 3013 340 3046 plex
359 3013 522 3045 distinguitur
540 3013 657 3046 quaestio
676 3013 752 3044 iuris,
767 3021 795 3038 ac
814 3014 887 3039 tertia
906 3014 978 3039 facti:
1003 3016 1082 3041 sancti
1098 3017 1218 3043 Doctoris
1234 3026 1294 3044 sen-

283 3048 369 3073 tentia.
388 3049 496 3073 Formae
510 3048 646 3075 indicativo
660 3049 739 3074 modo
758 3057 896 3082 expressae
915 3051 1062 3083 antiquitas.
1078 3052 1146 3078 Num
1161 3053 1294 3087 impositio

284 3091 376 3108 manus
396 3084 427 3108 ad
444 3084 559 3109 valorem
578 3085 734 3109 Sacramenti
753 3085 887 3118 pertineat.
908 3086 1017 3112 loannes
1037 3088 1146 3113 Launoii
1167 3090 1294 3115 sententia

285 3119 435 3151 expenditur
453 3119 628 3153 refelliturque
647 3137 1102 3148 ...........

680 3161 783 3183 CAPUT
797 3162 836 3183 111.

233 3188 274 3212 Ad
292 3188 446 3220 Aquinatem
465 3189 603 3214 Auctorem
623 3190 732 3222 pertinet
750 3191 851 3215 Solutio
870 3191 973 3223 triginta
997 3200 1041 3217 sex
1060 3195 1243 3226 quaestionum
1263 3196 1295 3221 ad

287 3224 422 3248 Lectorem
440 3229 570 3249 venetum.
590 3225 713 3250 Eiusdem
732 3225 817 3251 foetus
834 3231 874 3251 est
888 3227 1055 3260 Opusculum
1071 3230 1103 3254 de
1117 3238 1162 3255 sex
1181 3231 1295 3256 articulis

287 3259 319 3283 ad
337 3260 472 3284 Lectorem
491 3261 697 3285 vesontienscm:
717 3261 743 3285 in
762 3269 816 3294 quo
835 3263 1038 3294 prudentissima
1057 3265 1154 3290 monita
1179 3267 1211 3291 ad
1234 3275 1296 3292 con-

287 3294 438 3320 cionatores.
458 3295 518 3325 Quo
536 3300 653 3328 tempore
672 3297 703 3321 ad
723 3296 827 3322 fratrem
847 3297 1021 3330 Reginaldum
1041 3300 1173 3334 scripserit
1196 3302 1228 3327 de
1242 3303 1295 3327 An-

287 3330 405 3362 gelorum
425 3335 521 3355 natura.
541 3330 668 3364 Opusculi
694 3332 808 3357 doctrina
832 3337 857 3357 et
883 3334 1000 3360 eruditio.
1045 3352 1053 3360 .
1136 3347 1149 3360 ι
1187 3344 1297 3364 ccxxxm

1141 3134 1154 3148 D
1202 3133 1293 3151 ccxxxi

524 3402 750 3428 DISSERTATlO
770 3403 1005 3431 DECIMANONA.

238 3471 279 3497 De
302 3472 432 3504 Opusculo
450 3473 591 3498 adversum
610 3474 778 3500 Averroistas
799 3475 839 3500 De
858 3476 960 3501 unitate
984 3477 1132 3504 intellectus
1159 3487 1191 3506 ac
1213 3481 1300 3506 latina

294 3507 428 3533 Themistii
446 3509 563 3534 versione
581 3509 614 3534 ab
632 3510 764 3542 Aquinate
782 3511 919 3536 adhibita:
938 3512 1052 3546 itemque
1070 3515 1109 3540 De
1123 3516 1202 3541 verbo
1221 3516 1298 3542 intel-

290 3542 382 3571 lectus,
404 3543 444 3568 De
462 3544 583 3573 sortibus,
600 3545 641 3570 De
660 3545 764 3571 iudiciis
782 3549 929 3576 astrorum,
951 3548 993 3573 De
1010 3550 1171 3576 aeternitate
1190 3552 1285 3578 mundi
1294 3560 1302 3576 :

291 3577 372 3610 deque
390 3585 500 3604 censura
526 3579 562 3604 Io.
577 3580 709 3606 Ambrosii
727 3581 886 3607 Bar-bavam
909 3583 935 3608 in
956 3585 1046 3610 omnia
1068 3586 1156 3611 sancti
1185 3587 1302 3614 Thomae

290 3613 428 3645 Aquinatis
451 3614 590 3647 Opusculu-

1813 322 1919 345 CAPUT
1932 323 1951 345 1.

1346 365 1513 398 Opusculum
1531 368 1682 389 recensetur
1699 363 1739 387 De
1757 361 1855 386 unitate
1874 361 2020 385 intellectus
2036 364 2126 385 contra
2135 360 2309 386 Averroistas.
2324 361 2421 394 Operis

1398 401 1510 426 utilitas:
1526 407 1614 432 quove
1628 399 1692 423 illud
1707 398 1833 430 scriptum
1847 396 1925 421 fuerit
1939 401 2067 428 tempore.
2082 396 2118 421 lo.
2128 396 2261 421 Ambrosii
2277 397 2423 422 Barbsvara

1399 437 1463 462 Ord.
1485 436 1575 460 Praed.
1601 441 1711 459 censura
1735 433 1762 458 in
1781 432 1919 465 Aquinatis
1940 432 2087 465 Opuscula.
2124 449 2132 456 .
2169 449 2178 456 .
2209 439 2278 466 pag.
2315 440 2423 458 ccxxx„

1809 474 1914 497 CAPUT
1927 474 1956 496 11.

1343 508 1426 539 Vetus
1447 507 1524 532 latina
1544 505 1680 531 Themistii
1699 504 1787 529 versio
1810 504 1842 528 ab
1865 504 1997 536 Aquinate
2016 503 2130 528 adhibita
2148 504 2309 535 restituitur,
2329 505 2423 529 reiecta

1397 542 1529 568 Hermolai
1549 541 1653 566 Barbari
1672 541 1793 565 versione
1814 544 1858 564 aut
1872 539 2039 572 paraphrasi,
2061 547 2141 573 quam
2165 540 2319 573 imprudens
2339 540 2424 565 editor

1397 578 1498 603 invexit.
1518 577 1655 610 Specimen
1681 576 1760 600 totius
1787 575 1925 608 Opusculi.

1802 617 1908 639 CAPUT
1922 617 1962 640 111.

1344 648 1463 674 Genuina
1482 652 1544 672 sunt
1563 647 1699 680 Opuscula
1718 646 1756 671 De
1774 646 1846 671 verbi
1868 646 1946 671 divini
1974 651 2000 671 et
2018 646 2127 671 humani
2151 646 2307 678 differentia,
2326 647 2420 681 Deque

1397 689 1488 708 natura
1505 683 1585 707 verbi.
1612 682 1675 707 Item
1695 682 1750 712 illa,
1770 689 1838 715 quae
1858 682 1896 707 De
1915 682 2044 713 sortibus,
2064 683 2103 708 De
2124 683 2224 708 iudiciis
2245 688 2376 708 astrorum
2397 687 2423 708 et

1396 720 1436 743 De
1454 718 1603 743 aeternitate
1622 717 1712 742 mundi
1732 717 1918 743 inscribuntur.
1930 718 2048 743 Dubium
2063 723 2103 743 est
2118 719 2287 752 Opusculum
2302 719 2341 744 De
2356 718 2421 750 fato,

1396 759 1441 779 aut
1465 759 1533 779 certe
1558 753 1754 786 supposititium
1757 771 2217 779 ...........
2256 765 2269 778 ι
2317 762 2424 780 ccxxxtx

1670 814 1902 840 DISSERTATIO
1922 815 2092 842 VlCESIMA.

1344 876 1386 901 De
1399 875 1539 908 Opusculis
1553 875 1651 908 absque
1666 875 1746 901 dubio
1759 876 1905 909 germanis,
1924 877 2026 902 Contra
2041 877 2230 911 impugnantes
2243 878 2421 913 Religionem,

1398 911 1439 936 De
1453 911 1619 945 perfectione
1639 911 1710 936 vitae
1723 912 1873 944 spiritualis
1892 915 1919 938 et
1936 913 2038 938 Contra
2057 914 2225 939 retrahentes
2239 922 2257 939 a
2271 915 2421 949 Religionis

1397 947 1534 980 ingressa
1553 947 1637 980 deque
1663 947 1725 972 aliis
1754 947 1921 982 Theologicis
1943 953 1993 974 aut
2020 949 2108 975 dubiis
2131 953 2180 975 aut
2202 954 2274 976 certe
2291 951 2424 984 Aquinati

1396 982 1557 1015 suppositis.-
1575 982 1690 1016 itemque
1710 983 1752 1008 De
1770 984 1936 1010 sermonibus
1955 985 2020 1010 eius.
2424 993 2427 996 ·

1812 1035 1918 1058 CAPUT
1931 1036 1950 1058 1.

1342 1072 1486 1097 Memorata
1500 1072 1637 1105 Opuscula
1651 1073 1699 1098 tria
1713 1074 1804 1099 ordine
1818 1074 1970 1107 perturbato
1989 1080 2109 1108 prostant
2123 1076 2149 1101 in
2164 1077 2279 1102 editione
2294 1077 2423 1103 Romana:

1395 1115 1475 1133 verus
1493 1109 1560 1133 ordo
1578 1109 1730 1134 restituitur.
1749 1110 1909 1136 Lucubratio
1933 1111 2030 1136 Contra
2053 1112 2238 1145 impugnantes
2259 1113 2424 1146 Religionem

1397 1144 1504 1177 proprio
1528 1150 1611 1170 marte
1633 1145 1666 1170 ab
1689 1146 1821 1179 Aquinate
1843 1147 1973 1179 confecta,
1997 1147 2106 1173 minime
2129 1149 2254 1174 deflorata
2272 1157 2304 1175 ex
2322 1149 2423 1175 Alberti

1397 1180 1484 1213 Magni
1509 1180 1612 1213 scriptis
2347 1193 2424 1211 cem

2253 583 2423 601 ›ccxxxvn

1343 1251 1455 1276 Occasio
1481 1252 1611 1278 scribendi
1630 1253 1689 1278 data
1707 1261 1739 1278 ex
1758 1254 1874 1285 dissidio,
1894 1256 1967 1288 quod
1982 1256 2143 1282 Guillelmus
2166 1258 2199 1282 de
2219 1262 2311 1283 sancto
2325 1258 2425 1283 Ammo

1397 1287 1494 1321 aliique
1503 1288 1567 1314 socii
1577 1289 1604 1314 in
1623 1289 1715 1314 fratres
1725 1290 1902 1316 Mendicantes
1917 1299 2032 1317 movere.
2052 1292 2171 1318 Thomas
2188 1293 2423 1326 Cantimpratensis

1397 1328 1424 1348 et
1442 1323 1601 1350 Guillelmus
1617 1325 1650 1350 de
1663 1325 1753 1351 'rocco
1772 1327 1868 1352 notati:
1883 1328 2079 1361 castigatusque
2097 1329 2194 1354 Caesar
2208 1329 2336 1362 Egassius
2352 1330 2423 1354 Bou-

1398 1359 1480 1385 laeus.
1495 1360 1563 1385 Editi
1577 1360 1609 1386 ab
1624 1362 1755 1395 Aquinate
1769 1362 1899 1396 Opusculi
1914 1369 2029 1397 tempus,
2039 1365 2113 1398 quod
2127 1365 2272 1390 Guillelmo
2286 1366 2320 1391 de
2333 1369 2425 1390 sancto

1397 1395 1496 1421 Amore
1514 1397 1640 1430 opposuit
2339 1408 2426 1427 omn

1814 1441 1897 1464 CAPT
1911 1443 1951 1464 111.
2377 1445 2383 1449 ·

1344 1467 1402 1492 Alia
1421 1467 1475 1492 duo
1494 1468 1590 1502 scripta
1604 1469 1636 1494 ab
1650 1470 1782 1503 Aquinate
1800 1471 1939 1504 Opuscula
1957 1473 2084 1498 adversus
2104 1473 2241 1498 Girsldum
2256 1473 2289 1499 de
2302 1473 2426 1499 Abbati·-

1397 1503 1467 1528 villa.
1486 1504 1687 1538 Opusculorum
1702 1507 1859 1540 praestantia
1883 1513 1909 1533 et
1927 1508 2046 1534 soliditas
2083 1526 2092 1534 .
2128 1527 2136 1534 .
2174 1527 2181 1534 .
2219 1526 2228 1534 .
2266 1519 2280 1533 ι
2327 1516 2426 1536 oman

1806 1550 1912 1573 CAPUT
1926 1551 1967 1574 IV.

1344 1574 1400 1600 Abs
1416 1581 1508 1601 sancto
1522 1576 1627 1602 Thoma
1640 1578 1772 1611 Aquinate
1786 1579 1966 1605 abiudicantur
1981 1581 2118 1614 Opuscula
2136 1581 2292 1614 theologica.
2316 1581 2355 1607 De
2369 1582 2426 1608 Hu-

1399 1612 1522 1638 manitate
1532 1613 1591 1638 lesu
1602 1613 1706 1645 Christi,
1717 1614 1756 1640 De
1769 1615 1906 1641 dilectione
1920 1615 2015 1641 Christi
2030 1621 2058 1642 et
2069 1617 2189 1650 proximi,
2205 1617 2244 1643 De
2259 1617 2354 1643 divinis
2367 1625 2426 1644 mo-

1399 1648 1480 1679 ribus,
1496 1648 1535 1674 De
1549 1649 1715 1681 beatitudine,
1731 1651 1770 1676 De
1784 1652 1865 1676 modo
1888 1651 2037 1684 confitendi,
2053 1650 2091 1678 De
2109 1651 2196 1678 officio
2215 1653 2372 1685 Sacadoth,
2386 1653 2427 1679 De

1399 1684 1562 1716 expositione
1577 1685 1680 1717 Missae,
1696 1686 1735 1712 De
1754 1687 1888 1720 emptione
1902 1693 1928 1713 et
1945 1688 2095 1714 venditione
2114 1689 2147 1714 ad
2165 1693 2280 1723 tempus,
2303 1689 2344 1714 De
2356 1689 2426 1716 vitiis

1399 1724 1426 1744 et
1446 1720 1597 1761 frit-tutibus,
1621 1730 1732 1748 numero
1751 1724 1917 1756 quaternario
1940 1724 2152 1758 procedentibus.
2176 1725 2426 1751 Animadvertimus

1399 1763 1484 1781 variae
1539 1775 1866 1784 ........
2330 1768 2425 1788 σοαπ

1346 1826 1515 1860 Opusculum
1535 1828 1574 1854 De
1592 1829 1681 1854 usuris
1700 1837 1754 1855 non
1773 1835 1814 1855 est
1825 1831 1978 1864 Aquinatis:
1999 1839 2063 1857 num
2082 1832 2160 1858 tribui
2175 1832 2270 1858 debeat
2287 1832 2398 1866 Aegidio
2411 1839 2428 1858 ι

1401 1863 1532 1895 Lessinia,
1552 1865 1714 1898 expenditur.
1734 1867 1904 1900 Supposititia
1922 1868 2026 1893 videtur
2050 1868 2161 1901 epistola
2180 1869 2213 1894 de
2232 1869 2313 1894 modo
2331 1868 2427 1894 idoneo

1401 1900 1540 1926 salubriter
1558 1901 1709 1934 acquirendi
1729 1902 1874 1928 scientiam.
1892 1903 1934 1928 Ab
1953 1904 2048 1929 eodem
2066 1903 2172 1930 'I’homa
2195 1904 2357 1930 abiudieatur
2373 1909 2426 1930 tra-

1399 1940 1484 1961 ctatus
1499 1936 1539 1962 De
1553 1938 1723 1971 praescientia
1738 1943 1764 1963 et
1777 1939 2014 1972 praedestinatione
2028 1940 2123 1966 divina.
2142 1940 2294 1972 Sermones,
2304 1940 2351 1975 qui
2365 1948 2427 1974 pro-

1400 1971 1471 1997 diere
1489 1973 1540 1998 sub
1559 1973 1616 1999 eius
1635 1974 1755 2006 nomine,
1774 1975 1957 2008 expenduntur
1957 1993 2234 2002 .......
2273 1986 2288 2001 »
2343 1983 2428 2002 cmv

1621 2037 1851 2064 DlSSERTATlO
1870 2039 2150 2065 VlCESlMAPRlMA.

1347 2095 1389 2121 De
1416 2097 1512 2132 Officio
1525 2098 1633 2133 infesto
1651 2099 1830 2125 sacratissimi
1851 2099 1979 2133 Corporis
2001 2100 2109 2131 Onu-isti,
2124 2100 2198 2134 quod
2215 2100 2351 2136 integrum
2363 2109 2428 2128 eon·

1393 2133 1464 2168 secit
1476 2138 1585 2160 sanctus
1603 2134 1719 2161 „tomas
1736 2135 1872 2169 Aquinas:
1891 2136 1974 2169 deque
1988 2136 2043 2162 alio
2065 2136 2161 2171 Officio
2181 2145 2251 2163 nunc
2264 2137 2386 2170 primum
2400 2138 2427 2163 in

1399 2170 1484 2196 lucem
1499 2170 1653 2203 prodeunte
1675 2171 1783 2205 eiusque
1801 2175 1928 2198 auctore:
1946 2172 2062 2206 itemque
2085 2172 2118 2199 de
2145 2172 2285 2207 Opusculis
2298 2173 2430 2209 Aquinati

1400 2206 1544 2239 suppositis
1563 2206 1596 2232 de
1611 2207 1757 2233 venerabili
1775 2207 1954 2234 Sacramento
1966 2208 2080 2235 Altaris.

1347 2294 1520 2323 sacratissimi
1535 2298 1661 2332 Corporis
1681 2297 1776 2323 Christi
1796 2298 1894 2324 festum
1913 2298 2061 2325 institutum
2076 2299 2181 2325 Leodii:
2196 2301 2431 2336 compositumque

1402 2332 1526 2359 Officium
1541 2341 1556 2359 ι
1571 2334 1666 2364 losnoe
1685 2334 1788 2359 clerico.
1803 2334 1902 2360 Eadem
1922 2335 1954 2360 ad
1968 2334 2119 2361 universam
2134 2336 2278 2365 Ecclesiam
2293 2344 2308 2362 ι
2318 2337 2431 2363 summo

1402 2369 1527 2395 Pontifice
1552 2370 1659 2396 Urbano
1684 2370 1719 2395 lV
1743 2375 1849 2396 extensa
1875 2371 2037 2396 solemnitas.
2069 2371 2155 2405 lpsius
2185 2372 2260 2398 iussu
2291 2380 2391 2399 novum
2416 2380 2432 2399 ι

1402 2410 1492 2431 sancto
1510 2405 1616 2431 Thomu
1633 2406 1764 2439 Aquinate
1786 2406 1935 2432 confectum
1955 2405 2087 2433 Officium.
2106 2408 2246 2442 Specimen
2264 2408 2337 2435 eius:
2356 2409 2431 2434 ttam-

1402 2449 1454 2475 que
1473 2442 1632 2467 mutationes
1656 2447 1749 2476 postea
1772 2442 1890 2468 invectae
1903 2460 2226 2470 ........
2265 2453 2280 2469 »
2317 2451 2432 2471 otu-vm

1817 2483 1923 2507 CAPUT
1936 2485 1966 2507 11.

1348 2513 1506 2539 Godefridus
1530 2513 1715 2539 Henschenius
1738 2518 1764 2539 et
1783 2513 1873 2539 Daniel
1894 2513 2089 2547 Papebrochius
2117 2515 2272 2547 censebant,
2297 2515 2324 2541 id
2346 2523 2431 2542 unum

1402 2549 1434 2574 ab
1453 2549 1584 2583 Aquinate
1601 2549 1768 2583 praestimm,
1787 2554 1818 2574 ut
1835 2549 1908 2582 prius
1928 2550 2075 2576 Leodiense
2099 2549 2223 2576 Officium
2249 2551 2385 2578 meliorem
2404 2551 2431 2578 in

1401 2586 1521 2610 ordinem
1540 2585 1669 2618 redigeret
1691 2585 1910 2619 reformaretque,
1929 2585 2020 2619 paucis
2039 2586 2147 2617 additis,
2167 2586 2236 2612 iuxta
2255 2594 2357 2613 morem
2375 2587 2431 2614 ao-

1402 2628 1495 2646 manae
1517 2621 1619 2646 Curiae.
1642 2621 1774 2646 Vindiciss
1793 2621 1845 2654 agit
1862 2621 2037 2647 validissimas
2061 2622 2158 2648 Natalis
2177 2623 2338 2649 Alexander-²
2361 2631 2431 2658 quae

1402 2657 1510 2682 uberius
1529 2655 1718 2682 confirmantur
1723 2674 2226 2684 ............
2265 2667 2281 2683 ι
2336 2665 2431 2686 mix

1809 2699 1915 2722 CAPUT
1928 2700 1969 2723 m.

1349 2729 1467 2756 Priorem
1485 2734 1590 2755 revocat
1613 2728 1808 2763 Papebrochius
1831 2729 1993 2763 opinionem.
2020 2729 2152 2764 Dupinius
2180 2735 2207 2756 et
2225 2731 2371 2757 Grancolas
2390 2739 2430 2758 re-

1402 2766 1536 2792 felluntur.
1560 2766 1679 2798 Itemque
1702 2764 1828 2790 refellitur
1846 2765 2007 2797 Wadingus,
2031 2765 2078 2799 qui
2101 2773 2221 2799 prosam,
2246 2767 2345 2793 Lauda
2364 2767 2430 2794 Sion

1404 2802 1582 2831 Salvator-em,
1602 2801 1691 2826 tribuit
1709 2806 1800 2826 sancto
1818 2801 2018 2827 Bon-venturae
2048 2819 2236 2828 .....
2276 2813 2289 2826 2
2369 2810 2431 2829 ceu

1349 2872 1473 2899 Officium
1487 2872 1613 2906 Corporis
1632 2871 1736 2903 Christi,
1751 2872 1857 2906 hymnis
1877 2872 1990 2906 exceptis
2010 2877 2037 2898 et
2054 2873 2183 2906 capitulis,
2199 2873 2278 2906 longe
2297 2873 2431 2900 dimum

1402 2908 1544 2934 exhibetur.
1559 2908 1818 2934 Animadversiones.
1833 2908 1919 2933 Sancti
1938 2907 2058 2933 Thomae
2072 2908 2158 2934 foetus
2177 2916 2238 2934 esse
2257 2917 2311 2935 non
2329 2914 2431 2944 potest·

1403 2945 1489 2978 deque
1508 2949 1614 2970 auctore
1632 2944 1796 2970 coniecturae
1829 2962 2242 2970 ..........
2281 2954 2295 2969 »
2370 2928 2432 2972 ibid]

1351 3017 1489 3052 Opuscula
1508 3017 1569 3048 duo,
1584 3017 1623 3042 De
1637 3016 1778 3042 venerabili
1793 2986 1965 3042 δὲεΑτξιξῙιὲ-ηζ
1976 3016 2072 3041 Almia
2087 3021 2114 3042 et
2132 3017 2172 3042 De
2191 3017 2360 3044 Sammeato
2378 3017 2432 3044 Eu-

1406 3053 1548 3084 charistiae,
1563 3061 1617 3078 non
1637 3057 1699 3078 sunt
1717 3052 1863 3086 Aquinatis.
1879 3052 1979 3077 Eorum
1997 3057 2089 3078 auctor
2107 3052 2214 3086 ignotus
2239 3071 2246 3079 .
2285 3062 2300 3078 s
2351 3060 2434 3080 oman

1602 3122 1833 3149 DlSSERTATlO
1851 3123 2182 3150 VlCESlMASECUNDA.

1353 3185 1395 3212 De
1417 3185 1566 3219 Opusculis.
1582 3185 1624 3211 De
1643 3185 1773 3219 regimine
1792 3185 1947 3218 Principum
1967 3185 2005 3210 ad
2022 3185 2124 3219 Regem
2146 3185 2241 3220 cypri,
2257 3185 2369 3219 itemque
2390 3184 2433 3211 De

1405 3222 1556 3248 eruditione
1575 3221 1731 3254 Principum
1751 3224 1832 3254 atque
1856 3221 1898 3247 De
1917 3221 2048 3255 regimine
2067 3221 2230 3247 Iudaeorum
2248 3221 2288 3247 ad
2307 3220 2432 3247 (limitis-

1406 3265 1464 3283 sam
1485 3257 1643 3283 flandriae.

1820 3298 1926 3322 CAPUT
1940 3299 1958 3321 1.

1353 3337 1431 3371 Opus
1450 3337 1489 3362 De
1503 3337 1629 3370 regimine
1643 3336 1794 3370 Principum
1814 3337 1847 3362 ad
1861 3336 1962 3370 Regem
1977 3336 2057 3370 Cypri
2071 3341 2164 3362 sancto
2175 3336 2296 3362 'l'liomas
2309 3335 2433 3371 Aquinatl

1407 3373 1554 3398 adiudicant
1571 3378 1687 3398 veteres:
1707 3373 1768 3406 qui·
1783 3372 1826 3398 ille
1841 3372 1896 3398 Rex
1913 3372 2000 3406 Cypri.
2016 3373 2087 3398 Libri
2102 3378 2224 3406 quatuor,
2239 3372 2284 3406 qui
2304 3377 2432 3406 prostant,

1408 3417 1461 3434 non
1481 3417 1564 3434 unum
1583 3416 1652 3442 opus
1671 3407 1799 3434 conficere
1826 3408 1962 3440 videntur,
1983 3409 2031 3434 sed
2049 3416 2130 3441 opera
2149 3409 2204 3434 duo
2223 3408 2334 3434 diversa.
2353 3407 2433 3433 Primi

1408 3444 1504 3478 Operis
1515 3452 1575 3478 pars
1586 3444 1669 3470 maior
1680 3449 1721 3470 est
1730 3444 1877 3478 Aquinatis,
1887 3444 1988 3478 reliqua
1998 3444 2143 3470 Ptolomaei
2154 3443 2308 3470 Lucensis.»
2355 3450 2434 3469 oem

1356 3515 1391 3540 lo.
1407 3516 1538 3541 Ambrosii
1558 3516 1703 3542 Barbavara
1727 3524 1851 3542 censura:
1867 3515 2107 3541 animadversiones
2128 3515 2154 3540 in
2179 3514 2292 3549 primam
2315 3514 2434 3540 eiusdem

1410 3556 1518 3584 partem,
1540 3559 1608 3586 quae
1629 3553 1729 3586 priores
1756 3552 1837 3577 libros
1859 3552 1926 3577 duos
1947 3551 2076 3578 abiudicat
2096 3551 2129 3576 ab
2149 3550 2288 3584 Aquinate.
2316 3549 2435 3584 Aequior

1410 3591 1451 3612 est
1469 3595 1529 3620 pars
1549 3588 1627 3613 altera
1651 3588 1677 3612 in
1703 3588 1770 3613 duos
1790 3587 1958 3622 posteriores.
1983 3586 2017 3613 ui
2040 3587 2195 3615 Ptolomaeo
2219 3585 2332 3612 Lucensi
2355 3585 2434 3612 tribui

1411 3623 1497 3648 solent
1504 3639 2275 3648 ..................
2313 3630 2328 3646 s
2365 3628 2436 3648 conv
