2788 4204
83 422 91 429 ·
123 428 127 441 t
151 426 197 442 non
220 420 294 445 enim,-

80 447 120 468 sed
132 453 178 468 non
188 450 256 468 recte.

82 1170 91 1179 ·
106 1175 133 1190 a:
149 1168 292 1190 enunciatio-

81 1195 147 1216 nibus
170 1195 292 1216 uniuersa-

80 1221 141 1243 liter.

83 1439 131 1459 ·Λ;
152 1438 219 1459 homo
244 1440 293 1463 est,

84 1465 152 1486 homo
160 1470 205 1486 non
214 1467 279 1486 est...

81 1545 89 1553 ¹
102 1550 128 1564 A:
139 1543 293 1571 existentefi-

80 1570 137 1591 nito.

88 2299 96 2308 ·
109 2297 297 2324 Cf.1ect.v‚n.15.

88 2352 96 2360 ·
106 2357 132 2372 At
141 2350 209 2377 idest,
221 2352 264 2371 est.

87 2409 96 2417 '¹
106 2413 150 2429 Aba
157 2415 161 2428 ε
178 2406 299 2434 consigni-

83 2434 174 2461 ficans.

99 2851 181 2871 'aena
191 2861 200 2865 -
215 2855 249 2870 P.:
278 2865 283 2869 .

98 2875 236 2903 amplificat,
265 2875 305 2896 sed

97 2909 143 2924 non
152 2902 278 2928 bene,sicut
284 2908 306 2927 a,

97 2929 222 2950 excludat·
230 2928 304 2954 (Cont'.

96 2961 118 2976 n.
131 2958 166 2983 13).

320 229 370 264 80

320 306 427 355 quasi
455 306 661 355 principale
689 305 970 354 praedicatum,
999 303 1066 340 sed
1095 302 1201 351 quasi
1231 302 1387 338 coniun-

322 367 424 396 ctum
439 359 635 408 principali
645 358 862 407 praedicato
880 357 928 393 ad
939 356 1245 392 connectendum
1261 355 1387 403 ipsum

321 413 504 459 subieet0;
521 412 615 449 sicut
630 424 717 447 cum
735 411 878 456 dicitur,
895 410 1067 445 Socrates
1077 414 1131 445 est
1147 408 1265 454 albus,
1278 420 1357 444 non
1370 408 1389 428 ’¹‘

322 475 378 504 est
406 466 560 503 intentio
582 464 769 512 loquentis
788 470 829 499 ut
848 470 990 498 asserat
1019 463 1217 498 Socratem
1247 473 1330 498 esse
1350 461 1388 497 in

323 532 450 557 rerum
493 526 650 563 natura,
690 516 758 553 sed
794 523 836 551 ut
873 515 1049 551 attribuat
1091 514 1124 550 ei
1170 514 1387 551 albedinem

322 572 514 609 mediante
533 572 608 607 hoc
635 570 768 614 verb0,
796 574 867 610 est;
894 576 930 605 et
954 568 1041 604 ideo
1069 567 1107 604 in
1134 568 1287 615 talibus,
1316 574 1387 614 θεῖ,

320 625 559 675 praedicatur
586 631 627 659 ut
655 622 831 659 adiacens
859 621 1055 669 principali
1083 621 1315 670 praedicato.
1341 622 1390 658 Et

322 679 455 716 dicitur
483 690 565 714 esse
594 677 756 721 tertium,
782 687 860 712 non
890 675 978 724 quia
998 675 1043 712 sit
1070 675 1222 713 tertium
1241 681 1256 701 Ὺ
1280 688 1389 724 prae—

323 732 498 776 dicatum,
521 730 588 766 sed
609 730 698 778 quia
717 737 773 766 est
800 729 907 766 tertia
928 729 1041 766 dictio
1061 729 1184 778 posita
1203 729 1241 765 in
1271 741 1389 766 enun-

322 784 492 829 ciatione,
515 795 612 832 quae
642 783 754 819 simul
777 795 865 820 cum
888 783 1045 820 nomine
1065 783 1283 832 praedicato
1305 783 1391 820 facit

319 849 440 873 unum
469 836 742 884 praedicatum,
764 844 805 873 ut
825 837 878 873 sic
907 837 1120 874 enunciatio
1143 837 1333 874 dividatur
1352 837 1389 873 in

321 891 414 928 duas
442 897 567 938 partes
597 898 633 926 et
660 903 739 927 non
768 890 805 927 in
834 898 920 928 tres.

375 945 408 980 3.
432 944 632 991 Secundo,
664 944 986 981 considerandum
1016 951 1071 980 est
1104 943 1195 992 quid
1221 951 1276 980 est
1303 945 1388 991 hoc,

321 997 426 1046 quod
446 997 533 1034 dicit
554 998 659 1046 quod
679 998 830 1046 quando
850 1004 919 1044 est,
943 1011 989 1035 eo
1010 997 1129 1042 modo
1151 1010 1227 1046 quo
1247 997 1389 1034 dictum

321 1059 386 1097 est,
408 1052 556 1088 tertium
576 1052 752 1088 adiacens
765 1052 1023 1101 praedicatur,
1039 1052 1234 1100 dupliciter
1261 1051 1390 1088 dicun—

320 1111 382 1141 tur
409 1104 666 1153 oppositiones.
707 1105 818 1142 Circa
846 1105 951 1154 quod
981 1105 1301 1142 considerandum
1337 1113 1392 1142 est

321 1158 426 1206 quod
441 1159 479 1195 in
488 1158 707 1207 praemissis
728 1158 1055 1196 enunciationibus
1069 1161 1098 1206 ³¹⁸,
1116 1159 1154 1195 in
1170 1158 1307 1207 quibus
1323 1171 1390 1195 no-

320 1224 411 1248 men
438 1214 654 1260 ponebatur
682 1213 807 1249 solum
837 1225 882 1249 ex
910 1220 1016 1261 parte
1050 1213 1228 1260 subiecti,
1258 1225 1390 1249 secun-

322 1265 414 1302 dum
435 1266 633 1314 quodlibet
648 1267 861 1304 subiectum
878 1274 956 1303 erat
974 1279 1052 1304 una
1072 1266 1279 1315 oppositio;
1300 1274 1391 1315 puta

321 1318 351 1355 si
381 1320 594 1356 subiectum
625 1328 703 1357 erat
731 1332 875 1357 nornen
904 1320 1055 1357 finitum
1089 1333 1167 1356 non
1195 1320 1390 1357 universa-

320 1372 402 1410 liter
431 1381 648 1422 sumptum,
685 1382 765 1411 erat
793 1375 873 1411 sola
900 1386 978 1410 una
1007 1374 1218 1422 oppositio,
1253 1374 1393 1410 scilicet

321 1433 375 1463 est
391 1428 515 1473 homo,
537 1439 611 1464 non
633 1434 686 1464 est
702 1430 814 1465 homo
830 1428 860 1464 ³¹⁶.
888 1427 965 1464 Sed
986 1427 1139 1476 quando
1169 1433 1224 1464 est
1240 1427 1390 1464 tertium

321 1480 498 1517 adiacens
516 1482 766 1529 praedicatur,
788 1489 938 1529 oportet
957 1493 1040 1517 esse
1061 1481 1155 1517 duas
1185 1480 1391 1529 oppositio-

322 1546 390 1571 nes
402 1535 540 1571 eodem
562 1535 731 1571 subiecto
751 1534 929 1572 existente
940 1535 960 1556 ³¹³
980 1535 1193 1571 secundum
1215 1534 1390 1572 differen-

320 1587 412 1624 tiam
442 1588 607 1625 nominis
625 1589 842 1637 praedicati,
864 1589 969 1638 quod
988 1596 1114 1637 potest
1133 1601 1216 1625 esse
1240 1588 1390 1625 finitum

320 1643 382 1679 vel
403 1642 609 1692 infinitumj
631 1643 725 1679 sicut
744 1643 839 1678 haec
869 1651 925 1680 est
951 1655 1028 1680 una
1054 1642 1256 1691 oppositio,
1278 1643 1391 1680 homo

321 1702 375 1733 est
401 1697 527 1742 iustus,
548 1697 660 1734 homo
690 1709 764 1734 non
794 1701 848 1733 θεῖ
874 1697 1007 1734 iustus:
1031 1697 1103 1733 alia
1122 1709 1216 1734 vero
1237 1697 1391 1745 opposi-

321 1750 371 1786 tio
402 1758 468 1798 est,
494 1751 607 1787 homo
636 1756 690 1787 θεῖ
720 1763 794 1787 non
824 1751 960 1797 iustus,
990 1752 1102 1788 homo
1132 1763 1206 1787 non
1235 1756 1290 1787 est
1316 1763 1390 1787 non

321 1805 446 1841 iustus.
477 1804 570 1840 Non
599 1805 700 1841 enim
734 1805 883 1853 negatio
913 1805 955 1842 fit
987 1805 1057 1841 nisi
1085 1817 1155 1853 per
1187 1804 1391 1853 appositio-

322 1871 412 1895 nem
427 1859 625 1906 negativae
640 1860 844 1908 particulae
861 1859 910 1897 ad
924 1860 999 1896 hoc
1017 1861 1182 1897 verbum
1203 1865 1266 1904 est,
1288 1859 1392 1907 quod

323 1920 377 1949 est
406 1920 496 1949 nota
522 1913 825 1961 praedicationis.

375 1978 412 2014 4.
430 1966 578 2003 Deinde
591 1979 678 2004 cum
692 1967 795 2004 dicit:
813 1967 909 2003 Dico
920 1971 1058 2012 autem,
1072 1972 1111 2003 ut
1119 1972 1174 2003 est
1182 1967 1297 2002 iustus
1308 1973 1391 2013 etc.‚

324 2021 478 2069 exponit
506 2021 612 2069 quod
641 2021 795 2068 dixerat,
816 2026 870 2058 est
895 2020 1043 2056 tertium
1069 2020 1261 2066 adiacens,
1284 2027 1319 2056 et
1339 2019 1392 2057 di-

324 2074 372 2111 cit
397 2074 502 2123 quod
532 2078 619 2112 cum
650 2075 798 2122 dicitur,
829 2076 941 2111 homo
970 2078 1024 2110 θεῖ
1050 2074 1180 2120 iustus,
1207 2074 1282 2110 hoc
1309 2086 1394 2111 ver-

324 2129 417 2165 bum
446 2134 501 2165 θεῖ
508 2157 518 2174 ,
555 2129 719 2174 adiacet,
757 2128 896 2166 scilicet
928 2127 1165 2175 praedicato,
1195 2135 1393 2176 tamquam

323 2182 475 2220 tertium
504 2195 648 2219 nomen
676 2183 738 2219 vel
767 2183 931 2220 verbum
960 2181 999 2217 in
1027 2181 1292 2219 affirmatione.
1320 2182 1394 2218 Po-

324 2244 395 2274 test
424 2236 526 2273 enim
555 2237 681 2286 ipsum
710 2243 773 2283 est,
796 2237 867 2274 dici
892 2247 1048 2282 nomen,
1068 2243 1183 2284 prout
1206 2235 1397 2284 quaelibet

326 2290 437 2328 dictio
468 2303 611 2327 nomen
633 2291 766 2328 dicitur
786 2291 817 2339 *,
835 2299 870 2328 et
885 2289 938 2327 sic
968 2295 1022 2324 est
1049 2289 1201 2326 tertium
1230 2301 1395 2337 nomen,

326 2345 422 2381 idest
440 2345 460 2365 '¹¹‘
488 2344 595 2381 tertia
611 2345 735 2382 dictio.
763 2345 840 2382 Sed
870 2344 959 2393 quia
987 2343 1199 2379 secundum
1222 2356 1396 2380 commu-

326 2411 417 2435 nem
451 2411 565 2435 usum
599 2399 800 2447 loquendi,
830 2399 939 2435 dictio
969 2396 1184 2444 significans
1203 2397 1222 2417 *
1245 2405 1398 2446 tempus

327 2453 448 2500 magis
478 2452 610 2489 dicitur
638 2454 802 2489 verbum
823 2464 939 2501 quam
969 2460 1124 2499 nomen,
1145 2459 1301 2500 propter
1323 2452 1399 2488 hoc

328 2507 444 2553 addit,
473 2505 533 2543 vel
561 2508 739 2552 verbum,
767 2506 874 2554 quasi
904 2505 1021 2549 dicat,
1048 2504 1097 2541 ad
1125 2505 1200 2541 hoc
1220 2505 1325 2554 quod
1354 2505 1399 2542 sit

329 2561 506 2606 tertium,
538 2573 616 2598 non
655 2561 766 2596 refert
802 2566 930 2596 utrum
970 2559 1114 2596 dicatur
1157 2571 1300 2595 nomen
1337 2557 1399 2595 vel

329 2615 505 2651 verbum.
1368 2646 1381 2660 ,

389 2670 421 2705 5.
443 2667 592 2704 Deinde
614 2678 702 2703 cum
723 2666 829 2703 dicit:
856 2666 984 2708 Quare
1002 2669 1165 2713 quatuor
1187 2670 1299 2701 erunt
1316 2672 1399 2711 etc.‚

331 2722 522 2759 concludit
541 2733 747 2758 numerum
767 2719 1090 2757 enunciationum.
1111 2719 1161 2754 Et
1178 2717 1316 2766 primo,
1333 2730 1401 2766 po-

332 2776 386 2812 nit
415 2774 700 2812 conclusionem
730 2773 898 2818 numeri;
924 2772 1106 2817 secundo,
1133 2770 1241 2819 ponit
1269 2783 1401 2807 earum

332 2828 611 2874 habitudinem3
629 2827 696 2864 ibi:
714 2828 885 2869 Quarum
900 2826 998 2863 duae
1012 2825 1160 2874 quidem
1177 2831 1259 2870 etc.;
1280 2823 1401 2871 tertio,

334 2882 520 2919 rationem
535 2881 684 2918 numeri
714 2880 873 2929 explicat
888 2880 923 2926 *3
957 2879 1025 2915 ibi:
1046 2878 1143 2915 Dico
1172 2883 1296 2914 autem
1313 2888 1402 2925 quo-

335 2937 437 2973 niam
467 2942 521 2973 est
544 2943 636 2972 etc.—
653 2934 752 2971 Dicit
781 2945 870 2981 ergo
896 2932 1022 2982 primo
1052 2931 1157 2980 quod
1186 2930 1274 2980 quia
1303 2930 1401 2967 duae

388 3039 414 3074 γ)
436 3040 471 3064 Et
491 3039 589 3064 dicitur
608 3045 662 3063 esse
681 3037 789 3063 tertium
811 3044 862 3062 non
884 3036 946 3069 quia
971 3036 1006 3061 sit
1027 3035 1134 3061 tertium
1156 3040 1203 3060 etc.
1223 3035 1258 3059 lta
1272 3034 1346 3059 codd.
1357 3032 1404 3060 AC

335 3077 388 3102 DE.
399 3089 418 3094 —
430 3075 492 3099 Cod.
504 3075 524 3098 Β
539 3082 591 3098 non
607 3078 687 3098 recte:
712 3076 739 3098 et
753 3080 811 3098 cum
829 3072 928 3097 dicitur
941 3071 1089 3096 etc.-Edit.
1107 3071 1186 3095 Piana
1197 3078 1243 3095 nec
1254 3070 1309 3103 ipsa
1324 3070 1404 3095 bene:

335 3116 361 3138 et
376 3119 426 3136 non
449 3110 547 3135 dicitur
567 3117 622 3135 esse
641 3110 750 3135 tertium
770 3108 832 3141 quia
850 3108 885 3133 sit
900 3108 1007 3132 tertium
1026 3112 1092 3132 etc.-
1103 3106 1194 3137 Quoad
1214 3114 1244 3131 ea
1261 3113 1324 3130 vero
1338 3113 1405 3139 quae

336 3148 376 3173 hic
391 3151 547 3176 asseruntur,
559 3146 629 3178 quod
645 3152 739 3178 nempe
755 3143 899 3168 enunciatio
914 3151 964 3168 non
981 3143 1106 3167 dividatur
1121 3142 1145 3166 in
1161 3147 1212 3167 tres
1229 3147 1322 3175 partes,
1339 3149 1405 3176 quae

337 3184 387 3208 sint
405 3182 557 3209 subiectum,
580 3180 686 3205 verbum
706 3188 753 3205 seu
772 3180 863 3212 copula
879 3184 903 3203 et
913 3179 1115 3211 praedicatum,
1132 3179 1191 3211 quia
1215 3179 1322 3204 verbum
1346 3185 1405 3204 cum

332 3218 491 3251 praedicato
510 3217 667 3242 constituunt
686 3224 767 3241 unum
787 3214 974 3247 praedicatum,
994 3215 1090 3240 recolat
1109 3214 1219 3240 novitius
1244 3222 1311 3248 quae
1330 3214 1356 3239 in
1376 3214 1405 3239 li-

337 3255 383 3279 bro
399 3255 415 3283 l,
427 3255 484 3278 lect.
494 3261 518 3282 ν,
534 3261 558 3277 n.
569 3260 586 3285 4
601 3253 667 3277 dicta
685 3257 757 3281 sunt;
779 3250 896 3275 videlicet
915 3250 974 3283 quia
993 3250 1102 3275 verbum
1122 3258 1227 3283 semper
1245 3258 1274 3275 se
1292 3255 1362 3275 tenet
1376 3257 1406 3275 ex

338 3295 408 3322 parte
427 3288 572 3322 praedicati.

391 3323 416 3358 ὂ)
431 3326 485 3349 Aut
499 3323 661 3356 analogiam,
677 3326 706 3348 ut
721 3323 747 3347 in
762 3329 859 3354 graeco
874 3321 995 3347 habetur.
1009 3319 1135 3356 Στοῖχος,
1150 3329 1204 3355 quo
1217 3321 1345 3347 vocabulo
1358 3321 1407 3346 uti-

339 3366 379 3384 tur
398 3360 557 3388 Aristotelea,
577 3359 644 3384 ordo
663 3364 702 3384 est
722 3358 806 3383 latine.
827 3358 879 3382 Cur
898 3362 983 3382 autem
1003 3365 1024 3382 S.
1035 3357 1152 3382 Thomas
1172 3357 1290 3383 maluerit
1307 3362 1408 3382 vertere

339 3393 406 3419 κατὰ
418 3391 447 3419 τὸ
459 3395 593 3429 στοιχοῦν,
609 3394 751 3419 secundum
762 3393 973 3425 consequentiam
983 3393 1038 3418 sive
1047 3393 1190 3419 secundum
1204 3392 1407 3419 correlationem

341 3434 387 3455 aut
402 3430 568 3462 analogiam,
585 3438 662 3462 quam
678 3429 820 3454 secundum
841 3429 969 3457 ordinem,
990 3436 1020 3453 ex
1035 3429 1148 3454 dicendis
1167 3429 1215 3454 erit
1233 3428 1410 3453 manifestum.

394 3465 415 3498 ε)
438 3465 515 3494 Quod
534 3465 596 3497 quia
620 3465 734 3490 breviter
752 3467 778 3489 et
797 3464 905 3490 obscure
921 3463 1020 3489 dictum
1039 3468 1079 3489 est
1097 3470 1144 3489 etc.
1164 3463 1287 3489 Boethius
1307 3464 1348 3489 De
1367 3462 1406 3488 in—

342 3500 530 3531 terpretatione
546 3500 647 3530 Edit.ll‚
663 3500 705 3524 lib.
714 3500 754 3529 lV‚
771 3499 812 3524 De
825 3499 1052 3525 enunciationibus
1066 3499 1184 3532 infinitis,
1199 3499 1225 3532 ξ.
1237 3499 1352 3530 Quando
1360 3506 1408 3523 au·

343 3539 394 3560 tem
410 3538 449 3560 est
464 3535 577 3563 testium,
589 3543 647 3567 pag.
660 3534 709 3559 388
724 3535 792 3559 hunc
807 3535 951 3560 Aristotelis
967 3535 1053 3560 locum
1072 3535 1243 3568 explicaturus
1257 3534 1408 3568 praemittit:

344 3579 358 3593 a<
376 3571 461 3600 Quare
481 3570 573 3594 idcirco
592 3575 701 3602 quatuor
720 3570 782 3594 istae
801 3576 886 3599 erunt,
907 3577 1015 3602 quarum
1039 3570 1144 3603 quidem
1164 3570 1230 3595 duae
1248 3571 1280 3595 ad
1299 3568 1409 3594 affirma-

1074 226 1193 261 PERI
1224 223 1572 260 HERMENEIAS
1602 224 1696 261 LIB.
1728 226 1760 261 II

1442 310 1528 339 sunt
1549 303 1569 324 ’¹‘
1588 303 1871 352 oppositiones,
1907 306 2058 353 quando
2084 311 2138 342 θεῖ
2161 307 2308 342 tertium
2338 307 2513 344 adiacens
2541 311 2688 359 {dxcv-1533?
2704 318 2754 334 ⁶¹⁰¹·

1436 356 1699 403 praedicatur,
1717 370 1805 393 cum
1822 359 1842 378 *
1867 358 1993 395 omnis
2018 359 2208 407 oppositio
2230 359 2275 396 sit
2298 359 2394 396 inter
2417 360 2512 397 duas
2542 365 2585 385 ’Δί
2599 366 2690 386 etcum·

1444 409 1738 457 enunciationes,
1768 423 2007 460 consequens
2037 420 2093 449 est
2121 412 2225 461 quod
2250 412 2322 449 sint
2350 421 2514 461 quatuor

1443 462 1727 500 enunciationes
1747 463 1831 501 illae
1851 465 1889 501 in
1909 465 2047 513 quibus
2067 471 2129 511 θεῖ,
2150 465 2302 502 tertium
2323 466 2512 513 adiacens,

1442 515 1692 563 praedicatur,
1706 517 1877 555 subiecto
1893 518 2001 555 finito
2018 520 2126 555 non*
2133 518 2395 556 universaliter
2410 532 2512 556 sum·
2542 536 2550 544 ·

1442 575 1521 616 pto.
1539 569 1688 606 Deinde
1710 571 1923 608 cumdicit:
1959 573 2130 614 Quarum
2146 573 2244 609 duae
2264 572 2412 621 quidem
2424 580 2511 620 etc.‚

1444 622 1608 659 ostendit
1622 623 1886 661 habitudinem
1903 625 2185 674 praedictarum
2202 626 2513 663 enunciationum

1444 675 1493 711 ad
1522 675 1705 722 invicem3
1741 685 1778 713 et
1807 677 1894 714 dicit
1922 678 2027 726 quod
2059 679 2158 715 duae
2185 679 2370 717 dictarum
2396 693 2514 716 enun-

1445 727 1652 765 ciationum
1681 742 1722 766 se
1751 731 1894 767 habent
1922 731 1971 768 ad
2004 732 2299 770 affirmationem
2335 741 2370 770 et
2402 745 2514 781 nega-

1444 781 1589 818 tionem
1627 783 1841 820 secundum
1881 785 2212 833 consequentiam,
2257 786 2337 823 sive
2381 799 2513 823 secun-

1446 834 1539 871 dum
1569 836 1872 884 correlationem,
1899 845 1963 874 aut
1991 838 2216 886 analogiam,
2243 847 2284 876 ut
2312 839 2350 876 in
2378 851 2514 887 graeco

1445 888 1606 937 habetur
1620 885 1645 935 ὅ,
1667 889 1763 926 sicut
1776 889 2028 938 privationes;
2050 890 2143 928 aliae
2171 904 2266 929 vero
2293 891 2390 929 duae
2407 891 2515 928 mini-

1445 954 1519 978 me.
1551 942 1669 988 Quod
1698 943 1787 992 quia
1815 943 1981 981 breviter
2010 951 2047 981 et
2065 944 2228 983 obscure
2258 945 2400 983 dietum
2423 953 2479 982 est
2492 951 2514 992 ¹,

1446 995 1704 1033 diversimode
1733 1009 1755 1034 a
1785 996 1943 1035 diversis
1973 997 2187 1047 expositum
2217 1006 2282 1036 est.

1499 1051 1534 1086 6.
1556 1049 1618 1086 Ad
1630 1050 1736 1087 cuius
1751 1050 1984 1088 evidentiam
2002 1052 2324 1092 considerandum
2341 1060 2398 1090 est
2412 1053 2518 1102 quod

1444 1103 1635 1153 tripliciter
1659 1116 1803 1140 nomen
1826 1113 1953 1154 potest
1974 1107 2185 1155 praedicari
2216 1108 2254 1145 in
2281 1110 2300 1130 *
2319 1107 2517 1144 huiusmo-

1446 1157 1483 1194 di
1512 1158 1852 1196 enunciationibus.
1875 1159 2121 1209 Quandoque
2148 1162 2250 1199 enim
2278 1160 2519 1212 praedicatur

1445 1224 1590 1249 nomen
1609 1211 1777 1259 finitum,
1799 1213 2013 1250 secundum
2029 1214 2135 1263 quod
2154 1223 2400 1253 assumuntur
2418 1213 2517 1251 duae

1446 1266 1748 1314 enunciationes,
1769 1279 1847 1304 una
1867 1267 2095 1306 affirmativa
2125 1276 2161 1306 et
2186 1271 2302 1308 altera
2329 1267 2517 1316 negativa,

1446 1319 1585 1357 scilicet
1609 1322 1722 1357 homo
1751 1327 1806 1358 est
1832 1321 1960 1367 iustus,
1989 1330 2026 1359 et
2053 1323 2166 1360 homo
2196 1336 2271 1360 non
2301 1330 2355 1361 est
2381 1324 2519 1367 iustus,-

1446 1384 1545 1420 quae
1575 1374 1751 1411 dicuntur
1779 1374 1980 1424 simpliceS.
2012 1376 2258 1426 Quandoque
2287 1390 2382 1416 vero
2410 1390 2519 1427 prae-

1446 1426 1592 1463 dicatur
1619 1439 1764 1464 nomen
1792 1427 2000 1477 infinitum,
2027 1431 2240 1468 secundum
2270 1430 2375 1480 quod
2405 1431 2518 1469 etiam

1446 1489 1692 1518 assumuntur
1721 1480 1820 1518 duae
1847 1483 1954 1530 aliae,
1975 1483 2117 1522 scilicet
2140 1485 2253 1522 homo
2280 1491 2334 1522 est
2359 1496 2434 1522 non
2464 1486 2518 1522 iu-

1444 1539 1531 1579 stus,
1552 1534 1665 1571 homo
1694 1547 1769 1572 non
1798 1541 1852 1572 θεῖ
1878 1548 1953 1573 non
1974 1537 2109 1583 iustus;
2132 1550 2231 1587 quae
2261 1538 2436 1577 dicuntur
2464 1539 2518 1576 in-

1447 1586 1586 1623 finitae.
1609 1587 1853 1637 Quandoque
1882 1602 1976 1626 vero
2005 1592 2245 1639 praedicatur
2273 1604 2417 1629 nomen
2445 1593 2520 1641 pri-

1446 1640 1619 1677 vativum
1642 1642 1672 1689 *‚
1694 1643 1907 1679 secundum
1928 1645 2034 1692 quod
2054 1644 2167 1682 etiam
2193 1653 2396 1686 sumuntur
2421 1646 2519 1683 duae

1448 1695 1555 1742 aliae,
1577 1695 1716 1733 scilicet
1740 1698 1853 1733 homo
1879 1703 1934 1734 est
1959 1698 2126 1745 iniustus,
2147 1700 2260 1736 homo
2289 1710 2364 1736 non
2394 1699 2520 1737 estin-

1448 1747 1577 1792 iustus‚·
1597 1761 1695 1798 quae
1725 1750 1901 1788 dicuntur
1927 1752 2151 1800 privativae.
2259 1790 2263 1795 ,
2518 1768 2521 1770 ·

1503 1815 1538 1851 7.
1560 1803 1730 1849 Quidam
1765 1817 1856 1853 ergo
1895 1806 1947 1842 sic
1976 1813 2254 1855 exposuerunt,
2285 1806 2391 1855 quod
2421 1806 2521 1844 duae

1449 1856 1733 1894 enunciationes
1770 1871 1901 1896 earum
1914 1889 1923 1907 ,
1963 1872 2058 1908 quas
2095 1859 2345 1909 praemiserat
2381 1860 2523 1899 scilicet

1449 1909 1545 1958 illae,
1571 1923 1668 1959 quae
1694 1920 1781 1949 sunt
1806 1913 1853 1949 de
1879 1912 2027 1950 infinito
2055 1912 2288 1962 praedicato,
2314 1927 2355 1951 se
2378 1914 2522 1952 habent

1449 1964 1498 2002 ad
1526 1964 1823 2002 affirmationem
1853 1973 1890 2003 et
1926 1968 2189 2015 negationem,
2220 1979 2319 2016 quae
2357 1974 2445 2005 sunt
2472 1967 2520 2005 de

1447 2017 1665 2068 praedicato
1699 2019 1807 2057 finito
1855 2021 2068 2058 secundum
2110 2021 2423 2070 consequentiam
2459 2021 2522 2059 vel

1450 2072 1676 2121 analogiam,
1698 2072 1793 2111 sicut
1810 2074 2056 2123 privationes,
2072 2075 2169 2112 idest
2189 2075 2286 2112 sicut
2303 2075 2400 2124 illae,
2422 2086 2521 2124 quae

1450 2133 1537 2163 sunt
1565 2126 1612 2164 de
1640 2127 1859 2175 praedicato
1887 2129 2077 2177 privativo
2100 2130 2130 2166 *.
2153 2129 2240 2167 Illae
2270 2129 2372 2167 enim
2402 2129 2522 2178 duae,

1451 2192 1550 2229 quae
1579 2188 1667 2217 sunt
1701 2180 1749 2218 de
1777 2182 1996 2230 praedicato
2030 2182 2190 2231 infinito,
2220 2195 2262 2220 se
2294 2183 2436 2221 habent
2467 2194 2524 2220 se-

1452 2233 1622 2271 cundum
1653 2236 1965 2284 consequentiam
1995 2237 2044 2274 ad
2063 2236 2156 2285 illas,
2178 2249 2277 2286 quae
2297 2244 2385 2274 sunt
2403 2236 2452 2274 de
2476 2237 2524 2274 -fi—

1452 2288 1530 2325 nito
1559 2288 1778 2336 praedicato
1808 2290 2022 2327 secundum
2042 2290 2377 2340 transpositionem
2406 2301 2525 2340 quan-

1453 2342 1555 2390 dam,
1576 2342 1716 2378 scilicet
1734 2342 1936 2380 affirmatio
1966 2343 2015 2380 ad
2041 2344 2284 2392 negationem
2314 2352 2350 2381 et
2374 2342 2524 2392 negatio·

1453 2396 1503 2434 ad
1522 2395 1830 2448 affirmationem.
1854 2398 1957 2434 Nam
1977 2398 2090 2435 homo
2110 2404 2164 2435 θεῖ
2181 2411 2255 2436 non
2276 2398 2404 2444 iustus,
2424 2410 2524 2448 quae

1455 2457 1510 2487 est
1530 2449 1732 2486 affirmatio
1754 2449 1801 2487 de
1821 2450 1969 2488 infinito
1990 2452 2221 2500 praedicato,
2243 2451 2450 2501 respondet
2467 2452 2525 2490 se-

1456 2503 1624 2540 cundum
1647 2503 1959 2552 consequentiam
1980 2505 2178 2553 negativae
2200 2506 2220 2527 *
2239 2505 2287 2542 de
2305 2505 2524 2554 praedicato

1455 2556 1576 2603 finito,
1597 2555 1685 2593 huic
1714 2556 1854 2594 scilicet
1877 2558 1990 2595 homo
2016 2571 2090 2595 non
2111 2564 2165 2595 est
2188 2558 2314 2596 iustus.
2336 2560 2526 2607 Negativa

1455 2622 1549 2647 vero
1580 2609 1628 2646 de
1647 2609 1796 2646 infinito
1820 2610 2052 2658 praedicato,
2073 2611 2213 2649 scilicet
2230 2613 2344 2649 homo
2373 2623 2448 2650 non
2475 2618 2530 2652 est

1457 2675 1531 2700 non
1570 2663 1685 2699 iustus
1701 2691 1711 2708 ,
1751 2663 2001 2700 affirmativae
2041 2664 2087 2701 de
2134 2664 2243 2702 finito
2281 2665 2525 2715 praedicato,

1457 2715 1546 2752 huic
1574 2715 1713 2752 scilicet
1732 2716 1845 2753 homo
1870 2722 1925 2753 est
1941 2716 2068 2754 iustus.
2090 2718 2252 2767 Propter
2271 2718 2377 2767 quod
2397 2719 2527 2758 Theo-

1456 2769 1633 2818 phrastus
1661 2769 1826 2806 vocabat
1854 2781 1930 2815 eas,
1952 2782 2049 2819 quae
2070 2778 2157 2807 sunt
2176 2770 2224 2808 de
2243 2770 2390 2809 infinito
2418 2784 2527 2821 prae·

1459 2822 1594 2869 dicato,
1615 2822 1868 2871 transpositas.
1894 2823 1943 2859 Et
1968 2823 2137 2861 similiter
2162 2824 2276 2862 etiam
2301 2825 2530 2865 affirmativa

1459 2875 1506 2913 de
1526 2875 1715 2924 privativo
1734 2875 1952 2924 praedicato
1973 2877 2179 2926 respondet
2202 2878 2415 2917 secundum
2440 2872 2530 2920 ‘zon‘-

1459 2929 1696 2978 sequentiam
1716 2929 1914 2977 negativae
1935 2929 1983 2967 de
2007 2930 2114 2968 finito
2133 2929 2366 2980 praedicam,
2391 2931 2532 2976 scilicet

1461 3043 1474 3058 ν
1490 3034 1587 3060 tionem
1606 3043 1664 3060 sese
1687 3034 1782 3060 habent
1805 3035 1948 3060 secundum
1973 3029 2199 3068 consequentiam,
2222 3027 2444 3070 ut⁴privationea‚
2464 3034 2531 3064 ἀίω

1460 3079 1474 3094 »
1489 3078 1552 3095 vero
1566 3070 1681 3100 minime,
1696 3070 1842 3102 diligentius
1857 3078 2026 3103 exponamus.
2042 3071 2128 3096 Locus
2143 3071 2212 3096 enim
2227 3079 2321 3104 magna
2331 3071 2455 3099 brevitate
2467 3071 2530 3100 effl-

1461 3115 1475 3130 ›
1491 3106 1593 3131 strictus
1612 3111 1659 3136 est,
1679 3111 1705 3130 et
1723 3106 1801 3131 nimia
1820 3106 1959 3131 subtilitate
1978 3114 2006 3131 ac
2020 3106 2175 3132 obscuritate
2193 3105 2310 3132 difficilis.
2322 3107 2531 3139 ι-Αωιιιοῂἰίὺ

1460 3149 1574 3175 quoque,
1595 3141 1636 3166 De
1650 3141 1876 3174 interpretatione,
1892 3147 1954 3166 sect.
1965 3142 2004 3172 111,
2019 3141 2044 3176 ς.
2059 3150 2079 3172 ι,
2097 3141 2212 3172 Quando
2230 3145 2320 3168 autem
2339 3148 2402 3168 etc.:
2422 3152 2436 3168 ι
2471 3141 2480 3150 '
2495 3142 2520 3146 ”’

1461 3186 1475 3200 »
1492 3176 1584 3210 inquit,
1600 3176 1710 3202 obscure
1724 3177 1764 3202 hic
1779 3177 1921 3202 admodum
1935 3182 2004 3207 sunt,
2014 3185 2044 3202 ac
2058 3185 2105 3211 per
2118 3177 2306 3210 aenigmata...
2320 3179 2400 3204 Attae
2472 3176 2475 3182 '
2488 3176 2493 3180 ⁷

1462 3221 1476 3236 ιι
1491 3220 1592 3242 vocem,
1611 3218 1640 3237 ut
1658 3212 1837 3245 Lycophronis
1856 3218 1913 3237 utar
1926 3213 2020 3243 verbis,
2039 3213 2152 3238 imitatur
2165 3213 2361 3246 (Aristotelea),
2376 3215 2530 3249 κόρω

1462 3257 1475 3272 ιο
1492 3247 1700 3281 explanatoribus
1719 3247 1821 3273 facessit
1839 3248 1942 3281 negotii,
1962 3248 2085 3281 quidnam
2111 3256 2192 3282 pauca
2210 3248 2274 3274 haec
2296 3248 2376 3274 verba
2399 3244 2529 3285 (qm

1461 3293 1475 3308 ν
1492 3284 1561 3309 duae
1579 3283 1684 3317 quidem
1704 3283 1764 3318 etc.)
1784 3283 1832 3308 sibi
1851 3284 1919 3308 velle
1937 3283 2140 3309 existimabimus
2152 3292 2166 3308 »
2180 3281 2238 3318 (fol.
2250 3290 2284 3316 24
2297 3281 2529 3315 «marathi-²5,

1460 3320 1510 3345 col.
1525 3318 1556 3354 ι).
1577 3319 1650 3350 Quae
1668 3319 1757 3344 omnia
1775 3324 1819 3344 aut
1838 3319 1902 3344 falsa
1920 3324 1963 3345 aut
1982 3319 2264 3353 exaggeratmvidenmr
2277 3318 2418 3345 Theodoto
2430 3318 2529 3346 Wain:

1462 3365 1475 3379 e
1491 3355 1541 3385 Vs,
1561 3355 1658 3388 inquit,
1681 3354 1712 3379 23
1732 3360 1757 3380 et
1777 3362 1810 3387 ²4
1829 3359 1955 3388 quantum
1974 3353 2121 3380 vexaverint
2143 3353 2296 3388 interpretes
2310 3353 2402 3390 videre
2421 3352 2480 3379 licet
2497 3361 2530 3380 ex

1462 3401 1476 3415 1»
1492 3390 1642 3421 Ammonio,
1653 3390 1697 3423 qui
1711 3389 1737 3415 in
1751 3398 1780 3415 re
1794 3390 1929 3423 desperata
1944 3387 2169 3416 lamentationibus
2177 3387 2530 3423 Adatotelonspeneqm.

1463 3436 1476 3451 2
1491 3427 1570 3452 Plana
1594 3431 1668 3451 erunt
1690 3426 1786 3455 omnia,
1806 3426 1827 3450 si
1851 3427 1937 3451 locum
1961 3425 2155 3459 Analyticorum
2179 3425 2246 3452 bene
2264 3424 2529 3458 pmpuerixnun...,

1463 3472 1477 3486 »
1492 3462 1536 3487 ubi
1555 3461 1618 3487 haec
1637 3461 1743 3487 uberius
1763 3466 1925 3495 exponuntur
1936 3470 1950 3485 >
1968 3460 2139 3494 (Aristotelis
2158 3461 2294 3495 Organon,
2315 3466 2419 3493 graece,
2439 3467 2493 3492 par.
2510 3460 2528 3490 1,

1462 3506 1520 3532 pag.
1533 3495 1597 3530 344,
1617 3498 1658 3524 ed.
1679 3495 1879 3530 cit.).-Vereor
1897 3504 1947 3530 ego
1963 3501 2050 3522 tamen
2086 3497 2092 3502 “
2192 3503 2248 3529 νιειι
2262 3499 2289 3523 et
2305 3493 2443 3528 perspicua
2461 3502 2529 3528 quae

1463 3533 1549 3566 magni
1567 3533 1613 3558 viri
1629 3538 1654 3559 et
1668 3532 1694 3558 in
1709 3532 1781 3558 libris
1789 3531 1936 3559 Aristotelis
1951 3531 2133 3562 versatissimi
2183 3566 2189 3569 .
2203 3530 2210 3538 “
2222 3530 2245 3556 in
2259 3535 2285 3557 et
2298 3529 2454 3564 perobscura
2468 3537 2529 3563 pro—

1463 3569 1581 3594 clamant.
1599 3569 1651 3594 Sed
1670 3569 1703 3594 de
1721 3568 1762 3594 hia
1780 3567 1854 3599 infra,
1873 3573 1926 3594 not.
1946 3577 1974 3603 μ.
2126 3568 2147 3585 ¹·

2566 541 2595 556 a:
2608 534 2682 562 finito
2702 535 2753 556 exi-

2541 563 2631 588 stente,
2653 567 2699 583 non
2715 564 2751 583 ta-

2540 594 2601 610 men.

2545 1112 2591 1135 'In
2606 1118 2683 1135 exne.

2547 1656 2689 1685 ‘cf.ui».1,
2706 1657 2762 1679 lect.

2547 1689 2583 1712 iv,
2597 1689 2621 1706 n.
2637 1688 2666 1718 ¹³:

2551 2190 2592 2213 aod
2605 2196 2709 2214 erronee.

2553 2513 2563 2523 '
2573 2517 2615 2534 aa:
2678 2512 2769 2540 nuvae,

2552 2544 2616 2567 qnae
2629 2544 2655 2560 ea
2680 2537 2711 2560 de
2723 2541 2770 2561 etc.

2554 2725 2742 2756 neopum-ms.
