2548 4192
185 287 327 312 CLXXXII

186 359 408 395 praeoccupat,
426 363 621 394 omnemque
637 353 719 384 tollit
735 354 773 383 de
789 353 939 393 genuino,
957 362 1055 393 quem
1074 350 1258 388 adserimus,

187 398 281 429 titulo
306 397 547 428 dubitationem.
572 397 745 437 Distinguit
767 407 906 437 namque
930 396 1030 436 capite
1049 406 1082 425 111
1101 395 1258 435 duplicem

190 443 334 474 veritatis
356 442 485 473 divinae
500 442 627 473 modum
638 450 649 472 :
668 441 793 472 alterius
808 441 950 482 quidem,
966 450 1046 480 quae
1060 439 1258 480 facultatem

189 497 314 518 omnem
333 487 495 516 humanae
513 487 649 516 rationis
668 485 810 516 excedit:
829 485 955 515 alterius
975 484 1081 522 etiam,
1101 484 1145 514 ad
1162 493 1258 523 quam

189 532 273 562 ratio
305 531 466 561 naturalis
490 531 681 570 pertingere
697 535 814 569 potest.
845 529 942 559 Primi
970 528 1092 568 generis
1114 529 1259 559 veritates

189 575 257 605 sola
280 575 339 605 Dei
369 574 466 604 libera
493 573 683 604 revelatione
711 573 930 603 innotescunt:
956 572 1113 603 credimus
1136 583 1204 611 eas,
1229 579 1260 603 at

188 619 266 650 scire
297 628 363 648 non
393 627 575 658 possumus.
607 617 759 648 Veritates
790 617 916 647 alterius
947 616 1068 657 generis
1101 617 1260 647 humanae

188 663 334 694 scientiae
358 662 485 691 subesse
508 668 662 702 possunt:
693 661 884 702 easdemque
907 668 1032 699 tamen,
1062 661 1187 691 tametsi
1211 661 1259 691 in-

188 707 351 748 quisitioni
373 707 509 736 rationis
526 706 663 745 perviae
685 706 768 742 sint,
796 706 1042 746 supernaturali
1065 705 1261 735 revelatione

181 751 322 791 proponi
340 749 517 780 credendas
534 749 680 780 debuisse
702 749 846 790 pluribus
874 749 1011 781 ostendit
1029 755 1155 781 sanctus
1171 749 1259 780 Tho-

187 805 265 825 mas.
298 793 381 824 Hinc
414 792 450 824 fit
487 793 647 833 integrum
683 793 780 824 veluti
816 804 931 835 corpus
963 794 1049 835 fidei
1085 794 1261 825 catholicae

188 846 324 878 utroque
341 837 489 868 constitui
505 837 673 868 veritatum
697 848 820 878 genere,
845 848 926 879 quae
944 839 983 868 ad
1000 846 1167 879 utramque
1184 838 1259 868 clas-

188 893 255 913 sem
279 881 450 922 pertinent:
483 892 598 922 easque
622 882 690 913 sine
714 882 812 913 dubio
842 893 944 914 sacrae
969 883 1146 923 Scripturae
1170 892 1259 923 prae-

187 933 279 964 stant,
291 935 372 966 quae
387 925 527 956 divinam
541 926 767 957 revelationem
781 927 1045 968 complectuntur.
1062 927 1171 958 Potuit
1185 936 1259 967 ergo

188 970 360 1010 debuitque
384 969 476 1011 Opus
500 981 518 1001 a
541 971 671 1001 Thoma
694 972 911 1012 compositum
937 972 1098 1012 aptissime
1121 971 1259 1011 inscribi,

186 1015 238 1045 De
261 1015 395 1045 veritate
415 1015 501 1056 fidei
532 1015 728 1046 catholicae:
755 1016 788 1046 in
817 1027 883 1057 quo
914 1017 1089 1057 praedictae
1115 1016 1259 1047 veritates

188 1063 300 1089 omnes
324 1066 527 1098 exponuntur
550 1066 580 1090 et
602 1059 811 1091 vindicantur.

256 1103 308 1133 111.
324 1103 376 1133 Ad
399 1110 537 1144 tempus,
562 1114 628 1144 quo
653 1104 874 1136 elucubratum
897 1105 989 1146 Opus
1014 1105 1084 1144 fuit,
1109 1104 1259 1136 definien-

189 1147 268 1177 dum
291 1157 396 1177 sermo
420 1154 527 1178 noster
546 1148 748 1179 convertitur.
767 1149 875 1180 Certas
892 1150 1038 1190 patefacit
1054 1150 1259 1190 temporarias

187 1198 279 1222 notas
302 1191 508 1222 Ptolomaeus
537 1192 698 1223 Lucensis.
725 1193 761 1223 In
784 1194 864 1224 libro
889 1194 1047 1225 Historiae
1078 1194 1261 1225 ecclesiasti-

191 1246 244 1266 cae
267 1236 354 1266 XXII
380 1236 492 1267 diserte
520 1244 624 1267 narrat
640 1237 741 1278 capite
757 1246 849 1268 xxm:
873 1240 968 1269 Anno
987 1233 1121 1269 Domini
1136 1238 1210 1269 1261
1227 1240 1259 1270 in

192 1280 354 1310 Cathedra
377 1281 466 1311 Petri
493 1281 659 1312 Urbanum
683 1282 737 1312 IV
753 1283 890 1321 sedisse,
915 1289 1113 1323 assumptum
1138 1285 1170 1314 in
1194 1284 1259 1315 De-

188 1324 359 1355 collatione
381 1326 486 1356 sancti
511 1325 646 1356 Ioannis
675 1327 864 1366 Baptistae:
885 1328 1005 1359 sedisse
1027 1333 1133 1359 autem
1158 1328 1261 1359 tribus

188 1369 295 1406 annis,
315 1378 424 1400 mense
447 1379 521 1400 uno.
541 1370 640 1400 Addit
657 1370 842 1411 insequente
857 1372 958 1412 capite
972 1380 1060 1403 xx1v:
1082 1373 1171 1404 Tunc
1181 1373 1260 1414 fra-

189 1418 270 1443 trem
300 1413 451 1444 Thomam
485 1414 618 1445 rediisse
640 1415 680 1445 de
702 1415 837 1453 Parisiis
869 1426 911 1447 ex
943 1418 1039 1448 certis
1071 1418 1195 1449 causis:
1217 1419 1261 1449 ad

183 1458 370 1497 petitionem
399 1458 523 1488 Urbani
554 1459 656 1489 multa
678 1459 803 1500 fecisse
833 1466 863 1491 et
889 1461 1074 1502 scripsisse:
1097 1472 1132 1492 ac
1165 1463 1260 1494 etiam

189 1506 331 1541 tempore
354 1502 493 1533 eiusdem
516 1503 680 1544 Pontificis
707 1504 823 1534 librum
854 1511 967 1536 contra
993 1507 1135 1539 Gentiles
1157 1509 1197 1539 ab
1221 1519 1260 1539 eo

190 1545 382 1577 confectum.
399 1549 429 1576 A
453 1546 502 1577 die
528 1558 568 1588 29
593 1548 718 1587 augusti
741 1547 816 1578 anni
845 1550 921 1580 1261
954 1551 1057 1583 tenuit
1079 1553 1261 1584 Romanam

190 1589 306 1620 Sedem
329 1591 475 1622 Urbanus
499 1593 540 1623 ad
562 1602 684 1622 annum
712 1593 795 1631 1264
814 1593 963 1636 diemque
988 1606 1006 1626 2
1031 1597 1148 1627 mensis
1172 1604 1261 1629 octo-

190 1633 273 1664 bris:
298 1635 387 1675 quod
410 1636 520 1676 utique
543 1636 696 1676 temporis
718 1636 921 1669 intervallum
945 1646 1001 1679 est,
1025 1651 1092 1682 quo
1116 1641 1261 1673 Thomas

191 1680 289 1719 Operi
314 1687 422 1710 contra
445 1681 585 1712 Gentiles
602 1691 657 1721 seu
682 1681 720 1711 de
744 1682 882 1714 Veritate
907 1682 980 1714 fidei
1004 1686 1176 1717 catholicae
1200 1687 1261 1717 ela-

189 1725 332 1755 borando
356 1725 524 1756 insudavit.
549 1726 672 1756 Laurea
701 1726 871 1766 magisterii
895 1727 960 1758 iam
990 1729 1113 1769 pridem
1129 1730 1162 1761 in
1177 1730 1262 1761 Pari-

188 1769 282 1799 siensi
313 1769 520 1800 Universitate
554 1769 690 1800 donatus
724 1769 842 1802 fuerat:
867 1779 904 1803 ut
935 1773 1097 1805 verissime
1129 1775 1262 1806 scribere

188 1814 298 1844 Petrus
322 1813 480 1844 Marsilius
503 1813 643 1854 potuerit
659 1821 805 1846 sanctum
825 1817 1056 1857 Raymundum
1080 1819 1118 1849 de
1141 1819 1262 1850 Penna-

189 1857 253 1888 fort
276 1859 443 1899 rogavisse
466 1859 618 1889 eximium
642 1858 803 1890 doctorem
824 1871 941 1892 sacrae
964 1864 1134 1904 paginae,
1157 1866 1262 1906 magi-

189 1907 291 1933 strum
317 1904 348 1932 in
374 1903 534 1944 theologia
548 1902 695 1943 fratrem
725 1904 877 1936 Thomam
901 1905 942 1936 de
963 1907 1102 1948 Aquino,
1125 1914 1161 1939 ut
1183 1918 1264 1950 opus

190 1946 322 1987 aliquod
331 1947 464 1987 faceret
487 1952 600 1978 contra
625 1947 800 1988 infidelium
825 1960 963 1982 errores.

259 1992 294 2021 In
316 1991 470 2022 Processu
502 1991 752 2022 canonizationis
785 1994 921 2025 narratio
950 1996 1109 2036 quaedam
1138 1996 1262 2037 legitur,

182 2035 293 2076 fratri
314 2036 454 2066 Antonio
477 2036 518 2067 de
539 2036 657 2066 Brixia
682 2034 763 2067 facta
786 2048 804 2067 a
818 2038 934 2077 fratre
953 2040 1090 2071 Nicolao
1108 2041 1149 2072 de
1170 2042 1263 2072 Mar-

189 2081 321 2118 siliaco,
346 2090 428 2121 quae
452 2079 579 2111 calculis
602 2080 781 2113 Ptolomaei
804 2083 956 2114 Lucensis
979 2094 1154 2125 repugnare
1176 2086 1263 2117 vide-

190 2131 251 2155 tur.
272 2125 375 2155 Verba
398 2124 511 2162 refero,
535 2134 617 2164 quae
635 2124 792 2157 habentur
815 2128 915 2168 capite
930 2139 989 2167 vn,
1004 2139 1094 2160 num.
1116 2131 1157 2172 67
1177 2131 1264 2171 apud

189 2168 336 2200 Bollandi
356 2168 615 2206 Continuatores,
632 2169 673 2199 ad
696 2169 781 2201 diem
804 2182 823 2212 7
845 2173 964 2203 mensis
986 2173 1110 2204 martii:
1129 2187 1143 2202 α
1157 2174 1265 2206 Frater

194 2226 208 2241 2
228 2213 370 2250 Antoni,
395 2223 454 2253 ego
478 2213 525 2245 fui
549 2222 624 2243 cum
657 2213 750 2246 fratre
774 2216 903 2247 Thoma
925 2217 1069 2248 Parisiis:
1094 2225 1124 2249 et
1155 2229 1265 2250 coram

192 2271 208 2286 ιν
227 2258 296 2288 Deo
322 2257 413 2296 dico,
437 2258 527 2298 quod
559 2267 727 2298 nunquam
750 2259 815 2290 vidi
838 2260 1025 2300 hominem,
1050 2269 1155 2294 tantae
1178 2264 1264 2305 puri-

193 2316 208 2331 »
228 2301 298 2332 tatis
323 2308 353 2332 et
375 2301 568 2342 paupertatis
585 2309 770 2334 amatorem.
788 2304 854 2342 Qui
871 2316 946 2336 cum
962 2306 1109 2338 scriberet
1127 2314 1158 2339 et
1177 2318 1264 2339 com-

193 2360 208 2375 »
228 2352 361 2387 poneret
384 2346 500 2377 librum
532 2351 645 2376 contra
672 2347 829 2387 Gentiles,
859 2360 926 2381 non
958 2350 1094 2382 habebat
1123 2352 1263 2384 chartas:

194 2405 209 2420 »
229 2391 284 2421 sed
307 2390 339 2420 in
363 2390 520 2421 schedulis
545 2390 667 2430 scripsit
689 2391 807 2432 ipsum.
825 2407 840 2422 »
862 2394 999 2426 Parisios
1022 2395 1167 2427 Thomas
1190 2407 1264 2438 pro-

191 2434 340 2466 ficiscitur
355 2444 439 2464 anno
465 2436 544 2474 1245
562 2433 669 2476 ibique
694 2436 778 2477 degit
801 2438 840 2468 ad
855 2437 952 2469 finem
967 2439 1041 2470 anni
1062 2441 1143 2480 1248
1160 2451 1264 2473 sacrae

191 2478 370 2519 theologiae
390 2478 515 2509 auditor
531 2478 589 2509 sub
605 2480 725 2511 Alberti
741 2482 848 2522 Magni
868 2483 1040 2524 disciplina.
1055 2485 1091 2515 In
1108 2486 1264 2526 amplissi-

191 2534 279 2554 mam
299 2522 477 2562 remigravit
495 2523 607 2553 urbem
626 2534 711 2554 anno
736 2527 829 2565 1253,
845 2537 911 2567 quo
927 2538 1045 2568 agones
1059 2529 1265 2562 scholasticos

191 2579 249 2609 pro
274 2566 477 2607 adsequendo
493 2567 663 2606 magisterii
688 2570 786 2608 gradu
811 2571 963 2602 sustinere
988 2573 1102 2613 coepit.
1124 2574 1264 2606 Dissidio

192 2611 373 2652 composito
389 2633 398 2649 ,
432 2611 522 2651 quod
553 2611 741 2644 Parisienses
774 2615 955 2646 Academici
987 2625 1153 2649 moverant
1190 2629 1264 2650 con-

191 2665 239 2688 tra
262 2657 370 2687 fratres
394 2655 628 2694 Mendicantes‚
653 2657 781 2688 nonnisi
805 2669 889 2690 anno
919 2661 999 2691 1256
1020 2668 1074 2692 aut
1097 2662 1264 2703 insequen-

191 2708 222 2733 te
240 2702 321 2743 1257
339 2699 466 2731 effectus
481 2700 747 2742 renunciatusque
763 2703 911 2743 magister
926 2704 1069 2735 scholam
1085 2706 1264 2746 theologiae

191 2745 323 2776 nomine
347 2755 407 2775 suo
426 2743 513 2774 rexit.
531 2745 608 2775 Post
622 2745 788 2777 biennium
803 2747 943 2788 regimen
957 2748 1084 2780 scholae
1100 2760 1158 2790 pro
1175 2761 1264 2783 more

192 2790 284 2821 cessit
307 2788 393 2820 aliis:
419 2787 550 2820 discedit
572 2789 696 2820 Parisiis
720 2791 895 2831 Religionis
926 2799 956 2823 et
986 2793 1114 2824 Ordinis
1138 2796 1265 2834 negotia

192 2834 265 2865 alibi
285 2839 545 2874 pertractaturus:
571 2843 607 2864 ac
631 2834 763 2865 demum
786 2835 819 2866 in
843 2836 965 2867 ltaliam
988 2838 1161 2876 revertitur,
1181 2840 1263 2871 Petri

193 2878 386 2910 Cathedram
408 2883 534 2908 tenente
558 2877 688 2909 Urbano
712 2879 846 2916 Quarto.
870 2881 922 2911 Ad
953 2881 1060 2922 ipsum
1092 2883 1264 2915 Parisiense

193 2922 406 2964 Gymnasium
439 2921 578 2952 secunda
609 2922 677 2953 vice
709 2925 884 2963 regendum
916 2935 1001 2956 anno
1038 2927 1119 2967 1269
1149 2928 1264 2960 missus

193 2974 253 2998 est:
280 2966 470 3007 expletoque
493 2976 644 3005 munere,
668 2967 702 2997 in
726 2968 847 2999 ltaliam
871 2979 955 3000 anno
985 2980 1061 3012 1271
1091 2972 1262 3004 revertitur.

193 3012 284 3042 Hanc
308 3021 367 3051 ego
392 3010 679 3051 chronographiam
707 3011 740 3043 in
769 3013 837 3043 aliis
860 3013 1157 3054 Dissertationibus‚
1181 3024 1264 3048 vete-

194 3066 266 3086 rum
290 3054 587 3096 probatissimorum
603 3055 733 3087 testium
751 3056 824 3095 fide,
841 3058 939 3089 veluti
959 3059 1123 3091 certiorem
1139 3061 1262 3101 digessi.

194 3100 267 3137 Qua
290 3099 413 3140 posita,
437 3098 555 3130 laudati
579 3099 746 3140 scriptores
769 3101 855 3140 duo,
879 3103 1084 3134 Ptolomaeus
1113 3105 1264 3137 Lucensis

194 3151 225 3174 et
248 3144 398 3174 Nicolaus
423 3143 461 3173 de
485 3143 680 3183 Marsiliaco,
705 3145 759 3186 qui
783 3147 903 3177 tradere
927 3149 1133 3187 repugnantia
1156 3150 1264 3181 viden-

194 3194 256 3225 tur,
276 3187 427 3218 facillimo
452 3188 581 3227 negotio
606 3189 744 3220 revocari
760 3190 800 3220 ad
817 3191 1020 3222 concordiam
1044 3201 1187 3233 possunt.
1205 3195 1263 3225 Pa-

193 3232 273 3262 risiis
292 3242 408 3272 nempe
432 3238 505 3272 post
528 3241 649 3263 annum
671 3235 751 3264 1253
769 3235 819 3265 vel
834 3235 929 3266 etiam
950 3237 1031 3267 1256
1049 3237 1142 3278 Opus
1156 3246 1265 3270 contra

194 3276 335 3308 Gentiles
367 3275 475 3307 animo
508 3276 698 3308 moliebatur
721 3278 885 3317 Thomas,
909 3280 1080 3322 ipsumque
1109 3283 1265 3315 delineare

192 3321 361 3361 inceperat,
379 3327 415 3351 ut
437 3320 588 3351 Nicolaus
612 3321 651 3352 de
675 3323 851 3354 Marsiliaco
868 3331 1015 3356 testatur:
1033 3327 1122 3367 quod
1137 3327 1176 3358 ab
1192 3327 1263 3368 ipso

194 3365 336 3402 demum,
360 3365 474 3396 reduce
497 3365 530 3395 in
555 3365 686 3403 ltaliam,
711 3374 784 3407 post
807 3378 929 3399 annum
958 3370 1034 3400 1261
1064 3371 1262 3412 completum

194 3416 239 3440 est
262 3409 512 3450 perfectumque,
537 3415 613 3440 teste
637 3411 835 3443 Ptolomaeo.

261 3454 367 3484 Refert
381 3453 564 3484 Ludovicus
580 3454 816 3487 Valleoletanus
840 3467 879 3488 eo
901 3458 1096 3499 Aquinatem
1120 3467 1263 3502 tempore

195 3497 227 3526 in
242 3497 337 3528 huius
354 3498 468 3538 Operis
482 3498 753 3531 elucubrationem
768 3501 960 3540 incubuisse,
972 3513 1046 3534 cum
1061 3504 1101 3534 ad
1119 3515 1263 3536 mensam

195 3551 220 3570 s.
231 3541 384 3572 Ludovici
399 3542 595 3573 Francorum
610 3544 704 3583 Regis
719 3546 908 3577 accumbens
930 3547 963 3578 in
980 3557 1016 3578 ea
1035 3549 1129 3580 verba
1143 3550 1261 3590 erupit:

195 3585 295 3615 Modo
315 3586 498 3616 conclusum
522 3592 569 3617 est
592 3593 704 3618 contra
728 3589 884 3620 haeresim
909 3592 1103 3623 Manichaei.
1129 3593 1163 3624 Id
1187 3604 1261 3634 ergo

195 3628 341 3659 acciderit
358 3639 432 3660 cum
447 3629 571 3660 Parisiis
582 3631 674 3671 Opus
690 3633 866 3665 delineabat
875 3635 1030 3674 Thomas,
1041 3646 1151 3676 regens
1161 3638 1262 3678 prima

922 270 1382 311 DISSERTATIONES
1413 271 1661 308 CRITICAE

1315 349 1383 380 vice
1403 349 1617 391 Gymnasium
1641 350 1904 390 Saniacobaeum,
1929 357 2004 391 post
2022 360 2144 381 annum
2173 351 2256 390 1254
2275 360 2341 391 quo
2359 350 2392 381 in

1315 404 1451 434 regnum
1475 405 1511 425 ex
1535 394 1665 426 Oriente
1690 394 1911 434 remigraverat
1926 395 1993 425 Rex
2013 394 2238 425 sanctissimus.

1383 441 1426 469 At
1449 449 1516 469 rem
1539 439 1620 469 hanc
1644 439 1684 469 ad
1707 439 1873 469 Summam
1895 440 2119 480 Theologicam
2144 438 2237 469 refert
2260 438 2391 469 Guillel-

1316 492 1389 513 mus
1414 482 1452 513 de
1475 484 1597 514 Tocco.
1621 483 1725 514 Verba
1749 490 1823 514 sunt
1847 483 2050 514 disertissima
2073 483 2106 513 in
2125 483 2198 515 Vita
2213 483 2314 523 capite
2337 494 2390 522 vn,

1317 537 1406 557 num.
1424 535 1487 567 44:
1517 541 1531 555 α
1555 527 1641 558 Cum
1665 527 1763 557 semel
1787 534 1913 558 sanctus
1944 528 2128 558 Ludovicus
2152 528 2218 558 Rex
2242 527 2392 558 Franciae

1320 570 1460 612 »ipsum
1484 569 1676 614 (Thomam)
1701 571 1740 601 ad
1764 581 1909 602 mensam
1933 582 2024 602 suam
2047 571 2208 602 invitasset
2224 578 2254 602 et
2269 571 2337 612 ipse
2357 582 2390 603 se

1320 628 1334 642 ⁷>
1355 615 1518 646 humiliter
1541 622 1718 646 excusasset
1732 622 1862 656 propter
1882 626 1965 656 opus
1980 616 2132 646 Summae
2148 617 2180 646 in
2203 617 2390 657 Theologia,

1320 672 1334 687 »
1355 660 1445 700 quod
1469 660 1598 690 dictaret
1620 666 1696 690 tunc
1720 660 1890 700 temporis:
1922 660 2084 691 obtinente
2109 667 2216 691 autem
2239 661 2391 691 mandato

1319 716 1334 731 ›>
1354 704 1449 744 Regis
1470 727 1478 734 .
1500 727 1507 734 .
1529 727 1536 734 .
1563 704 1694 734 dimisso
1719 714 1778 734 suo
1803 704 1930 743 studio,
1955 715 2029 735 cum
2059 704 2112 734 illa
2143 705 2390 745 imaginatione,

1319 760 1334 775 »
1353 758 1452 788 quam
1484 758 1617 778 manens
1639 748 1673 778 in
1697 748 1774 778 cella
1806 755 2013 789 conceperat,
2038 749 2166 780 accessit
2194 750 2234 779 ad
2259 750 2390 789 Regem.

1320 804 1334 819 »
1354 792 1443 822 quta
1457 802 1555 832 quem
1570 792 1703 822 existens
1726 792 1760 822 in
1783 802 1903 830 mensa,
1919 792 2025 824 subito
2044 793 2171 823 veritate
2195 792 2269 823 fidei
2292 793 2392 834 inspi-

1319 848 1335 864 ιν
1354 842 1439 880 rata,
1463 846 1608 866 mensam
1636 835 1789 876 percussit
1821 843 1852 866 et
1883 836 1978 867 dixit:
2003 837 2102 867 Modo
2132 839 2317 868 conclusum
2346 843 2394 868 est

1319 893 1334 908 »
1354 886 1467 912 contra
1483 881 1648 911 'haeresim
1672 880 1869 910 Manichaei.
1891 892 1905 907 1>
1924 880 2057 911 Sanctus
2081 881 2283 920 Ludovicus,
2307 892 2392 912 nova

1316 925 1349 955 in
1373 925 1544 956 Saracenos
1568 924 1767 964 expeditione
1796 930 1952 964 suscepta,
1975 924 2100 955 Parisiis
2124 935 2209 955 anno
2238 935 2320 967 ¹²70
2344 925 2392 956 di-

1317 969 1424 1000 scessit
1441 968 1585 999 kalendis
1608 968 1739 1007 martiis,
1760 974 1796 999 ut
1819 968 1912 999 habet
1935 968 2190 1009 chronographia
2215 969 2390 1009 Spondani.

1316 1014 1398 1044 Eam
1420 1013 1453 1044 in
1477 1013 1589 1044 urbem
1612 1012 1731 1053 regiam
1755 1022 1840 1043 anno
1877 1013 1958 1053 1269
1989 1013 2210 1053 remigraverat
2233 1013 2390 1052 Thomas,

1316 1059 1431 1089 iterum
1454 1058 1494 1088 ad
1518 1057 1693 1098 regendum
1717 1057 1929 1098 Gymnasium
1953 1063 2099 1088 nostrum
2115 1057 2148 1088 in
2168 1057 2317 1088 Comitiis
2331 1057 2391 1088 Or-

1316 1102 1398 1133 dinis
1422 1103 1462 1133 ad
1493 1103 1714 1133 Pentecostem
1738 1102 1897 1132 celebratis
1922 1101 2120 1141 designatus:
2145 1112 2211 1142 quo
2245 1109 2390 1142 tempore

1322 1147 1545 1188 Theologicam
1557 1147 1734 1184 Summam,
1751 1152 1829 1177 teste
1838 1146 2026 1177 Ptolomaeo
2038 1146 2185 1185 Lucensi,
2201 1146 2391 1177 elaborabat.

1317 1191 1401 1222 Hinc
1424 1198 1551 1231 tempus
1566 1197 1661 1231 patet,
1677 1200 1743 1231 quo
1764 1191 1804 1220 ad
1826 1200 1971 1221 mensam
1985 1190 2079 1230 Regis
2094 1190 2219 1221 invitari
2238 1190 2390 1231 potuerit,

1317 1246 1448 1277 seseque
1471 1245 1530 1276 pro
1557 1241 1704 1266 excusato
1736 1235 1842 1265 haberi
1875 1234 2038 1266 humiliter
2061 1235 2235 1266 exoraverit
2256 1240 2394 1275 propter

1317 1290 1397 1321 opus
1419 1280 1572 1310 Summae
1596 1280 1628 1310 in
1657 1279 1843 1320 Theologia.

1384 1324 1531 1355 Bollandi
1547 1323 1795 1355 Continuatores
1818 1323 1903 1354 Nota
1927 1321 1972 1366 (e)
1997 1323 2187 1355 admonent:
2206 1323 2239 1354 in
2259 1333 2309 1360 eo,
2324 1333 2392 1364 quo

1317 1369 1502 1407 utebantur,
1527 1368 1636 1399 codice
1659 1378 1719 1399 ms.
1736 1367 1814 1408 legi,
1831 1373 1969 1409 propter
1987 1367 2140 1400 Summae
2160 1367 2392 1409 compendium.

1317 1413 1515 1453 Theologiae
1538 1412 1768 1453 compendium
1784 1422 1803 1443 a
1818 1412 1948 1443 Thoma
1972 1411 2155 1443 confectum
2174 1419 2294 1444 veteres
2314 1412 2388 1443 scri·

1317 1463 1423 1497 ptores
1442 1463 1612 1487 testantur:
1629 1457 1773 1498 illudque
1795 1456 1876 1487 inter
1899 1457 2065 1497 Opuscula
2080 1463 2211 1497 prostat.
2228 1457 2291 1488 Sed
2313 1457 2391 1488 haec

1318 1511 1414 1541 opera
1445 1500 1546 1531 levior
1577 1499 1636 1543 (ut
1666 1501 1761 1531 habet
1790 1501 1953 1532 Echardus
1983 1501 2017 1531 in
2052 1501 2145 1531 Notis
2177 1501 2218 1532 ad
2241 1501 2393 1541 Elogium

1317 1543 1518 1587 Aquinatis),
1534 1554 1601 1575 non
1624 1544 1798 1585 legitimam
1821 1545 2015 1585 praebuisset
2038 1545 2291 1584 excusationem,
2315 1552 2352 1576 ut
2374 1556 2394 1576 a

1318 1599 1427 1620 mensa
1450 1589 1545 1629 Regis
1569 1599 1602 1619 se
1621 1589 1806 1620 retraheret:
1831 1599 1935 1630 neque
1951 1596 2058 1620 tamen
2079 1589 2284 1621 inverisimile
2306 1589 2392 1621 vide-

1317 1641 1370 1664 tur
1387 1633 1582 1674 Compendio
1601 1633 1794 1674 Theologico
1810 1633 1906 1664 etiam
1929 1640 2000 1664 tum
2023 1633 2206 1665 adlaborare
2229 1633 2395 1667 subcisivis

1318 1678 1404 1709 horis
1428 1677 1570 1718 potuisse
1594 1678 1769 1708 Thomam.

1715 1799 1914 1836 CAPUT
1945 1800 1996 1836 11.

1318 1905 1414 1939 Operis
1433 1905 1587 1930 distributio.
1601 1904 1746 1937 Theologia
1765 1904 1887 1930 naturalis
1912 1909 1938 1930 et
1959 1904 2072 1930 revelata
2091 1904 2169 1930 simul
2188 1904 2346 1932 coniunctae:
2365 1913 2395 1931 ac

1390 1941 1615 2002 ggims‘iaegs‘ffioe
1629 1940 1656 1965 in
1673 1946 1784 1973 utraque
1793 1940 1943 1966 illustranda
1957 1945 2083 1965 servatur.
2097 1940 2306 1967 Commentarius
2315 1940 2397 1966 Fran-

1319 2082 1342 2114 1.
1366 2076 1418 2157 In
1442 2083 1540 2114 libros
1563 2090 1702 2125 quatuor
1724 2083 1881 2114 tributum
1903 2093 1921 2113 a
1941 2082 2140 2114 sanctissimo
2161 2085 2302 2116 Auctore
2322 2093 2396 2125 pro-

1397 2134 1458 2158 stat
1487 2127 1591 2168 Opus.
1623 2127 1763 2168 Singulis
1791 2127 2002 2168 praemissum
2034 2127 2149 2168 legitur
2177 2128 2395 2169 prooemium.

1318 2171 1394 2202 Uno
1418 2173 1627 2203 absolvuntur
1650 2172 1762 2213 capite,
1779 2181 1862 2213 quae
1877 2171 1971 2202 tertio
1987 2171 2068 2202 libro
2093 2178 2124 2202 et
2147 2179 2261 2213 quarto
2281 2178 2396 2213 prooe-

1319 2215 1383 2246 mia
1406 2216 1543 2257 praefixa
1562 2223 1652 2247 sunt:
1668 2217 1771 2257 capita
1786 2216 2042 2257 complectuntur
2056 2215 2159 2256 plura,
2175 2226 2257 2258 quae
2275 2217 2397 2248 librum

1318 2260 1460 2301 primum
1489 2261 1682 2302 praecedunt
1704 2268 1735 2292 et
1758 2261 1947 2292 secundum.
1969 2260 2101 2301 Singula
2123 2271 2200 2292 vero
2223 2262 2262 2293 ab
2285 2261 2395 2303 aliquo

1319 2305 1413 2336 ducta
1432 2312 1507 2336 sunt
1529 2305 1694 2346 aptissimo
1718 2315 1822 2336 sacrae
1845 2305 2024 2346 Scripturae
2038 2311 2135 2336 textu.

1386 2350 1475 2380 Tum
1506 2351 1688 2381 naturalem
1727 2350 1933 2391 Theologiam
1944 2373 1955 2388 ,
1984 2351 2057 2380 tum
2084 2350 2261 2382 revelatam
2293 2356 2396 2381 venat

1319 2403 1452 2425 omnem
1467 2394 1620 2436 Aquinas.
1638 2394 1769 2425 Divinas
1791 2394 1936 2425 veritates
1960 2393 2040 2432 illas,
2055 2394 2180 2426 tametsi
2204 2394 2311 2426 divina
2324 2404 2392 2426 ma—

1319 2437 1478 2469 nifestatas
1503 2438 1714 2478 revelatione,
1738 2445 1868 2470 naturae
1891 2445 1997 2470 tamen
2016 2438 2138 2469 lumine
2162 2438 2393 2480 adsequib'iles,

1319 2483 1449 2523 exponit
1478 2493 1514 2514 ac
1544 2483 1682 2514 vindicat
1704 2483 1832 2514 duobus
1858 2482 1985 2524 integris
2011 2482 2122 2524 primis
2145 2483 2231 2514 libris
2254 2493 2290 2514 ac
2313 2483 2396 2514 tertii

1319 2534 1416 2567 parte.
1440 2528 1565 2558 Tuetur
1586 2538 1622 2558 ac
1641 2527 1776 2559 illustrat
1798 2527 1880 2558 libro
1899 2534 2013 2568 quarto
2035 2527 2185 2568 mysteria
2200 2527 2292 2567 fidei,
2312 2536 2395 2569 quae

1319 2571 1450 2602 luminis
1473 2572 1623 2603 naturalis
1647 2571 1734 2610 vim,
1758 2578 1949 2613 potestatem
1973 2578 2004 2603 et
2025 2571 2198 2603 efficaciam
2221 2572 2394 2603 excedunt:

1320 2615 1502 2646 cuiusmodi
1518 2623 1592 2647 sunt
1601 2617 1820 2647 Personarum
1836 2617 1990 2653 Trinitas,
1999 2616 2077 2646 filii
2089 2616 2243 2648 divinitas
2251 2621 2283 2647 et
2291 2616 2394 2656 Spiri-

1319 2665 1372 2690 tus
1386 2661 1501 2698 sancti,
1519 2660 1611 2691 Verbi
1625 2661 1689 2691 Dei
1698 2661 1892 2698 incarnatio,
1909 2669 1976 2691 una
1993 2661 2025 2690 in
2042 2660 2164 2700 duplici
2180 2665 2300 2692 natura
2315 2660 2394 2691 Per-

1318 2713 1399 2734 sona
1414 2713 1486 2734 cum
1503 2704 1624 2744 duplici
1638 2705 1802 2735 voluntate
1816 2709 1846 2735 et
1862 2705 2058 2744 operatione,
2073 2704 2244 2745 Conceptio
2262 2714 2305 2735 ex
2326 2703 2394 2734 Vir-

1318 2748 1398 2788 gine
1416 2753 1531 2785 matre,
1550 2748 1773 2785 Sacramenta,
1793 2748 1999 2779 Resurrectio
2022 2757 2205 2788 corporum,
2225 2748 2392 2779 'Iudicium

1308 2791 1427 2832 finale.
1438 2791 1537 2822 Tertii
1552 2792 1722 2832 superioris
1741 2792 1812 2822 libri
1828 2798 1950 2832 partem
1964 2791 2166 2823 residuamin
2183 2792 2221 2823 iis
2232 2802 2393 2833 exponen-

1319 2835 1366 2866 dis
1385 2835 1462 2876 legis
1484 2836 1690 2876 Evangelicae
1715 2836 1915 2867 documentis
1936 2836 2079 2874 insumit,
2100 2846 2183 2877 quae
2206 2837 2246 2867 ad
2268 2842 2392 2877 partem

1319 2880 1474 2911 moralem
1490 2880 1638 2921 pertinet:
1655 2880 1774 2911 Ultima
1789 2890 1867 2911 vera
1883 2881 2021 2912 hominis
2035 2881 2194 2919 beatitate,
2205 2890 2317 2913 amore
2330 2881 2395 2912 Dei

1319 2925 1450 2965 eiusque
1468 2925 1568 2963 cultu,
1593 2925 1735 2956 consiliis
1750 2925 1977 2966 Evangelicis,
1996 2930 2131 2966 peccato
2155 2931 2186 2957 et
2209 2927 2335 2964 merito,
2350 2935 2393 2957 ac

1317 2969 1422 3000 debita
1439 2979 1559 3010 poena,
1584 2969 1714 3002 divinae
1734 2970 1865 3011 gratiae
1887 2970 2031 3000 auxiliis.

1385 3013 1423 3044 11.
1440 3014 1515 3044 Non
1539 3013 1654 3044 eodem
1676 3013 1709 3044 in
1735 3020 1869 3055 utraque
1892 3013 2072 3054 Theologia
2096 3014 2242 3045 naturali
2260 3019 2291 3045 et
2304 3023 2394 3046 reve»

1318 3057 1406 3095 lata,
1431 3058 1574 3098 procedit
1597 3058 1697 3088 modo
1722 3059 1860 3098 prudens
1893 3068 1929 3089 ac
1952 3058 2076 3099 sapiens
2107 3058 2262 3089 Thomas.
2294 3058 2392 3090 Primi

1317 3102 1439 3141 generis
1462 3102 1605 3134 veritates
1635 3102 1780 3143 explanat
1812 3102 2050 3144 contrariosque
2080 3102 2210 3134 errantis
2233 3102 2393 3134 human-e

1318 3146 1432 3177 mentis
1455 3146 1568 3178 refellit
1591 3146 1716 3187 lapsus,
1740 3146 1902 3187 principiis
1936 3147 2083 3178 adhibitis
2116 3154 2246 3178 naturae
2268 3146 2392 3178 lumine

1318 3190 1402 3221 notis
1426 3201 1461 3222 ac
1484 3190 1754 3231 philosophorum
1778 3191 1985 3225 testimoniis:
2016 3192 2246 3233 robustamque
2275 3189 2390 3223 confir—

1318 3234 1494 3266 mationem
1517 3235 1613 3273 addit,
1638 3245 1720 3276 quae
1743 3235 1880 3266 sumitur
1903 3245 1940 3266 ex
1963 3235 2070 3267 divina
2093 3235 2299 3274 revelatione,
2317 3244 2389 3266 san-

1318 3285 1507 3320 ctorumque
1525 3279 1683 3311 Ecclesiae
1700 3280 1829 3311 Patrum
1853 3280 2062 3311 documentis.
2080 3280 2118 3311 V.
2136 3290 2166 3321 g.
2182 3279 2243 3311 Dei
2258 3278 2390 3310 aeterni-

1318 3330 1416 3354 tatem
1439 3324 1631 3364 argumentis
1655 3324 1820 3364 plurimis,
1845 3334 1926 3366 quae
1959 3324 2109 3356 naturalis
2140 3323 2271 3355 luminis
2294 3332 2389 3364 pene-

1318 3367 1452 3399 tratione
1476 3368 1698 3407 efformantur,
1724 3369 1837 3409 probat
1859 3379 1896 3400 ac
1926 3369 2050 3400 evincit.
2077 3369 2167 3400 Tum
2189 3366 2390 3399 revelationis

1318 3412 1538 3444 testimonium
1562 3419 1725 3454 postremo
1754 3413 1898 3445 adducit:
1922 3413 2013 3444 Huic
2042 3418 2149 3444 autem
2173 3412 2316 3448 veritati,
2340 3411 2389 3442 in-

1318 3457 1450 3498 quiens,
1483 3458 1604 3489 Divina
1641 3459 1819 3489 auctoritas
1856 3458 2070 3489 testimonium
2103 3455 2258 3498 perhibet.
2296 3455 2390 3486 Unde

1317 3502 1436 3533 Psalm.
1456 3510 1527 3533 101:
1548 3502 1594 3533 Tu
1614 3507 1721 3533 autem
1737 3503 1877 3533 Domine
1899 3503 1932 3533 in
1956 3507 2123 3533 aeternum
2140 3508 2324 3541 permanes.
2345 3499 2389 3530 Et

1317 3546 1410 3577 ibid..·
1439 3547 1486 3577 Tu
1509 3551 1617 3577 autem
1649 3546 1730 3578 idem
1755 3548 1822 3587 ipse
1845 3556 1898 3585 es,
1921 3551 1953 3577 et
1974 3546 2055 3576 anni
2072 3545 2120 3576 tui
2143 3553 2206 3575 non
2229 3543 2389 3584 deficient.

1316 3590 1386 3620 Pari
1410 3590 1510 3621 modo
1534 3590 1764 3631 philosophicis
1796 3590 1970 3621 rationibus
1997 3589 2092 3621 docet
2120 3597 2188 3628 cap.
2212 3598 2276 3618 xxn
2303 3588 2389 3628 quod

1317 3635 1349 3664 in
1373 3635 1444 3665 Deo
1468 3634 1549 3665 idem
1574 3640 1621 3665 est
1644 3643 1712 3666 esse
1735 3639 1766 3665 et
1791 3635 1948 3665 essentia:
1971 3632 2120 3674 additque
2140 3631 2200 3663 Dei
2224 3632 2389 3663 revelatio-
