2788 4204
1084 260 1196 297 CAP.
1225 261 1349 308 xxn,
1380 261 1530 298 LECT.
1560 243 1724 299 xxXIV

359 337 508 365 SYNOPSIS.
525 353 560 358 —-
581 347 604 365 1.
625 337 837 374 Argumentum
865 342 893 364 et
920 336 1074 365 divisiones
1101 344 1234 365 textus.-
1248 345 1275 365 2.
1297 339 1363 366 Duo

299 376 454 414 principia:
482 381 546 413 1⁰¹⁰,
561 376 729 406 Accidentia
749 386 811 405 non
832 383 954 413 possunt
970 378 1007 404 ad
1028 377 1150 405 invicem
1170 386 1261 413 aeque
1282 387 1364 414 prae-

299 416 397 452 dicari,
412 417 452 445 ita
472 423 504 445 ut
524 426 616 445 unum
637 416 673 445 sit
693 416 890 453 praedicatum
911 416 1035 451 alterius,
1056 423 1084 445 et
1109 417 1165 444 hoc
1186 416 1306 444 alterurn
1328 417 1364 445 sit

298 457 495 493 praedicatum
516 456 615 493 primi;
638 460 710 491 zum,
725 456 786 484 Soli
810 455 994 491 substantiae,
1016 465 1077 484 non
1097 463 1194 484 autem
1215 456 1362 492 accidenti,

299 497 436 526 convenit
451 506 510 535 per
530 506 561 525 se
586 496 727 533 quuendo
742 505 804 524 esse
824 495 994 524 subiectum.
1006 512 1025 517 -
1037 496 1063 524 3.
1078 496 1196 524 Thesis:
1219 497 1318 533 Neque
1333 496 1362 524 in

299 536 470 573 praedicatis
485 535 692 569 essentialibus,
708 544 802 572 neque
816 535 846 563 in
860 534 1030 572 praedicatis
1044 535 1276 571 accidentalibus,
1292 545 1362 564 con-

299 575 381 613 tingit
401 585 493 604 unum
514 576 550 603 de
571 575 662 603 altero
683 574 865 610 circulariter,
881 584 931 602 seu
946 574 1067 602 invicem
1089 575 1247 611 praedicari
1266 584 1300 603 ex
1314 584 1361 603 ae-

299 625 369 652 quo,
379 624 486 652 nempe
500 615 659 643 secundum
674 615 825 651 aequalem
839 614 982 642 rationem
997 614 1253 650 praedicandi.-4.
1265 615 1362 643 Partes

297 655 387 684 thesis
401 654 553 691 separatim
567 654 750 690 probandae:
773 661 801 682 et
820 654 948 691 primum
962 655 1061 690 quoad
1081 654 1245 691 praedicata
1265 663 1362 682 essen-

297 694 391 730 tialia;
420 694 524 722 deinde
552 694 651 730 quoad
678 694 842 729 praedicata
867 693 1063 722 accidentalia.
1080 711 1099 715 -
1120 694 1145 722 5.
1167 695 1362 722 Resumuntur

297 742 372 771 quae
393 733 423 761 in
443 733 625 770 praecedenti
640 733 764 762 lectione
784 743 813 762 n.
835 741 852 761 2
868 733 944 761 dicta
964 740 1031 761 sunt
1045 734 1081 761 de
1095 733 1271 767 definitione,
1287 743 1361 770 quae

297 782 359 801 non
379 774 465 801 datur
484 773 540 800 nisi
561 774 597 801 de
618 773 784 801 substantiis
806 773 917 808 mediis,
932 779 960 801 et
981 782 1055 809 quae
1071 773 1137 801 ideo
1153 773 1272 810 impedit
1286 782 1360 810 quo-

296 812 394 841 minus
413 812 526 841 infinita
546 813 762 849 praedicentur,
787 813 845 841 sive
866 813 897 841 in
918 822 1033 841 sursum
1054 813 1113 841 sive
1134 813 1164 841 in
1184 814 1330 841 deorsum.
1342 830 1361 834 -

296 853 324 880 6.
341 853 483 881 Probatur
498 853 586 880 thesis
600 853 698 889 quoad
712 853 876 889 praedicata
890 852 1088 881 substantialia
1102 855 1193 890 (quae
1214 859 1280 880 sunt
1294 862 1360 889 par-

295 898 339 920 tes
360 892 548 927 definitionis,
571 892 677 921 scilicet
697 902 788 930 genus
810 899 837 921 et
858 892 1044 928 differentia),
1066 893 1096 920 in
1117 892 1222 930 quibus
1243 901 1304 920 non
1319 898 1362 920 est

295 931 375 960 abire
400 932 431 960 in
459 932 603 960 infinitum
624 942 676 969 per
699 934 821 961 modum
849 932 1057 968 circulationis,
1085 939 1118 960 ut
1138 932 1244 960 scilicet
1271 940 1360 968 aeque

295 981 387 1009 genus
407 972 587 1009 praedicetur
608 973 644 1000 de
665 973 769 1009 specie,
791 979 819 1000 et
839 972 948 1008 species
969 973 1005 1000 de
1026 981 1147 1009 genere:
1169 980 1251 999 secus
1272 971 1359 1006 enim,

296 1012 365 1048 quia
385 1021 476 1049 genus
498 1019 541 1040 est
561 1019 664 1048 totum,
680 1012 762 1041 cuius
776 1011 886 1048 species
900 1018 943 1039 est
956 1021 1032 1048 pars,
1047 1011 1124 1039 idern
1140 1017 1271 1047 respectu
1285 1010 1359 1038 eius-

295 1051 363 1079 dem
377 1058 452 1080 esset
466 1051 551 1080 simul
565 1061 631 1088 pars
646 1059 674 1080 et
687 1059 790 1080 totum.
805 1053 842 1079 Et
851 1052 953 1079 eadem
967 1051 1041 1079 ratio
1055 1058 1098 1079 est
1112 1051 1147 1079 de
1158 1049 1332 1078 differentiis.
1341 1066 1360 1070 —

296 1100 323 1127 7.
336 1091 448 1120 Deinde
469 1093 609 1128 probatur
622 1093 724 1120 eadem
745 1091 834 1120 thesis
855 1091 954 1127 quoad
974 1090 1138 1127 praedicata
1157 1088 1359 1118 accidentalia:

295 1131 365 1167 quia
384 1131 498 1159 nullum
511 1131 646 1160 accidens
667 1138 762 1168 potest
783 1132 890 1160 habere
904 1129 1125 1158 conversionem
1139 1139 1206 1158 cum
1220 1128 1359 1163 subiecto,

559 1231 748 1268 raemissis
761 1231 831 1278 his,
843 1243 940 1279 quae
956 1229 1168 1267 necessaria
1186 1234 1299 1265 sunt⁰‘
1314 1227 1363 1264 ad

151 1248 170 1265 α
301 1245 331 1270 1.
369 1248 377 1260 ‹
473 1267 478 1269 .

356 1281 386 1318 is'
414 1330 443 1336 μ
467 1280 470 1283 “
513 1285 544 1329 ’ἐν
557 1284 798 1334 propositum
828 1282 1191 1328 demonstrandum,
1231 1281 1279 1318 de
1309 1280 1362 1318 di-

380 1363 386 1373 ,
414 1338 543 1380 ἑὲὲῆἕ
559 1337 755 1375 stinctione
784 1336 1091 1385 praedicatorum
1111 1334 1360 1381 adinvicem,

291 1412 329 1419 fl
353 1404 429 1425 »m
440 1380 540 1430 ''a-ffii‘?
558 1391 620 1428 hic
648 1389 794 1426 accedit
818 1389 867 1426 ad
886 1389 1127 1438 propositum
1157 1387 1359 1425 ostenden-

294 1445 400 1491 dum,
430 1443 570 1481 scilicet
597 1443 703 1492 quod
730 1455 809 1479 non
826 1443 1057 1491 procedatur
1079 1442 1118 1479 in
1135 1441 1360 1490 praedicatis

49 1514 266 1540 namnum
292 1497 332 1535 in
358 1497 562 1534 infinitum.
596 1497 646 1533 Et
674 1495 854 1533 dividitur
881 1497 977 1533 haec
1004 1508 1091 1544 pars
1124 1495 1162 1532 in
1189 1502 1315 1543 partes
1339 1495 1359 1516 *

48 1539 267 1594 ῗό-ἭῘῘῘ
293 1551 400 1597 duas,
421 1550 635 1588 secundum
656 1549 754 1586 duos
773 1549 913 1586 modos
933 1549 1071 1597 quibus
1091 1548 1255 1585 ostendit
1271 1560 1359 1596 pro-

289 1604 472 1654 positum.
504 1603 682 1641 Secunda
704 1615 792 1651 pars
825 1602 954 1651 incipit
980 1602 1052 1639 ibi:
1081 1603 1216 1639 Adhuc
1234 1607 1358 1638 autem

48 1671 62 1684 ⁴
74 1670 180 1705 numu
291 1658 389 1695 alius
399 1657 419 1678 *
432 1665 501 1694 etc.
523 1657 634 1694 Circa
647 1655 816 1704 primum
832 1655 909 1692 duo
926 1655 1027 1692 facit:
1047 1655 1185 1704 primo,
1198 1654 1361 1692 ostendit

288 1711 399 1760 quod
418 1723 497 1748 non
517 1718 573 1747 est
590 1709 800 1758 procedere
829 1708 868 1745 in
891 1708 1083 1746 infinitum
1102 1708 1142 1745 in
1165 1707 1359 1757 praedica-

49 1778 63 1790 *
76 1776 114 1800 ct.
126 1777 180 1799 ieet·
189 1781 238 1798 vm-
291 1764 338 1802 tis
351 1776 422 1813 per
439 1763 603 1800 modum
623 1762 874 1799 circulationis
889 1762 926 1807 *ς
947 1761 1130 1807 secundo,
1152 1761 1256 1810 quod
1281 1773 1360 1798 non

290 1817 521 1867 procedatur
548 1816 587 1854 in
605 1815 797 1853 infinitum
825 1815 863 1851 in
887 1815 941 1852 eis
969 1814 1182 1851 secundum
1211 1814 1359 1851 rectitu-

149 1877 166 1912 β
292 1870 423 1908 dinem
447 1869 486 1906 in
510 1881 662 1907 sursum
692 1880 819 1916 neque
847 1867 886 1904 in
911 1869 1093 1905 deorsum
1118 1866 1154 1914 1³3
1188 1867 1257 1905 ibi:
1287 1868 1362 1905 Sed

46 1935 62 1949 ⁸
72 1934 180 1960 nus.
292 1924 418 1972 utique
430 1923 532 1972 quod
540 1934 660 1971 neque
669 1922 706 1958 in
716 1933 866 1958 sursum
877 1921 897 1942 *
907 1928 976 1958 etc.
987 1922 1098 1958 Circa
1112 1921 1278 1970 primum
1291 1922 1360 1959 tria

290 1977 395 2015 facit:
414 1976 552 2025 primo,
572 1974 791 2024 praemissis
810 1974 1025 2023 suppositis,
1046 1975 1151 2012 addit
1169 1976 1359 2024 quaedam

47 2044 264 2072 wia-eumad„
291 2031 451 2068 adhuc·
470 2029 684 2067 necessaria
711 2028 760 2066 ad
787 2029 1028 2077 propositum
1056 2029 1359 2076 ostendendum;

47 2077 190 2095 και-ο
209 2071 264 2093 hab.

47 2152 57 2162 ·
71 2150 144 2173 Num.
153 2156 175 2179 3.

45 2208 58 2220 '
70 2208 144 2231 Num.
152 2215 177 2236 4.

44 2257 57 2269 “
69 2263 115 2279 n:
126 2258 204 2285 pout.

47 2312 57 2321 '¹
71 2317 162 2338 cuo:
184 2311 271 2340 quod5.

45 2344 61 2360 Α
74 2344 123 2360 om.

45 2578 87 2625 κει
99 2576 168 2625 gaiu
181 2576 260 2605 quali-

291 2083 474 2130 secundo,
495 2096 542 2120 ex
555 2084 614 2121 his
630 2091 667 2120 et
684 2082 764 2119 aliis
779 2083 996 2131 praemissis
1016 2083 1206 2120 concludit
1219 2096 1359 2132 propo-

290 2138 426 2184 situm;
461 2136 533 2174 ibi:
557 2136 791 2186 Impossibile
808 2142 863 2173 est
879 2148 998 2186 aeque
1010 2136 1258 2185 praedicari*
1269 2145 1358 2184 etc.;

289 2191 412 2238 tertio,
428 2191 581 2239 probat;
611 2190 680 2227 ibi:
704 2191 784 2227 Aut
809 2190 908 2227 enim
927 2191 1024 2227 sicut
1038 2190 1275 2228 substantia*
1287 2198 1356 2228 etc.

345 2256 379 2282 2.
409 2243 540 2281 Primo
561 2257 651 2293 ergo
675 2244 856 2293 proponit
877 2244 1010 2281 *dum
1045 2257 1211 2293 quorum
1236 2257 1358 2281 unum

289 2306 362 2346 est,
388 2298 477 2347 quia
490 2298 511 2319 '⁶²
525 2310 614 2335 curn
633 2298 907 2347 praedicatum,
929 2298 1035 2347 quod
1059 2298 1243 2346 significat
1263 2298 1358 2335 acci-

289 2352 396 2398 dens,
412 2351 597 2399 significet
615 2352 771 2400 aliquod
790 2365 908 2400 genus
929 2352 1143 2399 accidentis,
1159 2359 1251 2400 puta
1266 2365 1358 2401 qua-

287 2405 442 2451 litatem,
464 2418 543 2442 non
562 2413 688 2455 potest
708 2417 790 2442 esse
811 2406 916 2454 quod
937 2405 1015 2442 duo
1035 2419 1076 2443 se
1098 2407 1264 2443 habeant
1282 2406 1357 2443 hoc

288 2459 408 2496 modo
438 2459 488 2496 ad
514 2459 693 2506 invicem,
724 2459 830 2508 quod
857 2460 1026 2508 primum
1046 2460 1092 2497 sit
1112 2460 1271 2509 qualitas
1299 2473 1356 2497 se-

289 2512 420 2560 cundi,
456 2521 492 2551 et
520 2514 734 2561 secundum
767 2513 814 2550 sit
846 2513 1004 2563 qualitas
1031 2513 1165 2562 primi;
1201 2514 1272 2551 alia
1301 2521 1356 2551 est

288 2565 391 2603 enim
419 2567 515 2604 ratio
544 2567 743 2616 qualitatis,
765 2574 802 2603 et
824 2567 906 2604 eius
934 2567 994 2604 cui
1023 2567 1181 2616 qualitas
1209 2567 1306 2604 inest
1323 2569 1353 2604 *.

288 2619 512 2657 Secundum
542 2628 608 2666 est,
630 2620 735 2670 quod
762 2620 1026 2658 universaliter
1053 2633 1132 2658 non
1157 2628 1212 2657 est
1234 2621 1355 2670 possi—

286 2672 361 2709 bile
374 2673 482 2721 quod
497 2673 656 2723 qualitas
670 2674 810 2711 habeat
823 2678 838 2701 ⁷
848 2687 1119 2723 quamcunque
1134 2674 1248 2711 aliam
1263 2687 1355 2723 qua-

285 2725 428 2764 litatem
463 2727 533 2765 sibi
560 2727 840 2774 inhaerentem;
877 2728 966 2776 quia
998 2729 1146 2765 nullum
1179 2727 1354 2766 accidens

287 2786 344 2816 est
371 2779 585 2819 subiectum
614 2782 765 2819 alterius
794 2781 998 2819 accidentis
1026 2794 1095 2830 per
1123 2794 1164 2819 se
1196 2783 1355 2831 loquen-

288 2832 350 2870 do.
381 2833 461 2870 Soli
481 2835 583 2873 enim
612 2835 842 2874 substantiae
872 2835 1052 2873 convenit
1076 2836 1230 2885 proprie
1259 2836 1353 2874 ratio

286 2885 445 2923 subiecti
464 2883 488 2924 ⁸.

341 2940 376 2978 3.
406 2941 555 2980 Deinde
576 2955 664 2980 cum
685 2942 788 2980 dicit:
808 2942 1042 2992 Impossibile
1060 2948 1116 2980 est
1130 2954 1250 2991 aeque
1269 2950 1352 2989 etc.,

339 3068 368 3103 α)
388 3069 546 3094 &amissis
563 3069 604 3094 his
623 3074 671 3094 etc.
684 3082 702 3089 —·
714 3069 788 3093 Hanc
807 3069 944 3093 lectionem
963 3069 983 3093 P
1002 3076 1094 3094 omnes
1119 3070 1222 3094 codices
1247 3069 1350 3099 habent,

285 3112 338 3129 uno
357 3109 463 3136 excepto
481 3104 518 3134 N,
537 3105 582 3136 qui
601 3105 676 3137 legit:
702 3103 845 3136 Postquam
860 3104 1035 3136 Philosophus
1049 3105 1193 3136 praemisit
1210 3105 1350 3137 quaedam,

285 3146 354 3172 quae
367 3142 430 3164 sunt
439 3140 588 3165 necessaria
602 3139 806 3164 etc.-ABGIO:
820 3139 858 3164 ad
866 3140 1036 3171 propositum
1048 3140 1240 3165 ostendendum
1255 3141 1288 3165 de
1302 3146 1350 3165 etc.

340 3173 367 3207 β)
387 3175 417 3199 In
432 3182 537 3200 sursum
556 3182 639 3207 neque
658 3175 684 3200 in
704 3175 837 3199 deorsum.
846 3188 865 3194 --
874 3175 983 3199 Codices
997 3175 1062 3207 (exc.
1073 3176 1118 3200 AB
1130 3180 1156 3200 et
1169 3183 1192 3200 s.
1202 3183 1238 3200 m.
1251 3176 1283 3208 S)
1297 3183 1350 3200 om.

285 3211 371 3244 priora
388 3210 483 3240 verba,
502 3210 528 3235 in
548 3217 669 3239 sursum‚·
690 3215 716 3235 et
733 3217 827 3234 omnes
845 3210 929 3235 omitt.
947 3211 1106 3243 posteriora,
1125 3218 1208 3243 neque
1227 3211 1253 3236 in
1273 3211 1352 3235 deor-

285 3254 352 3271 sum.
371 3246 494 3270 Attamen
510 3245 612 3270 videtur
630 3245 708 3270 Pinna
726 3245 867 3276 retinenda,
882 3245 943 3278 quia
956 3246 1036 3270 verba
1053 3246 1096 3271 illa
1115 3245 1243 3271 habentur
1255 3251 1312 3270 tum
1326 3247 1351 3270 in

285 3286 369 3311 textu,
388 3286 444 3305 tum
463 3281 489 3305 in
507 3288 617 3305 numero
635 3280 665 3311 8,
685 3280 730 3305 ubi
748 3288 771 3305 s.
785 3280 901 3305 Thomas
920 3280 970 3305 boc
989 3281 1120 3306 divisionis
1145 3281 1294 3306 membrum
1313 3282 1350 3306 in·

286 3317 346 3349 cipit
364 3323 501 3348 exponere.

339 3352 366 3385 γ)
387 3351 466 3381 Quod
487 3351 602 3383 qualitas
625 3351 722 3376 habeat
739 3351 877 3375 eto-AB:
901 3351 997 3376 habeat
1013 3352 1157 3384 quamdam
1164 3359 1174 3380 ,-
1198 3352 1350 3382 CDEHQS:

286 3387 383 3412 habeat
399 3393 583 3419 quamcunque
599 3386 732 3418 aliquam,
752 3391 778 3411 et
795 3386 822 3410 in
840 3387 858 3410 S
873 3393 1066 3419 quamcumque
1084 3387 1238 3420 expungitur
1244 3394 1251 3417 ;
1271 3388 1295 3412 Η
1310 3395 1350 3412 er-

285 3430 377 3447 ronee:
396 3429 517 3454 quameq.
535 3422 652 3453 aliquam
676 3421 868 3453 quantitatem5
886 3421 1000 3454 denique
1022 3422 1071 3447 Gl:
1091 3422 1162 3454 quod
1180 3423 1296 3455 quaIitas
1310 3423 1351 3447 in-

285 3458 396 3483 haereat
413 3457 462 3482 alii
479 3457 604 3489 qualitati
610 3464 619 3486 ;
637 3456 700 3488 quia
719 3457 820 3481 nullum
839 3461 887 3481 etc.
1308 3478 1311 3479 γ

338 3492 364 3526 ὃ)
384 3493 442 3517 Soli
460 3492 529 3517 enim
554 3492 717 3517 substantiae
740 3491 863 3517 convenit
882 3492 995 3524 proprie
1019 3492 1090 3517 ratio
1108 3493 1255 3518 subiecti.-
1267 3493 1350 3518 Codd.

285 3528 369 3553 GIMN
388 3528 510 3553 omittunt
529 3527 659 3559 proprie;
684 3527 731 3551 sed
750 3527 798 3551 hoc
817 3527 968 3551 adverbium
992 3532 1032 3552 est
1055 3528 1217 3552 retinendum
1236 3536 1297 3553 cum
1316 3528 1350 3558 P,

285 3564 370 3588 Venn.
384 3563 443 3588 edd.
458 3568 483 3588 et
501 3563 556 3587 aliis
576 3562 715 3587 codicibus.
734 3562 862 3594 Imprimis
879 3563 947 3587 enim
962 3562 1100 3595 requiritur
1118 3570 1148 3587 ex
1166 3564 1239 3588 dictis
1258 3563 1350 3588 imme-

284 3599 352 3624 diate
364 3604 423 3624 ante
437 3599 469 3623 de
483 3598 621 3628 accidente,
636 3598 707 3630 quod
721 3605 774 3622 non
787 3598 821 3622 sit
834 3597 980 3622 subiectum
994 3598 1098 3623 alterius
1111 3598 1248 3623 accidentis
1262 3606 1309 3631 per
1321 3606 1350 3623 se

2404 275 2479 312 277

1420 339 1456 367 de
1471 349 1530 376 quo
1551 348 1603 376 per
1623 349 1668 375 se,
1689 340 1754 368 licet
1774 340 1997 376 accidentaliter,
2019 341 2200 377 praedicatur
2221 341 2275 377 (Cf.
2295 342 2357 370 lect.
2372 351 2478 378 praec„

1419 388 1446 406 n.
1463 379 1502 414 8).
1513 396 1532 400 -
1543 379 1569 407 8.
1585 379 1687 408 Thesis
1707 380 1811 408 altera:
1833 380 2035 408 Universaliter
2050 381 2208 417 loquendo,
2222 381 2253 408 in
2273 382 2354 409 nullo
2374 390 2479 418 genere

1418 418 1638 454 praedicationis
1652 419 1770 455 procedi
1785 426 1880 456 potest
1898 419 1927 447 in
1942 419 2095 455 infinitum,
2110 430 2171 448 non
2186 421 2281 448 solum
2295 420 2477 457 circulariter,

1418 458 1468 485 sed
1482 467 1576 494 neque
1586 459 1673 486 etiam
1689 460 1849 487 secundum
1866 459 2065 488 rectitudinem
2079 460 2109 487 in
2123 469 2236 488 sursum
2246 460 2291 488 vel
2305 461 2450 488 deorsum.
2459 477 2478 482 -

1418 506 1445 532 9.
1462 498 1597 534 Quinque
1622 505 1807 526 resumuntur
1827 508 1861 527 ex
1881 498 1963 527 dictis
1984 499 2014 527 in
2035 499 2217 536 praecedenti
2239 499 2377 535 lectione,
2398 499 2478 528 vide-

1416 536 1496 564 licet:
1530 541 1579 572 10,
1608 538 1643 565 de
1666 547 1843 575 unoquoque
1864 545 1987 575 possunt
2013 539 2111 576 aliqua
2135 539 2308 575 praedicari,
2337 539 2477 576 quidquid

1417 575 1591 612 significent;
1613 583 1642 605 at
1663 582 1717 613 2⁰,
1738 578 1902 614 praedicata
1923 578 2084 607 essentialia
2098 585 2164 606 sunt
2178 578 2272 614 finita;
2296 579 2328 606 3⁰
2340 601 2348 614 ,
2370 585 2397 606 et
2411 585 2478 606 sunt

1417 615 1497 643 finita
1521 625 1627 652 genera
1649 617 1963 653 praedicamentorum
1987 623 2041 653 4⁰,
2069 618 2100 646 in
2127 618 2249 655 simplici
2277 618 2477 654 propositione

1417 664 1507 682 unum
1535 656 1716 691 praedicatur
1736 657 1772 684 de
1793 666 1869 693 uno;
1900 658 1932 685 5⁰
1944 679 1952 693 ‚
1974 658 2010 686 de
2031 658 2177 686 accidente
2198 658 2269 686 nihil
2296 658 2477 694 praedicatur

1416 693 1590 730 simpliciter,
1605 704 1699 732 neque
1717 696 1878 724 subiectum
1898 706 1992 734 neque
2013 697 2156 726 accidens.
2167 715 2186 719 -
2200 706 2243 725 10.
2259 698 2400 726 Probatur
2413 698 2476 726 the-

1415 734 1468 761 sis:
1491 740 1519 761 et
1539 734 1689 770 imprimis,
1705 735 1902 764 substantialia
1915 737 2079 773 praedicata
2099 746 2160 765 non
2174 743 2241 765 sunt
2261 737 2385 771 infinita,
2407 746 2475 774 ergo

1415 782 1450 801 ex
1470 779 1549 809 parte
1568 774 1696 810 subiecti,
1714 775 1770 803 hoc
1791 782 1833 803 est
1853 777 1999 811 deorsum,
2014 786 2075 805 non
2095 777 2261 813 proceditur
2282 777 2311 804 in
2332 777 2475 805 infinitum

1415 812 1445 840 in
1466 813 1688 849 praedicatione,
1704 824 1761 851 qua
1781 815 1961 851 praedicatur
1974 825 2066 844 unum
2080 817 2116 844 de
2137 826 2206 845 uno.
2228 818 2355 853 Insuper,
2370 826 2476 853 genera

1415 851 1614 888 accidentium,
1630 863 1703 890 quae
1725 854 1934 890 praedicantur,
1950 862 2016 883 sunt
2034 855 2129 891 finita;
2144 862 2172 884 et
2189 856 2219 884 in
2233 865 2412 893 unoquoque
2426 865 2475 893 ge-

1415 900 1485 919 nere
1504 901 1565 920 non
1586 899 1628 920 est
1648 894 1804 929 procedere
1826 893 1855 921 in
1870 894 2023 930 infinitum,
2039 895 2107 932 quia
2127 895 2157 923 in
2178 895 2307 932 quolibet
2327 895 2475 932 praedica·

1415 937 1514 975 mento
1543 941 1633 968 genus
1660 932 1840 968 praedicatur
1860 934 1896 961 de
1920 933 2014 969 specie
2035 934 2064 962 in
2085 943 2120 962 eo
2142 936 2218 972 quod
2238 935 2306 972 quid
2327 941 2369 963 est
2375 946 2386 969 ;
2406 944 2475 972 ergo

1415 979 1445 997 ln
1458 971 1629 1006 praedicatis
1649 971 1872 1000 accidentaIIbus
1892 982 1954 1000 non
1976 980 2071 1010 potest
2093 975 2211 1010 procedi
2231 975 2261 1003 in
2282 975 2425 1003 infinitum
2446 975 2476 1003 in

1415 1019 1538 1045 sursum,
1560 1010 1632 1039 sicut
1652 1020 1747 1048 neque
1762 1011 1792 1039 in
1805 1012 1974 1048 praedicatis
1996 1013 2201 1042 essentialibus.
2212 1031 2231 1035 -
2246 1024 2288 1042 11.
2304 1014 2370 1043 Alio
2385 1015 2475 1043 modo

1414 1050 1554 1085 probatur
1574 1051 1654 1086 quod
1675 1060 1736 1078 non
1756 1052 1929 1087 procedatur
1949 1052 1979 1079 in
2000 1052 2143 1081 infinitum
2161 1053 2190 1081 in
2204 1054 2474 1090 praedicationibus.

1415 1089 1470 1132 Per
1490 1089 1768 1118 demonstrationem
1782 1090 1891 1127 aliquid
1905 1091 2011 1119 scimus
2025 1092 2190 1129 simpliciter
2203 1100 2231 1121 et
2244 1102 2305 1121 non
2319 1103 2353 1121 ex
2367 1103 2476 1130 suppo-

1415 1134 1532 1163 sitione3
1559 1137 1627 1165 ergo
1649 1135 1677 1157 et
1697 1129 1727 1157 in
1747 1130 2009 1166 praedicationibus
2029 1141 2090 1160 non
2112 1139 2154 1160 est
2174 1132 2251 1160 abire
2272 1132 2302 1160 in
2323 1133 2475 1164 infinitum.

1416 1227 1611 1275 proponit,
1642 1228 1749 1277 quasi
1778 1241 1823 1266 ex
1849 1230 2066 1280 praemissis
2096 1230 2343 1279 concludens,
2373 1232 2478 1281 quod

1416 1280 1576 1317 intendit
1600 1282 1777 1329 probare,
1800 1290 1836 1319 et
1855 1282 1959 1319 dicit:
1989 1283 2019 1320 si
2046 1283 2116 1320 ista
2141 1290 2228 1320 sunt
2244 1296 2349 1332 vera,
2379 1297 2476 1334 quae

1414 1334 1625 1382 praemissa
1652 1342 1758 1382 sunt,
1793 1335 2016 1384 impossibile
2042 1342 2097 1373 est
2121 1337 2222 1385 quod
2244 1338 2323 1385 fiat
2348 1344 2478 1375 mutua

1409 1388 1643 1435 praedicatio
1662 1389 1714 1425 ad
1731 1389 1889 1426 invicem
1916 1390 1970 1426 sic
1989 1392 2008 1409 ἦ
2019 1418 2029 1436 ,
2059 1389 2156 1427 idest
2174 1390 2385 1427 secundum
2414 1391 2478 1427 ali-

1415 1453 1532 1489 quem
1546 1441 1828 1490 praedictorum
1840 1445 1860 1463 ⁴*
1875 1443 2094 1480 modorum.
2112 1444 2203 1480 Non
2223 1451 2350 1480 autem
2369 1444 2419 1480 ita
2434 1444 2477 1465 ²¹⁸*

1414 1495 1490 1530 hoc
1509 1494 1653 1542 dicitur,
1683 1495 1774 1544 quin
1803 1496 1993 1544 contingat
2010 1509 2102 1533 vere
2121 1496 2330 1546 praedicari
2355 1509 2476 1533 unum

1416 1547 1463 1584 de
1483 1548 1569 1596 alio,
1590 1557 1627 1586 et
1651 1562 1671 1585 e
1686 1551 1706 1570 '¹‘
1720 1562 1919 1586 converso.
1945 1549 2118 1587 Dicimus
2139 1550 2240 1587 enim
2259 1563 2350 1588 vere
2371 1550 2477 1600 quod

1413 1603 1526 1638 homo
1560 1608 1613 1639 est
1649 1603 1777 1648 albus,
1813 1611 1850 1640 et
1885 1603 2012 1640 album
2046 1610 2101 1640 est
2130 1605 2255 1642 homo.
2292 1604 2369 1640 Sed
2400 1605 2475 1641 hoc

1413 1666 1493 1692 non
1511 1655 1555 1692 fit
1572 1668 1701 1704 aeque,
1722 1656 1818 1694 idest
1837 1657 2048 1694 secundum
2070 1658 2269 1705 aequalem
2289 1658 2474 1695 rationem

1413 1709 1668 1758 praedicandi.
1699 1711 1748 1747 Et
1775 1710 1943 1747 similiter
1962 1718 2018 1748 est
2040 1711 2079 1748 in
2096 1710 2321 1759 praedicatis
2350 1724 2475 1748 essen-

1414 1763 1563 1800 tialibus
1587 1768 1609 1799 ⁸.

1466 1829 1503 1864 4.
1534 1816 1683 1853 Deinde
1712 1828 1800 1853 cum
1831 1817 1935 1854 dicit:
1959 1818 2037 1853 Aut
2063 1817 2161 1854 enim
2189 1817 2284 1853 sicut
2308 1818 2475 1855 substan-

1414 1870 1465 1907 tia
1486 1878 1568 1918 etc.,
1590 1870 1753 1907 ostendit
1770 1870 2028 1919 propositum:
2050 1878 2086 1906 et
2103 1870 2245 1919 primo,
2266 1870 2304 1907 in
2328 1871 2475 1919 praedi-

1415 1924 1506 1961 catis
1527 1923 1802 1969 essentialibus;
1823 1924 2005 1971 secundo,
2021 1923 2060 1960 in
2075 1923 2385 1969 accidentalibus;
2405 1924 2474 1961 ibi:

1421 1978 1559 2015 Verum
1574 1978 1686 2014 etiam
1706 1977 1819 2025 ipsius
1834 1977 1988 2027 qualis*
2005 1984 2073 2013 etc.
2096 1977 2205 2013 Circa
2222 1977 2391 2025 primum
2406 1977 2475 2014 tria

1414 2031 1517 2068 facit:
1537 2030 1675 2079 primo,
1695 2030 1803 2079 ponit
1822 2030 2031 2078 quamdam
2052 2029 2280 2066 divisionem
2301 2030 2476 2067 essentia-

1414 2085 1507 2121 lium
1535 2083 1863 2132 praedicatorum;
1884 2083 2066 2130 secundo,
2091 2082 2248 2119 resumit
2266 2083 2474 2131 quoddam,

1414 2137 1520 2187 quod
1539 2149 1655 2186 supra
1672 2136 1877 2185 probatum
1899 2144 1970 2182 est;
1991 2135 2060 2172 ibi:
2085 2137 2197 2172 Haec
2215 2142 2339 2173 autem
2359 2142 2476 2173 osten-

1412 2191 1585 2236 sa*etc.;
1605 2190 1726 2236 tertio,
1746 2190 1884 2238 probat
1897 2189 2157 2238 propositum;
2182 2188 2251 2226 ibi:
2273 2189 2316 2226 Si
2327 2190 2474 2237 quidem

1413 2245 1530 2294 igitur
1542 2255 1686 2293 genera
1699 2243 1719 2264 '¹‘
1729 2250 1797 2280 etc.
1810 2242 1910 2279 Dicit
1925 2255 2014 2290 ergo
2024 2242 2162 2291 prim0,
2176 2242 2280 2291 quod
2291 2243 2339 2279 ad
2350 2250 2473 2280 osten—

1414 2297 1584 2335 dendum
1600 2296 1706 2345 quod
1720 2308 1798 2333 non
1813 2295 1859 2332 sit
1873 2295 1922 2332 ad
1936 2295 2101 2332 invicem
2117 2308 2238 2344 aeque
2252 2296 2472 2344 praedicari,

1410 2351 1536 2400 primo
1549 2354 1698 2399 oportet
1707 2350 1783 2386 hoc
1798 2348 2037 2385 considerare
2048 2349 2086 2385 in
2097 2349 2356 2385 essentialibus
2366 2361 2474 2397 prae-

1413 2404 1554 2442 dicatis.
1575 2405 1652 2440 Aut
1667 2403 1767 2439 enim
1785 2402 1890 2451 quod
1909 2414 2031 2451 aeque
2050 2402 2287 2450 praedicatur
2299 2402 2473 2450 *praedi-

1413 2458 1557 2494 cabitur
1589 2457 1684 2493 sicut
1707 2455 1930 2502 substantia,
1961 2463 2025 2492 aut
2052 2455 2125 2491 alio
2155 2455 2273 2492 modo
2303 2456 2334 2491 ²¹².
2366 2456 2414 2491 Et
2442 2455 2471 2491 si

1411 2511 1507 2548 sicut
1534 2509 1758 2556 substantia,
1793 2516 1858 2545 aut
1885 2508 1980 2545 sicut
2007 2520 2126 2556 genus
2155 2516 2219 2545 aut
2246 2508 2340 2545 sicut
2369 2507 2473 2544 diffe-

1411 2564 1540 2601 rentia.
1571 2564 1678 2600 Haec
1707 2562 1808 2599 enim
1842 2562 1920 2599 duo
1949 2569 2036 2599 sunt
2062 2569 2187 2610 partes
2221 2561 2470 2609 definitionis,

1411 2629 1509 2667 quae
1538 2617 1749 2665 significant
1777 2614 1990 2652 essentiam.

1467 2672 1500 2708 5.
1538 2670 1686 2708 Deinde
1730 2681 1818 2706 cum
1856 2668 1968 2705 dicit:
2009 2668 2121 2704 Haec
2162 2672 2285 2704 autem
2328 2673 2472 2704 ostensa

1408 2730 1496 2761 sunt
1513 2731 1595 2771 etc.,
1617 2722 1774 2761 resumit
1802 2722 1907 2771 quod
1930 2733 2044 2770 supra
2062 2721 2083 2742 '²
2109 2721 2339 2770 probaverat
2357 2720 2382 2768 ζ,
2404 2721 2471 2757 sci-

1409 2777 1495 2814 licet
1513 2776 1734 2814 huiusmodi
1751 2775 1968 2824 praedicata
1995 2787 2073 2811 non
2093 2786 2174 2810 esse
2194 2773 2357 2810 infinita:
2383 2773 2471 2822 quia

1410 2831 1440 2867 si
1468 2831 1507 2868 in
1534 2830 1725 2867 infinitum
1756 2828 2021 2878 procederent,
2055 2839 2134 2864 non
2168 2827 2324 2863 haberet
2350 2826 2388 2863 in
2417 2826 2471 2863 eis

1408 2885 1538 2921 locum
1558 2882 1816 2932 reciprocatiO,
1833 2894 1900 2918 seu
1921 2881 2120 2918 circulatio.
2138 2880 2237 2917 Dicit
2256 2892 2344 2927 ergo
2365 2879 2470 2928 quod

1409 2937 1504 2975 sicut
1523 2949 1638 2986 supra
1665 2937 1685 2957 *
1714 2935 1760 2972 de
1788 2935 1846 2971 his
1874 2943 2070 2971 ostensum
2099 2940 2164 2980 est,
2185 2933 2223 2969 in
2251 2932 2469 2969 huiusmodi

1405 3069 1545 3102 loquendo.
1569 3068 1669 3093 Deinde
1687 3068 1748 3100 quia
1766 3067 1825 3091 licet
1842 3065 1985 3090 substantia
2005 3065 2037 3089 sit
2055 3064 2167 3096 primum
2190 3063 2333 3088 subiectum
2353 3063 2468 3088 acciden-

1404 3106 1483 3134 tium,
1501 3110 1590 3129 tamen
1608 3104 1706 3128 ratione
1720 3102 1885 3131 substantiae,
1901 3109 1915 3125 a
1930 3108 1982 3133 qua
1999 3108 2045 3132 per
2065 3107 2093 3124 se
2112 3103 2284 3128 sustentatur,
2304 3106 2384 3123 unum
2403 3098 2468 3123 acci-

1406 3141 1470 3164 dens
1489 3144 1576 3172 potest
1594 3139 1641 3163 dici
1661 3138 1805 3163 subiectum
1824 3136 2000 3161 immediatum
2020 3135 2124 3159 alterius
2143 3134 2193 3166 (Cf.
2205 3135 2262 3158 lect.
2272 3141 2299 3164 11,
2311 3139 2364 3158 not.
2374 3134 2404 3165 e).

1458 3174 1481 3208 ε)
1502 3175 1539 3199 Et
1555 3174 1678 3199 similiter
1696 3176 1735 3198 est
1749 3178 1823 3197 etc.-·
1833 3171 2041 3200 CEKLNOQST
2061 3175 2086 3194 et
2104 3178 2129 3202 p.
2144 3178 2179 3194 m.
2193 3170 2230 3194 D:
2251 3169 2284 3193 E:
2299 3169 2337 3194 sic
2351 3172 2390 3193 est
2405 3174 2469 3200 etc.;

1405 3211 1445 3235 M:
1460 3209 1645 3242 praedicandi,
1665 3209 1734 3234 sicut
1753 3208 1779 3232 in
1799 3213 1860 3238 etc.;
1881 3207 1941 3236 NQ:
1961 3207 1987 3231 in
2003 3205 2168 3237 praedicatis
2186 3204 2348 3236 aequalibus.
2367 3204 2418 3228 Sed
2432 3205 2468 3229 le-

1406 3246 1455 3270 ctio
1474 3245 1626 3277 aequalibus
1645 3252 1697 3268 non
1717 3248 1802 3276 potest
1820 3242 1932 3267 admitti:
1952 3242 2034 3273 agitur
2053 3241 2121 3265 enim
2141 3241 2172 3264 de
2191 3240 2239 3269 hiS,
2255 3247 2366 3271 quorum
2385 3247 2468 3264 unum

1405 3281 1564 3313 praedicatur
1583 3280 1614 3304 de
1629 3280 1687 3309 alio,
1702 3279 1749 3303 sed
1763 3285 1814 3302 non
1833 3284 1922 3310 aeque,
1942 3277 1991 3301 hoc
2010 3282 2050 3300 est
2068 3284 2120 3300 non
2140 3275 2345 3304 convertibiliter,
2361 3280 2386 3299 et
2400 3282 2467 3307 quae

1405 3321 1515 3349 possunt
1533 3323 1592 3339 esse
1610 3320 1666 3339 tum
1681 3314 1824 3346 praedicata
1842 3312 2013 3341 accidentalia,
2028 3317 2084 3336 tum
2103 3310 2288 3335 substantialia.
2307 3310 2372 3334 Hinc
2386 3309 2411 3334 in
2425 3317 2468 3334 se-

1405 3351 1493 3384 quenti
1512 3358 1621 3374 numero
1639 3349 1783 3374 ostenditur
1797 3348 1868 3380 quod
1882 3356 1934 3372 non
1948 3347 1981 3371 sit
1994 3347 2031 3371 ad
2049 3346 2159 3371 invicem
2178 3352 2259 3378 aeque
2266 3345 2424 3376 praedicari
2438 3346 2466 3370 in

1405 3386 1584 3412 essentialibus
1598 3384 1773 3417 praedicatis.
2228 3415 2233 3420 .
2289 3415 2294 3420 ι

1457 3421 1483 3455 ζ)
1505 3421 1583 3451 Quod
1601 3427 1683 3452 supra
1697 3419 1869 3451 probaverat.
1884 3430 1903 3437 -ι
1917 3417 1994 3442 Piana
2012 3416 2157 3441 immediate
2177 3415 2260 3445 add1t,
2284 3423 2310 3439 m
2330 3415 2465 3447 principio

1400 3456 1584 3489 praecedentis
1602 3455 1734 3484 lectioni8;
1757 3461 1824 3486 quae
1841 3453 1921 3477 verba
1939 3452 2087 3476 auctoritate
2109 3451 2227 3475 omnium
2251 3450 2325 3475 codd.
2346 3451 2465 3483 expunxi—

1405 3500 1474 3522 mus,
1493 3497 1616 3523 tanquam
1635 3491 1716 3515 aliena
1734 3496 1812 3514 manu
1831 3489 1934 3513 inserta.
1944 3487 2038 3512 -Insra
2053 3487 2109 3512 cod.
2124 3487 2160 3511 A:
2181 3493 2231 3510 non
2247 3486 2354 3510 haberet
2368 3486 2394 3510 in
2409 3486 2465 3511 eius

1405 3526 1490 3560 (eis?)
1510 3528 1595 3551 locum
1614 3525 1740 3559 definitio.
1761 3524 1834 3548 Dicit
1847 3530 1911 3556 ergo
1926 3528 1973 3547 etc.
1988 3523 2020 3547 Et
2037 3522 2100 3547 haec
2114 3522 2189 3546 lectio
2202 3521 2276 3545 nobis
2290 3521 2390 3545 videtur
2404 3529 2465 3546 vera

1404 3571 1435 3588 ex
1453 3563 1492 3587 his
1512 3569 1578 3594 quae
1603 3562 1628 3586 in
1654 3561 1702 3585 hoc
1727 3567 1836 3584 numero
1860 3559 1978 3583 dicuntur
1996 3563 2024 3582 ut
2042 3562 2176 3589 resumpta
2193 3564 2224 3581 ex
2247 3557 2409 3588 praecedenti
2429 3557 2465 3581 le-

1405 3599 1497 3623 ctione.

2504 1448 2514 1458 *
2538 1454 2566 1469 Aa
2588 1455 2633 1470 non
2654 1453 2714 1470 recte

2504 1481 2552 1495 om.
2561 1475 2603 1496 sic.
2615 1475 2650 1496 Cf.
2659 1479 2714 1505 text.

2508 1512 2523 1516 -
2545 1507 2559 1522 n
2578 1508 2626 1523 om.
2647 1505 2716 1523 cuam

2502 1527 2571 1549 idest.

2505 1555 2512 1562 ·
2534 1554 2596 1575 Lect.
2623 1560 2714 1581 praec„

2502 1586 2640 1628 &wew-

2594 1613 2622 1628 ex
2638 1607 2715 1633 codd..

2502 1639 2551 1654 exc.
2569 1639 2599 1659 ας
2621 1639 2641 1655 1:
2664 1634 2715 1655 Non

2502 1659 2561 1680 enim
2576 1660 2620 1681 hoc
2633 1661 2677 1681 ita.

2502 1689 2510 1695 ¹
2532 1692 2539 1707 1
2561 1692 2669 1708 erronee:
2693 1688 2718 1707 et

2501 1718 2547 1733 non
2562 1719 2575 1733 e

2593 1718 2715 1734 converl'o.

2599 1789 2608 1805 ἒ

2502 1991 2512 2000 “
2527 1990 2598 2011 Num.
2608 1996 2629 2018 7.

2502 2208 2513 2215 ¹
2527 2207 2598 2229 Num.
2611 2213 2659 2234 seq.

2501 2255 2512 2266 ⁶
2527 2255 2597 2277 Num.
2610 2255 2633 2277 6.

2500 2414 2510 2424 ‘
2526 2413 2627 2434 Codds-
2639 2420 2666 2435 p:
2682 2413 2714 2441 qd

2496 2440 2582 2466 praed.

2593 2446 2675 2467 aeque.

2502 2467 2509 2474 '
2520 2466 2556 2487 Cf.
2566 2467 2617 2488 lect.
2626 2473 2710 2494 praec„

2500 2498 2522 2513 n.
2538 2492 2561 2514 6.

2499 2732 2507 2739 ·
2532 2730 2594 2752 Lect.
2618 2737 2708 2758 praec.‚

2499 2763 2521 2778 n.
2537 2763 2557 2778 2.

2497 2944 2505 2952 '
2520 2943 2577 2965 Ibid.

2596 2785 2610 2814 ζ
