2788 4204
76 631 149 653 Num.
160 637 183 659 9.

54 955 66 966 ⁸
80 954 116 976 Cf.
131 954 184 976 lect.
196 960 244 976 viu.

54 1003 66 1015 ⁸
80 1002 156 1026 Codd.
177 1004 239 1029 (exc.
249 1005 272 1028 n)

55 1030 271 1078 &propositio-

55 1071 150 1105 *coda
157 1082 270 1111 -rozsa-

55 1125 168 1159 (ζώων.

1089 274 1199 310 CAP.
1234 274 1321 321 XII,
1352 274 1504 311 LECT.
1534 275 1641 311 XXII

297 362 516 402 sumuntur,
551 353 624 391 sint
657 353 932 400 universaliter,
972 361 1008 390 et
1034 365 1194 401 semper,
1224 360 1261 389 et
1288 365 1367 390 non

295 409 499 447 secundum
520 407 620 456 quid.
642 406 753 443 Circa
771 407 846 443 hoc
866 418 955 454 ergo
971 405 988 435 Ῥ
1004 406 1081 443 duo
1103 406 1207 443 facit:
1228 406 1366 454 primo,

298 458 474 500 ostendit·
491 460 649 510 qualiter
675 460 744 497 fiat
767 459 1045 509 paralogismus
1065 459 1278 496 secundum
1304 460 1368 496 fal-

296 515 433 553 laciam
454 512 738 562 consequentis;
760 513 942 560 secundo,
964 513 1070 562 quod
1091 525 1135 549 ex
1154 513 1230 549 hoc
1249 513 1368 549 modo

297 581 377 606 non
405 567 541 604 accidit
568 566 744 615 deceptio
770 566 809 603 in
839 566 1164 613 demonstrativis;
1195 566 1263 603 ibi:
1290 566 1368 602 Ali-

298 621 448 671 quando
477 620 625 669 quidem
640 619 660 640 *
676 627 745 657 etc.

353 676 388 712 8.
418 673 518 710 Dicit
551 684 641 720 ergo
675 672 801 722 primo
832 673 937 721 quod
972 673 1155 721 quosdam
1186 672 1372 722 contingit

298 740 372 765 non
389 733 408 749 ⁰
425 726 656 776 syllogistice
674 727 809 772 dicere,
826 726 924 763 idest
938 739 1017 763 non
1033 738 1187 763 servare
1203 727 1368 763 formam

298 779 527 830 syllogismi,
551 785 710 829 propter
736 780 828 826 hoc,
858 780 960 828 quod
990 779 1179 828 accipiunt
1206 780 1371 828 utrisque

298 833 531 871 inhaerentia
546 840 599 880 “⁶‘,
620 832 718 871 idest
745 833 834 882 quia
860 833 1050 882 accipiunt
1075 834 1239 870 medium
1267 833 1367 870 affir-

299 887 442 925 mative
456 887 719 936 praedicatum
731 887 779 924 de
794 894 959 936 utroque
969 894 1227 924 extremorum
1238 900 1247 933 3
1264 887 1370 935 quod

301 948 357 978 est
371 940 592 990 syllogizare
608 941 646 978 in
659 941 823 978 secunda
839 941 961 988 figura
972 941 992 962 ²*
1008 953 1054 977 ex
1066 940 1215 977 duabus
1230 952 1370 989 propo-

300 994 499 1032 sitionibus
515 995 535 1015 ’²‘
556 994 809 1040 affirmativis3
833 993 939 1042 quod
958 994 1045 1030 facit
1069 993 1255 1030 fallaciam
1281 1006 1370 1030 con-

300 1047 504 1096 sequentis.
518 1047 623 1085 Sicut
641 1047 728 1084 fecit
738 1048 758 1069 *
774 1047 931 1096 quidam
946 1046 1198 1096 philosophus
1212 1047 1370 1083 nomine

301 1101 477 1138 Caeneus
502 1101 551 1138 ad
571 1099 853 1137 ostendendum
882 1100 984 1149 quod
1007 1100 1106 1149 ignis
1133 1100 1182 1135 sit
1207 1100 1244 1136 in
1275 1099 1370 1136 mul-

299 1154 463 1202 tiplicata
482 1153 676 1203 analogia,
697 1153 794 1190 idest
819 1153 924 1202 quod
949 1153 989 1190 in
1007 1151 1143 1189 maiori
1163 1152 1370 1200 quantitate

299 1213 500 1254 generatur
527 1206 637 1254 ignis,
659 1218 776 1254 quam
796 1206 907 1243 fuerit
926 1218 1065 1254 corpus
1085 1218 1131 1242 ex
1153 1217 1232 1254 quo
1257 1217 1370 1253 gene-

298 1266 422 1296 ratur:
452 1271 500 1296 eo
529 1259 635 1308 quod
663 1259 778 1307 ignis,
814 1272 902 1296 cum
941 1259 987 1296 sit
1018 1258 1252 1295 rarissimum
1288 1271 1370 1295 cor-

296 1324 370 1362 pus
386 1313 424 1360 ²³,
449 1325 519 1361 per
538 1312 828 1350 rarefactionem
845 1325 891 1349 ex
906 1312 986 1350 aliis
1013 1311 1237 1361 corporibus
1257 1323 1370 1359 gene-

298 1373 415 1405 ratm.
433 1366 545 1403 Unde
566 1373 717 1416 oportet
737 1366 843 1414 quod
863 1366 1022 1403 materia
1040 1365 1176 1414 prioris
1197 1366 1369 1413 corporis

298 1420 369 1456 sub
388 1419 598 1458 maioribus
622 1419 925 1458 dimensionibus
945 1419 1180 1465 extendatur,
1202 1419 1369 1456 formam

296 1471 392 1520 ignis
421 1485 631 1511 assumens.
662 1474 725 1511 Ad
752 1475 827 1511 hoc
856 1481 984 1511 autem
1012 1473 1259 1523 probandum
1287 1480 1368 1510 ute-

296 1526 408 1563 batur
434 1527 497 1564 tali
526 1528 771 1576 syllogismo:
802 1527 920 1576 Quod
949 1534 1151 1576 generatur
1179 1527 1217 1564 in
1243 1526 1369 1563 multi-

295 1578 433 1629 plicata
462 1581 636 1629 analogia
656 1579 703 1627 Ρβ,
726 1582 798 1619 cito
828 1589 1050 1630 generatum
1080 1581 1149 1618 sed
1169 1580 1264 1628 ignis
1293 1580 1367 1617 cito

296 1641 521 1682 generatur3
556 1647 647 1684 ergo
682 1635 777 1683 ignis
811 1642 1013 1684 generatur
1049 1635 1087 1672 in
1122 1633 1368 1683 multiplicata

297 1687 482 1736 analogia.

351 1752 388 1788 9.
418 1741 567 1779 Deinde
607 1754 695 1779 cum
731 1742 838 1779 dicit:
873 1742 1089 1790 Aliquando
1118 1741 1267 1790 quidem
1297 1740 1367 1790 igi-

297 1798 359 1830 tur
386 1802 470 1842 etc.‚
501 1795 666 1833 ostendit
694 1796 801 1846 quod
828 1808 898 1845 per
925 1796 1028 1832 hunc
1061 1795 1224 1832 modum
1254 1794 1366 1841 syllo-

297 1846 445 1894 gizandi
487 1861 567 1886 non
599 1849 735 1886 accidit
772 1849 946 1898 deceptio
984 1849 1023 1886 in
1058 1847 1366 1886 demonstrativis

297 1899 472 1939 scientiis.
502 1903 552 1940 Et
579 1902 678 1940 circa
705 1903 781 1939 hoc
802 1902 880 1940 duo
901 1902 1007 1940 facit:
1037 1902 1177 1950 primo,
1207 1900 1367 1938 manife-

350 2063 379 2099 ψ)
402 2064 481 2089 Circa
500 2064 550 2089 hoc
569 2070 643 2097 ergo.
655 2076 676 2084 ›-
688 2064 725 2088 Ita
740 2064 815 2088 codd.
829 2077 849 2082 -
868 2063 903 2088 P:
921 2063 995 2088 circa
1014 2070 1080 2096 ergo
1100 2063 1163 2093 hoc;
1184 2063 1217 2093 Q.
1233 2070 1287 2087 om.
1301 2069 1366 2095 ergo

294 2114 314 2120 -
327 2100 403 2131 infra,
423 2099 530 2124 GKLR:
549 2099 664 2124 secundo
687 2099 760 2131 quod
777 2099 826 2124 hoc
845 2099 939 2131 modo;
957 2099 984 2124 M
1002 2096 1098 2124 omittit
1120 2105 1158 2123 ex
1180 2099 1229 2123 hoc
1248 2098 1336 2123 modo.
1348 2111 1368 2116 —-

296 2137 333 2162 B:
353 2143 405 2161 non
425 2135 525 2160 accidit
543 2134 669 2168 defectus.

350 2171 382 2204 ω)
404 2170 540 2201 Quosdam
559 2170 692 2203 contingit
710 2177 762 2195 non
782 2170 983 2211 syllogistice.
963 2170 1106 2195 Codices
1126 2170 1195 2202 (exc.
1215 2169 1253 2201 G)
1273 2168 1368 2193 habent

297 2207 363 2232 hanc
372 2207 518 2236 lectionem,
525 2213 593 2248 quae
602 2210 642 2230 est
651 2206 795 2230 secundum
802 2206 950 2230 versionem
960 2206 1073 2236 latinam,
1081 2210 1106 2229 et
1116 2205 1260 2230 secundum
1270 2209 1369 2229 textum

298 2249 434 2276 graecum:
458 2238 598 2275 Συμβαίνει
616 2239 638 2265 ’δ’
661 2238 742 2270 ἐνίους
761 2235 958 2275 ἀσυλλογίστως
977 2239 1070 2275 λέγειν.
1084 2252 1104 2260 ν-
1117 2241 1162 2265 PG
1181 2241 1268 2265 minus
1287 2240 1368 2264 bene·

297 2277 427 2311 quosdam
446 2283 499 2302 non
523 2276 656 2310 contingit
677 2276 856 2310 syllogistice;
875 2277 899 2301 H
918 2277 1001 2302 male:
1020 2276 1149 2309 quosdam
1168 2275 1369 2309 paralogismos

299 2321 351 2339 non
370 2311 504 2345 contingit
521 2311 686 2346 syllogistice
704 2316 752 2337 etc.

353 2348 399 2381 αα)
419 2347 534 2379 Ηορτεν
558 2347 607 2372 hoc
631 2346 703 2379 quod
725 2347 860 2379 accipiunt
880 2348 999 2380 utrisque
1027 2347 1202 2372 inhaerentia.
1220 2346 1281 2371 -In
1301 2346 1370 2371 hunc

298 2384 408 2409 modum
426 2383 624 2408 reformavimus
644 2390 674 2407 ex
693 2383 768 2407 codd.
787 2383 924 2407 lectionem
938 2384 966 2414 P,
980 2391 1048 2416 quae
1061 2383 1174 2408 obscura
1187 2387 1240 2407 est:
1256 2384 1371 2414 propter

298 2419 349 2445 hoc
366 2418 438 2452 quod
455 2418 591 2450 accipiunt
614 2420 755 2450 utramque
768 2418 962 2443 inhaerentiam
977 2424 1025 2443 etc.
1047 2419 1129 2443 Codd.
1149 2417 1371 2446 BCEHIMNQRS

300 2455 405 2488 legunt:
425 2454 558 2486 utrisque5
575 2453 599 2478 D
624 2461 649 2486 p.
664 2461 708 2484 m.‚
729 2453 862 2486 utrisque,
882 2461 905 2478 s.
920 2462 969 2484 m.‚
989 2454 1094 2486 utrique
1100 2462 1110 2484 ‚-
1129 2454 1193 2479 OT:
1215 2453 1371 2485 utriusque;

299 2490 322 2515 1:
337 2492 453 2522 propter
471 2489 565 2514 illud...
585 2489 712 2521 utrisque.
732 2489 784 2514 Soli
804 2494 891 2514 autem
910 2490 1012 2514 codices
1032 2490 1086 2514 CIL
1105 2494 1131 2514 et
1150 2497 1172 2514 s.
1187 2496 1222 2513 m.
1236 2488 1259 2513 D
1276 2487 1372 2513 habent

299 2524 477 2551 inhaerentia.
500 2525 590 2549 Lectio
609 2524 730 2557 adoptata
748 2532 796 2557 pro
814 2532 844 2549 se
862 2524 941 2550 habet
959 2525 1136 2551 auctoritatem
1152 2525 1270 2549 codicum
1285 2523 1372 2556 quoad

299 2560 458 2586 vocabulum
476 2559 609 2592 utrisque,
635 2567 688 2592 quo
711 2561 797 2593 posito
821 2561 938 2593 sequitur
961 2561 1101 2594 legendum
1125 2568 1184 2585 esse
1204 2559 1371 2584 inhaerentia

300 2603 360 2622 cum
380 2595 467 2620 CDIL.
485 2595 597 2620 Aliunde
616 2595 708 2620 eadem
727 2596 803 2628 lectio
826 2596 923 2621 nedum
942 2604 957 2621 a
970 2597 1090 2621 versione
1114 2596 1191 2620 latina
1210 2595 1256 2619 sed
1272 2602 1287 2619 a
1301 2599 1371 2619 textu

299 2638 393 2665 graeco
411 2631 565 2663 imponitur.
589 2628 630 2655 διὰ
655 2627 685 2655 τὸ
705 2626 845 2665 λαμβάνειν
870 2625 1024 2665 ἀμφοτέροις
1048 2629 1080 2656 τὰ
1106 2629 1218 2665 ἑπόμενα
1238 2629 1372 2663 (utrisque

299 2674 379 2694 conse
395 2666 511 2699 nentia).

353 2674 397 2740 ββζ
411 2667 524 2735 Quod)g
523 2704 650 2726 eneratur
665 2701 691 2726 in
708 2701 885 2736 multiplicata
899 2702 1064 2736 analogia.—
1073 2702 1197 2735 Legimus
1212 2701 1252 2725 hic
1268 2706 1293 2725 et
1308 2700 1373 2726 infra

300 2738 327 2763 in
347 2700 538 2769 »nultiplicata
545 2744 605 2762 cum
624 2736 764 2768 codicibus,
784 2737 845 2770 quia
858 2745 938 2770 supra
952 2743 1008 2762 tum
1023 2738 1043 2762 P
1057 2742 1114 2762 tum
1129 2737 1203 2762 codd.
1218 2737 1372 2761 unanimiter

300 2773 390 2806 legunt
408 2773 436 2798 in
451 2771 629 2804 multiplicata
647 2772 783 2806 analogia,
803 2773 872 2798 iuxta
894 2778 993 2798 textum
1016 2780 1152 2806 graecum:
1173 2770 1198 2797 ἐν
1217 2773 1250 2806 τῇ
1269 2769 1371 2796 πολλα-

300 2805 401 2843 nicalai
412 2802 550 2842 ἀναλογίᾳ,
566 2815 646 2841 quem
659 2807 738 2833 latina
750 2809 836 2833 versio
850 2807 960 2833 fideliter
970 2808 1079 2833 exhibet.
1083 2809 1126 2833 -P
1137 2808 1220 2833 semel
1230 2812 1256 2832 et
1265 2808 1371 2832 iterum:

301 2850 339 2868 ex
357 2833 562 2876 muliplicata.—-
542 2843 601 2868 -M
619 2843 757 2868 oscitanter
775 2844 870 2868 omittit
887 2844 976 2875 verba,
995 2844 1042 2869 sed
1061 2844 1132 2885 ignis
1149 2843 1202 2869 cito
1216 2845 1370 2876 generatur,

301 2886 370 2912 quae
388 2879 546 2904 constituunt
566 2878 696 2907 minorem
717 2879 875 2912 syllogismi3
898 2880 939 2904 alii
957 2880 1074 2904 codices:
1095 2879 1165 2912 ignis
1183 2879 1249 2908 cito,
1271 2879 1371 2903 omisso

300 2914 363 2945 sed‚·
380 2918 407 2939 et
425 2913 685 2944 CDELMNOQRST
703 2914 805 2947 legunt:
826 2921 891 2948 ergo
912 2915 983 2948 ignis
994 2915 1042 2948 fit,
1062 2915 1133 2945 loco,
1152 2921 1218 2948 ergo
1237 2914 1307 2947 ignis
1325 2921 1371 2947 ge-

303 2952 424 2975 neratur.

355 2984 384 3009 ln
401 2983 452 3009 hoc
466 2983 626 3017 syllogismo,
646 2985 691 3017 qui
710 2991 741 3009 ex
759 2985 863 3009 Caeneo
881 2985 998 3015 refertur,
1013 2986 1104 3010 dicitur
1118 2993 1177 3010 esse
1195 2985 1295 3010 fallacia
1309 2992 1370 3009 con-

302 3019 445 3052 sequentis.
462 3019 530 3044 Nam
548 3020 650 3044 medius
667 3020 793 3044 terminus
813 3025 853 3045 est
870 3020 923 3045 cito
940 3024 1101 3053 generatur,-
1120 3025 1146 3045 et
1164 3021 1224 3053 quia
1243 3020 1282 3045 bis
1297 3028 1371 3053 prae-

302 3055 400 3080 dicatur
418 3055 444 3079 in
462 3054 680 3087 propositionibus
695 3053 862 3086 affirmativis,
877 3056 995 3088 sequitur
1009 3057 1080 3088 quod
1093 3061 1150 3080 tum
1164 3057 1190 3080 in
1204 3056 1302 3080 maiori
1315 3060 1371 3080 tum

302 3091 328 3115 in
347 3089 446 3115 minori
465 3090 576 3114 sumitur
594 3090 753 3121 disiunctive‚
771 3089 821 3115 hoc
840 3095 880 3115 est
893 3091 1085 3123 particulariter.
1100 3091 1193 3116 Peccat
1206 3099 1269 3124 ergo
1283 3095 1372 3116 contra

300 3126 373 3150 illam
387 3125 473 3158 legem
487 3124 640 3157 syllogismi,
655 3125 680 3150 in
690 3133 743 3158 qua
751 3125 933 3158 praescribitur
942 3127 1128 3159 quod·medius
1142 3127 1268 3151 terminus
1279 3127 1371 3150 saltem

302 3160 385 3185 semel
405 3160 482 3185 debet
500 3160 568 3184 sumi
586 3160 764 3185 universaliter
783 3167 832 3185 seu
855 3161 1022 3186 distributive.
1041 3162 1080 3186 Ex
1103 3169 1156 3195 qua
1178 3162 1236 3194 lege
1260 3162 1371 3186 sumitur

303 3196 386 3229 quod,
406 3195 438 3220 ad
457 3195 602 3220 evitandam
620 3195 746 3220 fallaciam
765 3196 948 3229 consequentis
968 3196 1016 3229 (cf.
1035 3204 1121 3229 supra,
1141 3202 1194 3221 not.
1212 3195 1245 3229 λ)
1265 3197 1370 3229 syllogi-

303 3238 377 3256 smus
395 3230 421 3255 in
439 3230 553 3255 secunda
571 3229 653 3263 figura
672 3230 716 3263 (ut
735 3236 775 3255 est
793 3239 872 3263 supra
884 3232 982 3264 dictus)
998 3232 1075 3256 debet
1089 3232 1186 3257 habere
1203 3239 1282 3256 unam
1297 3238 1370 3263 prae-

302 3267 442 3291 missarum
465 3266 671 3298 propositionum
690 3266 848 3299 negativam,
873 3271 899 3292 et
920 3267 979 3292 ideo
1001 3268 1195 3292 conclusionem
1217 3267 1369 3299 negativam.

265 3316 269 3323 .
302 3302 376 3332 Quae
394 3301 481 3326 omnia
499 3309 552 3326 non
569 3301 740 3326 observantur
758 3309 773 3326 a
792 3301 895 3326 Caeneo
914 3301 968 3334 (Cf.
984 3303 1042 3327 lect.
1055 3302 1126 3335 vm).

356 3336 399 3371 γγ)
415 3337 446 3362 Si
459 3336 546 3361 omnis
559 3336 637 3361 homo
651 3341 727 3361 etc.-
739 3337 763 3361 1:
777 3336 849 3369 quod
868 3337 893 3362 si
905 3337 991 3362 omnis
1010 3338 1088 3363 homo
1102 3340 1143 3362 est
1159 3337 1272 3366 animal,
1293 3343 1370 3361 omne

303 3373 406 3398 animal
423 3377 485 3403 etc.;
505 3371 635 3396 ABCGR:
656 3371 713 3397 Si...
732 3372 804 3404 quod
821 3371 952 3404 quidquid
968 3372 1005 3397 sit
1027 3372 1131 3397 animal
1148 3377 1211 3401 etc.‚·
1234 3372 1258 3396 T
1275 3372 1370 3396 omittit

302 3408 375 3441 quod
393 3407 522 3440 quidquid
540 3410 580 3432 est
596 3407 708 3432 animal.

356 3442 396 3476 ὃὸ)
413 3443 455 3468 Ita
469 3442 549 3468 etiam
568 3442 687 3475 sequitur
706 3449 721 3467 e
739 3449 864 3467 converso
879 3443 1004 3467 etc.—Est
1024 3443 1098 3467 lectio
1119 3443 1194 3467 codd.
1210 3441 1306 3472 ABIQ,
1323 3442 1371 3466 nisi

304 3479 374 3512 quod
390 3479 416 3509 Q
428 3477 522 3503 omittit
539 3478 611 3510 quod
629 3482 688 3502 ante
705 3478 730 3502 si
747 3480 788 3502 est
804 3478 980 3502 animala-P:
1000 3478 1039 3502 ita
1053 3478 1134 3502 etiam
1148 3477 1268 3510 sequitur
1281 3484 1295 3501 e
1308 3484 1369 3502 con-

303 3520 380 3540 verso
399 3514 423 3539 si
440 3517 480 3539 est
497 3513 599 3538 animal
617 3513 749 3538 rationale
768 3513 892 3542 mortale,
917 3513 1037 3545 sequitur
1055 3513 1127 3545 quod
1145 3513 1180 3538 sit
1199 3512 1317 3537 homo.—
1329 3513 1369 3537 O:

303 3547 415 3579 scilicet,
440 3549 466 3574 si
483 3552 523 3574 est
540 3548 654 3578 animal,
674 3553 723 3573 cet.
741 3553 770 3573 ut
788 3548 808 3573 P
815 3556 822 3579 ;
847 3548 868 3573 C
891 3548 949 3573 loco
972 3548 1079 3573 secundi
1101 3548 1221 3580 sequitur
1239 3547 1274 3577 P,
1293 3548 1371 3573 habet

303 3585 356 3617 εἰς
374 3585 396 3609 L
410 3585 493 3609 omitt.
512 3584 632 3616 sequitur
645 3589 704 3608 ante
717 3583 789 3616 quod
806 3584 843 3608 sit
861 3583 889 3608 P.
894 3591 904 3614 ,·
922 3583 974 3608 HM
992 3583 1088 3608 habent
1101 3583 1150 3608 hoc
1166 3584 1223 3608 loco
1238 3583 1356 3608 lacunam
1362 3591 1369 3614 ς

305 3620 418 3653 denique
437 3620 460 3645 G
479 3620 636 3652 peculiarem
654 3619 731 3644 habet
750 3619 886 3644 lectionem
892 3627 899 3650 ;
925 3619 1024 3644 scilicet
1047 3619 1073 3644 in
1094 3619 1216 3644 terminis
1239 3619 1370 3644 converti-

2413 286 2487 323 227

1423 361 1494 390 stat
1522 353 1627 402 quod
1657 366 1702 390 ex
1721 354 1796 390 hoc
1815 353 1935 390 modo
1962 353 2207 401 syllogizandi
2235 366 2314 390 non
2339 366 2491 403 semper

1424 407 1559 444 accidit
1574 407 1759 456 deceptio,
1777 407 1907 444 dicens
1926 407 2032 456 quod
2047 407 2262 455 aliquando,
2279 408 2490 444 secundum

1423 461 1699 509 praedictum*
1719 461 1882 498 modum
1903 460 2100 508 arguendi,
2122 472 2196 497 non
2217 461 2398 520 contingit
2415 461 2528 509 syl-·

1419 514 1592 567 logizare
1619 527 1669 551 ex
1693 515 1870 562 acceptis,
1897 514 2052 563 quando
2078 513 2217 550 scilicet
2241 514 2392 550 termini
2413 526 2492 551 non

1425 574 1512 603 sunt
1540 567 1818 605 convertibiles.
1849 567 1940 604 Non
1970 567 2071 604 enim
2101 567 2286 616 sequitur,
2317 568 2492 605 Siomnis

1424 621 1536 657 homo
1566 627 1621 657 est
1645 621 1791 658 animal
1803 626 1854 667 ⁷⁷,
1876 621 1982 669 quod
2005 621 2186 670 quidquid
2202 627 2256 657 est
2282 621 2427 658 animal
2448 622 2495 658 sit

1423 675 1549 711 homo.
1566 676 1590 702 —‘
1606 674 1823 723 Aliquando
1831 686 1933 713 ⁴vero
1956 674 2136 722 contingit
2150 674 2381 722 syllogizare,
2398 674 2493 711 scili-

1426 734 1484 763 cet
1503 727 1541 764 in
1569 727 1740 764 terminis
1769 727 2090 765 convertibilibus.
2113 727 2218 765 Sicut
2237 728 2339 764 enim
2369 728 2492 777 sequi-

1425 788 1501 817 tur:
1522 781 1565 817 Si
1581 786 1635 817 est
1651 782 1782 827 homo,
1803 787 1857 817 est
1874 781 2019 817 animal
2037 781 2222 818 rationale
2241 781 2400 818 mortale
2409 795 2423 827 ,·
2441 781 2492 818 ita

1427 829 1543 870 etiam’
1561 834 1730 883 sequitur
1749 846 1769 870 e
1790 846 1977 871 converso
2000 834 2116 883 quod,
2139 835 2181 871 Si
2198 841 2251 871 est
2267 835 2413 872 animal
2430 847 2492 872 ra-

1426 887 1564 923 tionale
1591 887 1768 933 mortale,
1797 893 1850 923 est
1876 888 1990 924 homo
2016 884 2055 924 ⁸⁸.
2078 888 2156 924 Sed
2174 895 2303 925 tamen
2333 900 2411 925 non
2434 888 2491 925 vi-

1427 940 1537 976 detur
1562 940 1668 988 quod
1705 947 1885 989 sequatur
1912 940 2153 988 syllogistice,
2191 941 2280 990 quia
2307 954 2386 978 non
2415 954 2491 978 ser-

1426 1000 1537 1030 vatur
1566 993 1693 1030 debita
1721 993 1846 1030 forma
1875 993 2093 1041 syllogismi.

1486 1058 1543 1082 10.
1566 1046 1745 1083 Secundo
1767 1058 1855 1082 cum
1873 1047 1893 1067 ²⁸
1913 1046 2018 1083 dicit:
2039 1048 2081 1083 Si
2098 1053 2222 1084 autem
2244 1054 2338 1084 esset
2356 1049 2491 1096 impos-

1424 1099 1530 1135 sibile
1558 1106 1641 1145 etc.‚
1672 1099 1836 1136 ostendit
1855 1099 1961 1148 quod
1988 1099 2027 1136 in
2052 1100 2358 1139 demonstrativis
2373 1102 2491 1139 scien-

1426 1151 1484 1188 tiis
1514 1151 1694 1200 contingit
1712 1152 1907 1200 praedicto
1928 1153 2048 1189 modo
2069 1154 2278 1201 syllogizari
2307 1155 2452 1204 absque
2471 1157 2491 1178 *
2518 1167 2529 1177 ⁴

1427 1204 1663 1253 deceptione.
1699 1206 1748 1242 Et
1779 1206 1853 1242 hoc
1888 1206 2052 1243 ostendit
2084 1207 2275 1255 tripliciter
2295 1213 2328 1245 ⁸⁸.
2360 1209 2489 1246 Primo

1426 1257 1490 1294 sic.
1527 1259 1750 1295 Secundum
1778 1259 2016 1308 praedictum
2051 1261 2213 1297 modum
2248 1261 2491 1310 syllogizandi

1425 1310 1561 1348 accidit
1588 1311 1762 1360 deceptio
1783 1324 1828 1349 ex
1848 1325 1907 1359 eo,
1929 1313 2034 1361 quod
2054 1325 2132 1350 non
2152 1315 2383 1351 convertitur
2403 1328 2492 1352 con-

1425 1365 1633 1413 sequentia,
1651 1377 1749 1414 quae
1764 1373 1918 1414 putatur
1933 1367 1953 1388 '¹‘
1974 1367 2156 1404 converti.
2178 1369 2220 1405 In
2236 1381 2313 1417 quo
2334 1381 2412 1405 non
2432 1381 2491 1405 ac—

1425 1417 1567 1455 cideret
1581 1419 1601 1438 ⁴*
1617 1417 1802 1467 deceptio,
1820 1419 1850 1456 si
1870 1419 2202 1468 quemadmodum
2223 1421 2415 1458 conclusio
2437 1430 2493 1459 est

1423 1483 1528 1518 vera,
1549 1471 1599 1508 ita
1624 1480 1660 1509 et
1678 1472 1910 1521 praemissae
1939 1473 2012 1510 sint
2038 1485 2171 1510 verae:
2201 1482 2290 1512 tunc
2323 1476 2425 1512 enim
2453 1476 2531 1513 in

1425 1525 1686 1562 convertendo
1715 1538 1794 1562 non
1823 1526 1968 1564 accidet
1996 1527 2168 1576 deceptio
2191 1527 2231 1565 ἕξ.
2263 1528 2368 1565 Sicut
2386 1528 2416 1566 si
2439 1529 2492 1566 di-

1425 1590 1510 1615 cam
1531 1578 1578 1615 de
1604 1579 1778 1616 Socrate:
1807 1581 1980 1617 Socrates
2005 1586 2060 1617 est
2081 1582 2193 1618 homo
2200 1595 2214 1626 ;
2237 1594 2331 1632 ergo
2357 1583 2492 1620 Socra-

1423 1638 1475 1668 tes
1503 1638 1558 1668 est
1583 1633 1729 1670 animal
1735 1646 1750 1678 ,·
1777 1634 1879 1670 nulla
1907 1634 2081 1683 deceptio
2111 1635 2276 1672 falsitatis
2305 1635 2490 1685 sequitur,

1423 1685 1519 1722 sicut
1546 1685 1577 1722 si
1606 1698 1626 1722 e
1656 1698 1844 1723 converso
1873 1695 2051 1735 arguatur
2078 1687 2131 1724 sic
2153 1694 2204 1726 ²⁷²⁰:
2232 1690 2302 1726 Est
2326 1689 2471 1726 animal
2479 1703 2493 1735 ;

1422 1750 1516 1788 ergo
1545 1744 1600 1775 est
1630 1740 1743 1776 homo
1763 1737 1801 1777 ⁰⁰.
1838 1740 1915 1777 Sed
1943 1741 1973 1778 si
2007 1742 2218 1789 praemissa
2247 1750 2302 1779 est
2331 1744 2351 1764 '¹‘
2376 1743 2469 1780 falsa

1424 1792 1668 1829 conclusione
1697 1793 1878 1830 existente
1907 1807 2017 1841 vera,
2047 1802 2137 1832 tunc
2164 1796 2203 1833 in
2232 1797 2491 1834 convertendo

1423 1845 1558 1883 accidit
1578 1845 1752 1894 deceptio
1774 1848 1805 1884 ²¹⁸.
1834 1847 1939 1884 Sicut
1959 1847 1989 1884 si
2018 1848 2143 1886 dicam
2162 1856 2196 1886 ¹⁴:
2227 1850 2269 1886 Si
2286 1850 2414 1887 asinus
2442 1856 2496 1887 est

1422 1900 1552 1945 homo,
1578 1905 1632 1936 est
1653 1900 1816 1945 animal;
1844 1912 1938 1951 ergo
1964 1902 1998 1938 si
2019 1908 2074 1938 est
2095 1903 2259 1949 animal,
2289 1909 2342 1940 est
2365 1905 2491 1941 homo.

1421 2061 1630 2092 bilibus,·s1'cut,
1650 2063 1675 2087 si
1688 2063 1766 2088 homo
1780 2066 1827 2094 est,
1842 2064 1946 2089 animal
1958 2065 2092 2090 rationale
2108 2066 2220 2090 mortale
2238 2069 2291 2097 est;
2304 2066 2329 2091 εἰ
2341 2067 2378 2091 sit
2395 2067 2497 2092 animal

1420 2097 1554 2122 rationale
1570 2098 1690 2127 mortale,
1706 2101 1745 2124 est
1758 2099 1844 2124 homo.
1860 2099 1915 2124 Sed
1928 2103 2016 2125 tamen
2036 2105 2109 2125 etc.·-
2118 2101 2184 2126 Infra
2198 2101 2308 2134 legimus
2327 2109 2386 2127 cum
2406 2103 2495 2127 codd.-

1421 2133 1484 2165 quia
1504 2140 1556 2157 non
1576 2136 1702 2158 servatur
1721 2138 1781 2165 etc.;
1801 2135 1835 2159 Ρ·
1855 2135 1962 2167 quando
1977 2143 2028 2160 non
2048 2139 2172 2161 servatur
2191 2141 2252 2167 etc.;
2271 2137 2309 2161 Μ.
2324 2138 2387 2169 quin
2402 2145 2495 2170 sequa-

1423 2172 1468 2193 tur
1487 2169 1575 2193 debita
1595 2174 1657 2200 etc.;
1677 2169 1700 2194 G
1724 2177 1777 2195 om.
1797 2170 1900 2200 debitas
1923 2171 1959 2195 K:
1984 2172 2047 2204 quia
2071 2179 2123 2196 non
2149 2172 2255 2197 videtur
2280 2173 2368 2198 debita
2385 2174 2494 2206 forma,

1422 2204 1522 2228 omisso
1540 2204 1668 2229 vocabulo
1686 2205 1845 2238 syllogismi.

1477 2240 1511 2271 εε)
1532 2240 1568 2264 Et
1586 2240 1635 2264 hoc
1657 2241 1774 2265 ostendit
1796 2241 1975 2272 tripliciteru-
1984 2242 2050 2267 Huic
2074 2242 2175 2267 lectioni
2195 2243 2287 2268 Pianae
2306 2244 2504 2273 contradicunt5-

1423 2283 1517 2300 omnes
1537 2276 1647 2305 codiceS,
1667 2277 1711 2308 qui
1731 2276 1832 2308 legunt:
1852 2279 1879 2301 et
1897 2277 1945 2302 hoc
1964 2278 2081 2302 ostendit
2100 2278 2249 2310 dupliciter.
2264 2279 2315 2303 Sed
2334 2280 2435 2304 codices
2455 2287 2495 2304 er-

1424 2315 1488 2340 rant,
1508 2311 1569 2343 quia
1587 2319 1639 2335 non
1658 2311 1724 2335 duae
1743 2312 1789 2336 sed
1808 2316 1861 2336 tres
1881 2313 1993 2337 rationes
2012 2313 2153 2338 afferuntur
2168 2321 2182 2338 a
2197 2321 2218 2338 S.
2228 2313 2338 2345 Thoma,
2354 2320 2382 2339 ut
2395 2320 2495 2340 constat

1425 2354 1455 2370 ex
1474 2346 1523 2370 hoc
1542 2354 1651 2371 numero
1670 2351 1695 2371 et
1710 2347 1811 2371 duobus
1826 2348 2004 2380 sequentibus.
2014 2361 2034 2369 --
2047 2348 2494 2380 Codd.ACDE1KOQRST1mme-

1425 2382 1491 2406 diate
1510 2386 1717 2414 prosequuntur:
1736 2382 1828 2407 Prono
1847 2383 1925 2408 modo
1944 2383 1990 2408 sic.

1478 2416 1518 2449 ζζ)
1535 2417 1577 2441 Ita
1591 2420 1617 2441 et
1633 2418 1800 2449 praemissae
1812 2418 1867 2443 sint
1881 2425 1960 2443 verae
1978 2424 2026 2444 etc.
2035 2419 2090 2444 —-S.
2100 2419 2216 2444 Thomas
2236 2420 2268 2444 de
2287 2421 2438 2452 praemissis
2457 2422 2494 2446 lo-

1425 2460 1509 2485 quens
1527 2453 1600 2484 ponit
1613 2453 1770 2485 quandoque
1784 2454 1936 2485 praemissa
1950 2455 1976 2478 in
1990 2459 2090 2486 neutro,
2109 2455 2267 2488 quandoque
2286 2463 2349 2480 vero
2363 2457 2495 2488 praemis-

1424 2495 1476 2518 sas,
1493 2488 1673 2512 subintellecto
1686 2489 1814 2513 vocabulo
1824 2489 2032 2521 propositiones.
2051 2491 2108 2515 Hoc
2122 2491 2148 2515 in
2163 2491 2220 2515 loco
2235 2491 2310 2515 codd.
2324 2491 2496 2522 DLMNOQT

1424 2524 1526 2556 legunt:
1546 2523 1585 2548 ita
1602 2527 1629 2548 et
1643 2524 1795 2555 praemissa
1813 2525 1868 2549 sint
1887 2532 1964 2554 vera5
1978 2526 2011 2550 P:
2025 2525 2064 2550 sic
2077 2526 2244 2558 praemissae
2262 2526 2317 2551 sint
2333 2534 2424 2557 verae,·
2439 2528 2495 2552 BIK

1425 2559 1462 2583 R:
1483 2559 1522 2583 ita
1535 2562 1562 2584 et
1576 2560 1743 2591 praemissae
1757 2563 1820 2584 sunt
1839 2559 1884 2592 (B,
1898 2560 1968 2593 sint)
1988 2568 2081 2591 verae,·
2100 2562 2162 2585 AH:
2183 2561 2221 2586 ita
2235 2562 2315 2586 etiam
2330 2563 2497 2594 praemissae

1425 2597 1488 2619 sunt
1507 2594 1546 2626 (H
1565 2595 1634 2627 sint)
1650 2602 1742 2625 verae,·
1761 2595 1800 2620 G:
1813 2595 1852 2620 sic
1866 2596 1946 2620 etiam
1961 2596 2113 2628 praemissa
2127 2599 2167 2621 est
2180 2604 2243 2621 vera
2248 2605 2258 2627 ,·
2270 2597 2306 2622 E:
2322 2597 2360 2622 ita
2374 2601 2401 2622 et
2414 2605 2495 2629 prae-

1426 2629 1507 2654 missa
1523 2630 1578 2654 sint
1593 2637 1668 2661 vere;
1688 2630 1741 2655 CS:
1761 2630 1800 2655 ita
1818 2634 1845 2655 et
1854 2631 2005 2663 praemissa
2018 2632 2054 2656 sit
2066 2639 2138 2656 vera.
2157 2632 2344 2664 Adoptavimus
2360 2633 2496 2658 lectionem

1427 2665 1465 2690 ita
1484 2668 1518 2694 et,
1537 2666 1599 2698 quia
1617 2670 1642 2690 et
1660 2666 1752 2690 melior
1769 2666 1871 2691 videtur
1890 2671 1916 2691 et
1929 2667 2004 2692 datur
2018 2675 2034 2692 a
2047 2667 2136 2697 codd.;
2154 2672 2267 2692 attamen
2286 2669 2447 2694 servavimus
2463 2665 2493 2694 τὸ

1424 2700 1622 2732 praemissae..
1637 2708 1723 2731 verae,
1738 2706 1795 2726 tum
1809 2706 1915 2734 propter
1929 2703 2086 2735 assignatam
2100 2703 2233 2734 rationem,
2247 2709 2303 2728 tum
2317 2705 2378 2736 quia
2393 2705 2495 2729 codices

1426 2737 1492 2760 inter
1511 2744 1540 2761 se
1558 2744 1610 2761 non
1629 2737 1818 2762 conveniunt.—
1799 2738 1967 2770 -Sequitun
1987 2741 2050 2763 tunc
2063 2738 2132 2763 enim
2152 2738 2178 2763 in
2193 2739 2370 2764 convertendo
2384 2747 2435 2764 non
2450 2747 2494 2765 ac-

1426 2771 1498 2797 cidet
1520 2772 1647 2804 deceptio.
1671 2773 1741 2797 Haec
1761 2772 1840 2797 verba
1859 2772 1967 2798 omnino
1987 2774 2082 2798 desunt
2100 2774 2126 2798 in
2140 2774 2260 2798 omnibus
2284 2775 2380 2799 nostris
2403 2775 2496 2800 codici-

1426 2807 1515 2832 bus.—
1526 2807 1563 2832 Ea
1582 2812 1669 2832 tamen
1691 2807 1787 2832 habent
1809 2815 1868 2843 curn
1883 2809 1903 2833 P
1922 2809 2036 2833 Venetae
2059 2809 2185 2834 editiones
2204 2816 2236 2834 ac
2255 2810 2285 2841 (b
2308 2810 2401 2834 desunt
2418 2810 2494 2843 folia)

1426 2847 1452 2867 et
1471 2843 1519 2867 alia
1541 2841 1622 2874 15263
1642 2847 1668 2868 et
1681 2840 1837 2874 retinemus,
1852 2843 1912 2876 quia
1930 2851 2021 2869 revera
2039 2845 2165 2869 rationem
2185 2845 2316 2877 assignant
2330 2846 2415 2869 curin
2428 2845 2495 2871 facta

1426 2877 1562 2911 hypothesi
1587 2878 1626 2911 (si
1648 2879 1868 2911 quemadmodum
1889 2879 1948 2911 ete.)
1969 2887 2021 2904 non
2041 2880 2166 2904 accideret
2185 2880 2301 2912 deceptio
2320 2881 2345 2904 in
2364 2881 2494 2913 praedicto

1426 2914 1506 2938 modo
1525 2914 1702 2946 syllogizandi.
1726 2915 1792 2939 Hinc
1811 2915 1832 2939 si
1847 2919 2053 2948 expungerentur
2068 2922 2097 2939 ex
2112 2915 2186 2939 codd.
2201 2916 2358 2945 auctoritate,
2376 2921 2464 2941 essent
2478 2924 2493 2942 a

1426 2949 1522 2974 lectore
1541 2949 1764 2982 subintelligenda.

1479 2985 1523 3016 ηη)
1543 2984 1620 3009 Sicut
1637 2985 1662 3009 si
1679 2985 1767 3010 dicam
1786 2985 1953 3010 etc.·-Codd.
1973 2986 2072 3018 legunt:
2093 2985 2124 3010 Si
2137 2985 2206 3010 enim
2226 2985 2312 3010 dicam
2332 2990 2392 3017 etc.;
2412 2991 2438 3010 et
2455 2987 2494 3011 in—

1426 3027 1513 3052 super,
1532 3027 1586 3044 exc.
1601 3020 1638 3044 G:
1654 3020 1779 3045 Socrates
1792 3023 1833 3045 est
1844 3021 1921 3045 homo
1925 3029 1935 3051 ‚·
1953 3028 2018 3053 ergo
2032 3024 2071 3045 est
2083 3020 2186 3045 animal
2190 3029 2198 3050 ,·
2211 3021 2247 3045 G:
2263 3021 2294 3045 Si
2307 3021 2376 3045 enim
2391 3021 2494 3046 dicam:

1427 3055 1552 3080 Socrates
1561 3058 1601 3080 est
1609 3056 1712 3080 animal
1720 3056 1806 3086 homo,
1817 3056 1942 3081 Socrates
1951 3059 1991 3081 est
2004 3056 2117 3085 animal,
2133 3056 2207 3080 nulla
2221 3056 2338 3087 deceptio
2349 3057 2492 3089 falsitatis,

1426 3091 1527 3115 omisso
1544 3091 1671 3123 sequitur.
1686 3091 1774 3116 Lectio
1787 3091 1899 3116 obscura
1912 3096 1938 3116 et
1955 3099 2007 3116 non
2023 3092 2183 3116 attendenda.
2193 3104 2212 3108 —
2221 3091 2319 3116 Deinde
2333 3092 2408 3116 codd.
2423 3092 2493 3124 (exc.

1426 3126 1496 3158 BG):
1511 3126 1535 3150 si
1549 3125 1660 3158 (omisso
1675 3126 1754 3158 sicut)
1769 3133 1783 3151 e
1792 3133 1920 3151 conuerso
1930 3130 2064 3160 arguatur
2074 3126 2301 3158 (BCDEOQRST,
2310 3127 2436 3160 arguam)
2446 3128 2492 3152 sic.

1479 3159 1518 3193 θθ)
1539 3161 1589 3185 Est
1606 3161 1715 3191 animal,
1730 3168 1795 3194 ergo
1808 3165 1848 3187 est
1861 3162 1948 3187 homo.
1957 3175 1976 3182 -
1985 3163 2020 3186 Ita
2034 3162 2112 3186 Piana
2130 3167 2156 3186 et
2169 3162 2279 3186 codices.
2298 3162 2392 3194 Excipe
2405 3167 2492 3187 tamen

1426 3196 1463 3226 H,
1483 3196 1528 3228 qui
1547 3196 1695 3221 immediate
1714 3197 1795 3221 addit:
1807 3197 1843 3230 fit
1861 3197 1988 3229 deceptio.
2008 3197 2081 3227 Quae
2095 3197 2173 3221 verba
2187 3197 2248 3229 quia
2262 3205 2314 3221 non
2327 3197 2454 3222 habentur
2467 3199 2492 3222 in

1426 3231 1481 3255 aliis
1501 3231 1641 3262 codicibus,
1661 3236 1686 3256 et
1705 3232 1807 3256 aliunde
1826 3233 1882 3256 cod.
1897 3233 1921 3257 H
1941 3240 1992 3257 non
2007 3238 2048 3257 est
2061 3238 2145 3257 tantae
2159 3233 2323 3262 auctoritatis,
2337 3237 2366 3257 ut
2380 3233 2427 3265 ipsi
2443 3233 2491 3258 soli

1426 3271 1514 3290 contra
1527 3267 1592 3290 alios
1607 3267 1751 3297 credamus,
1765 3268 1843 3292 textui
1857 3275 1879 3292 s.
1890 3267 2009 3292 Thomae
2022 3276 2074 3292 non
2087 3268 2233 3292 inserimus.
2247 3268 2368 3292 Attamen
2387 3269 2419 3292 ad
2433 3276 2492 3300 per-

1425 3301 1586 3333 spicuitatem
1611 3302 1752 3326 sententiae
1771 3302 1919 3333 conferunt,
1940 3308 1966 3327 et
1984 3308 2053 3328 certe
2073 3308 2133 3327 sunt
2153 3303 2374 3335 subintelligenda.
2393 3304 2491 3328 Sensus

1426 3337 1495 3361 enim
1505 3341 1556 3361 est:
1572 3337 1598 3361 Si
1613 3337 1696 3361 dicam
1711 3337 1743 3361 de
1757 3337 1876 3362 Socrate:
1891 3338 2010 3363 Socrates
2025 3343 2065 3363 est
2078 3338 2166 3368 homo,
2177 3345 2238 3370 ergo
2253 3343 2293 3362 est
2306 3339 2408 3369 animai,
2421 3339 2491 3364 nulla

1425 3372 1541 3404 deceptio
1560 3372 1676 3396 falsitatis
1695 3373 1824 3404 sequitur;
1844 3373 1910 3397 sicut
1928 3381 2017 3398 revera
2035 3374 2152 3406 deceptio
2170 3373 2286 3398 falsitatis
2305 3374 2422 3406 sequitur
2441 3375 2463 3399 si
2477 3382 2492 3399 e

1425 3414 1551 3432 converso
1570 3412 1691 3439 arguatur
1710 3408 1758 3431 sic:
1778 3408 1825 3432 Est
1839 3409 1940 3438 animal,
1955 3416 2018 3441 ergo
2032 3413 2072 3433 est
2085 3408 2173 3433 homo.
2188 3409 2254 3433 Hinc
2268 3409 2408 3434 retinemus
2422 3409 2492 3434 sicut

1425 3450 1484 3475 cum
1495 3442 1562 3467 PBG
1576 3442 1653 3474 (quo,
1667 3447 1696 3467 ut
1709 3443 1735 3466 in
1748 3443 1909 3474 praecedenti
1924 3449 1984 3468 nota
1994 3444 2089 3468 dictum
2105 3449 2156 3474 est,
2172 3444 2249 3468 ceteri
2263 3445 2364 3469 codices
2379 3445 2490 3478 carent),

1425 3478 1486 3510 quia
1499 3476 1542 3502 illa
1560 3478 1683 3509 particula
1695 3483 1833 3510 expuncta,
1848 3483 1873 3502 et
1886 3486 1939 3502 non
1953 3479 2066 3503 admissa
2080 3479 2187 3503 lectione
2202 3480 2225 3503 H
2232 3480 2288 3512 ,sit
2301 3479 2427 3511 deceptio,
2442 3480 2490 3505 ob-

1425 3520 1500 3537 scura
1515 3518 1585 3537 esset
1603 3520 1632 3537 ac
1651 3513 1705 3537 fere
1723 3513 1912 3546 inintelligibilis
1932 3521 1953 3538 s.
1968 3513 2086 3538 Thomae
2100 3515 2233 3539 sententia.
2248 3515 2273 3539 Si
2288 3522 2349 3539 vero
2368 3515 2443 3540 lectio
2455 3516 2492 3549 fit

1425 3548 1543 3580 deceptio
1562 3548 1720 3579 adsumatur,
1739 3549 1832 3580 poterit
1849 3549 1932 3573 omitti
1950 3549 2026 3579 sicut,
2047 3554 2072 3574 et
2091 3550 2154 3581 legi:
2173 3550 2198 3574 si
2215 3557 2229 3574 ε
2247 3557 2374 3575 converso
2393 3555 2441 3575 etc.

1479 3583 1507 3616 ιι)
1528 3583 1603 3608 Sicut
1620 3584 1645 3608 si
1663 3584 1787 3609 dicam.-
1804 3584 1849 3608 AB
1870 3584 1984 3616 (omisso
2002 3585 2102 3617 sicut):
2126 3585 2157 3609 Si
2177 3585 2264 3610 dicam
2282 3586 2334 3617 sic‚·
2353 3586 2389 3610 G:
2413 3586 2448 3610 Ut
2467 3586 2492 3611 si

1425 3619 1511 3644 dicam
1530 3619 1582 3649 sic,·
1601 3619 1649 3643 HK
1667 3627 1721 3644 om.
1739 3619 1764 3644 si
1782 3619 1885 3649 dicam,·
1903 3621 1938 3644 L.
1961 3620 1995 3644 Ut
2013 3620 2038 3645 si
2055 3620 2169 3645 dicatur.

2546 472 2620 494 Codd.
2628 485 2644 489 -
2654 480 2675 495 1²:
2690 479 2731 495 su-

2516 505 2565 527 pra
2581 499 2674 522 dictum.

2519 1061 2530 1071 *
2546 1060 2676 1082 Codd.-r:
2690 1060 2734 1082 Se·-

2519 1086 2594 1108 cundo
2609 1087 2650 1114 ibi,
2665 1093 2724 1109 cum.

2542 1165 2592 1188 Cod
2603 1166 2673 1189 d.-r:
2684 1166 2736 1188 sine

2519 1377 2627 1401 *Co.-d6
2617 1385 2655 1401 -ιιι
2664 1385 2734 1407 quam

2515 1406 2611 1432 putat...
2625 1405 2650 1427 In
2671 1412 2735 1433 qua:

2519 1437 2547 1452 G:
2558 1437 2628 1459 quam
2634 1435 2735 1464 putant

2519 1464 2622 1506 ⁹²0¹&
2629 1459 2734 1507 fid-fitis

2519 1510 2594 1541 Cl'fleti
2607 1517 2657 1533 Gnt:
2672 1512 2735 1534 acci-

2481 1772 2490 1791 ,
2519 1763 2530 1774 ¹*
2539 1763 2623 1795 §lodda
2632 1765 2684 1786 eit·
2692 1771 2732 1788 tx:

2521 1792 2585 1817 suit,-
2597 1797 2620 1812 1:
2636 1794 2697 1814 sunt.

2520 1861 2532 1872 ⁸
2541 1867 2548 1882 ι
2558 1869 2563 1883 :
2571 1861 2688 1890 fallacia.
