2548 4192
915 275 971 312 IN
1001 276 1039 312 S.
1061 275 1303 312 THOMAM
1330 276 1655 323 AQUINATEM

184 357 230 387 vit
252 354 484 393 Hannibaldus‚
507 354 587 384 illud
609 354 717 395 ipsum
741 364 828 393 esse,
854 354 944 395 quod
966 354 999 384 in
1024 353 1114 384 editis
1137 361 1258 394 prostat

184 401 243 431 sub
262 399 356 431 titulo
375 398 515 430 Secundi
537 399 657 439 Scripti
672 399 702 429 d.
727 399 886 437 Thomae,
904 398 1117 438 peremptoria
1131 405 1256 438 praesto

183 451 259 476 sunt
274 450 468 484 argumenta.
486 443 741 483 Manuscriptum
757 443 878 483 profert
896 443 1059 473 Echardus
1076 443 1257 482 catalogum

185 489 335 521 codicum
349 488 557 518 bibliothecae
573 487 776 526 Sorbonicae,
793 487 1041 528 quadringentis
1056 488 1184 518 circiter
1205 488 1257 517 ab·

182 534 257 564 hinc
279 534 376 563 annis
399 532 601 570 confectum,
628 532 662 562 in
686 542 752 573 quo
777 533 854 563 haec
877 532 1046 562 habentur:
1072 531 1153 562 Item
1177 541 1258 572 opus

181 577 386 609 Hannibaldi
405 587 504 618 super
526 576 710 607 Sententias
733 587 775 607 ex
798 577 906 617 legato
929 577 1081 617 magistri
1103 576 1258 616 Stephani

181 622 368 663 Burgundi.
394 621 512 662 Incipit
530 619 633 663 (folio
660 619 713 663 2),
731 621 870 652 Subiecti
893 622 994 651 cuius.
1018 621 1104 651 Haec
1128 620 1258 661 insuper

180 666 284 706 legere
307 672 370 697 est:
391 666 471 697 Item
497 671 563 697 tres
578 667 723 696 sexterni
745 666 968 706 quaestionum
986 666 1137 706 magistri
1159 665 1255 695 Han-

182 710 304 741 nibaldi
325 720 427 751 supra
450 710 505 741 IV
521 710 762 742 Sententiarum
792 708 957 753 (quorum
979 709 1108 740 initium
1131 710 1187 740 fol.
1211 707 1256 752 2),

180 756 251 786 sine
266 755 380 786 medio.
398 755 498 796 Atqui
520 765 596 785 vero
613 755 745 795 allegata
761 755 866 793 verba,
883 755 953 785 sine
968 754 1083 792 medio,
1102 755 1258 785 habentur

181 799 215 830 in
232 795 325 830 edito
335 799 590 838 Commentario,
602 810 668 840 quo
684 800 723 830 de
739 799 874 840 agimus,
886 799 939 830 lib.
952 800 1006 838 lv,
1022 799 1092 829 dist.
1104 810 1126 837 1,
1138 806 1193 830 art.
1211 809 1232 829 11
1245 821 1253 837 ,

181 844 222 875 ad
250 855 277 883 1,
294 851 325 875 et
347 844 401 875 illa
425 845 712 883 rursum„subiecti
736 845 838 882 cuius,
857 844 911 874 lib.
931 844 954 882 1,
972 854 1026 884 qu.
1043 854 1065 882 1,
1087 850 1161 884 post
1183 853 1256 884 pro-

179 889 304 928 logum,
321 896 377 920 art.
394 899 434 927 n,
451 889 484 919 in
508 895 696 929 argumento
721 889 872 919 secundo.
890 889 1021 919 Accedit
1036 888 1201 919 Rainerius
1218 888 1257 918 de

179 933 270 972 Pisis,
290 933 368 965 Ord.
385 933 524 964 Praedic.
542 933 691 964 alumnus
715 933 955 974 quartodecimo
985 933 1112 963 saeculo
1137 933 1256 971 clarus,

180 978 236 1019 qui
260 978 294 1009 in
317 978 545 1018 Pantheologia
567 978 605 1009 V.
635 978 752 1008 Claves
780 978 952 1016 ecclesiae,
979 988 1046 1018 cap.
1073 988 1100 1015 1,
1127 977 1170 1007 sic
1194 976 1255 1007 ait:

183 1035 198 1050 α
220 1023 308 1054 Haec
331 1023 361 1054 b.
379 1023 524 1054 Thomas
541 1023 590 1053 lV‘
608 1023 693 1053 Sent.
717 1022 788 1052 dist.
812 1032 886 1052 xvm
912 1022 952 1052 de
970 1022 1142 1058 Clavibus,
1160 1031 1215 1061 qu.
1234 1031 1256 1059 1,

182 1079 197 1095 »
221 1074 276 1098 art.
294 1078 323 1105 1,
340 1067 535 1108 quaestiunc.
553 1078 574 1104 1,
596 1067 712 1097 Utrum
728 1066 864 1097 debeant
883 1075 951 1097 esse
969 1066 1076 1096 claves
1095 1066 1127 1095 in
1144 1065 1255 1095 Eccle-

182 1124 197 1139 »
219 1113 278 1143 sia.
297 1112 338 1142 Et
360 1112 472 1142 Petrus
496 1112 535 1141 de
558 1110 753 1148 Tarantasia‚
772 1117 803 1141 et
825 1111 923 1141 Dom.
946 1109 1167 1140 Hannibaldus
1191 1110 1256 1139 Ro-

2254 289 2387 315 eLxxm

1313 355 1461 385 Rainerio
1479 355 1698 386 describuntur
1707 355 1811 394 verba,
1827 355 1961 386 totidem
1975 355 2110 395 legimus
2125 355 2158 385 in
2172 355 2269 386 hocce
2285 356 2384 387 Corn-

1313 399 1479 438 mentario,
1498 399 1567 430 dist.
1585 410 1671 438 xvm,
1694 410 1748 441 qu.
1766 411 1788 438 1,
1805 406 1860 430 art.
1879 410 1900 437 1,
1925 407 2059 440 nempe:
2078 400 2174 430 Haec
2196 405 2303 430 autem
2322 411 2381 441 po-

1313 449 1411 474 testas
1434 450 1481 475 est
1504 445 1640 484 triplex:
1655 444 1813 485 quaedam
1837 445 2072 475 auctoritatis...
2099 444 2256 485 quaedam
2282 446 2384 475 excel-

1314 489 1464 519 lentiae...
1491 489 1597 519 altera
1626 490 1796 519 ministerii
1827 494 1884 519 etc.
1911 489 2105 530 Dionysium
2137 488 2386 519 carthusianum

1314 533 1409 571 addo,
1434 533 1524 563 cuius
1540 533 1617 563 haec
1632 534 1727 564 verba
1741 540 1815 564 sunt
1837 533 1917 563 libro
1935 533 1960 563 11
1985 533 2083 571 Sent.,
2100 533 2171 563 dist.
2188 543 2210 571 1,
2226 540 2346 573 quaest.
2364 544 2385 571 1,

1313 587 1384 617 pag.
1403 588 1422 617 9
1447 575 1573 620 (Venet.
1601 576 1715 620 1584):
1744 590 1758 605 ‹<
1785 578 1931 618 Denique
1954 577 2092 608 Hanibal
2115 575 2185 620 (seu
2210 577 2384 607 Hannibal-

1316 634 1330 648 »
1354 620 1445 664 dus):
1474 621 1597 660 Omnis,
1614 622 1728 663 inquit,
1752 632 1824 660 res,
1848 623 1940 653 cuius
1963 623 2100 653 essentia
2125 632 2188 652 non
2212 627 2385 663 est'suum

1316 679 1330 693 »
1354 676 1440 704 esse,
1461 667 1554 697 habet
1571 677 1639 697 esse
1660 676 1754 697 suum
1772 667 1812 697 ab
1828 667 1893 697 alio
1908 667 1969 697 sibi
1984 667 2164 707 influxum:
2182 667 2258 707 quia
2274 667 2303 697 si
2318 676 2386 697 esse

1316 723 1330 738 »
1354 711 1403 741 rei
1425 716 1472 741 est
1488 716 1624 751 praeter
1639 713 1809 742 essentiam
1826 712 1905 749 eius,
1924 717 2047 752 oportet
2061 711 2147 752 quod
2162 713 2192 742 ei
2207 711 2385 752 coniunga-

1316 768 1330 782 »
1354 760 1408 785 tur
1417 765 1481 796 per
1503 756 1646 796 aliquam
1663 765 1828 786 causam...
1846 756 1934 786 Haec
1948 756 2095 786 Hanibal.
2116 768 2131 783 >-
2156 756 2247 793 Quae
2269 755 2386 786 scilicet

1313 799 1423 830 omnia
1451 806 1482 830 et
1505 800 1629 839 singula
1645 800 1678 830 in
1699 799 1941 831 Commentario
1964 800 2100 840 legimus
2115 800 2196 830 libro
2218 801 2256 837 11,
2273 800 2344 831 dist.
2362 810 2383 837 1,

1313 854 1367 885 qu.
1385 855 1406 882 1,
1424 851 1480 874 art.
1503 855 1535 874 11.
1557 844 1647 874 Paria
1670 851 1754 882 sunt,
1778 854 1860 885 quae
1883 844 2078 885 frequentius
2102 845 2276 884 allegantur
2298 844 2384 884 apud

1313 889 1464 919 eumdem
1490 888 1747 919 Carthusianum.
1781 891 1833 918 An
1861 898 1936 918 vero
1949 912 1957 926 ‚
1990 889 2079 929 quod
2116 889 2189 919 inde
2225 889 2384 929 promitur

1313 939 1537 972 argumentum
1549 955 1557 970 ,
1577 932 1667 962 Pauli
1689 932 1814 962 Nazarii
1837 932 1922 963 eludi
1938 940 2034 973 queat
2057 933 2192 973 effugio:
2217 933 2311 970 Quod
2326 943 2384 963 au-

1313 982 1374 1007 tem
1396 977 1588 1017 Dionysius,
1605 976 1789 1017 inquientis,
1806 977 1888 1007 illud
1902 977 2022 1018 alleget
2037 978 2095 1008 sub
2119 979 2246 1008 nomine
2265 978 2384 1008 Aniba-

1313 1021 1373 1058 lis,
1391 1021 1499 1061 facile
1511 1021 1594 1061 fieri
1611 1022 1719 1061 potuit
1737 1026 1794 1051 aut
1818 1031 1859 1051 ex
1873 1021 1967 1061 falso
1984 1022 2100 1052 codicis
2119 1023 2211 1052 titulo
2234 1027 2291 1052 aut
2307 1023 2383 1062 quia

1314 1066 1413 1095 nimia
1430 1070 1587 1095 vetustate
1602 1066 1782 1105 conscripta
1807 1071 1888 1095 esset
1911 1066 2104 1106 inscriptio?
2124 1067 2185 1096 Pro
2209 1066 2303 1106 genio
2327 1066 2385 1096 sci-

1312 1109 1385 1139 licet
1414 1115 1678 1149 praeconceptam
1697 1109 1885 1149 opinionem
1908 1116 2014 1140 tuetur
2028 1110 2191 1149 Nazarius,
2208 1120 2307 1151 quam
2330 1121 2384 1151 pe-

181 1167 197 1184 »
219 1165 335 1186 manus
359 1155 437 1187 Ord.
463 1155 572 1186 Praed.
599 1155 686 1185 idem
709 1155 785 1185 dicit
812 1154 940 1185 ibidem.
961 1166 976 1182 »
997 1154 1088 1191 Quae
1117 1163 1214 1194 porro
1238 1163 1257 1183 a
1313 1153 1398 1184 nitus
1415 1153 1602 1183 convulsam
1625 1153 1889 1194 profligatamque
1912 1161 2002 1194 puto.
