2788 4204
65 958 130 1016 3333
146 964 173 980 e:
192 958 217 986 ιγ
237 958 279 979 na-

1172 287 1284 324 CAP.
1314 287 1365 332 X,
1396 285 1547 322 LECT.
1578 286 1627 322 111

305 365 438 399 uitabile
462 365 558 399 debet
579 365 762 410 significare
785 365 908 409 aliquid
931 365 1131 404 universale,
1155 363 1207 397 vel
1230 362 1371 406 singula-

305 424 357 454 re;
379 415 476 448 omnis
498 423 608 448 autem
632 424 665 448 et
688 414 806 447 similia
826 415 919 458 signa
950 425 1018 447 non
1042 412 1226 457 significant
1250 410 1372 455 aliquid

306 461 489 495 universale
513 471 569 495 aut
604 462 789 506 singulare,
826 462 876 496 sed
901 464 1045 506 quoniam
1075 460 1286 494 universaliter
1317 468 1372 492 aut

306 511 558 555 particulariter;
583 510 658 544 ideo
683 522 751 544 non
777 519 826 544 est
849 510 1040 550 dicendum,
1064 522 1125 543 non
1148 510 1244 543 omnis
1268 508 1370 547 homo,

307 560 334 592 si
358 559 518 593 infinitate
542 559 698 593 volumus
723 559 820 604 (licet
843 559 958 593 debeat
974 558 1053 599 dici,
1078 560 1104 592 si
1128 569 1247 601 negare
1271 568 1372 601 quan-

307 608 432 641 titatem
455 608 695 641 enunciationis
720 607 947 652 quaerimus),
972 607 1029 640 sed
1052 607 1183 651 negatio
1208 605 1372 638 infinitans

307 655 348 689 ad
370 655 405 700 ly
428 656 528 696 homo,
558 655 648 700 quod
672 655 833 699 significat
856 655 979 700 aliquid
1002 654 1202 694 universale,
1227 654 1373 687 addenda

307 712 367 745 est,
391 713 424 737 et
446 703 640 745 dicendum,
664 706 760 737 omnis
784 716 844 738 non
867 704 962 737 homo.

378 763 427 796 14.
452 753 581 787 Deinde
602 765 678 786 cum
698 753 791 787 dicit:
809 753 1008 798 Manifestum
1020 760 1061 786 est
1072 760 1172 786 autem
1191 764 1226 786 ex
1245 764 1275 785 eo
1295 751 1374 796 quod

308 808 349 835 est
364 810 438 841 etc„
462 801 579 845 probat
594 801 658 835 hoc
675 801 765 846 quod
786 801 910 835 dictum
936 810 995 841 est,
1019 801 1142 834 scilicet
1164 800 1254 845 quod
1278 801 1374 833 omnis

308 858 340 884 et
356 849 475 883 similia
498 862 567 883 non
583 850 767 894 significant
783 850 917 895 aliquod
940 850 1134 890 universale,
1158 849 1215 883 sed
1230 850 1374 894 quoniam

308 898 519 932 universaliter
545 898 601 932 tali
632 899 769 932 ratione.
798 898 899 939 Illud,
928 900 962 931 in
993 910 1061 942 quo
1092 897 1246 931 differunt
1269 908 1374 930 enun-

308 948 465 980 ciationes
489 949 633 992 praecise
662 947 847 981 differentes
871 959 929 992 per
952 947 1098 980 habere*
1111 956 1143 980 et
1163 958 1231 979 non
1256 945 1373 978 habere

308 995 343 1040 ly
365 997 481 1037 omnis,
506 1005 556 1030 est
581 1008 650 1030 non
675 996 857 1030 universale
888 996 1041 1041 aliquod,
1073 996 1122 1029 sed
1139 995 1284 1040 quoniam
1307 995 1374 1027 uni-

306 1045 482 1086 versantem
506 1045 563 1079 sed
586 1045 668 1079 illud
692 1046 726 1078 in
748 1057 815 1090 quo
839 1045 993 1079 differunt
1016 1045 1264 1077 enunciationes
1284 1054 1374 1087 prae-

308 1094 374 1127 cise
405 1093 589 1127 differentes
617 1105 676 1138 per
706 1094 824 1128 habere
848 1103 880 1127 et
903 1105 972 1127 non
995 1093 1113 1126 habere
1137 1092 1171 1136 ly
1194 1092 1301 1132 omnis,
1326 1101 1376 1124 est

307 1140 527 1185 significatum
559 1153 617 1185 per
656 1141 690 1185 ly
725 1143 821 1175 omnis
832 1154 847 1182 ,·
883 1153 963 1185 ergo
994 1139 1214 1184 significatum
1252 1151 1310 1183 per
1340 1139 1375 1183 ly

307 1190 403 1223 omnis
427 1198 476 1222 est
498 1201 567 1222 non
595 1189 718 1234 aliquid
747 1189 948 1229 universale,
975 1189 1025 1222 sed
1050 1189 1195 1233 quoniam
1218 1189 1373 1222 universa-

309 1238 386 1272 liter.
409 1238 523 1271 Minor
537 1238 637 1271 huius
653 1239 798 1279 rationis,
815 1239 911 1271 tacita
934 1238 968 1270 in
985 1246 1086 1278 textu,
1103 1249 1143 1270 ex
1158 1247 1193 1269 se
1215 1236 1299 1269 clara
1315 1245 1374 1269 est.

306 1285 346 1320 Id
368 1287 508 1319 enimin
525 1298 603 1330 quo,
629 1287 762 1320 caeteris
778 1286 922 1331 paribuS,
945 1285 1097 1318 habentia
1120 1297 1138 1318 a
1161 1296 1230 1318 non
1254 1284 1375 1317 haben-

306 1334 394 1368 tibus
417 1334 561 1379 aliquem
585 1336 763 1368 terminum
787 1335 952 1374 differunt,
976 1332 1196 1377 significatum
1220 1342 1269 1367 est
1288 1333 1374 1366 illius

240 1417 253 1419 4
292 1383 449 1416 remini.
471 1382 581 1416 Maior
600 1395 680 1417 vero
704 1384 738 1416 in
754 1382 859 1416 littera
875 1382 1101 1426 exemplariter
1113 1381 1293 1415 declaratur
1317 1383 1374 1415 sic.

307 1431 386 1465 Illae
416 1433 679 1472 mundationes,
705 1432 791 1466 homo
819 1432 932 1472 currit,
962 1440 994 1464 et
1016 1431 1112 1464 omnis
1144 1431 1229 1464 homo
1259 1432 1373 1471 currit,

306 1480 451 1525 praecise
467 1479 623 1514 differunt
646 1492 686 1513 ex
709 1480 784 1521 hoc,
809 1480 900 1525 quod
923 1481 957 1513 in
987 1491 1053 1513 una
1073 1488 1121 1513 est
1144 1479 1177 1523 ly
1201 1480 1317 1520 omnis,
1343 1489 1375 1512 et

307 1529 342 1562 in
365 1527 464 1562 altera
486 1540 566 1562 non.
585 1529 716 1563 Tamen
732 1541 800 1563 non
817 1530 861 1562 ita
877 1528 1032 1562 differunt
1047 1540 1087 1561 ex
1103 1528 1178 1569 hoc,
1202 1527 1293 1572 quod
1309 1540 1374 1561 una

307 1577 350 1610 sit
371 1577 583 1618 universalis,
608 1577 669 1611 alia
693 1589 761 1611 non
781 1577 984 1610 universalis.
1010 1577 1156 1621 Utraque
1173 1578 1261 1610 enim
1278 1576 1375 1610 habet

308 1625 492 1659 subiectum
515 1626 709 1667 universale,
723 1626 845 1659 scilicet
864 1625 898 1670 ly
921 1626 1018 1666 homo,
1039 1625 1096 1663 sed
1113 1625 1278 1666 differunt,
1299 1627 1375 1670 quia

308 1674 343 1707 in
358 1685 407 1715 ea,
428 1673 483 1707 ubi
499 1675 634 1719 ponitur
657 1674 691 1719 ly
714 1675 821 1715 omnis,
846 1675 1040 1707 enunciatur
1067 1673 1107 1707 de
1132 1674 1279 1708 subiecto
1303 1675 1374 1707 uni-

308 1722 486 1764 versaliter,
510 1724 544 1756 in
568 1722 670 1757 altero
694 1733 804 1757 autem
827 1734 897 1756 non
920 1722 1155 1756 universaliter.
1181 1723 1270 1757 Cum
1286 1724 1374 1756 enim

309 1770 395 1811 dico,
411 1770 497 1804 homo
513 1772 619 1812 currit,
642 1783 775 1806 cursum
796 1771 939 1805 attribuo
959 1771 1087 1804 homini
1103 1771 1290 1811 universali,
1306 1773 1374 1804 sive

310 1820 499 1860 communi,
528 1819 586 1853 sed
608 1831 678 1853 non
701 1831 762 1864 pro
786 1828 856 1853 tom
878 1820 1023 1853 humana
1045 1820 1274 1859 universitate3
1299 1831 1374 1852 cum

309 1877 420 1902 autem
448 1867 541 1909 dico,
569 1869 666 1902 omnis
688 1868 914 1909 homocumt,
947 1879 1080 1901 cursum
1110 1869 1216 1901 inesse
1248 1868 1375 1901 homini

309 1927 371 1961 pro
395 1916 550 1950 omnibus
573 1916 781 1950 inferioribus
805 1916 987 1961 significa·
1001 1915 1107 1950 Simili
1138 1916 1240 1950 modo
1272 1917 1376 1950 decla-

307 1965 372 1998 rari
399 1973 510 2009 potest
536 1964 576 1998 de
604 1965 706 1999 tribus
734 1965 805 1999 aliis
819 1991 828 2007 ,
860 1977 944 2011 quae
968 1966 1002 1998 in
1033 1974 1121 1998 textu
1151 1964 1376 2007 adducuntur,

303 2012 449 2054 ·seilicet,
477 2013 562 2048 homo
585 2025 646 2048 non
670 2014 784 2055 currit,
812 2022 963 2058 respectu
991 2025 1070 2047 suae
1094 2014 1285 2048 universalis
1310 2015 1378 2047 uni-

309 2061 492 2104 versaliter,
515 2064 611 2096 omnis
633 2063 718 2096 homo
745 2074 806 2097 non
833 2064 942 2097 currit:
966 2072 998 2096 et
1024 2063 1071 2095 sic
1095 2062 1134 2096 de
1162 2062 1243 2096 aliis.
1272 2064 1379 2098 Relin-

309 2111 421 2156 quitur
445 2123 535 2155 ergo,
552 2112 654 2157 quod,
671 2113 767 2147 omnis
782 2121 814 2146 et
830 2112 935 2146 nullus
951 2121 983 2146 et
998 2111 1116 2145 similia
1131 2113 1224 2156 signa
1249 2112 1378 2146 nullum

310 2159 494 2193 universale
517 2160 719 2204 significant,
744 2160 802 2194 sed
818 2160 1049 2194 tantummodo
1073 2160 1275 2204 significant,
1300 2173 1380 2206 quo-

310 2207 400 2240 niam
416 2208 642 2242 universaliter
665 2209 704 2243 de
729 2209 863 2243 homIne
888 2208 1050 2242 affirmant
1072 2209 1125 2242 vel
1148 2219 1279 2253 negant.

388 2266 437 2298 15.
461 2257 587 2290 Notato
618 2257 671 2290 hic
702 2257 792 2291 duo:
829 2258 975 2301 primum
1003 2266 1051 2290 est
1079 2257 1170 2302 quod
1200 2269 1269 2290 non
1300 2257 1379 2291 dixit

311 2306 407 2340 omnis
429 2314 462 2339 et
488 2306 594 2340 nullus
617 2305 777 2350 significat
801 2305 1026 2340 universaliter
1040 2331 1048 2346 ‚
1073 2306 1130 2340 sed
1152 2307 1296 2350 quoniam
1315 2308 1382 2340 uni-

310 2354 490 2394 versalium
521 2354 704 2388 secundum
733 2363 801 2395 est,
832 2354 923 2399 quod
951 2353 1057 2394 addit,
1088 2355 1123 2388 de
1153 2355 1269 2388 homine
1296 2356 1378 2399 affir-

311 2408 400 2436 mam
420 2402 469 2436 vel
491 2409 638 2447 negant·
655 2404 756 2436 Primi
779 2404 863 2436 ratio
886 2411 951 2442 est,
975 2403 1052 2447 quia
1075 2404 1207 2447 signum
1228 2402 1380 2436 distribu-

311 2452 418 2485 tivum
449 2463 519 2485 non
549 2451 711 2496 significat
737 2451 876 2486 modum
908 2452 1018 2495 ipsum
1046 2451 1296 2485 universalitatis
1325 2461 1381 2485 aut

2441 292 2485 328 91

1427 362 1688 406 particularitatis
1716 362 1879 402 absolute,
1911 361 1968 394 sed
1997 361 2195 405 applicatum
2224 362 2363 394 termino
2388 360 2492 393 distri-

1428 410 1520 444 buto.
1539 411 1627 445 Cum
1644 412 1732 445 enim
1749 410 1842 450 dico,
1860 411 1956 443 omnis
1972 411 2076 451 homo,
2098 410 2131 454 ly
2148 411 2243 444 omnis
2266 409 2399 442 denotat
2422 409 2492 441 uni-

1427 460 1613 493 versitatem
1637 459 1792 504 applicari
1817 459 1862 492 illi
1894 459 2035 492 termino
2059 459 2162 499 homo,
2188 459 2232 491 ita
2255 457 2345 502 quod
2368 458 2492 489 Aristo-

1428 507 1508 540 teles
1529 507 1639 540 dicens
1664 507 1754 552 quod
1777 507 1873 540 omnis
1897 506 2059 550 significat
2082 507 2239 551 quoniam
2260 504 2492 544 universaliter,

1428 566 1487 598 per
1516 555 1550 599 ly
1578 557 1721 599 quoniam
1752 556 1929 588 insinuavit
1960 555 2212 599 applicationem
2244 553 2493 587 universalitatis

1429 604 1637 647 importatam
1661 605 1695 636 in
1721 603 1754 648 ly
1781 604 1876 637 omnis
1905 604 1939 635 in
1968 612 2041 636 actu
2070 603 2231 643 exercito,
2255 603 2339 635 sicut
2362 610 2394 634 et
2421 602 2454 633 in
2479 601 2494 634 I

1428 651 1646 693 Posteriorum‚
1667 653 1701 685 in
1729 652 1918 686 definitione
1939 653 2012 686 scire
2030 651 2283 696 applicationem
2305 662 2419 684 causae
2435 661 2494 682 no-

1430 702 1510 733 tavit
1540 713 1598 745 per
1629 700 1709 734 illud
1736 700 1872 734 verbum
1904 702 2066 745 quoniam,
2099 700 2228 734 dicens:
2261 700 2339 734 Scire
2369 705 2410 732 est
2432 710 2493 732 rem

1424 756 1480 794 per
1495 761 1618 784 causam
1634 760 1809 793 cognoscere,
1827 756 1854 782 et
1867 750 2011 793 quoniam
2030 749 2113 783 illius
2129 755 2169 783 est
2184 760 2306 783 causae
2318 748 2415 782 Ratio
2439 759 2493 780 au-

1429 808 1496 831 tem
1525 798 1660 831 secundi
1691 799 1835 831 insinuat
1865 797 2081 831 differentiam
2111 799 2195 831 inter
2222 798 2380 831 terminos
2411 804 2494 829 cate-

1428 847 1647 890 gorematicos
1671 856 1703 880 et
1725 848 2089 891 syncategorematicos.
2113 847 2163 880 Illi
2182 846 2344 891 siquidem
2365 854 2494 890 ponunt

1429 894 1608 938 significata
1638 906 1737 939 supra
1760 896 1918 928 terminos
1947 895 2113 935 absolute;
2145 896 2197 928 isti
2228 903 2338 928 autem
2365 903 2494 938 ponunt
2522 901 2525 904 ’

1430 943 1609 987 significata
1622 955 1680 977 sua
1693 955 1790 987 supra
1803 944 1961 976 terminos
1974 944 2007 976 in
2021 943 2134 977 ordine
2147 944 2187 977 ad
2200 943 2392 988 praedicata.
2406 943 2494 977 Cum

1429 993 1518 1025 enim
1542 991 1676 1032 dicitur,
1701 993 1784 1025 homo
1808 992 1918 1032 albus,
1943 991 1978 1036 ly
2001 992 2089 1025 albus
2112 992 2302 1026 denominat
2324 992 2495 1025 hominem

1430 1042 1463 1073 in
1480 1042 1590 1084 seipso
1606 1040 1727 1085 absque
1744 1049 1893 1084 respectu
1911 1040 1951 1073 ad
1967 1041 2099 1085 aliquod
2117 1041 2176 1074 sibi
2193 1040 2389 1074 addendum.
2407 1041 2493 1074 Cum

1429 1101 1508 1122 vero
1537 1089 1672 1129 dicitur,
1701 1090 1796 1122 omnis
1816 1089 1912 1129 homo,
1937 1088 1971 1133 ly
1994 1091 2089 1124 amnis
2113 1091 2173 1123 etsi
2197 1089 2367 1122 hominem
2390 1089 2494 1123 distri-

1422 1137 1527 1183 buat,
1558 1149 1628 1170 non
1655 1146 1764 1170 tamen
1788 1137 1972 1171 distributio
1997 1137 2198 1177 intellectum
2222 1137 2346 1178 firmat,
2374 1139 2436 1171 nisi
2460 1139 2494 1170 in

1431 1185 1545 1218 ordine
1563 1185 1603 1218 ad
1619 1185 1752 1230 aliquod
1768 1185 1991 1229 praedicatum
2016 1186 2223 1229 intelligatur.
2242 1187 2347 1220 Cuius
2363 1188 2494 1230 signum

1430 1243 1490 1274 est,
1514 1235 1602 1278 quia,
1619 1246 1694 1267 cum
1711 1234 1861 1274 dicimus,
1885 1235 1980 1282 omnis
1996 1235 2080 1269 homo
2097 1236 2201 1276 currit,
2215 1247 2283 1268 non
2296 1235 2494 1269 intendimus

1431 1282 1622 1316 distribuere
1650 1283 1820 1316 hominem
1843 1295 1904 1327 pro
1927 1293 1996 1317 tota
2022 1295 2080 1317 sua
2103 1285 2311 1317 universitate
2335 1283 2494 1324 absolute,

1431 1331 1488 1364 sed
1512 1332 1546 1364 in
1570 1332 1683 1365 ordine
1707 1331 1748 1365 ad
1777 1343 1920 1365 cursum.
1958 1333 2046 1366 Cum
2074 1341 2184 1366 autem
2215 1332 2353 1366 dicimus
2367 1358 2376 1373 ,
2407 1333 2495 1366 albus

1430 1380 1515 1413 bomo
1533 1381 1639 1421 currit,
1660 1379 1915 1414 determinamus
1933 1380 2103 1414 hominem
2120 1382 2153 1413 in
2170 1382 2279 1425 seipso
2295 1393 2366 1415 esse
2386 1381 2494 1414 album

1431 1438 1463 1462 et
1478 1430 1595 1461 nonin
1621 1429 1735 1463 ordine
1759 1428 1799 1462 ad
1823 1441 1966 1462 cursum.
1985 1429 2075 1470 Quia
2099 1432 2178 1473 ergo
2202 1431 2297 1463 omnis
2325 1439 2357 1463 et
2379 1430 2494 1470 nullus,

1430 1478 1514 1511 sicut
1537 1487 1569 1511 et
1592 1477 1653 1511 alia
1677 1486 1996 1522 syncategoremata,
2020 1478 2066 1511 nil
2090 1477 2178 1512 aliud
2209 1480 2242 1511 in
2267 1480 2495 1512 enunciatione

1430 1525 1564 1567 faciunt,
1577 1527 1640 1559 nisi
1657 1528 1733 1571 quia
1749 1526 1967 1560 determinant
1980 1527 2164 1560 subiectum
2177 1528 2211 1560 in
2224 1527 2337 1561 ordine
2354 1527 2394 1561 ad
2406 1539 2495 1572 prae—

1431 1574 1585 1615 dicatum,
1599 1584 1631 1608 et
1646 1575 1710 1608 hoc
1727 1576 1796 1609 sine
1813 1575 2028 1610 affirmatione
2045 1585 2077 1609 et
2091 1577 2265 1620 negatione
2281 1576 2350 1609 fieri
2366 1578 2496 1622 nequit;

1430 1623 1505 1657 ideo
1529 1624 1609 1657 dixit
1634 1624 1724 1669 quod
1747 1624 1793 1658 nil
1817 1624 1905 1658 aliud
1928 1624 2130 1668 significant,
2159 1626 2221 1658 nisi
2243 1627 2401 1670 quoniam
2424 1627 2496 1659 uni-

1429 1672 1596 1707 versaliter
1628 1673 1668 1706 de
1700 1674 1854 1713 nomine,
1884 1672 1967 1706 idest
1990 1673 2029 1707 de
2061 1673 2223 1714 subiecto,
2248 1673 2410 1707 affirmant
2444 1674 2496 1707 vel

1430 1730 1569 1765 negant,
1593 1720 1676 1755 idest
1699 1721 1948 1755 affirmationem
1976 1721 2028 1755 vel
2055 1723 2265 1766 negationem
2296 1721 2366 1755 fieri
2394 1722 2496 1756 deter-

1430 1771 1556 1803 minant
1569 1795 1578 1810 ,
1595 1781 1632 1803 ac
1648 1781 1706 1814 per
1723 1770 1786 1803 hoc
1802 1782 1820 1803 a
1837 1771 2114 1814 categorematicis
2138 1783 2174 1804 ea
2195 1772 2366 1815 separavit.
2383 1772 2496 1804 Potest

1431 1820 1529 1852 etiam
1545 1818 1655 1852 referri
1673 1818 1737 1851 hoc
1761 1818 1851 1863 quod
1868 1818 1962 1859 dixit,
1987 1819 2141 1863 affirmant
2162 1819 2210 1853 vel
2232 1826 2352 1863 negant,
2370 1819 2411 1853 ad
2426 1821 2495 1863 ipsa

1431 1869 1540 1911 signa,
1564 1866 1686 1900 scilicet
1709 1868 1805 1901 omnis
1828 1876 1861 1900 et
1882 1867 1998 1908 nullus,
2023 1879 2165 1912 quorum
2196 1867 2333 1901 alterum
2357 1869 2495 1912 positive

1432 1916 1607 1956 distribuit,
1624 1916 1761 1949 alterurn
1785 1915 1997 1949 removendo.

1503 1967 1553 1998 16.
1571 1965 1699 1998 Deinde
1713 1976 1789 1998 cum
1802 1964 1893 1998 dicit:
1909 1965 1990 2008 Ergo
2003 1971 2030 1997 et
2041 1971 2155 1999 caetera
2167 1965 2266 1998 eadem
2279 1974 2352 2005 etc„
2365 1966 2496 1999 conclu-

1433 2014 1480 2047 dit
1493 2013 1726 2047 adiectivarum
1743 2013 2012 2046 enunciationum
2030 2014 2246 2047 conditiones.
2263 2014 2397 2047 Dixerat
2409 2016 2496 2048 enim

1434 2061 1523 2107 quod
1540 2061 1716 2095 adiectivae
1733 2063 1979 2095 enunciationes
1996 2062 2083 2096 idem
2100 2062 2222 2096 faciunt
2238 2062 2347 2107 quoad
2364 2064 2497 2107 opposi-

1433 2113 1562 2144 tionum
1575 2122 1762 2152 numerum,
1772 2110 1862 2155 quod
1873 2111 2093 2145 substantivae
2107 2111 2146 2145 de
2159 2111 2304 2145 secundo
2320 2111 2497 2152 adiacente;

1434 2168 1466 2193 et
1489 2160 1553 2193 hoc
1577 2159 1812 2201 declaraverat,
1837 2161 2086 2204 oppositionum
2110 2172 2249 2194 numero
2273 2160 2498 2204 exemplariter

1435 2208 1621 2242 subiuncto.
1646 2209 1687 2242 Et
1708 2210 1783 2253 quia
1807 2209 1847 2242 ad
1871 2209 1954 2242 hanc
1971 2209 2234 2242 convenientiam
2251 2210 2397 2253 sequitur
2421 2220 2496 2241 con-

1435 2257 1599 2290 venientia
1616 2257 1725 2301 quoad
1742 2257 1958 2290 finitationem
1974 2257 2251 2301 praedicatorum,
2269 2266 2301 2290 et
2317 2257 2426 2301 quoad
2450 2257 2497 2291 di—

1434 2317 1562 2338 versam
1586 2305 1809 2338 subiectorum
1826 2307 2050 2350 quantitatem,
2074 2316 2107 2339 et
2126 2318 2238 2339 earum
2254 2306 2496 2350 multiplicatio-

1435 2366 1512 2387 nem
1528 2366 1567 2387 ex
1581 2354 1681 2387 ductu
1697 2356 1892 2399 quaternarii
1910 2356 1944 2388 in
1959 2356 2116 2399 seipsum,
2129 2364 2161 2388 et
2175 2355 2201 2387 si
2217 2367 2281 2399 qua
2296 2364 2373 2388 sunt
2388 2355 2498 2388 huius-

1435 2403 1526 2436 modi
1537 2412 1738 2444 enumerata;
1749 2403 1823 2437 Ideo
1834 2403 2015 2437 concludit:
2032 2404 2113 2447 Ergo
2123 2410 2150 2437 et
2158 2410 2283 2443 caetera,
2295 2415 2378 2447 quae
2389 2405 2423 2436 in
2435 2404 2497 2436 illis

1435 2451 1594 2485 servanda
1612 2461 1718 2493 erant,
1740 2452 1852 2493 eadem
1877 2451 1960 2486 idest
1975 2452 2092 2485 similia
2107 2453 2176 2485 istis
2193 2451 2388 2496 apponenda
2412 2460 2497 2484 sunt.
