2548 4192
194 274 347 301 CCCXXIV

190 345 336 375 sitionem
361 343 578 383 multiplicem,
593 341 776 383 facultates
799 342 934 377 activas,
952 342 1100 380 ipsasque
1123 341 1265 370 actiones

191 395 222 420 et
239 389 436 429 principium
470 397 531 427 quo
565 388 678 427 agitur
710 391 740 416 et
773 385 855 416 illud
878 385 963 425 quod
985 386 1056 424 agit
1072 384 1091 414 ξ)
1113 384 1163 414 Ad
1188 394 1265 414 enu-

189 433 345 471 cleandas,
363 442 441 473 quas
467 430 669 462 iconomachi
689 429 887 460 difficultates
907 435 1088 465 moverunt,
1107 428 1266 468 negaverit

190 488 286 509 nemo
311 477 447 508 maxime
471 475 622 512 conferre,
643 474 668 504 si
692 474 866 504 accuratius
890 473 921 503 in
947 473 1138 512 imaginibus
1162 473 1194 503 id
1218 483 1265 503 se-

191 530 336 554 cernatur
359 521 443 562 quod
466 530 518 550 res
541 524 588 550 est
610 524 640 549 et
663 519 747 559 quod
771 523 818 548 est
841 519 1105 557 repraesentatio,
1131 527 1186 548 seu
1211 518 1264 547 ab·

192 568 335 598 solutum
359 573 389 596 et
412 565 595 601 relativum;
613 572 647 592 ac
665 562 801 600 religiosi
819 562 922 592 cultus
939 562 1172 602 distinguantur
1195 572 1264 601 gra-

190 612 261 650 dus,
278 612 407 641 virtutes
427 609 629 648 adsignentur
648 607 733 637 unde
752 606 884 647 quilibet
903 606 1123 646 proficiscitur,
1142 606 1264 637 obiecta

190 657 223 687 in
248 666 328 697 quae
352 654 495 690 tendunt,
520 651 590 682 finis
615 651 747 681 ultimus
771 651 803 680 in
828 661 894 691 quo
919 651 1043 682 sistunt.
1070 651 1165 681 Addo
1192 661 1263 681 mo-

190 708 256 732 tam
280 711 297 730 a
317 698 442 730 Graecis
465 697 554 727 litem
577 696 616 726 de
629 696 836 736 processione
855 695 996 735 Spiritus
1011 696 1142 726 Sancti:
1165 706 1263 736 quam

191 745 335 775 dirimere
364 749 394 773 et
418 741 581 781 explanare
605 740 676 781 quis
701 750 845 780 unquam
868 740 989 779 valeat,
1015 740 1070 781 qui
1095 741 1265 780 multiplex

190 789 311 830 agendi
328 787 525 827 principium
550 795 615 815 non
641 785 814 822 discernat,
840 785 969 815 verbum
1002 787 1117 816 mentis
1140 785 1264 825 ignoret

190 841 220 864 et
244 833 415 873 impulsum
441 831 624 866 voluntatis,
644 830 823 870 modosque
843 829 915 860 illos
934 829 1088 870 loquendi
1105 831 1191 870 apud
1210 840 1262 861 ve-

190 886 269 909 teres
293 878 408 913 Patres,
425 885 445 905 a
469 875 552 905 Filio
577 879 607 904 et
625 884 688 914 per
706 874 837 911 Filium,
860 874 1078 916 subiectasque
1102 876 1188 906 hisce
1207 886 1262 905 vo-

190 923 277 953 cibus
302 921 448 952 notiones
473 919 616 959 apprime
640 929 707 949 non
732 917 859 949 calleat?

257 965 390 997 Saeculo
414 964 572 995 Ecclesiae
597 963 781 994 christianae
807 964 977 994 undecimo
1002 971 1032 994 et
1055 964 1262 1005 insequente,

190 1022 224 1042 ac
248 1011 347 1051 ipsius
370 1009 519 1040 Thomae
543 1014 653 1045 aetate,
671 1008 843 1048 singulares
863 1016 893 1039 et
912 1008 1022 1038 absoni
1047 1010 1085 1039 de
1105 1010 1197 1039 rebus
1217 1009 1263 1039 di-

189 1056 270 1086 vinis
294 1063 324 1086 et
347 1054 387 1084 ad
407 1053 504 1084 fidem
528 1053 730 1083 christianam
750 1053 979 1093 pertinentibus
1001 1053 1155 1093 opinandi
1174 1054 1263 1085 modi

189 1100 303 1131 invecti
328 1099 451 1130 fuerant
483 1108 518 1128 ac
545 1098 772 1137 vulgabantur:
805 1108 887 1138 quos
921 1098 959 1127 ab
993 1098 1152 1139 Aquinate
1176 1109 1264 1139 prae-

189 1145 272 1176 teriri
297 1140 461 1181 debuisse,
487 1153 526 1172 ne
551 1142 767 1172 subtilioribus
801 1142 1040 1183 quaestionibus
1069 1143 1264 1183 theologiam

190 1196 353 1226 oneraret,
378 1187 651 1228 imperitissimum
684 1187 839 1217 iudicium
873 1187 964 1217 foret.
991 1188 1094 1218 Pauca
1124 1188 1263 1228 profero,

190 1244 271 1275 quae
296 1240 473 1274 sequuntur
496 1231 650 1272 exempla,
675 1238 710 1262 ut
734 1231 969 1272 multiplicium,
996 1242 1077 1272 quae
1101 1243 1119 1262 a
1142 1233 1265 1263 theolo-

189 1279 236 1319 gis
268 1285 451 1315 versantur,
476 1277 566 1316 origo
599 1275 824 1316 quaestionum
856 1276 1041 1307 innotescat.
1077 1277 1264 1308 Roscelinus

191 1322 457 1363 Compendiensis
491 1320 620 1351 clericus
652 1326 717 1351 tres
746 1322 777 1351 in
811 1321 929 1351 divinis
962 1331 1014 1351 res
1046 1321 1264 1362 distinguebat

190 1368 230 1398 ab
263 1369 396 1398 invicem
429 1370 617 1406 separatas,
642 1366 725 1396 sicut
757 1371 833 1396 sunt
866 1370 932 1395 tres
963 1366 1099 1406 Angeli:
1127 1366 1264 1407 ideoque

191 1414 344 1443 unitatem
370 1416 508 1442 naturae
531 1410 669 1447 divinae,
695 1409 796 1440 aiebat
815 1410 921 1439 Abbas
941 1410 1132 1446 Ioachimus,
1154 1421 1262 1441 veram

190 1462 220 1488 et
230 1457 400 1497 propriam
419 1466 481 1486 non
500 1464 578 1491 esse,
595 1454 652 1484 sed
667 1455 759 1494 quasi
775 1454 971 1484 collectivam
990 1459 1020 1484 et
1038 1455 1263 1486 similitudina-

190 1502 285 1532 riam.
303 1501 387 1531 Hinc
410 1510 485 1530 vero
509 1498 709 1540 quaestiones
734 1505 853 1535 enatae,
874 1498 913 1528 de
933 1508 998 1529 una
1023 1500 1073 1529 vel
1097 1500 1264 1539 multiplici

191 1556 226 1576 re
250 1547 282 1576 in
307 1546 431 1576 divinis:
456 1554 498 1574 an
524 1543 714 1574 reiiciendae
738 1548 804 1573 tres
819 1542 946 1583 forent,
968 1553 1009 1573 an
1034 1544 1144 1583 aliquo
1167 1554 1262 1575 sensu

190 1590 425 1631 adprobandae.
445 1589 541 1618 Error
559 1587 733 1617 invaluerat
749 1587 830 1617 Petri
847 1587 1025 1625 Abaelardi,
1045 1588 1130 1628 quod
1152 1598 1190 1620 ea
1214 1599 1273 1620 so-‘

191 1634 353 1666 lummodo
372 1634 474 1674 possit
496 1633 587 1663 Deus
601 1632 728 1673 facere,
751 1632 801 1662 vel
823 1641 860 1662 eo
884 1632 977 1662 modo
1000 1637 1125 1662 tantum
1152 1634 1202 1664 vel
1226 1644 1263 1665 eo

190 1685 342 1719 tempore,
362 1687 424 1719 quo
439 1677 528 1718 facit
551 1682 580 1707 et
604 1687 666 1707 non
691 1677 766 1707 alio.
784 1677 857 1714 Qua
877 1676 948 1707 data
968 1677 1144 1717 occasione,
1165 1679 1263 1709 disce-

190 1724 269 1764 ptari
294 1722 467 1753 accuratius
492 1729 642 1761 coeptum
667 1727 713 1751 est
736 1721 775 1751 de
792 1721 1026 1761 omnipotentia
1049 1721 1119 1759 Dei,
1139 1723 1178 1754 de
1200 1734 1263 1754 me-

190 1769 265 1799 liori
288 1767 406 1798 mundo
422 1766 570 1806 ‚possibili
594 1766 696 1806 deque
719 1765 768 1796 his
792 1765 939 1796 affinibus
963 1768 1166 1805 argumentis.

257 1815 367 1843 Aetate
400 1810 548 1851 Hugonis
579 1810 618 1840 de
646 1821 670 1840 s.
705 1810 831 1841 Victore
874 1811 977 1841 dixere
1010 1811 1143 1851 quidam
1178 1814 1263 1854 apud

190 1858 308 1898 ipsum,
326 1857 492 1887 caritatem
515 1856 614 1886 semel
636 1855 775 1885 habitam
800 1857 905 1886 amitti
928 1866 990 1886 non
1010 1865 1125 1896 posse:
1148 1868 1183 1889 ac
1207 1859 1263 1888 Pe-

189 1909 256 1933 trus
279 1901 474 1931 Abaelardus
498 1900 583 1930 visus
608 1906 654 1930 est
676 1901 863 1937 caritatem,
889 1910 952 1941 qua
977 1911 1035 1932 nos
1057 1902 1162 1933 Deum
1192 1903 1262 1934 dili-

189 1948 299 1988 gimus
331 1951 362 1976 et
390 1946 598 1985 proximum,
624 1954 686 1975 non
720 1944 921 1985 distinguere
944 1955 963 1975 a
987 1946 1109 1986 Spiritu
1142 1953 1262 1978 sancto.

190 1991 274 2022 Hinc
298 1989 484 2030 prodierunt
507 1989 720 2030 quaestiones,
745 1999 826 2030 quae
852 1990 985 2020 caritatis
1010 1998 1154 2022 naturam
1178 1991 1263 2023 inve-

190 2036 316 2076 stigant,
340 2034 484 2064 habitum
508 2033 707 2073 distinguunt
730 2042 760 2065 et
783 2041 901 2073 actum,
926 2045 961 2065 ac
985 2035 1149 2076 utriusque
1178 2037 1263 2076 prin-

191 2080 312 2120 cipium
335 2078 509 2118 adsignant.
528 2078 696 2109 Gualterus
716 2079 755 2110 de
775 2079 963 2110 Mauritania
986 2079 1158 2111 dictionem
1182 2081 1263 2113 hanc

189 2125 371 2164 vulgaverat
403 2122 546 2161 Parisiis,
571 2122 680 2153 Homo
713 2129 896 2164 assumptus
928 2129 974 2155 est
1006 2126 1118 2157 Deus:
1147 2126 1263 2167 aliique

190 2169 369 2206 efferebant,
393 2168 499 2198 Deum
524 2168 734 2207 assumpsisse
757 2169 928 2199 hominem.
956 2168 1029 2206 Qua
1054 2171 1092 2201 de
1116 2181 1148 2202 re
1171 2182 1262 2202 accu—

189 2214 286 2244 ratius
311 2219 346 2243 ut
370 2218 626 2252 pertractaretur,
647 2212 792 2252 pluribus
816 2213 1025 2254 disceptatum
1060 2215 1098 2246 de
1131 2217 1263 2247 notione

190 2258 330 2289 subiecta
352 2256 434 2295 voci,
458 2256 570 2286 homo:
594 2266 674 2286 num
697 2258 827 2297 species,
852 2268 932 2288 num
956 2257 1168 2298 individuum,
1185 2271 1263 2292 num

190 2313 336 2343 persona,
361 2311 440 2332 num
464 2300 668 2341 suppositum
692 2311 709 2331 a
729 2313 864 2342 persona
888 2303 1132 2344 quodammodo
1156 2305 1263 2337 distin-

192 2354 288 2378 ctum.
311 2346 469 2377 Gilbertus
486 2346 675 2376 Porretanus
695 2347 866 2378 relationes
890 2349 921 2378 in
946 2348 1062 2380 divinis
1081 2351 1264 2382 assistentes

191 2392 318 2429 dixerat,
335 2396 364 2421 et
384 2391 583 2421 extrinsecus
598 2389 736 2431 affixas:
758 2393 974 2433 garriebatque
990 2394 1070 2425 circa
1090 2395 1263 2426 distinctio-

191 2436 239 2466 nis
264 2435 399 2465 modum
423 2435 503 2465 inter
526 2441 672 2465 naturam
696 2435 835 2467 divinam
859 2444 889 2467 et
911 2447 1073 2477 personas,
1097 2440 1263 2481 ipsamque

191 2487 338 2511 naturam
362 2486 391 2510 et
415 2479 481 2509 eius
506 2478 662 2511 attributa.
689 2480 827 2511 Invectas
852 2481 1050 2514 difficultates
1070 2484 1174 2514 dirimi
1190 2485 1263 2516 satis

192 2532 263 2565 apte
288 2534 354 2554 non
378 2533 471 2563 posse
496 2522 650 2553 creditum
667 2531 730 2562 est,
753 2525 811 2556 nisi
829 2526 942 2566 pariter
958 2528 1125 2568 multiplici
1141 2529 1264 2560 invecta

192 2568 407 2606 distinctione,
433 2567 524 2605 reali,
548 2566 689 2606 virtuali,
714 2569 857 2609 formali,
888 2581 984 2610 penes
1013 2573 1205 2613 implicitum
1234 2581 1265 2605 et

193 2612 375 2654 explicitum
400 2618 430 2642 et
453 2611 477 2641 si
501 2611 557 2652 qui
581 2619 654 2643 sunt
677 2613 728 2643 alii
753 2615 838 2654 apud
868 2615 994 2646 scholae
1024 2618 1190 2658 magistros
1218 2618 1263 2649 di-

193 2658 401 2689 stinctionum
425 2655 524 2686 modi.

259 2701 449 2733 Guillelmus
474 2701 722 2740 Praepositivus,
743 2702 925 2733 parisiensis
950 2705 1107 2736 Ecclesiae
1131 2706 1264 2737 Cancel-

193 2747 308 2784 larius,
333 2747 366 2776 in
389 2745 608 2786 quaestionem
631 2753 817 2784 vocaverat,
843 2757 885 2777 an
903 2750 1120 2788 proprietates
1142 2750 1263 2781 divina-

193 2802 265 2822 rum
277 2800 493 2831 personarum
509 2791 573 2821 sint
587 2790 695 2821 Deus:
705 2801 802 2831 quam
818 2801 914 2822 nemo
930 2793 1094 2834 diligenter
1109 2794 1263 2833 discutiat,

193 2836 271 2878 quin
297 2835 428 2866 nomina
454 2841 598 2866 concreta
623 2841 654 2865 et
678 2835 830 2866 abstracta
853 2837 1018 2875 discernat,
1039 2838 1265 2879 propriamque

193 2882 259 2912 vim
283 2879 477 2921 significandi
494 2879 631 2911 definiat.
652 2879 739 2918 Quid
755 2890 830 2911 vero
854 2881 1003 2913 Almarici
1028 2883 1066 2913 de
1091 2883 1186 2921 Bena,
1204 2883 1265 2914 Da-

194 2926 273 2956 vidis
298 2927 336 2956 de
360 2925 508 2956 Dinando
533 2931 564 2955 et
586 2926 734 2956 Averrois
757 2927 885 2956 insanos
918 2936 1038 2958 errores
1067 2937 1264 2958 commemo-

195 2981 261 3001 rare
285 2981 368 3010 opus
388 2967 455 3000 est?
476 2969 640 3010 lnquiebat
663 2971 801 3010 primus:
825 2970 943 3001 Omnia
962 2977 1037 3002 sunt
1061 2981 1173 3009 unum,
1190 2973 1265 3013 quia

194 3015 347 3056 quidquid
370 3019 428 3051 est,
451 3015 542 3045 Deus
565 3019 621 3045 est.
641 3016 729 3046 Alter
752 3015 859 3055 ipsum
883 3016 987 3046 Deum
1012 3016 1174 3048 adserebat
1198 3027 1265 3047 ma-

196 3061 309 3090 teriam
330 3060 492 3099 primam,
519 3068 742 3100 usquequaque
758 3059 874 3101 susam
899 3061 931 3090 in
956 3062 1044 3091 omni
1073 3071 1183 3092 rerum
1209 3071 1265 3091 na-

196 3109 281 3134 tura.
298 3103 434 3141 Tertius,
452 3104 561 3134 anima
585 3105 747 3144 spirituali
765 3110 795 3135 et
819 3106 995 3135 immortali
1010 3105 1148 3143 sublata,
1164 3115 1264 3136 unum

196 3148 385 3178 obtrudebat
407 3149 547 3178 omnium
571 3149 734 3179 hominum
760 3150 973 3186 intellectum,
994 3159 1091 3190 quem
1114 3156 1264 3191 agentem

195 3193 339 3230 vocabat,
363 3197 567 3231 separatum,
591 3198 776 3231 aeternum,
803 3195 991 3224 increatum.
1017 3194 1063 3224 Ex
1087 3194 1171 3225 hisce
1196 3194 1266 3225 son-

195 3236 279 3267 tibus
309 3236 467 3266 innumeri
497 3236 681 3276 prodierunt
712 3245 850 3276 errores;
882 3247 964 3279 quos
998 3245 1034 3269 ut
1065 3238 1267 3279 profligarent

197 3280 342 3311 catholici
359 3288 388 3311 et
405 3280 559 3320 sapientes
576 3281 642 3312 eius
658 3282 726 3312 aevi
743 3282 893 3323 magistri,
908 3292 1007 3313 novas
1024 3283 1154 3314 excitare
1171 3293 1266 3324 quae-

198 3325 314 3355 stiones
338 3325 484 3355 debuere.

263 3370 324 3400 Pro
349 3379 479 3400 munere
503 3380 563 3401 suo
597 3370 833 3412 diligentissime
862 3371 894 3402 in
925 3371 957 3402 id
990 3382 1090 3412 genus
1113 3371 1265 3413 discepta-

197 3413 335 3444 tionibus
358 3421 498 3444 versatus
531 3421 577 3445 est
605 3415 696 3446 divus
719 3416 874 3446 Thomas.
905 3416 1016 3447 inanes
1040 3416 1130 3453 illas,
1155 3426 1191 3447 ac
1213 3426 1266 3447 va-

198 3467 253 3487 nas
277 3465 307 3488 et
332 3468 576 3498 supervacaneas
601 3467 714 3500 putant
737 3461 856 3491 morosi
882 3468 1042 3492 censores:
1069 3460 1125 3502 qui
1149 3471 1265 3502 nempe

198 3511 253 3531 eas
272 3512 333 3541 per
363 3512 431 3533 sese
462 3509 607 3544 sumptas
634 3506 824 3545 inspiciunt,
850 3512 884 3536 ut
907 3505 950 3536 ait
973 3513 1083 3537 auctor
1116 3505 1266 3536 examinis

198 3545 349 3576 vitiorum
372 3547 560 3587 theologiae,
577 3558 616 3579 ac
630 3550 747 3589 procul
762 3550 890 3580 dissitas
913 3549 952 3580 ab
976 3560 1012 3581 eo
1036 3555 1187 3590 tempore,
1204 3559 1266 3591 quo

205 3589 341 3620 Thomas
363 3592 502 3632 theologi
522 3598 634 3632 partes
657 3594 746 3624 haud
768 3595 924 3633 explesset
953 3604 1082 3631 omnes,
1108 3594 1184 3635 quin
1205 3604 1266 3634 pu—

199 3642 299 3673 gnam
331 3635 508 3666 institueret
539 3636 710 3667 adversum
745 3639 936 3677 multiplices
968 3639 1152 3678 opiniones,
1186 3648 1267 3679 quas

919 260 1379 298 DISSERTATIONES
1410 261 1659 299 CRITICAE

1321 341 1454 380 garruli
1478 347 1507 372 et
1530 342 1711 373 subtiliores
1734 344 1803 374 eius
1830 345 1900 374 aevi
1928 344 2135 382 Scholastici,
2161 354 2196 375 ac
2220 344 2293 375 fidei
2319 345 2398 375 chri»

1323 384 1440 415 stianae
1464 386 1559 416 etiam
1583 387 1689 417 hostes
1710 387 1935 428 vulgaverant.
1953 389 2160 430 Quamquam
2175 396 2206 419 et
2224 389 2304 419 illud
2324 399 2399 420 cum

1321 429 1451 460 laudato
1476 431 1627 471 scriptore
1650 431 1833 462 addendum
1859 439 1925 471 est,
1948 434 1993 464 ad
2024 435 2258 464 accuratiorem
2287 444 2397 464 rerum

1316 476 1602 513 pertractationem
1622 477 1787 515 pertinere
1801 477 1984 508 huiusmodi
2002 479 2203 518 quaestiones
2213 486 2226 515 ,⁶
2244 485 2280 509 ut
2299 478 2324 508 si
2342 479 2398 519 qui

1321 518 1383 548 sint
1407 529 1516 549 earum
1539 520 1649 559 ignari,
1672 530 1737 551 non
1762 521 1906 552 absolute
1930 529 1960 552 et
1984 522 2106 562 egregie
2130 523 2226 561 docti,
2242 523 2297 553 sed
2320 523 2397 553 levis

1322 570 1497 594 armaturae
1521 565 1663 605 theologi
1687 565 1870 596 habeantur.

1697 670 1896 708 CAPUT
1923 671 2018 709 VII.

1319 766 1465 791 Aristotelis
1483 766 1554 791 varia
1572 767 1675 791 fortuna
1692 767 1718 791 in
1737 768 1877 793 Academia
1901 768 2047 794 Parisiensi.
2063 769 2148 794 Sancti
2173 769 2292 795 ’rhomae
2311 770 2397 794 consi-

1391 801 1454 826 lium
1474 802 1500 826 in
1519 810 1569 827 usu
1588 802 1768 835 philosophiae
1787 803 1978 836 peripateticae,
1999 809 2028 829 ut
2043 804 2176 836 stagiritae
2195 812 2290 838 nempe
2309 811 2398 830 aucto-

1390 837 1492 897 zigatetcxii
1511 845 1540 862 ac
1559 838 1702 898 qoctrinam
1721 838 1752 862 iis
1771 838 1889 871 eriperet,
1900 839 1944 872 qui
1955 839 2047 864 eadem
2066 840 2237 865 abutebantur
2255 841 2396 866 adversum

1428 881 1451 898 ei
1488 881 1565 905 ogma
1578 882 1599 898 a.

1320 963 1343 994 1.
1399 964 1419 994 d
1443 971 1582 995 attamen
1599 964 1720 1006 secisse
1739 964 1934 1005 Aquinatem
1953 975 2042 996 more
2061 966 2225 1004 Arabum,
2245 967 2302 1007 qui
2325 967 2396 998 suba

1398 1010 1554 1040 tilissimis
1577 1010 1812 1049 quaestionibus
1846 1020 1978 1050 operam
2008 1010 2144 1048 dabant,
2169 1010 2326 1042 iudicium
2350 1018 2397 1043 est

1319 1052 1478 1084 Bruckeri.
1505 1053 1709 1084 Calumniam
1734 1064 1847 1094 augere
1871 1054 1989 1094 pergit:
2015 1055 2112 1085 Recte
2135 1056 2289 1095 imputari
2317 1057 2396 1087 1710-

1320 1107 1391 1127 mae
1414 1107 1590 1136 censemus,
1611 1098 1768 1139 inquiens,
1789 1099 1874 1139 quod
1896 1109 1967 1129 eam
1986 1099 2167 1130 methodum
2194 1102 2395 1131 saracenico-

1317 1143 1559 1182 peripateticam
1579 1145 1798 1183 promoverit,
1823 1149 1854 1174 et
1877 1145 1909 1174 in
1934 1144 2108 1174 Academia
2132 1145 2318 1183 Parisiensi,
2343 1145 2397 1176 ubi

1320 1197 1446 1227 semper
1467 1188 1622 1218 hactenus
1637 1188 1788 1229 ficerant,
1813 1189 1869 1228 qui
1891 1189 2199 1228 Peripateticismum
2225 1190 2297 1220 odio
2316 1199 2395 1231 pro-

1319 1232 1544 1271 sequebantur,
1571 1234 1754 1274 vulgaverit
1777 1238 1807 1263 et
1831 1233 2057 1264 introduxerit.
2075 1234 2267 1264 Methodum
2290 1234 2395 1275 arguis

1321 1275 1539 1307 subtilissimas
1563 1277 1701 1317 agitandi
1734 1277 1953 1318 quaestiones;
1985 1277 2066 1308 hanc
2099 1278 2239 1318 appellas
2267 1288 2395 1310 sarace-

1321 1322 1656 1361 nico-peripateticam,
1678 1332 1695 1352 e
1718 1321 1804 1352 libris
1828 1322 2005 1352 Aristotelis
2030 1329 2060 1353 et
2083 1332 2120 1352 ex
2144 1323 2287 1353 Arabum
2307 1333 2396 1353 com-

1320 1366 1479 1395 mentariis
1504 1366 1685 1404 deductam,
1710 1376 1814 1407 eoque
1838 1366 1969 1397 nornine
1993 1367 2140 1397 Thomae
2164 1367 2273 1398 laudes
2290 1367 2395 1398 immi-

1320 1407 1415 1440 nuis?
1439 1409 1635 1441 Contemnas
1654 1411 1750 1451 igitur
1773 1418 1900 1451 oportet
1922 1417 2042 1441 veteres
2066 1421 2178 1442 omnes
2197 1412 2314 1451 Patres,
2339 1412 2395 1454 qui

1319 1454 1449 1484 subtiles
1473 1455 1610 1485 habuere
1643 1456 1865 1496 quaestiones,
1890 1465 2027 1496 quarum
2060 1456 2216 1486 nonnulla
2249 1457 2394 1497 exempla

1319 1498 1484 1536 dedimus,
1515 1498 1579 1529 sive
1603 1500 1643 1530 ad
1667 1499 1855 1530 refellendos
1879 1500 2090 1531 heterodoxos
2115 1501 2304 1532 necessarias
2327 1501 2393 1532 sive

1319 1543 1496 1583 plurimum
1520 1543 1613 1574 utiles
1637 1544 1677 1574 ad
1700 1545 1880 1575 absolutam
1903 1554 2010 1575 rerum
2029 1545 2256 1576 tractationem.

1386 1585 1492 1624 Quid?
1515 1588 1604 1629 quod
1628 1588 1661 1618 in
1685 1588 1858 1619 Academia
1880 1588 2045 1619 parisiensi
2077 1589 2162 1620 hisce
2192 1590 2394 1630 disceptatio-

1319 1631 1412 1662 nibus
1436 1639 1508 1662 ante
1531 1632 1726 1673 Aquinatem
1750 1633 1887 1664 scatebat
1908 1633 2086 1673 theologia:
2111 1643 2191 1674 quas
2213 1634 2264 1664 vel
2286 1644 2305 1664 a
2327 1644 2395 1665 ma-

1319 1676 1420 1716 gistris
1444 1677 1554 1717 paullo
1574 1677 1801 1708 curiosioribus
1820 1677 1870 1707 vel
1887 1677 1982 1708 etiam
2001 1687 2019 1708 a
2035 1678 2188 1718 suspectis
2207 1678 2393 1710 hominibus

1319 1731 1386 1751 non
1410 1722 1588 1752 secundum
1612 1722 1755 1762 regulam
1773 1721 1846 1752 fidei
1866 1722 2014 1760 invectas,
2031 1731 2088 1752 cur
2102 1722 2166 1753 suis
2185 1722 2218 1753 in
2235 1722 2394 1763 Operibus

1318 1765 1448 1796 intactas
1472 1766 1638 1807 praeterire
1662 1767 1805 1797 debuerit
1829 1777 1852 1797 s.
1879 1764 2043 1797 Thomas?
2066 1766 2243 1798 Aristotelis
2267 1767 2339 1798 libri
2362 1767 2396 1799 in

1318 1810 1454 1841 latinum
1477 1811 1617 1842 translati
1642 1811 1706 1841 iam
1729 1812 1931 1851 legebantur,
1962 1811 2111 1842 Averrois
2136 1811 2396 1843 commentatoris

1320 1862 1350 1886 et
1374 1855 1517 1886 Arabum
1541 1855 1655 1896 scripta
1676 1856 1805 1895 vulgata
1829 1863 1934 1886 erant:
1951 1865 1986 1886 ac
2006 1855 2183 1897 utriusque,
2208 1856 2397 1898 Philosophi

1320 1906 1351 1930 et
1374 1899 1666 1938 Commentatoris,
1699 1899 1883 1931 auctoritate
1917 1900 2168 1931 obtrudebantur
2201 1907 2394 1940 commenta,

1319 1954 1401 1985 quae
1430 1943 1503 1975 fidei
1534 1944 1720 1975 christianae
1748 1945 1976 1985 repugnabant.
2002 1945 2154 1976 Validum
2186 1945 2294 1976 afferre
2328 1955 2396 1976 non

1320 1988 1424 2029 potuit
1447 1989 1624 2020 remedium
1641 1999 1734 2030 saepe
1757 1989 1865 2020 iterata
1889 1989 2075 2020 huiusmodi
2107 1989 2263 2020 librorum
2287 1989 2395 2030 prohi-

1319 2033 1417 2069 biti0‚
1442 2044 1479 2065 ex
1502 2033 1620 2075 quibus
1643 2041 1692 2065 tot
1714 2043 1834 2064 errores
1866 2033 1994 2074 prodire
2027 2033 2166 2074 suspicio
2199 2041 2283 2065 erat:
2309 2034 2394 2065 unde

1319 2078 1489 2109 consilium
1514 2085 1643 2119 captum
1667 2085 1714 2109 est
1744 2085 1780 2109 ut
1801 2078 1989 2119 Philosophi
2020 2078 2163 2109 doctrina
2185 2078 2324 2119 penitius
2347 2078 2394 2110 in-

1319 2122 1556 2163 trospiceretur;
1581 2123 1673 2154 insita
1695 2122 1780 2160 vitia,
1807 2129 1843 2154 ut
1866 2122 2065 2160 evitarentur‚
2090 2129 2166 2153 nota
2189 2122 2315 2162 fierent;
2339 2123 2394 2154 eli-

1319 2176 1523 2200 manarentur
1544 2169 1616 2207 illa,
1642 2178 1724 2208 quae
1747 2168 1866 2198 Arabes
1897 2173 2164 2198 commentatores
2198 2166 2392 2199 adiecerant:⁴
2445 2207 2448 2211 ⁴

1318 2212 1482 2255 ipsiusque
1506 2213 1683 2244 Aristotelis
1706 2212 1874 2243 auctoritas
1898 2212 1936 2243 iis
1960 2211 2111 2243 omnibus
2130 2211 2313 2253 eriperetur,
2337 2211 2395 2254 qui

1319 2258 1455 2288 maxime
1479 2258 1533 2288 illa
1556 2259 1775 2289 abutebantur.

1386 2302 1485 2341 Quod
1509 2303 1571 2341 aio,
1592 2302 1681 2333 certis
1705 2301 1925 2332 monumentis
1949 2299 2206 2332 confirmandum
2230 2308 2286 2332 est.
2306 2301 2395 2332 Haec

1320 2347 1484 2378 Launoius
1509 2347 1634 2388 collegit
1652 2347 1685 2377 in
1704 2346 1854 2387 singulari
1872 2346 1953 2377 libro
1976 2346 2027 2376 De
2051 2347 2143 2377 varia
2162 2346 2345 2377 Aristotelis
2363 2346 2396 2376 in

1319 2392 1493 2423 Academia
1510 2393 1686 2423 Parisiensi
1701 2391 1853 2433 fortuna.
1873 2390 1965 2422 Initio
1982 2389 2099 2421 saeculi
2115 2389 2312 2421 tertiidecimi
2330 2389 2396 2421 iam

1319 2446 1416 2477 opera
1449 2436 1636 2477 Philosophi
1660 2436 1844 2476 legebantur
1867 2435 2011 2466 Parisiis:
2045 2434 2178 2476 eiusque
2210 2434 2397 2467 auctoritate

1319 2481 1429 2512 insana
1453 2489 1483 2512 et
1506 2482 1604 2522 impia
1628 2488 1809 2512 commenta
1832 2480 2068 2521 spargebantur.
2086 2480 2138 2510 Ad
2161 2489 2283 2510 annum
2314 2487 2396 2510 1210

1319 2526 1396 2557 haec
1420 2526 1514 2557 habet
1537 2526 1695 2566 Rigordus
1719 2526 1767 2556 De
1791 2525 1885 2566 gestis
1918 2523 2056 2565 Philippi
2080 2523 2235 2564 Augusti:
2260 2537 2274 2552 «
2297 2523 2396 2564 Lege-

1323 2585 1336 2599 »
1357 2572 1472 2602 bantur
1494 2571 1618 2602 Parisiis
1641 2570 1738 2601 libelli
1763 2569 1905 2611 quidam,
1931 2569 1971 2600 ab
1995 2569 2166 2600 Aristotele
2189 2575 2226 2599 ut
2249 2567 2395 2600 diceban-

1323 2629 1336 2644 »
1357 2623 1408 2646 tur
1431 2615 1621 2655 compositi,
1647 2614 1703 2656 qui
1735 2615 1892 2645 docebant
1923 2614 2175 2654 metaphysicam
2186 2635 2197 2650 ,
2227 2612 2322 2643 delati
2353 2612 2394 2643 de

1321 2672 1335 2687 »
1356 2670 1441 2690 novo
1466 2670 1484 2690 a
1507 2659 1788 2699 Constantinopoli
1812 2665 1842 2689 et
1865 2668 1883 2688 a
1901 2667 2014 2697 graeco
2037 2657 2070 2687 in
2089 2657 2225 2688 latinum
2243 2655 2393 2688 translati.

1322 2717 1336 2732 »
1357 2703 1422 2741 Qui
1438 2704 1593 2744 quoniam
1610 2713 1677 2734 non
1692 2703 1799 2733 solum
1815 2701 1990 2742 praedictae
2006 2701 2136 2740 haeresi,
2153 2700 2268 2742 (quam
2284 2701 2395 2732 Alma-

1323 2761 1336 2776 »
1359 2749 1447 2778 ricus
1464 2748 1504 2779 de
1522 2748 1625 2783 Bena,
1652 2747 1809 2778 territorii
1833 2746 2043 2777 Carnotensis
2059 2745 2149 2783 villa,
2166 2743 2392 2786 vulgaverat),

1324 2805 1336 2819 a·
1358 2792 1518 2823 sententiis
1542 2791 1709 2822 subtilibus
1733 2790 1935 2821 occasionem
1958 2790 2160 2830 praebebant,
2179 2788 2247 2819 imo
2271 2795 2302 2820 et
2325 2788 2393 2820 aliis

1323 2849 1337 2863 »
1359 2837 1505 2867 nondum
1527 2835 1660 2867 inventis
1693 2835 1840 2876 praebere
1873 2841 2038 2875 poterant;
2062 2833 2139 2865 iussi
2172 2840 2247 2864 sunt
2280 2842 2394 2865 omnes

1324 2894 1337 2908 ιν
1359 2881 1503 2912 comburi
1527 2888 1557 2911 et
1579 2881 1638 2911 sub
1662 2889 1766 2920 poena
1781 2877 2118 2910 excommunicationis
2138 2885 2268 2908 cautum
2292 2883 2339 2908 est
2360 2877 2394 2908 in

1324 2938 1337 2952 »
1359 2926 1473 2956 eodem
1490 2925 1637 2956 Concilio
1657 2923 1877 2966 (Parisiensi)
1899 2933 1939 2954 ne
1959 2922 2030 2964 quis
2047 2933 2102 2953 eos
2126 2922 2165 2952 de
2182 2929 2304 2953 caetero
2323 2921 2396 2953 scri-

1325 2982 1338 2998 »
1359 2971 1430 3001 bere
1455 2977 1486 3001 et
1515 2970 1617 3009 legere
1650 2975 1864 3010 praesumeret
1895 2967 1946 2998 vel
1974 2976 2182 3008 quocumque
2214 2967 2315 2997 modo
2339 2966 2395 2998 ha·

1324 3027 1338 3041 »
1358 3015 1441 3045 bere.
1461 3027 1474 3042 »
1505 3014 1728 3045 Animadverte
1758 3012 1925 3044 subtilibus
1951 3013 2136 3049 sententiis,
2162 3021 2243 3052 quae
2266 3010 2299 3041 in
2323 3010 2394 3042 Ari-

1321 3059 1440 3090 stotelis
1463 3058 1679 3100 metaphysica
1712 3058 1914 3098 legebantur,
1939 3057 2046 3087 datam
2076 3055 2291 3097 petulantibus
2314 3057 2394 3086 Aca-

1322 3104 1451 3134 demicis
1475 3113 1584 3134 ansam
1609 3110 1644 3134 ut
1667 3112 1786 3133 errores
1810 3101 1984 3142 vulgarent.

1389 3147 1556 3179 Memorati
1579 3146 1717 3179 Concilii
1733 3145 1924 3184 Parisiensis,
1942 3145 2031 3187 quod
2045 3145 2156 3176 Petrus
2176 3143 2215 3174 de
2234 3142 2390 3175 Corbolio

1321 3192 1501 3233 Episcopus
1525 3199 1679 3232 coegerat,
1695 3191 1790 3222 verba
1813 3190 1925 3228 refero,
1941 3199 2023 3231 quae
2039 3189 2195 3220 habentur
2208 3187 2294 3229 apud
2312 3187 2394 3218 Mar·-

1321 3244 1392 3268 tene
1423 3244 1514 3268 tomo
1546 3237 1588 3267 IV
1614 3235 1770 3266 Thesauri
1801 3235 2050 3265 anecdotorum:
2085 3233 2211 3273 Corpus
2243 3231 2395 3273 mag-istri

1321 3282 1489 3312 Amaurici
1511 3281 1706 3312 extrahatur
1727 3289 1745 3310 e
1768 3280 1923 3310 cimiterio
1947 3283 1976 3309 et
1995 3278 2190 3319 proiiciatur
2213 3278 2246 3307 in
2269 3281 2390 3307 terram

1322 3335 1384 3357 non
1409 3326 1657 3357 benedictam...
1679 3324 1874 3362 Quaternuli
1900 3323 2050 3364 magistri
2078 3321 2188 3353 David
2210 3321 2249 3352 de
2271 3320 2395 3351 Dinant

1323 3369 1427 3413 (cuius
1443 3380 1581 3401 errorem
1597 3369 1745 3400 insanum
1759 3368 1905 3408 superius
1918 3363 2141 3408 indicavimus)
2152 3365 2394 3397 comburantur.

1322 3416 1390 3446 Nec
1406 3415 1478 3446 libri
1493 3415 1674 3445 Aristotelis
1689 3414 1728 3444 de
1742 3413 1890 3444 naturali
1906 3411 2107 3453 philosophia
2132 3407 2395 3453 (metaphysicam

1322 3466 1478 3490 memorat
1502 3456 1674 3501 Rigordus)
1707 3467 1764 3488 nec
1794 3461 1972 3488 commenta
2003 3456 2156 3497 legantur
2177 3452 2312 3485 Parisiis
2329 3461 2392 3492 pu—

1322 3505 1400 3535 blice
1432 3505 1481 3535 vel
1510 3508 1641 3534 secreto.
1666 3501 1896 3540 Quaestionem
1928 3499 1992 3540 agit
2023 3499 2199 3530 Bruckcrus
2222 3503 2313 3528 tomo
2339 3495 2392 3534 111,

1322 3548 1454 3590 periodo
1476 3548 1512 3586 ΙΙ,
1539 3555 1626 3588 parte
1650 3547 1688 3585 ll,
1712 3546 1793 3577 libro
1810 3545 1847 3584 11,
1872 3544 1974 3585 capite
1996 3554 2040 3582 111,
2064 3549 2137 3573 sect.
2159 3539 2236 3591 1,.9..
2251 3549 2291 3580 4,
2311 3540 2392 3589 et·5,

1322 3603 1402 3623 num
1425 3591 1575 3623 Almarici
1598 3598 1629 3622 et
1652 3590 1780 3622 Davidis
1804 3589 1843 3620 de
1862 3587 2010 3619 Dinando
2025 3594 2057 3618 et
2079 3584 2238 3617 Roscehm
2261 3590 2292 3615 et
2315 3583 2392 3614 alio-

1322 3647 1395 3668 rum
1417 3635 1608 3677 putidissimi
1631 3644 1751 3666 errores
1777 3643 1814 3664 ex
1837 3631 2012 3664 Aristotelis
2037 3628 2242 3671 philosophia
2265 3627 2391 3668 prodie-
