2548 4192
168 287 299 312 CLXXIV

859 536 1509 624 DlssERTATIO
1566 538 1685 600 XI.

313 725 380 764 De
410 718 782 776 Quaestionibus,
812 728 999 768 quarum
1027 715 1146 755 aliae
1174 713 1443 764 Disputatae
1471 712 1679 762 aliaeque
1708 713 1934 751 vocantur
1963 709 2242 763 Quodlibeta.

587 1149 786 1186 CAPUT
821 1148 848 1184 I.

181 1269 292 1294 Veteres
306 1267 444 1300 scriptores
463 1273 556 1290 omnes
576 1265 642 1290 inter
655 1271 777 1296 germana
797 1270 818 1287 s.
833 1261 952 1286 Thomae
971 1260 1059 1293 Opera
1083 1258 1255 1290 Quaestiones

254 1303 403 1336 Disputatas
422 1306 567 1327 recensent.
588 1298 773 1325 Commentarii
792 1298 818 1322 in
838 1298 943 1322 easdem
968 1295 1108 1321 elucubrati
1133 1303 1148 1319 a
1172 1294 1256 1318 Xante

254 1338 360 1363 Mariali.
375 1338 403 1362 In
422 1344 543 1370 graecum
563 1335 703 1361 nonnullae
721 1334 873 1359 translatae:
887 1333 931 1357 ubi
951 1332 983 1357 de
1002 1330 1157 1364 cognomine
1174 1329 1256 1362 Aqui-

255 1374 321 1399 natis
340 1373 431 1407 agitur,
447 1372 621 1398 diversimode
640 1379 654 1396 a
674 1369 779 1395 Graecis
798 1368 980 1402 interpretibus
1000 1374 1131 1400 expresso.

479 1505 502 1537 μ
515 1500 625 1533 ntegro
659 1502 694 1522 ac
734 1489 918 1532 praegrandi
955 1487 1121 1519 volumine
1132 1510 1141 1526 ,
1168 1487 1258 1528 quod

465 1546 486 1571 Γ»
501 1553 503 1555 ’
516 1545 665 1569 octavum
681 1542 865 1566 numeratur
875 1534 908 1564 in
918 1534 1065 1565 Romana
1081 1531 1155 1562 anni
1174 1532 1257 1572 1570

419 1613 427 1620 „
458 1575 465 1595 ³·
479 1582 505 1622 t}
516 1582 664 1619 editione,
682 1580 780 1611 sancti
796 1579 944 1610 Thomae
959 1576 1128 1619 Aquinatis
1151 1576 1257 1613 Quae-

430 1630 465 1652 κ*
486 1628 633 1659 rstiones
657 1625 868 1662 continentur,
888 1633 967 1664 quas
983 1622 1081 1662 vulgo
1105 1621 1258 1661 Disputa-

475 1653 566 1725 ἱΧίας
594 1670 801 1710 appellamus.
827 1668 997 1708 Inscriptae
1030 1672 1123 1704 sunt,
1149 1666 1259 1696 decern

465 1698 506 1759 ΞΓ
515 1716 555 1746 de
572 1715 730 1752 Potentia,
748 1712 905 1744 sexdecim
927 1713 968 1744 de
989 1711 1097 1748 Malo,
1123 1716 1197 1741 octo
1220 1709 1261 1740 de

484 1758 491 1765 ²
516 1759 746 1800 Spiritualibus
769 1758 948 1795 creaturis,
980 1756 1021 1787 de
1050 1756 1189 1792 Anima,
1220 1754 1260 1784 de

340 1762 358 1774 ³:
391 1760 405 1770 ι

190 1805 315 1836 Unione
337 1804 428 1835 Verbi
441 1803 612 1835 Incarnati
627 1809 657 1834 et
678 1802 863 1839 VirtutibuS,
879 1811 998 1833 novem
1014 1800 1150 1841 denique
1165 1809 1261 1839 supra

185 1849 295 1890 viginti
318 1849 358 1880 de
387 1849 535 1880 Veritate,

254 1894 385 1925 Habitas
409 1893 447 1923 ab
471 1893 631 1935 Aquinate
664 1891 876 1930 Quaestiones
895 1889 1099 1928 huiusmodi,
1126 1889 1204 1919 dum
1227 1888 1260 1918 in

188 1949 256 1970 rem
278 1937 492 1978 theologicam
515 1937 700 1969 tradendam
723 1936 926 1967 incumbebat
955 1935 989 1965 in
1022 1933 1138 1965 scholis
1166 1933 1261 1963 diser—

188 1983 311 2014 tissimo
335 1982 477 2023 produnt
504 1982 688 2013 testimonio
718 1987 848 2012 veteres.
872 1980 1078 2011 Ptolomaeus
1108 1977 1261 2009 Lucensis

189 2029 276 2059 adest
299 2028 432 2068 primus.
449 2027 545 2058 Libro
569 2027 656 2058 XXII
682 2025 764 2057 Hist.
792 2025 887 2063 ecch,
904 2024 1004 2065 capite
1027 2034 1110 2062 xxn,
1132 2023 1175 2054 sic
1199 2022 1260 2053 ait:

192 2086 207 2101 «
230 2073 303 2113 Ipso
328 2070 485 2114 (Thoma)
510 2071 692 2111 magistrate
717 2069 816 2113 (anno
842 2070 971 2100 cadente
1003 2069 1084 2099 1256
1107 2067 1157 2098 vel
1180 2067 1262 2097 inse-

191 2130 206 2145 »
229 2114 369 2159 quente)
398 2116 470 2147 fecit
493 2116 704 2154 Quaestiones
727 2115 768 2146 de
796 2114 944 2145 Veritate.
970 2114 1047 2144 Post
1075 2119 1136 2143 tres
1160 2121 1262 2142 annos

191 2174 207 2189 ³>
230 2161 279 2192 sui
302 2161 471 2200 magisterii
501 2159 610 2203 (anno
640 2161 722 2191 1260
747 2159 797 2190 vel
827 2157 932 2201 1261)
956 2158 1036 2188 redit
1058 2157 1092 2188 in
1121 2156 1263 2194 ltaliam,

193 2219 207 2234 »
230 2212 374 2246 tempore
398 2205 542 2235 videlicet
566 2204 684 2236 Urbani
708 2204 784 2235 lv...
802 2203 890 2234 Fecit
913 2210 990 2234 tunc
1013 2201 1165 2243 temporis
1189 2199 1263 2244 (sub

193 2264 208 2278 s
231 2250 396 2281 Clemente
421 2250 463 2280 lV
487 2259 678 2287 successore,
696 2258 731 2279 ac
748 2248 846 2279 ferme
870 2247 1006 2278 triennio
1023 2247 1168 2278 vacantis
1190 2251 1265 2286 post

194 2308 208 2323 »
231 2295 340 2335 ipsum
349 2295 514 2325 Romanae
530 2291 633 2336 Sedis)
644 2293 856 2331 Quaestiones
872 2292 912 2323 de
922 2291 1152 2333 Spiritualibus
1163 2290 1264 2321 Crea-

194 2353 209 2368 »
233 2341 335 2377 turis,
361 2339 401 2369 de
425 2339 517 2369 Malo
549 2343 579 2369 et
602 2338 643 2369 de
674 2337 848 2368 Virtutibus
871 2335 931 2379 (ut
962 2337 1030 2377 ipse
1057 2335 1264 2366 Ptolomaeus

195 2397 210 2412 »
233 2383 327 2414 habet
358 2383 458 2424 capite
481 2383 666 2424 insequente
690 2379 806 2424 xxxix).
833 2382 874 2412 Et
896 2381 958 2412 hoc
991 2380 1088 2412 etiarn
1119 2386 1264 2420 tempore

195 2441 210 2456 >
233 2426 391 2470 (Gregorii
407 2426 450 2469 X)
466 2427 640 2468 disputavit
666 2427 877 2464 Quaestiones
899 2424 1058 2468 (eiusdem
1080 2425 1175 2455 verba
1191 2431 1265 2455 sunt

195 2486 211 2501 ³>
233 2472 314 2502 libro
337 2472 451 2510 XXIII,
469 2472 568 2512 capite
590 2470 647 2514 xx),
664 2472 704 2502 de
725 2472 871 2502 Potentia
901 2471 965 2501 Dei
988 2475 1018 2501 et
1043 2469 1223 2500 Creaturis.
1246 2482 1261 2497 a»

194 2518 229 2548 In
253 2516 321 2547 aliis
344 2516 506 2547 codicibus
537 2516 623 2556 apud
645 2515 827 2546 Echardum
858 2522 888 2546 et
917 2515 1085 2546 Oudinum
1108 2514 1264 2554 legimus,

195 2567 226 2592 et
251 2561 449 2592 Creaturae:
467 2560 530 2591 hoc
555 2567 600 2591 est
623 2560 662 2591 de
684 2561 830 2590 Potentia
846 2560 909 2590 Dei
932 2564 962 2590 et
987 2559 1177 2590 Creaturae.
1198 2561 1264 2589 Au-

195 2605 289 2637 ctoris
322 2605 421 2636 menti
451 2605 572 2645 optime
605 2611 760 2635 consonat
790 2604 867 2634 haec
896 2603 1001 2634 lectio.
1027 2603 1265 2643 Chronologiae

194 2660 278 2691 pars,
295 2659 393 2691 quam
417 2649 541 2680 exhibet
563 2648 741 2680 Ptolomaei
764 2655 878 2687 textus,
894 2648 1080 2689 insequente
1096 2647 1197 2688 capite
1220 2647 1266 2677 di—

194 2694 343 2735 ligentius
365 2694 559 2725 illustranda.

262 2738 374 2769 Paucis
401 2738 503 2769 verbis
535 2738 694 2778 integrum
717 2747 800 2778 opus
829 2743 986 2767 memorat
1009 2736 1200 2767 Guillelmus
1228 2735 1267 2766 de

197 2785 307 2815 Tocco
322 2783 354 2813 in
369 2783 537 2824 Aquinatis
547 2782 619 2814 Vita
635 2782 735 2823 capite
749 2789 790 2812 xv:
806 2781 941 2822 Scripsit
955 2782 1097 2821 insuper,
1110 2780 1267 2821 inquiens,

201 2829 412 2866 Quaestiones
435 2827 474 2858 de
496 2828 653 2865 Potentia,
670 2827 710 2858 de
731 2827 870 2857 Veritate
886 2831 916 2856 et
938 2824 1050 2856 Malo.-
1067 2835 1190 2866 magna
1215 2834 1268 2855 νο-

200 2873 333 2904 lumina.
360 2871 566 2912 Diligentiore
598 2871 776 2902 narratione
808 2880 876 2901 rem
909 2869 1072 2910 exequitur
1103 2869 1268 2900 Bartholo-

199 2927 310 2948 maeus
333 2916 512 2957 Logotheta
535 2916 567 2946 in
591 2916 794 2956 Fragmento,
812 2915 901 2956 quod
916 2914 1065 2945 Baluzius
1089 2914 1202 2944 edidit:
1219 2914 1270 2944 De

202 2962 450 3000 Quaestionibus
464 2962 646 3002 Dis-putatis
656 2966 771 3001 partes
794 2965 870 2991 tres.
891 2959 996 2990 Unam
1011 2959 1185 2999 disputavit
1207 2959 1269 2989 Pa—

199 3008 296 3044 risiis,
314 3006 435 3037 scilicet
457 3006 497 3037 de
526 3006 680 3036 Veritate,·
698 3005 797 3036 aliam
818 3005 850 3034 in
875 3004 985 3042 Italia,
1011 3003 1132 3034 scilicet
1155 3003 1195 3034 de
1209 3004 1270 3033 Po-

200 3052 299 3081 tentia
331 3051 394 3081 Dei
418 3056 448 3081 et
472 3050 579 3081 ultra:
597 3050 696 3080 aliam
721 3050 794 3080 item
818 3049 953 3079 Parisiis
981 3046 1042 3091 (ab
1074 3057 1158 3078 anno
1188 3048 1270 3087 1269

200 3096 240 3125 ad
267 3093 375 3137 1271),
391 3095 511 3126 scilicet
525 3095 565 3126 de
593 3094 768 3125 Virtutibus
788 3098 818 3124 et
840 3093 937 3124 ultra.
955 3094 1021 3123 Abs
1042 3092 1135 3123 titulo
1151 3092 1272 3133 primae

201 3139 404 3176 Quaestionis
419 3139 633 3170 inscribuntur
665 3138 806 3179 singulae
828 3144 942 3178 partes.
968 3137 1058 3168 Paria
1080 3138 1175 3168 verba
1198 3142 1273 3167 sunt

198 3184 323 3214 Nicolai
347 3183 466 3214 Triveti
489 3183 522 3214 in
547 3183 697 3214 chronico
721 3183 761 3213 ad
784 3192 906 3213 annum
930 3192 1013 3224 ¹274
1042 3181 1128 3222 apud
1151 3181 1272 3212 Dache-

201 3228 302 3259 rium:
322 3241 335 3256 e<
354 3228 483 3268 Scripsit
500 3234 530 3259 et
545 3228 681 3268 primam
698 3234 819 3268 partem
837 3227 875 3257 de
891 3226 1139 3264 Quaestionibus
1155 3226 1273 3266 Dispu-

205 3286 220 3301 »
242 3273 324 3311 tatis,
341 3273 380 3303 de
409 3272 547 3303 Veritate
574 3279 605 3303 et
627 3272 726 3310 ultra;
745 3282 824 3312 quas
848 3271 972 3302 Parisiis
997 3270 1176 3312 disputavit.
1195 3271 1274 3301 Item

205 3330 220 3345 a
243 3317 415 3348 secundam
430 3323 553 3357 partem
576 3317 614 3347 de
631 3316 879 3354 Quaestionibus
896 3315 1082 3356 Disputatis,
1098 3315 1138 3346 de
1153 3315 1275 3356 Populo

206 3375 220 3389 a>
242 3362 306 3392 Dei
328 3360 402 3404 (leg.
429 3362 469 3392 de
491 3362 636 3392 Potentia
660 3359 741 3403 Dei)
775 3367 805 3392 et
834 3361 934 3398 ultra;
954 3371 1033 3402 quas
1056 3360 1089 3390 in
1119 3360 1207 3390 Italia
1230 3359 1275 3390 di-

207 3419 221 3434 »
245 3406 391 3447 sputavit.
410 3406 488 3437 Item
505 3413 536 3437 et
551 3406 674 3437 tertiam
691 3413 812 3446 partem
829 3406 867 3437 de
884 3405 1133 3443 Quaestionibus
1156 3404 1273 3445 Dispu-

208 3463 222 3478 »
245 3451 336 3489 tatis,
353 3461 490 3491 quarum
522 3450 650 3482 initium
674 3457 720 3481 est
751 3450 791 3482 de
819 3450 1016 3488 Virtutibus;
1034 3459 1113 3491 quas
1137 3449 1276 3490 disputa-

211 3507 225 3522 »
247 3495 292 3526 vit
308 3505 382 3525 cum
406 3495 546 3526 secundo
570 3495 695 3526 Parisiis
719 3495 844 3535 legeret.
863 3508 878 3522 »

274 3539 437 3570 Accedunt
462 3540 595 3570 Ioannes
615 3540 789 3578 Columna,
812 3540 922 3570 Petrus
946 3538 1102 3579 Rogerius
1125 3548 1181 3569 seu
1206 3537 1276 3569 Cle-

209 3592 298 3612 mens
322 3584 407 3623 Papa
422 3584 476 3621 VI,
495 3591 525 3615 et
547 3584 724 3614 Bernartius
741 3583 909 3615 Guidonis.
926 3583 1051 3614 Primus
1068 3583 1143 3613 haec
1165 3582 1277 3613 habet:

1309 1141 1455 1172 Potentia
1472 1140 1546 1178 Dei,
1566 1139 1607 1170 de
1629 1139 1814 1176 Virtutibus,
1831 1138 1871 1169 de
1885 1138 2014 1168 Anima.
2032 1137 2172 1168 Alterius
2188 1137 2283 1168 verba
2298 1145 2388 1168 sunt:

1317 1186 1529 1223 Quaestiones
1544 1184 1584 1215 de
1607 1185 1757 1222 Veritate,
1775 1184 1848 1214 item
1870 1183 2082 1220 Quaestiones
2097 1182 2137 1213 de
2151 1183 2299 1213 Potentia
2314 1182 2388 1220 Dei,

1314 1231 1387 1261 item
1415 1229 1630 1267 Quaestiones
1652 1229 1693 1259 de
1714 1229 1845 1266 Anima,
1863 1229 1936 1258 item
1964 1227 2177 1264 Quaestiones
2191 1226 2232 1257 de
2260 1227 2391 1258 Virtuti-

1311 1275 1379 1312 bus,
1398 1275 1471 1305 item
1500 1274 1712 1311 Quaestiones
1735 1273 1775 1304 de
1798 1272 1901 1310 Malo,
1921 1273 1994 1303 item
2022 1271 2234 1309 Quaestiones
2256 1271 2296 1302 de
2318 1271 2390 1312 Spi-

1311 1319 1484 1350 ritualibus
1503 1318 1673 1349 Creaturis
1682 1325 1695 1356 ;
1714 1327 1781 1358 quo
1797 1317 1871 1348 loco
1896 1316 2010 1347 diserta
2026 1315 2061 1347 fit
2077 1316 2198 1347 mentio
2222 1316 2390 1353 Quaestio-

1312 1374 1389 1394 num
1413 1363 1453 1394 de
1475 1363 1589 1400 Malo,
1612 1372 1692 1403 quas
1715 1362 1823 1392 reticet
1847 1362 1981 1392 Ioannes
2005 1361 2044 1391 de
2068 1360 2242 1392 Columna.
2261 1360 2391 1392 Tertius

1313 1407 1450 1448 denique
1475 1407 1518 1437 sic
1541 1407 1604 1437 ait:
1627 1419 1643 1434 κ
1665 1406 1796 1447 Scripsit
1818 1406 1905 1436 idem
1928 1406 2050 1436 Doctor
2082 1415 2149 1436 non
2180 1415 2276 1446 parva
2298 1405 2391 1436 volu-

1315 1465 1330 1480 »
1353 1451 1441 1482 mina
1460 1451 1694 1488 Quaestionum
1718 1451 1759 1482 de
1781 1451 1917 1482 diversis
1934 1451 2090 1487 materiis,
2108 1460 2164 1491 per
2186 1449 2328 1480 diversos
2345 1459 2392 1480 ar-

1315 1509 1329 1524 »
1354 1495 1469 1527 ticulos
1486 1495 1694 1535 distinguens,
1711 1501 1742 1526 et
1757 1505 1966 1536 prosequens,
1983 1501 2014 1525 et
2033 1494 2193 1525 elucidans
2216 1494 2391 1525 veritatem.

1315 1553 1330 1568 »
1353 1541 1445 1578 Quae
1459 1539 1660 1570 intitulantur
1679 1539 1890 1576 Quaestiones
1904 1539 1944 1570 de
1964 1539 2114 1577 Veritate,
2131 1539 2208 1570 item
2224 1538 2393 1576 Quaestio-

1316 1598 1330 1613 »
1353 1595 1409 1615 nes
1425 1584 1466 1615 de
1480 1585 1610 1622 Anima,
1622 1583 1699 1614 item
1710 1583 1922 1621 Quaestiones
1936 1583 1976 1614 de
1997 1583 2182 1621 Virtutibus,
2193 1583 2271 1614 item
2287 1583 2394 1621 Quae-

1316 1642 1331 1658 »
1354 1629 1473 1660 stiones
1489 1628 1529 1659 de
1542 1628 1646 1666 Malo,
1664 1628 1741 1658 item
1758 1628 1970 1666 Quaestiones
1990 1627 2031 1658 de
2053 1627 2284 1668 Spiritualibus
2300 1637 2391 1658 crea-

1317 1687 1331 1702 »
1355 1675 1448 1704 turis.
1475 1686 1490 1701 w
1519 1673 1582 1704 Ubi
1610 1673 1823 1710 Quaestiones
1851 1673 1891 1703 de
1912 1673 2060 1703 Potentia
2083 1671 2309 1702 desiderantur.
2334 1671 2394 1702 His

1314 1718 1452 1759 denique
1468 1717 1555 1758 paria
1571 1717 1688 1758 scripto
1705 1717 1900 1758 reliquerunt
1915 1727 1939 1748 s.
1957 1716 2154 1755 Antoninus,
2170 1723 2201 1747 et
2214 1716 2392 1757 Pignonus,

1315 1770 1345 1794 et
1368 1762 1616 1794 Valleoletanus.

1381 1807 1536 1848 Opponat
1560 1806 1692 1837 fortasse
1715 1806 1886 1847 quispiam,
1910 1805 1991 1836 inter
2014 1804 2187 1846 peculiares
2207 1804 2395 1836 huiusmodi

1315 1851 1550 1890 Quaestionum
1578 1850 1688 1882 titulos
1709 1850 1830 1881 reticeri
1856 1850 1942 1890 apud
1961 1859 2074 1880 omnes
2097 1850 2243 1880 laudatos
2262 1859 2397 1881 nomen-

1315 1897 1447 1928 clatores
1467 1895 1698 1933 Quaestionem
1716 1895 1814 1933 illam,
1834 1904 1916 1935 quae
1932 1894 1966 1924 in
1985 1893 2076 1925 editis
2093 1894 2245 1934 exemplis
2261 1900 2394 1934 prostat,

1314 1942 1366 1972 De
1394 1941 1513 1971 unione
1552 1940 1643 1971 Verbi
1670 1939 1850 1970 Incarnati.
1875 1938 2020 1969 Dubium
2050 1938 2178 1969 nullum
2207 1945 2238 1969 te
2267 1944 2397 1970 moveat

1315 1995 1351 2016 ac
1375 1985 1487 2025 procul
1516 1991 1584 2015 esto
1613 1984 1782 2025 scrupulus
1813 1983 1934 2014 omnis:
1959 1990 2030 2014 tum
2058 1982 2134 2024 quia
2164 1982 2396 2020 Quaestionem

1315 2030 1421 2068 illam,
1447 2036 1559 2070 utpote
1582 2028 1728 2067 unicam,
1753 2028 1812 2059 sub
1837 2028 1901 2058 alio
1925 2027 2162 2066 Quaestionum
2184 2027 2278 2058 titulo
2307 2037 2397 2058 com-

1316 2074 1519 2115 prehendisse
1543 2073 1668 2104 dicendi
1683 2079 1776 2111 sunt,
1801 2072 1857 2113 qui
1874 2082 2053 2112 expressam
2068 2072 2211 2102 eiusdem
2226 2081 2293 2102 non
2309 2071 2397 2112 inge-

1317 2125 1391 2150 runt
1419 2117 1633 2149 mentionem:
1663 2123 1733 2148 tum
1762 2117 1838 2158 quia
1860 2116 2098 2147 Valleoletanus
2127 2115 2161 2146 in
2184 2126 2265 2155 suc,
2297 2125 2398 2157 quem

1317 2163 1435 2202 texuit,
1468 2162 1614 2203 Operum
1642 2161 1790 2192 Thomae
1823 2161 1987 2201 catalogo,
2017 2160 2131 2192 diserte
2164 2170 2200 2191 ac
2233 2159 2398 2201 speciatim

1318 2207 1548 2246 Quaestionem
1574 2213 1732 2238 memorat
1759 2206 1811 2236 De
1839 2206 1958 2236 unione
1987 2205 2079 2236 Verbi
2108 2205 2297 2236 Incarnati:
2324 2211 2397 2236 tum

1317 2259 1482 2294 postremo
1511 2251 1601 2293 quod
1631 2251 1742 2282 eadem
1766 2250 1917 2281 recensita
1940 2250 2055 2290 legitur
2083 2249 2116 2280 in
2146 2249 2278 2280 vetustis
2309 2249 2398 2280 codi-

1318 2297 1408 2328 cibus
1438 2306 1514 2327 msS.
1544 2305 1627 2338 quos
1659 2295 1746 2326 affert
1782 2295 1916 2326 Iacobus
1951 2294 2116 2325 Echardus
2131 2316 2140 2332 ‚
2171 2293 2400 2325 Parisiensibus

1318 2341 1446 2372 duobus
1463 2350 1498 2372 ac
1518 2340 1645 2371 duobus
1667 2339 1868 2380 Anglicanis,
1893 2349 1949 2380 per
1972 2339 2050 2370 haec
2065 2339 2176 2370 verba:
2203 2339 2342 2369 Thomae
2359 2338 2401 2369 de

1317 2386 1445 2427 Aquino
1472 2385 1544 2423 QQ.
1561 2385 1601 2416 de
1625 2385 1763 2423 Anima,
1783 2385 1823 2415 de
1847 2384 2040 2421 Virtutibus,
2065 2383 2106 2414 de
2122 2383 2243 2414 Amore
2261 2381 2344 2425 (leg.
2360 2382 2401 2414 de

1322 2428 1468 2472 Unione)
1499 2430 1591 2460 Verbi
1613 2429 1794 2467 Incarnati,
1819 2429 1859 2459 de
1882 2428 2112 2469 Spiritualibus
2135 2428 2306 2459 creaturis.

1387 2475 1474 2505 Haec
1509 2480 1633 2505 vetusta
1666 2473 1831 2505 attentiore
1859 2480 1965 2504 mente
1999 2472 2248 2513 expendentibus
2283 2481 2400 2503 monu-

1319 2526 1426 2550 menta
1450 2519 1515 2550 duo
1539 2518 1632 2549 nobis
1655 2524 1843 2556 occurrunt,
1868 2527 1950 2559 quae
1974 2517 2080 2558 colligi
2104 2517 2254 2548 debeant:
2283 2527 2310 2547 1.
2334 2516 2401 2547 Me-

1319 2570 1457 2594 moratas
1481 2563 1710 2602 Quaestiones,
1735 2573 1817 2604 quae
1839 2562 2033 2603 Disputatae
2060 2568 2230 2600 vocantur,
2254 2560 2400 2602 pluribus

1319 2608 1398 2638 olim
1422 2607 1455 2638 in
1477 2607 1696 2638 voluminibus
1721 2607 1868 2638 collectas
1884 2613 2059 2647 prostasse:
2082 2615 2111 2637 2.
2131 2605 2269 2636 Easdem
2288 2611 2400 2645 postea

1320 2651 1520 2683 coordinatus
1549 2651 1645 2682 fuisse
1678 2658 1803 2692 tresque
1832 2650 1864 2681 in
1896 2657 1998 2690 partes
2027 2650 2177 2680 redactas.
2202 2648 2401 2680 Huiusmodi

1324 2696 1555 2733 Quaestionum
1567 2702 1706 2726 recenset
1716 2695 1906 2726 Guillelmus
1917 2694 1956 2725 de
1966 2695 2076 2725 Tocco
2087 2694 2252 2725 volumina
2262 2700 2399 2734 magna:

1321 2746 1351 2771 et
1375 2750 1438 2770 non
1456 2749 1564 2780 parua
1589 2740 1753 2770 volumina
1772 2739 1950 2769 Bernardus
1974 2737 2142 2769 Guidonis.
2167 2737 2313 2768 Plurium
2340 2747 2397 2768 vo-

1320 2784 1483 2815 luminum
1505 2793 1677 2814 numerum
1693 2783 1833 2814 indicant
1853 2782 1988 2821 codices,
2008 2782 2064 2824 qui
2080 2789 2152 2813 ante
2167 2791 2290 2812 annum
2314 2781 2397 2812 1300

1321 2828 1447 2859 venales
1470 2828 1654 2869 prostabant
1677 2827 1710 2858 in
1729 2827 1894 2858 Parisiensi
1914 2827 2133 2864 Universitate,
2153 2833 2189 2857 ut
2207 2826 2397 2857 adnotatum

1322 2873 1458 2913 legimus
1486 2872 1519 2903 in
1542 2872 1622 2903 libro
1646 2871 1789 2903 Rectoris
1819 2871 1963 2902 eiusdem
1987 2871 2074 2912 apud
2102 2870 2295 2902 Echardum.
2312 2870 2351 2902 V.
2368 2880 2399 2911 g.

1326 2917 1557 2955 Quaestionum
1581 2917 1621 2948 de
1646 2917 1783 2947 Ver-itate
1806 2926 1866 2946 va
1884 2917 2013 2956 pecias:
2034 2916 2266 2953 Quaestionum
2285 2915 2399 2946 dePo-

1323 2963 1422 2993 tentia
1446 2971 1540 2992 xxvm
1557 2962 1687 3002 pecias:
1718 2960 1950 2998 Quaestionum
1981 2960 2021 2991 de
2043 2960 2274 3001 Spiritualibus
2299 2959 2400 2991 Crea-

1324 3007 1406 3038 turis
1424 3016 1444 3036 v
1457 3007 1587 3046 pecias:
1614 3006 1845 3043 Quaestionum
1865 3005 1906 3036 de
1924 3005 2015 3036 Malo
2034 3015 2128 3035 xxvm
2142 3005 2271 3045 pecias:
2293 3003 2400 3042 Quae-

1323 3052 1462 3082 stionum
1479 3050 1520 3081 de
1527 3051 1646 3081 Anima
1661 3055 1692 3081 et
1708 3049 1882 3080 Virtutibus
1896 3059 1967 3080 xxiv
1976 3051 2097 3090 pecias.
2109 3051 2152 3080 At
2162 3048 2401 3087 Quaestionum

1326 3095 1462 3136 denique
1477 3095 1625 3125 omnium
1640 3100 1705 3126 tres
1719 3101 1888 3125 numerant
1896 3099 2011 3135 partes
2021 3094 2227 3125 Ptolomaeus
2237 3092 2401 3132 Lucensis,

1325 3139 1588 3171 Bartholomaeus
1612 3139 1802 3179 Logotheta,
1826 3139 1976 3169 Nicolaus
2000 3138 2159 3169 Trivetus.

1394 3184 1431 3214 11.
1456 3183 1689 3223 Dignissimum
1713 3183 1834 3214 censuit
1857 3193 1959 3223 opus,
1989 3183 2077 3224 quod
2106 3181 2341 3213 commentariis
2364 3180 2401 3211 il-

1326 3228 1471 3259 lustraret
1489 3229 1607 3259 Xantes
1623 3227 1778 3266 Man‘ales,
1796 3227 1894 3258 nobili
1911 3227 1997 3268 apud
2012 3227 2152 3259 Venetos
2168 3233 2256 3258 ortus
2272 3224 2402 3264 familia,

1328 3279 1503 3304 conventus
1522 3283 1562 3303 ss.
1584 3272 1711 3303 Ioannis
1730 3279 1761 3303 et
1779 3272 1868 3303 Pauli
1888 3271 2018 3313 insignis
2038 3272 2198 3303 alumnus.
2217 3269 2316 3301 Tomi
2335 3269 2402 3300 duo

1327 3317 1360 3348 in
1384 3317 1440 3348 fol.
1466 3317 1652 3358 prodierunt
1669 3317 1837 3348 Bononiae
1861 3326 1903 3347 ex
1928 3317 2146 3358 typographia
2171 3314 2255 3346 HH.
2273 3313 2314 3345 de
2330 3313 2401 3344 Du-

1328 3363 1385 3393 ciis
1401 3360 1496 3392 1658.
1515 3362 1635 3393 Lucem
1651 3371 1717 3392 non
1734 3361 1879 3392 viderunt
1897 3361 1961 3399 alii,
1978 3371 2062 3402 quos
2083 3365 2253 3401 paraverat.
2273 3357 2403 3389 Titulus

1329 3413 1392 3437 est:
1424 3407 1663 3447 Amplissimum
1702 3407 1822 3437 artium
1858 3407 2130 3446 scientiarumque
2156 3403 2297 3435 omnium
2325 3402 2403 3432 Am-

1323 3451 1565 3492 phitheatrum:
1596 3451 1656 3482 hoc
1685 3456 1749 3489 est,
1781 3451 1832 3482 De
1862 3450 1958 3482 rebus
1988 3449 2148 3481 universis
2177 3446 2404 3479 celeberrimae

1334 3496 1545 3533 Quaestiones
1579 3496 1773 3536 Disputatae
1806 3495 1847 3526 ab
1882 3495 1969 3526 orbis
2002 3493 2144 3525 Oraculo
2174 3491 2247 3522 divo
2283 3490 2403 3521 Dionia

1330 3541 1491 3581 Aquinate
1518 3540 1684 3571 Ecclesiae
1705 3540 1857 3577 Doctore,
1886 3539 1931 3570 ad
1952 3539 2037 3570 hanc
2065 3545 2165 3577 usque
2191 3535 2274 3566 diem
2304 3544 2324 3565 a
2350 3544 2404 3565 ne-

1332 3586 1417 3615 mine
1447 3586 1628 3625 expositae,
1660 3594 1747 3615 nunc
1771 3585 1915 3624 primum
1946 3583 1979 3613 in
2010 3581 2112 3613 iucem
2137 3579 2302 3620 prodeunt
2331 3588 2403 3609 cum

214 3627 423 3663 Quaestiones
445 3628 485 3658 de
514 3628 671 3665 Veritate,
697 3628 737 3658 de
766 3628 994 3668 Spiritualibus
1025 3627 1213 3665 Creaturis,
1240 3627 1280 3658 de
1335 3629 1591 3660 Commentariis.
1617 3629 1652 3658 In
1675 3627 1884 3666 Praefatione,
1903 3627 2036 3664 Auctor,
2053 3630 2211 3666 quantum
2235 3633 2272 3654 ex
2294 3622 2405 3654 huius-
