2548 4192
944 257 999 292 IN
1029 256 1067 293 S.
1089 256 1331 294 THOMAM
1359 258 1684 305 AQUINATEM

219 353 234 368 ι
255 338 460 381 persedemus
475 337 516 367 ad
531 345 688 376 praesens.
700 348 715 363 »
740 335 1019 366 Commentarium
1039 335 1157 366 indicat
1171 343 1292 375 auctor,

215 383 306 426 quod
318 383 386 423 ipse
401 380 631 412 elucubraverit
645 381 678 410 in
692 380 912 421 Ezechielem:
931 380 1025 420 quale
1040 390 1123 420 opus
1139 381 1177 410 ab
1192 381 1292 421 Aqui-

213 434 287 459 nate
301 426 484 458 confectum
502 431 647 455 veterum
663 434 761 454 nemo
775 434 932 465 umquam
946 424 1096 464 prodidit.
1112 424 1175 454 Sed
1184 424 1292 464 ipsum

214 483 233 503 a
255 471 386 503 Thoma
419 469 647 501 concinnatum
671 479 708 499 ex
727 468 789 499 hoc
807 469 881 499 loco
905 468 1027 508 colligit
1045 468 1220 499 Pencinus:
1245 470 1291 499 ni-

213 517 334 547 mirum
355 515 513 546 incertum
537 523 574 544 ex
592 513 713 544 incerto
737 513 861 553 probat,
886 513 988 543 immo
1013 513 1130 543 falsum
1146 523 1183 543 ex
1199 513 1289 544 falso.

212 560 343 592 Accedit
365 558 524 600 genuinus
543 557 804 588 characterismus
823 557 967 597 Angelici
990 557 1090 588 nostri
1106 558 1291 598 Praecepto-

212 605 266 644 ris,
290 613 389 645 quem
412 604 450 634 ab
474 602 573 633 hocce
592 601 836 633 Commentario
860 602 956 641 longe
979 602 1087 632 abesse
1110 602 1190 632 vidit
1208 603 1290 643 Ray-

213 649 441 687 naudus„non
463 647 569 677 videat
591 646 652 677 nisi
675 656 800 677 coecus.
819 646 890 687 lpse
904 646 1068 686 Remigius
1087 646 1290 677 Florentinus

213 693 328 724 fatetur
344 692 484 723 eiusdem
502 691 565 722 viri
573 690 780 732 praeseferri
795 691 987 729 doctrinam,
1006 692 1079 722 licet
1104 701 1167 721 non
1186 692 1289 731 phra-

211 739 283 770 sim.
303 739 347 768 At
362 746 466 777 neque
482 735 644 766 doctrinae
661 736 793 766 demum
813 735 1056 766 consonantiam
1075 735 1180 766 iactari
1195 746 1290 775 posse

212 788 304 823 puto.
329 782 456 812 Locum
472 780 568 811 affero
585 780 623 810 de
639 779 813 811 novissima
830 779 1076 819 conflagratione
1100 780 1229 818 mundi,
1250 781 1289 811 de

212 837 278 867 qua
300 825 364 866 agit
386 825 440 856 ille
464 824 565 865 capite
588 834 651 863 xxi,
676 825 716 855 ad
730 830 760 855 v.
784 832 809 855 1:
833 824 878 855 Et
902 824 968 855 vidi
982 825 1106 855 caelum
1124 834 1241 855 novum
1259 830 1290 856 et

212 876 334 902 terram
358 877 496 901 novam:
519 880 617 910 seque
640 869 734 900 refert
756 869 796 899 ad
819 879 867 907 ea,
887 879 970 910 quae
993 869 1147 906 diximus,
1172 869 1287 910 inquit,

212 917 246 946 in
259 915 334 956 fine
350 915 393 946 lv
407 914 658 945 Sententiarum.
689 913 829 944 Invicem
853 914 979 944 conlata
994 914 1053 944 sub
1070 914 1183 944 oculos
1197 924 1287 954 pono

210 959 293 998 loca,
317 966 354 990 ut
375 959 532 990 iudicium
554 959 654 990 lector
677 958 764 989 ferat.

210 1049 258 1079 Ex
266 1049 349 1079 libro
360 1049 403 1080 IV
413 1048 553 1079 Sentent.
565 1048 635 1079 dist.
643 1058 737 1086 van,

255 1103 286 1134 q.
297 1104 332 1131 11,
346 1099 403 1124 art.
414 1104 447 1131 11,
458 1092 654 1134 quaestiunc.
666 1102 698 1123 n.

258 1194 274 1209 ι
293 1180 436 1218 Quidam
471 1180 558 1211 enim
595 1179 724 1218 dicunt,

209 1226 300 1267 quod
319 1225 430 1256 omnia
445 1225 601 1255 elementa
617 1234 724 1254 mane-

209 1270 291 1301 bunt
310 1276 470 1311 quantum
493 1269 534 1299 ad
548 1268 724 1307 materiam,

210 1314 320 1345 omnia
355 1321 473 1354 ‚autem
515 1314 726 1344 mutabuntur

188 1354 368 1401 *quantuni
383 1358 424 1389 ad
438 1357 725 1398 imperfectionem;

209 1403 266 1434 sed
295 1403 362 1434 duo
394 1413 508 1434 eorum
545 1402 725 1433 retinebunt

208 1448 373 1490 propriam
384 1447 523 1478 formam
536 1447 723 1478 substantia-

207 1492 284 1531 lem,
308 1492 426 1523 scilicet
447 1501 500 1522 aer
519 1498 550 1522 et
569 1497 666 1530 terra,
690 1491 723 1522 in

209 1537 337 1568 duobus
351 1547 439 1575 vero,
464 1535 581 1567 scilicet
597 1536 670 1576 igne
693 1543 724 1566 et

208 1591 293 1623 aqua
314 1591 382 1612 non
413 1580 590 1612 remanebit
620 1580 724 1611 forma

208 1625 422 1658 substantialis
442 1635 566 1663 eorum,
582 1625 638 1656 sed
653 1635 723 1655 mu-

208 1671 361 1702 tabuntur
393 1670 434 1700 ad
462 1669 600 1700 formam
631 1669 725 1707 caeli;

209 1721 240 1748 et
264 1715 309 1746 aie
331 1714 391 1746 tria
417 1714 584 1752 elementa,
609 1714 726 1744 scilicet

208 1759 301 1800 ignis,
313 1768 366 1789 aer
379 1765 410 1790 et
424 1768 518 1799 aqua,
539 1758 664 1789 caelum
680 1758 725 1788 di-

167 1825 170 1828 ·
209 1810 353 1836 centur...
380 1803 443 1834 Sed
452 1802 535 1833 'haec
549 1803 663 1843 opinio
679 1809 726 1833 est

208 1848 344 1880 omnino
377 1847 556 1878 εὕδω-ἀει...
581 1847 623 1878 Et
649 1846 723 1877 ideo

207 1892 260 1924 alii
275 1891 403 1930 dicunt,
427 1891 517 1932 quod
536 1891 647 1922 omnia
662 1891 724 1922 ele-

207 1933 316 1968 menta
330 1965 332 1967 ,
345 1937 522 1967 manebunt
545 1936 724 1967 secundum

206 1981 436 2019 substantiam,
464 1980 519 2011 sed
556 1980 722 2022 qualitates

207 2025 325 2057 activae
341 2031 373 2056 et
393 2025 535 2066 passivae
555 2026 594 2056 ab
613 2025 658 2055 eis
677 2034 724 2055 re-

206 2070 456 2102 movebuntur...
476 2070 518 2100 Et
534 2069 608 2100 huic
628 2069 724 2100 etiam

205 2114 331 2146 videtur
347 2124 533 2153 consonare,
550 2114 640 2155 quod
654 2116 722 2144 Au-

205 2159 352 2199 gostinus
371 2159 447 2190 dicit
468 2169 508 2189 xx
528 2159 567 2189 de
587 2158 722 2189 Civitate

205 2203 266 2235 Dei
280 2201 363 2246 (cap.
380 2201 503 2246 xv1)⁴de
526 2203 580 2234 illa
603 2202 720 2234 confla-

205 2248 349 2288 gratione
370 2248 555 2278 mundana:
588 2247 723 2278 elemen-

205 2299 314 2324 torum
324 2292 580 2332 corruptibilium
591 2291 725 2333 qualita-

205 2343 271 2376 tes,
295 2346 378 2378 quae
401 2337 588 2377 corporibus
608 2335 724 2367 nostris

205 2382 423 2422 congruebant
446 2380 538 2424 (etc).
563 2381 625 2412 Sed
639 2380 724 2411 istud

205 2435 274 2457 non
296 2426 421 2456 videtur
442 2425 622 2466 probabile,
647 2435 723 2456 cum

205 2470 372 2511 qualitates
386 2470 532 2510 propriae
548 2470 721 2500 elemento-

205 2524 279 2545 rum
302 2514 364 2544 sint
387 2513 515 2544 effectus
544 2513 722 2544 formarum

205 2558 471 2597 substantialium,
494 2558 582 2599 quod
609 2557 720 2588 formis

204 2602 463 2634 substantialibus
495 2602 719 2640 manentibus,

203 2647 371 2688 qualitates
399 2647 576 2687 praedictae
598 2646 723 2686 possint

203 2691 354 2723 mutari...
376 2691 418 2722 Et
440 2691 513 2722 ideo
533 2691 658 2722 videtur
674 2691 719 2721 di-

204 2736 354 2775 cendum,
364 2736 454 2777 quod
470 2736 646 2766 manebunt
659 2735 719 2766 ele-

204 2787 313 2812 menta
335 2787 494 2822 quantum
516 2780 557 2811 ad
576 2781 720 2811 substan-

205 2825 284 2856 tiam
297 2832 328 2856 et
341 2825 508 2866 qualitates
522 2834 636 2856 eorum
646 2834 719 2864 pro-

204 2869 310 2910 prias;
342 2869 398 2900 sed
429 2869 651 2910 purgabuntur
681 2869 720 2899 ab

206 2913 390 2952 infectione,
413 2923 513 2954 quam
532 2923 569 2944 ex
587 2913 722 2954 peccatis

207 2957 379 2988 hominum
389 2964 622 2996 contraxerunt,
635 2964 670 2989 et
681 2958 721 2988 ab

207 3001 409 3041 impuritate,
440 3012 522 3042 quae
547 3012 604 3042 per
627 3002 722 3032 actio-

207 3055 284 3077 nem
306 3051 338 3076 et
363 3046 547 3086 passionem
574 3053 722 3076 mutuam

207 3090 241 3120 in
265 3089 309 3120 eis
333 3089 462 3127 accidit:
486 3090 562 3130 quia
576 3090 642 3121 iam
656 3100 720 3121 ces-

208 3140 295 3165 sante
314 3140 407 3164 motu
423 3133 518 3173 primi
533 3134 673 3172 mobilis,
687 3135 721 3164 'm

207 3178 409 3209 inferioribus
426 3177 590 3208 elementis
608 3185 721 3209 mutua

208 3223 290 3254 actio
314 3229 345 3252 et
368 3221 474 3262 passio
493 3231 560 3252 esse
579 3232 646 3253 non
661 3233 721 3262 po-

207 3267 288 3298 terit.
313 3267 354 3297 Et
373 3266 436 3296 hoc
450 3266 650 3306 Augustinus
665 3277 719 3306 ap-

207 3311 304 3352 pellat
336 3310 501 3351 qualitates
534 3311 720 3350 corruptibi-

206 3355 288 3386 lium
319 3355 571 3392 elementorum,
604 3355 722 3386 scilicet

207 3399 399 3430 innaturales
412 3409 525 3430 eorum
540 3398 721 3439 dispositio-

207 3453 282 3482 nes,
311 3444 488 3474 secundum
511 3454 590 3484 quas
614 3453 721 3474 corru—

207 3488 310 3528 ptioni
325 3488 592 3529 appropinquant.
607 3499 623 3515 »

784 1047 832 1077 Ex
846 1047 1089 1078 Commentario
1104 1046 1137 1076 in
1151 1047 1285 1087 Apocal.

941 1091 1042 1132 capite
1058 1102 1119 1122 xx1.

820 1192 836 1207 ι
856 1179 991 1210 Caelum
1006 1189 1135 1209 novum.
1147 1178 1220 1209 Glo.
1238 1179 1286 1209 Id-

771 1230 835 1262 est,
853 1233 965 1254 aerem
987 1223 1218 1254 innovandum.
1243 1223 1288 1254 Et

771 1274 893 1299 terram
918 1277 1046 1305 novam,
1070 1267 1151 1298 idest
1171 1274 1287 1298 terram

770 1313 966 1342 innovatam.
998 1312 1090 1350 Quae
1120 1312 1285 1342 innovatio

771 1356 826 1388 fiet
835 1356 991 1397 perillum
1001 1367 1156 1396 magnum
1167 1357 1285 1396 ignem,

770 1401 826 1442 qui
843 1401 1009 1441 praecedet
1024 1401 1137 1431 faciem
1157 1401 1285 1432 iudicis:

770 1446 852 1477 sicut
867 1445 981 1476 dicitur
995 1446 1021 1475 11
1032 1446 1110 1484 Pet„
1120 1456 1153 1476 111
1170 1444 1284 1488 (v.1o):

769 1490 946 1527 Adveniet,
975 1490 1099 1531 inquit,
1127 1490 1196 1521 dies
1218 1490 1286 1520 Do-

771 1536 851 1566 mini
872 1536 956 1565 sicut
968 1534 1047 1575 fur,
1073 1536 1106 1565 in
1126 1544 1191 1575 qua
1206 1535 1287 1565 coeli

770 1589 891 1620 magno
906 1580 1025 1619 impetu
1041 1581 1211 1616 transient,
1223 1579 1285 1609 ele-

770 1629 877 1654 menta
890 1633 966 1655 vero
982 1623 1092 1654 calore
1107 1624 1284 1654 solventur.

773 1667 815 1711 (v.
838 1667 890 1711 13)
923 1668 1033 1699 Novos
1070 1678 1146 1699 vero
1180 1668 1286 1699 caelos

772 1718 802 1744 et
826 1723 941 1743 novam
965 1718 1087 1743 terram
1108 1712 1285 1743 secundum

765 1758 930 1798 promissa
941 1757 1051 1797 ,ipsius
1067 1762 1284 1797 expectamus,

771 1803 804 1832 in
824 1801 939 1842 quibus
955 1802 1076 1832 iustitia
1090 1801 1223 1832 habitat.
1242 1801 1286 1831 lbi

770 1846 844 1877 Glo.
865 1845 1032 1876 Elementa
1050 1852 1199 1886 quatuor,
1216 1846 1286 1886 qui-

770 1891 830 1921 bus
863 1890 1005 1920 mundus
1038 1890 1200 1928 consistit,
1233 1890 1287 1921 ille

770 1934 929 1965 maximus
947 1934 1029 1974 ignis
1045 1935 1208 1972 absumet;
1228 1945 1287 1966 nec

768 1986 881 2010 cuncta
904 1979 937 2009 in
952 1986 1078 2010 tantum
1097 1983 1266 2010 consumet
1277 2002 1286 2018 ‚

769 2030 805 2055 ut
820 2034 886 2054 non
901 2023 981 2062 sint;
1003 2024 1059 2054 sed
1074 2024 1140 2054 duo
1160 2034 1198 2055 ex
1216 2031 1286 2055 toto

770 2075 949 2106 consumet,
974 2068 1040 2099 duo
1064 2078 1140 2099 vero
1164 2068 1198 2099 in
1220 2078 1286 2099 me·

769 2113 883 2144 liorem
898 2113 1039 2143 restituet
1054 2112 1168 2143 faciem
1182 2120 1213 2144 et
1226 2120 1287 2144 sta-

768 2165 850 2189 tum.
881 2158 929 2188 Ex
959 2157 1018 2188 hac
1041 2156 1115 2188 Glo.
1140 2158 1285 2197 videtur,

767 2202 858 2244 quod
890 2212 957 2233 non
989 2201 1100 2232 omnia
1130 2202 1286 2233 elementa

770 2247 991 2284 mutabuntur,
1007 2246 1062 2277 sed
1079 2247 1145 2277 duo
1160 2253 1286 2278 tantum

771 2298 802 2322 et
825 2291 886 2322 alia
908 2291 1018 2321 omnia
1044 2298 1284 2322 consumentur.

770 2336 833 2367 Sed
854 2336 1026 2366 dicendum
1050 2343 1107 2374 est,
1131 2336 1220 2376 quod
1240 2344 1289 2367 re-·

769 2391 843 2411 vera
853 2380 962 2411 omnia
972 2380 1211 2411 innovabuntur
1225 2381 1285 2411 ele-

769 2431 876 2455 menta
895 2431 926 2455 et
945 2425 1156 2455 remanebunt
1174 2435 1284 2455 secun-

768 2469 848 2500 dum
869 2469 1077 2499 substantiam
1097 2479 1204 2506 suam,
1229 2470 1285 2499 sed

767 2513 945 2544 transibunt
960 2513 1138 2543 secundum
1151 2513 1283 2544 exterio-

766 2568 834 2588 rem
865 2557 1023 2595 formam;
1053 2564 1084 2587 et
1116 2557 1283 2598 qualitates

767 2601 987 2632 substantiales
1007 2611 1122 2632 corum
1141 2612 1283 2632 remane-

768 2646 859 2685 bunt,
877 2646 1055 2677 secundum
1078 2646 1168 2686 quod
1190 2653 1282 2685 sunt,

766 2691 822 2721 sed
850 2691 1028 2721 secundum
1058 2690 1218 2721 actionem
1253 2698 1284 2722 et

766 2735 950 2776 passionem
988 2742 1135 2766 mutuam
1173 2735 1282 2766 transi-

766 2780 856 2810 bunt.
883 2779 1041 2810 Homines
1058 2789 1134 2810 vero
1150 2780 1281 2810 existen-

765 2831 812 2855 tes
835 2824 868 2854 in
893 2831 975 2854 statu
999 2824 1111 2854 mortis
1140 2824 1282 2864 indigent

766 2875 881 2899 mutua
894 2868 1128 2899 elementorum
1145 2869 1281 2907 actione;

768 2920 799 2944 et
822 2913 895 2943 ideo
924 2912 1073 2952 peribunt
1102 2913 1279 2953 qualitateS,

767 2957 945 2988 secundum
973 2957 1063 2998 quod
1086 2964 1160 2988 sunt
1187 2968 1280 2997 agen-

769 3009 815 3032 tes
830 3009 861 3033 et
877 3002 1040 3042 patientes.
1061 3003 1154 3033 Unde
1170 3006 1280 3043 Augu-

767 3046 868 3077 stinus
902 3056 942 3076 xx
973 3047 1012 3077 de
1050 3046 1185 3078 Civitate
1221 3048 1280 3078 Dei

767 3101 835 3131 cap.
852 3098 920 3121 xvrz
945 3090 1205 3130 Elementorum,
1233 3093 1279 3123 in-

766 3136 845 3175 quit,
870 3135 1125 3175 corruptibilium
1148 3137 1279 3177 qualita-

766 3185 830 3217 tes,
856 3189 939 3220 quae
962 3180 995 3209 in
1009 3180 1196 3220 corporibus
1219 3191 1279 3211 no-

767 3223 837 3253 stris
853 3224 1110 3264 corruptibilibus
1126 3235 1279 3264 congrue-

765 3267 852 3305 bant,
868 3268 1009 3298 ardendo
1025 3269 1150 3308 penitus
1174 3269 1278 3299 interi-

765 3311 856 3350 bunt,
868 3318 963 3353 atque
977 3322 1091 3343 eorum
1106 3313 1280 3344 substantia

766 3365 818 3385 eas
827 3356 993 3396 qualitates
1006 3356 1135 3386 habebit
1149 3367 1232 3396 quae
1246 3357 1279 3387 in

767 3399 954 3439 corporibus
971 3400 1204 3430 immortalibus
1218 3401 1278 3430 rni-

767 3443 856 3473 rabili
875 3443 1052 3474 mutatione
1068 3444 1278 3482 conveniunt;

766 3493 803 3517 ut
826 3487 966 3517 mundus
990 3487 1023 3516 in
1042 3487 1156 3517 melius
1184 3488 1278 3518 inno-

767 3537 858 3561 vatus
868 3537 940 3574 apte
950 3531 1212 3562 accommodetur
1220 3531 1277 3562 ho-

764 3575 904 3606 minibus
933 3575 967 3605 in
992 3585 1084 3605 carne
1106 3575 1140 3605 in
1163 3575 1277 3606 melius

766 3619 951 3651 immutatis.
976 3620 1024 3650 De
1047 3619 1105 3650 hac
1118 3632 1133 3647 »
1160 3626 1217 3650 etc.

2304 281 2422 306 CXXVII

1417 338 1526 375 Quam
1549 340 1733 380 perspicua,
1758 351 1856 381 quam
1887 342 2032 373 distincta
2055 351 2144 383 sunt,
2169 355 2250 386 quae
2278 348 2423 380 Thomas

1349 381 1458 413 docet:
1483 393 1582 424 quam
1612 384 1750 424 implexa
1780 392 1811 416 et
1840 386 2036 425 inordinata,
2069 386 2150 428 quae
2181 389 2275 421 habet
2311 400 2422 423 auctor

1349 425 1590 458 Commentarii.
1615 429 1734 459 Mirum
1760 429 1843 461 foret
1873 441 1896 461 s.
1922 431 2102 470 Thomam,
2127 440 2201 473 post
2228 435 2367 466 lucidam
2389 438 2423 467 in

1347 470 1420 500 loco
1444 481 1540 511 super
1558 473 1727 504 Sententiis
1746 474 1893 505 traditam
1917 475 2105 514 doctrinam,
2131 477 2263 508 scribere
2288 485 2353 509 tam
2376 481 2423 511 in-

1347 515 1460 545 voluto
1480 516 1563 556 stylo
1580 518 1723 557 potuisse
1739 518 1772 548 in
1787 518 2030 550 Commentario
2045 520 2078 550 in
2095 522 2334 563 Apocalypsim.
2347 524 2423 561 Quo

1347 559 1442 589 etiam
1464 560 1537 590 loco
1561 562 1733 601 Augustini
1756 564 1861 602 verba,
1881 564 1969 594 nulla
1992 565 2131 596 adhibita
2150 567 2358 606 expositione,
2377 569 2421 599 af-

1347 603 1507 642 feruntur;
1531 615 1613 646 quae
1637 613 1755 645 tamen,
1780 614 1892 648 utpote
1912 609 2106 648 obscuriora,
2130 610 2266 641 declarat
2288 612 2422 643 articulo

1346 647 1441 678 citato
1465 649 1619 690 Aquinas.

1413 693 1465 723 111.
1490 694 1541 723 Ad
1564 694 1704 734 priorem
1727 696 1817 736 quod
1840 696 1951 727 attinet
1973 697 2216 737 Expositionem
2240 701 2272 730 in
2296 701 2420 741 Apoca-

1345 736 1474 776 lypsim,
1495 738 1577 768 hanc
1601 749 1667 769 esse
1692 739 1755 769 divi
1787 740 1934 771 Thomae
1962 741 2086 772 foetum
2113 752 2221 773 coram
2249 745 2420 786 palamque

1345 788 1499 812 nostrates
1529 782 1658 813 inficiati
1694 790 1768 815 sunt
1804 784 1837 814 in
1876 784 2185 826 Congregationibus
2216 788 2255 818 de
2286 789 2418 820 auxiliis.

1344 825 1567 865 Disputatione
1590 837 1622 856 xi
1655 827 1706 857 die
1730 838 1749 868 9
1783 828 1957 859 decembris
1989 831 2063 860 anni
2102 832 2182 862 1602
2203 832 2325 872 habita,
2345 834 2418 864 Fer-

1344 869 1501 900 dinandus
1526 871 1565 900 de
1587 871 1714 901 Bastida
1738 880 1933 912 opposuerat
1951 875 2093 914 Angelici
2117 876 2265 907 Doctoris
2293 884 2419 908 senten-

1343 913 1421 943 tiam
1445 924 1512 944 esse
1535 915 1643 945 Deum
1675 923 1853 956 expectare,
1877 924 2051 958 postquam
2074 920 2195 959 pulsat,
2220 922 2419 962 cooperatio—

1344 967 1418 987 nem
1447 965 1608 997 nostram‚
1637 959 1669 989 in
1703 960 1798 990 citato
1823 960 2065 993 Commentario
2090 964 2191 1004 capite
2221 976 2264 996 111.
2298 967 2337 996 ad
2365 966 2420 997 illa

1343 1002 1438 1032 verba
1455 1007 1485 1032 v.
1513 1010 1564 1033 20:
1593 1003 1649 1033 Sto
1673 1004 1717 1034 ad
1746 1006 1881 1042 ostium,
1908 1011 1938 1036 et
1950 1007 2058 1046 pulso.
2083 1009 2126 1038 At
2154 1008 2232 1039 nihil
2263 1010 2420 1041 haesitans

1343 1051 1420 1076 tunc
1437 1046 1624 1077 Cardinalis
1637 1048 1822 1079 Asculanus
1837 1047 1888 1091 (fr.
1901 1050 2119 1091 Hieronymus
2132 1052 2314 1096 Bernerius)
2324 1055 2420 1085 dixit:

1342 1089 1409 1120 Iste
1432 1090 1513 1120 liber
1531 1101 1595 1121 non
1627 1097 1674 1122 est
1702 1102 1728 1122 s.
1766 1094 1914 1124 Thomae.
1946 1094 2101 1125 Similiter
2115 1095 2167 1136 fr.
2199 1098 2336 1129 Thomas
2363 1097 2418 1141 (de

1343 1132 1474 1176 Lemos)
1499 1135 1624 1165 aiebat:
1642 1136 1739 1166 Liber
1762 1138 1821 1167 iste
1838 1147 1864 1168 s.
1890 1138 2028 1168 Thomae
2051 1149 2114 1170 non
2140 1146 2195 1171 est.
2220 1141 2283 1172 Sed
2309 1144 2417 1183 gratis

1342 1179 1472 1208 omnino
1505 1179 1714 1210 admittamus
1743 1191 1811 1212 esse
1839 1191 1865 1212 s.
1889 1182 2046 1213 Thomae:
2069 1184 2176 1224 legat,
2202 1190 2233 1215 et
2262 1187 2418 1218 constabit

1343 1222 1424 1252 nihil
1439 1233 1505 1262 pro
1528 1233 1563 1254 se
1586 1224 1756 1255 adducere.

1409 1267 1444 1296 In
1469 1267 1600 1298 huiusce
1620 1275 1778 1308 praeterea
1802 1269 2033 1301 Commentarii
2062 1272 2235 1312 prologum
2259 1275 2414 1306 nonnulla

1341 1310 1420 1341 mihi
1443 1311 1534 1342 liceat
1557 1312 1814 1344 animadvertere.
1840 1314 1946 1345 Veluti
1970 1315 2049 1345 duas
2072 1316 2220 1348 tribuitur
2243 1317 2275 1348 in
2302 1326 2415 1359 partes.

1342 1355 1482 1395 Exponit
1505 1357 1607 1396 prima
1631 1367 1759 1388 comma
1783 1369 1908 1389 nonum
1931 1359 2048 1389 Psalmi
2068 1369 2172 1391 xxvm:
2199 1362 2267 1392 Vox
2284 1363 2418 1394 Domini

1335 1402 1570 1440 praeparantis
1588 1411 1709 1440 cervos,
1728 1408 1758 1433 et
1773 1403 1926 1434 revelabit
1945 1404 2127 1436 condensa:
2142 1405 2313 1447 ipsumque
2334 1408 2415 1438 libro

1340 1445 1581 1486 Apocalypseos
1605 1447 1742 1487 adaptat.
1773 1447 1885 1488 Incipit
1914 1448 2025 1478 altera:
2053 1448 2168 1480 Gratia
2193 1452 2418 1482 introducendi

1341 1490 1374 1519 in
1399 1490 1516 1520 librum
1531 1497 1713 1531 sequentem
1729 1490 1888 1533 (eiusdem
1902 1492 2128 1536 Apocalypsis)
2140 1496 2321 1534 praemittit
2344 1497 2419 1526 Ma-

1339 1535 1444 1574 gister
1469 1534 1614 1566 Gallicus
1631 1538 1852 1576 prooemium,
1879 1538 1911 1567 in
1935 1547 1998 1578 quo
2017 1538 2065 1568 sic
2081 1539 2230 1578 procedit
2254 1546 2311 1570 etc.
2331 1540 2415 1571 Puto

1342 1588 1420 1618 ego,
1444 1578 1547 1609 immo
1571 1590 1630 1620 pro
1655 1587 1740 1611 certo
1764 1581 1886 1618 habeo,
1912 1582 1990 1612 duas
2023 1583 2062 1612 ab
2086 1583 2206 1613 editore
2230 1583 2415 1615 Florentino

1341 1622 1437 1653 simul
1459 1623 1582 1654 iunctas
1608 1624 1704 1655 fuisse
1728 1625 1959 1663 Praefationes,
1993 1626 2124 1657 alteram
2154 1628 2292 1658 auctoris
2317 1629 2416 1660 Corn-

1341 1668 1486 1698 mentarii
1518 1678 1555 1698 ex
1583 1668 1683 1699 citatis
1708 1669 1886 1710 Scripturae
1918 1670 2019 1700 verbis
2053 1671 2242 1710 deductam3
2267 1673 2417 1712 alteram,

1341 1722 1424 1752 quae
1448 1712 1591 1743 eiusdem
1620 1714 1757 1744 auctoris
1790 1714 1946 1754 expositio
1977 1722 2024 1746 est
2056 1715 2088 1745 in
2117 1716 2236 1747 laudati
2261 1718 2419 1759 Magistri

1344 1756 1462 1787 Gallici
1476 1757 1691 1797 prooemium.
1705 1758 1739 1788 ld
1755 1758 1787 1788 in
1805 1759 1871 1788 aliis
1891 1759 2074 1790 divinorum
2090 1760 2305 1801 Eloquiorum
2320 1762 2420 1793 Com—

1342 1801 1503 1831 mentariis
1536 1801 1726 1832 elucubratis
1750 1813 1768 1832 a
1792 1802 1865 1833 divo
1887 1803 2016 1834 Thoma
2042 1812 2201 1835 servatum
2223 1805 2296 1836 alibi
2320 1807 2419 1837 adno-

1342 1845 1496 1876 tavimus:
1514 1846 1603 1886 quod
1627 1853 1658 1876 et
1682 1846 1749 1876 eius
1773 1847 1841 1877 aevi
1865 1847 2086 1887 interpretibus
2103 1849 2256 1880 familiare
2276 1857 2332 1889 est,
2350 1851 2419 1882 Hu-

1341 1889 1418 1929 goni
1443 1889 1614 1928 Cardinali,
1639 1891 1770 1921 Alberto
1795 1892 1924 1931 Magno,
1949 1892 2083 1923 Nicolao
2108 1894 2246 1934 Lyrano.
2267 1894 2418 1926 Caeteros

1342 1941 1514 1974 praetereo.
1541 1935 1576 1965 ln
1595 1944 1647 1973 ea,
1667 1945 1732 1976 qua
1755 1936 1794 1966 de
1817 1936 1958 1975 agimus,
1983 1937 2180 1977 expositione
2204 1938 2236 1968 in
2259 1940 2419 1980 Apocaly-

1341 1979 1436 2019 psim,
1454 1979 1602 2019 proprius
1623 1980 1759 2010 occurrit
1778 1980 1882 2020 primo
1899 1981 2102 2012 laudatorum
2119 1982 2328 2022 interpretum
2344 1994 2417 2023 pro-

1341 2023 1453 2063 logus;
1473 2030 1544 2054 tum
1575 2024 1718 2064 sequitur
1740 2025 1902 2065 Prologus
1935 2025 2070 2056 Gilberti
2103 2036 2177 2056 cum
2201 2027 2268 2057 eius
2295 2028 2418 2068 exposi-

1341 2067 1428 2098 tione
1451 2068 1490 2098 ab
1515 2068 1634 2098 eisdem
1658 2068 1879 2109 interpretibus
1909 2070 2105 2101 concinnata.
2127 2071 2239 2111 Incipit
2258 2082 2334 2102 vero
2352 2072 2418 2103 Gil-

1340 2112 1419 2143 berti
1443 2113 1613 2153 prologus:
1634 2112 1753 2144 Omnes
1771 2115 1827 2154 qui
1836 2115 1892 2154 pie
1907 2114 2019 2145 volunt
2035 2116 2142 2145 vivere
2158 2117 2190 2145 in
2211 2116 2338 2147 Christo
2358 2123 2416 2148 etc.

1341 2167 1376 2188 ac
1399 2157 1485 2187 idem
1508 2157 1562 2187 ille
1585 2164 1642 2195 est,
1666 2168 1765 2198 quem
1787 2159 1952 2198 Magistro
1978 2158 2102 2189 Gallico
2131 2159 2286 2190 tributum
2310 2168 2417 2191 noster

1340 2208 1452 2232 auctor
1473 2202 1612 2242 exponit.
1629 2202 1805 2242 Prologum
1828 2203 1963 2233 Gilberti
1981 2210 2096 2234 vocant
2115 2204 2213 2243 Hugo
2241 2204 2416 2235 Cardinalis

1341 2252 1372 2277 et
1394 2246 1543 2277 Albertus
1576 2247 1730 2286 Magnus,
1756 2246 1932 2287 diciturque
1956 2257 1974 2277 a
1998 2248 2124 2288 Lyrano
2151 2248 2320 2288 Praefatio
2348 2249 2414 2280 Gil-

1341 2290 1424 2321 berti
1445 2291 1663 2321 pictaviensis.
1685 2291 1713 2321 Is
1737 2301 1853 2331 nempe
1876 2291 2070 2330 intelligitur,
2090 2292 2145 2332 qui
2165 2299 2196 2322 et
2214 2293 2415 2324 Porretanus

1341 2335 1442 2365 dictus
1458 2342 1515 2372 est,
1526 2335 1694 2375 aquitanus
1709 2342 1812 2374 gente,
1824 2335 1923 2365 domo
1942 2335 2151 2375 pictaviensis,
2168 2337 2206 2366 ab
2223 2347 2307 2367 anno
2332 2348 2341 2367 1
2355 2348 2409 2377 141

1341 2379 1426 2409 urbis
1450 2379 1567 2419 patriae
1591 2379 1793 2409 Pictavorum
1808 2379 1998 2420 Episcopus,
2016 2380 2056 2410 ad
2071 2381 2268 2420 palinodiam
2286 2389 2415 2413 coactus

1339 2423 1372 2454 in
1396 2423 1569 2454 Rhemensi
1600 2423 1748 2454 Concilio
1772 2433 1857 2454 anno
1887 2434 1969 2465 1147
1994 2431 2104 2464 agente
2131 2425 2205 2455 divo
2242 2425 2414 2465 Bernardo,

1339 2468 1429 2508 quod
1449 2468 1614 2498 obscurius
1639 2468 1678 2498 de
1699 2468 1895 2498 sanctissima
1909 2469 2063 2499 Trinitate
2078 2469 2283 2500 disseruisset.
2299 2470 2416 2501 Fuerat

1341 2519 1412 2543 ante
1431 2513 1596 2553 Magister
1613 2513 1812 2553 theologicae
1826 2513 1955 2543 scholae
1969 2514 2115 2550 Parisiis,
2137 2520 2172 2544 ut
2191 2514 2233 2544 ait
2255 2515 2413 2545 Henricus

1339 2557 1378 2587 de
1395 2556 1549 2587 Gandavo
1574 2557 1613 2586 de
1636 2556 1849 2597 Scriptoribus
1870 2557 2084 2588 ecclesiasticis
2108 2558 2208 2598 capite
2233 2569 2305 2597 xvn,
2324 2560 2412 2589 unde

1339 2601 1377 2631 ab
1401 2607 1530 2631 auctore
1553 2601 1784 2632 Commentarii
1809 2609 1940 2632 vocatus
1963 2603 2128 2643 Magister
2157 2602 2311 2633 Gallicus.
2330 2604 2413 2634 Inter

1338 2655 1446 2686 opera,
1463 2655 1545 2686 quae
1570 2645 1673 2675 eidem
1697 2646 1872 2676 attribuunt
1887 2646 2035 2677 laudatus
2055 2646 2282 2685 Gandavensis,
2299 2654 2329 2678 et
2352 2648 2412 2677 Mi-

1338 2697 1486 2731 raeus,yet
1509 2689 1670 2728 Oudinus,
1700 2697 1730 2720 et
1753 2690 1857 2729 Cave,
1883 2690 2002 2721 mirum
2033 2691 2156 2721 nullam
2179 2691 2311 2722 huiusce
2334 2692 2410 2722 Pro-

1338 2734 1405 2774 logi
1427 2734 1625 2765 mentionem
1648 2734 1762 2774 ingeri:
1787 2745 1886 2775 quam
1914 2745 1973 2774 ego
1998 2745 2066 2765 rem
2088 2735 2150 2765 hoc
2173 2736 2246 2765 loco
2276 2742 2410 2775 praeter-

1337 2779 1442 2816 mitto,
1463 2789 1538 2809 cum
1561 2779 1639 2809 tanti
1659 2779 1815 2810 momenti
1835 2789 1872 2809 ea
1888 2789 1954 2809 non
1970 2779 2020 2817 sit,
2041 2786 2077 2810 ut
2091 2779 2303 2819 diligentiores
2319 2790 2410 2810 curas

1337 2830 1392 2854 aut
1415 2823 1483 2863 ipsa
1506 2830 1665 2863 exposcat,
1690 2830 1744 2854 aut
1767 2823 1914 2854 adhibere
1938 2834 1997 2854 nos
2022 2824 2203 2854 debeamus.

1707 2932 1918 2970 CAPUT
1957 2933 2036 2969 111.

1335 3030 1489 3063 Superiores
1510 3029 1686 3062 expositiones
1715 3030 1781 3054 duae
1806 3029 1915 3054 invicem
1941 3033 2136 3061 comparantur,
2156 3029 2336 3061 colligiturque
2355 3037 2408 3053 non

1406 3073 1489 3090 unum
1508 3065 1685 3097 eumdemque
1700 3065 1748 3089 dici
1767 3072 1848 3097 posse
1868 3070 2007 3089 auctorem.
2028 3065 2106 3088 Aetas
2126 3064 2263 3096 inquiritur
2286 3065 2408 3095 auctoris,

1406 3101 1452 3133 qui
1471 3101 1660 3133 expositionem
1679 3101 1838 3125 elucubravit
1862 3100 2039 3133 incipientem:
2064 3099 2134 3124 Vidit
2156 3100 2234 3124 Iacob
2253 3100 2280 3124 in
2300 3100 2410 3125 somnis.

1405 3136 1445 3161 De
1464 3136 1642 3161 Cumanorum
1661 3136 1845 3161 conversione:
1864 3144 1897 3160 an
1915 3135 2034 3160 Thomae
2048 3135 2158 3167 Anglico
2172 3135 2248 3160 tribui
2267 3143 2297 3160 ea
2317 3136 2408 3161 debeat

1406 3172 1541 3205 expositio.

1334 3267 1358 3297 Ι.
1379 3258 1638 3340 Expositiones
1658 3265 1736 3296 duas
1760 3266 1792 3295 in
1812 3265 2052 3304 Apocalypsim
2077 3274 2156 3304 quas
2179 3264 2331 3294 hactenus
2355 3274 2406 3294 ex-

1442 3309 1628 3350 pendimus,
1653 3310 1692 3339 ab
1716 3319 1782 3339 uno
1808 3309 1986 3348 eodemque
2009 3308 2162 3348 prodiisse
2185 3315 2313 3338 auctore
2343 3308 2406 3338 exi—

1334 3354 1440 3384 stimat
1463 3353 1609 3383 laudatus
1633 3353 1807 3390 Pencinus;
1832 3352 1968 3392 parergis
1993 3359 2023 3382 et
2048 3352 2160 3382 maiori
2192 3352 2352 3382 doctrinae
2376 3358 2407 3382 et

1333 3398 1505 3428 verborum
1528 3397 1640 3436 copiae
1662 3397 1845 3436 indulgente
1869 3396 1902 3425 in
1926 3406 1972 3434 ea,
1997 3406 2095 3435 quam
2112 3396 2267 3425 edendam
2287 3395 2407 3426 curavit

1333 3441 1497 3480 Remigius
1521 3440 1741 3478 Florentinus3
1765 3440 1955 3480 pressiorem
1979 3439 2145 3469 adhibente
2167 3439 2286 3479 stylum
2308 3439 2341 3469 in
2360 3440 2405 3469 al-

1332 3493 1415 3523 tera,
1440 3495 1475 3515 ac
1498 3484 1622 3514 litterali
1646 3484 1751 3514 sensui
1776 3483 1875 3522 magis
1899 3483 2095 3513 adhaerente.
2121 3484 2207 3519 Loca
2231 3483 2404 3522 nonnulla,

1333 3539 1414 3570 quae
1437 3528 1574 3558 invicem
1606 3527 1740 3558 conferri
1770 3534 1923 3567 possunt,
1947 3527 2081 3565 indicat,
2106 3527 2174 3557 heic
2198 3527 2315 3558 scilicet
2337 3538 2404 3558 am-

1332 3573 1449 3613 pliora,
1473 3572 1537 3602 illic
1561 3571 1753 3612 compendio
1777 3572 1917 3610 redacta,
1942 3571 2037 3601 unius
2065 3578 2171 3601 tamen
2200 3578 2231 3602 et
2261 3571 2405 3602 eiusdem

1332 3616 1512 3648 sententiae.
1537 3617 1576 3647 V.
1602 3616 1641 3647 G.
