2788 4204
163 371 176 397 θ

66 430 76 440 '
89 428 163 450 Omne
171 433 279 450 omaus.

67 483 76 490 ·
83 487 110 502 r:
123 485 200 508 quare
209 479 279 501 etiam

65 513 116 534 seq.
129 505 194 534 quod
206 507 236 527 et.
250 506 279 527 B.

66 536 154 559 ⁸00dd.
162 547 172 553 -
178 543 199 558 1²:
208 535 279 558 idest.

69 1067 283 1116 &252⁶ss

69 1119 181 1142 temtum
193 1120 266 1142 conci.

69 1206 282 1233 ‘codd-(exc.nto):

65 1233 186 1266 ›roum-

405 275 419 282 ἢ

1112 281 1223 318 CAP.
1253 282 1358 329 XIII,
1389 282 1541 319 LECT.
1571 283 1699 319 XXIV

307 362 534 401 extremitas.
565 361 627 399 Sic
660 361 770 409 igitur
802 361 840 397 A
873 366 926 398 est
962 373 999 398 zn
1035 362 1141 397 omni
1171 363 1207 398 B
1229 360 1258 409 θ,
1285 362 1375 410 quia

307 428 423 453 omne
438 416 459 436 *
473 415 663 464 respirans
688 421 744 450 est
766 414 923 459 animal;
948 414 986 450 in
1006 413 1108 450 nullo
1127 420 1252 451 autem
1279 416 1312 452 C
1323 421 1378 451 est

305 469 358 515 A,
379 468 469 517 quia
487 469 613 505 nullus
631 467 756 516 paries
777 475 833 504 est
857 466 1012 504 animal:
1039 479 1157 515 quare
1171 468 1191 488 ²*
1206 468 1376 516 sequitur

308 522 414 571 quod
434 521 548 558 etiam
567 522 602 557 B
621 521 658 557 in
683 520 786 557 nullo
811 521 844 557 C
858 520 915 566 sit,
936 520 1075 557 scilicet
1087 520 1108 541 ’⁵‘
1123 520 1229 568 quod
1252 521 1375 558 nullus

306 574 432 624 paries
451 573 620 623 respiret.
643 573 682 610 Si
702 580 832 610 autern
847 572 1082 622 acciperetur
1101 573 1273 610 medium
1288 586 1376 622 pro-

307 628 508 677 pinquum,
540 633 639 664 esset
667 626 941 664 demonstratio
964 632 1122 675 propter
1149 627 1247 675 quid.
1279 628 1328 664 Ut
1347 627 1377 664 si

309 681 575 718 ostenderetur
602 680 708 728 quod
735 680 860 728 paries
887 692 967 717 non
991 679 1164 728 respiret,
1190 680 1280 728 quia
1299 693 1378 717 non

309 735 425 771 habet
442 734 680 782 pulmonem.
703 733 832 770 Omne
861 733 963 770 enim
979 733 1125 770 habens
1151 734 1378 782 pulmonem

309 787 480 836 respirat,
510 794 548 823 et
575 799 597 823 e
627 799 815 824 converso
835 793 854 823 ².

368 842 400 877 5.
431 840 582 878 Deinde
617 852 706 876 cum
745 839 848 877 dicit:
883 840 1163 888 Comparantur
1189 839 1379 876 huiusmo-

311 893 351 930 di
377 901 460 940 etc.‚
491 892 656 930 ostendit
682 893 882 942 quomodo
913 892 1041 930 media
1069 905 1109 929 se
1138 892 1304 928 habeant
1331 892 1380 928 ad

312 946 576 984 conclusiones
603 947 644 993 *,
685 946 814 983 dicens
851 946 958 995 quod
988 945 1209 983 huiusmodi
1243 957 1379 982 causae

311 1007 483 1036 remotae
512 1006 783 1048 comparantur
815 998 921 1036 dictis
949 999 1162 1036 secundum
1197 998 1380 1034 excellen—

311 1052 415 1100 tiam,
445 1053 535 1102 quia
553 1052 694 1089 scilicet
709 1053 729 1073 *
743 1052 933 1089 excedunt
953 1051 1269 1094 communitatem
1291 1062 1380 1086 con-

312 1105 490 1142 clusionis
516 1105 751 1154 probandae.
773 1106 823 1141 Et
849 1104 1070 1144 huiusmodi
1098 1103 1271 1141 medium
1291 1115 1381 1139 con-

310 1157 417 1206 tingit
444 1158 570 1195 dicere
599 1157 705 1207 quod
733 1165 790 1194 est
816 1158 981 1194 multum
1008 1157 1149 1194 distans
1162 1162 1188 1193 ¹.
1209 1157 1260 1193 Ut
1278 1163 1382 1204 patet

309 1209 349 1247 in
384 1210 612 1259 probatione
646 1210 937 1258 Anacharsidis,
976 1209 1040 1259 qui
1076 1209 1215 1258 probat
1236 1209 1257 1230 *
1276 1208 1382 1257 quod

363 1373 388 1410 θ)
408 1375 454 1403 Sic
471 1375 603 1408 igini-‘A
626 1378 666 1400 est
684 1375 710 1399 in
730 1374 804 1399 omni
821 1374 964 1399 B.—Hanc
986 1374 1124 1399 lectionem
1147 1374 1262 1406 explicite
1285 1373 1381 1399 habent

247 1422 256 1423 ff
292 1410 386 1437 codd.
404 1409 718 1436 ABCDEHKLMNOST.
733 1409 835 1440 Quibus
854 1410 979 1434 accedunt
997 1409 1038 1434 alii
1057 1410 1172 1440 codices;
1191 1410 1215 1434 1:
1231 1409 1278 1435 Sic
1296 1410 1381 1443 igitur

308 1447 335 1479 4
348 1446 418 1471 inest
428 1446 502 1471 omni
515 1445 560 1475 B,·-
572 1445 633 1476 QR:
652 1445 684 1470 Si
697 1445 782 1478 igitur
799 1446 824 1470 A
842 1448 882 1470 est
895 1445 922 1469 in
937 1450 1001 1476 etc.;
1019 1445 1057 1469 G:
1076 1445 1122 1470 Sic
1135 1451 1200 1478 ergo
1214 1448 1253 1470 est
1266 1445 1292 1469 in
1307 1450 1382 1470 etc.—

308 1482 343 1508 P:
362 1481 406 1506 Sit
423 1488 488 1514 ergo
506 1481 531 1505 A
550 1481 576 1506 in
591 1480 666 1506 omni
679 1480 846 1505 B.—-Verum
860 1480 984 1512 particula
1003 1480 1039 1506 sit
1057 1488 1110 1504 non
1120 1480 1222 1505 videtur
1236 1487 1296 1505 esse
1309 1480 1379 1505 adhi-

308 1516 394 1542 benda
412 1516 439 1540 in
456 1516 586 1548 praesenti
600 1523 671 1541 casu.
690 1515 718 1540 ln
737 1520 808 1540 textu
822 1523 928 1547 graeco:
943 1513 988 1549 Τῷ
1007 1512 1052 1550 μὲν
1071 1509 1115 1540 οὖν
1130 1513 1153 1539 Β
1172 1512 1249 1540 παντὶ
1270 1511 1379 1550 ὑπάρχει

309 1548 341 1577 τὸ
353 1549 388 1579 A.
402 1551 492 1585 Igitur
508 1551 583 1576 omni
595 1551 620 1575 B
633 1551 701 1576 inest
714 1551 747 1575 A.
761 1551 799 1576 Et
816 1550 876 1575 huic
894 1550 997 1575 lectioni
1016 1550 1172 1575 conformior
1191 1555 1232 1575 est
1250 1551 1325 1575 lectio
1339 1559 1380 1576 re-

310 1587 387 1613 dm:
404 1594 435 1613 ex
453 1586 511 1612 eod.
525 1587 544 1611 1.
562 1600 581 1606 ·-
598 1586 665 1611 Infra
687 1583 730 1619 (in
752 1586 825 1611 nullo
842 1589 932 1611 autem
956 1587 980 1611 C
995 1586 1060 1618 etc.)
1080 1586 1090 1610 l
1108 1586 1235 1610 mendose
1254 1587 1331 1619 legit:
1351 1587 1378 1611 in

309 1621 438 1656 negativa
455 1625 544 1647 autem
562 1622 591 1647 C.
609 1622 734 1646 Mendum
752 1626 885 1654 praeterea
903 1626 944 1646 est
961 1621 1071 1646 omissio
1089 1622 1115 1645 in
1134 1621 1209 1646 codd.
1224 1622 1274 1652 LQ
1286 1622 1379 1646 verbo-

310 1665 371 1683 rum
393 1657 616 1690 praecedentium:
636 1659 663 1682 et
681 1656 775 1688 paries
801 1657 835 1686 C,
861 1656 928 1681 idest
951 1657 1040 1682 minor
1062 1657 1236 1685 extremitas;
1254 1657 1264 1681 1
1284 1657 1379 1682 ibidem

311 1693 407 1718 omittit
423 1695 457 1722 et,
477 1700 507 1717 ac
526 1692 602 1717 idest.

365 1727 385 1761 ι)
408 1727 492 1753 Omne
510 1727 580 1753 enim
598 1732 675 1752 etc.-
688 1727 752 1752 Cod.
765 1727 802 1752 H:
824 1726 894 1757 Quia
907 1734 985 1752 omne
1003 1727 1075 1760 qu'od
1088 1727 1167 1752 habet
1185 1732 1234 1752 etc.
1240 1735 1248 1758 3
1268 1727 1291 1752 1:
1308 1727 1385 1757 Quia·

311 1770 390 1789 omne
413 1763 512 1788 habens
537 1763 668 1788 etc-AB
690 1770 744 1787 om.
763 1765 790 1788 et
807 1769 822 1787 e
839 1769 981 1792 converso;
999 1763 1063 1788 HO:
1081 1769 1096 1787 e
1114 1769 1255 1792 converso,
1281 1763 1380 1787 omissa

312 1798 438 1832 particula
454 1801 492 1828 et,
512 1798 560 1823 sed
578 1798 656 1823 male.

366 1834 392 1867 κ)
414 1833 552 1866 contingit
570 1833 658 1858 dicere
677 1832 863 1858 ete-Omnes
883 1833 993 1864 codices,
1013 1840 1066 1858 exc.
1085 1833 1122 1863 G,
1141 1832 1263 1857 omittunt
1286 1833 1378 1858 verba:

311 1869 384 1903 quod
396 1871 443 1898 est,
457 1868 492 1893 ita
505 1873 535 1893 ut
548 1869 624 1893 lectio
638 1875 730 1893 eorum
744 1868 789 1892 sit:
804 1867 840 1892 B
853 1867 1006 1892 huiusmodi
1019 1868 1134 1893 medium
1147 1868 1279 1901 contingit
1292 1868 1380 1893 dicere

311 1904 409 1937 (Lom-
418 1904 497 1929 etiam
506 1903 604 1936 dicere)
617 1904 730 1928 multum
745 1903 880 1928 distans-q
889 1903 926 1927 G:
941 1903 1139 1928 &huiusmodi
1153 1903 1267 1928 medium
1281 1906 1380 1928 commt

311 1939 429 1965 dicemus
447 1939 519 1972 quod
537 1942 578 1970 est
595 1939 707 1963 multum
727 1938 868 1963 distans.—
880 1938 968 1963 Verba
985 1938 1049 1963 haec
1067 1946 1090 1963 s.
1104 1938 1222 1963 Thomae
1241 1939 1379 1971 desumpta

311 1979 373 2000 sunt
387 1982 418 1999 ex
429 1979 500 1999 textu
514 1974 675 1999 Aristotelis:
694 1975 774 1998 τοῦτο
789 1972 814 1997 δ’
829 1969 883 1998 ἔστι
902 1969 932 1998 τὸ
948 1972 1027 1998 πλέον
1048 1968 1236 2005 ἀποστήσαντα
1250 1970 1279 1999 τὸ
1301 1973 1378 2008 μέσον

311 2005 403 2040 εἷπεῒν,
421 2009 470 2035 hoc
492 2012 582 2034 autem
607 2011 647 2034 est
665 2009 753 2034 dicere
771 2008 887 2033 medium
906 2009 1055 2040 plurimum
1073 2009 1227 2039 abscedens,
1252 2017 1347 2042 nempe
1365 2017 1380 2034 a

310 2052 340 2071 re
365 2045 575 2070 demonstranda.
605 2044 682 2075 Quod
707 2051 739 2069 ex
767 2044 988 2077 argumentatione
1011 2044 1193 2069 Anacharsidis
1216 2043 1245 2069 fit
1273 2044 1380 2070 manife—

310 2085 392 2106 mm-

365 2115 464 2145 Dicitur
482 2120 570 2141 autem
587 2114 638 2140 hoc
657 2114 708 2146 (de
725 2114 908 2146 Anacharsi),
928 2115 1011 2147 inquit
1028 2114 1202 2148 Philoponus5
1221 2116 1247 2140 in
1265 2115 1379 2148 antiquis

312 2151 460 2176 annalibus:
487 2149 588 2184 φέρεται
606 2147 633 2174 δὲ
657 2151 736 2174 τοῦτο
756 2146 782 2174 ἐν
801 2148 856 2179 τοῖς
882 2144 998 2185 ἄρχαίοις
1022 2145 1283 2185 ἀπομνημονεύμασιν
1308 2151 1351 2184 (In
1370 2151 1380 2175 1

313 2187 415 2211 Poster.
430 2198 450 2206 ·—
463 2186 512 2211 Ed.
525 2186 567 2211 cit.
583 2185 643 2210 Aldi
661 2184 780 2215 Manutii,
799 2193 857 2218 pag.
867 2186 926 2218 99).
945 2185 979 2210 Et
996 2185 1126 2218 Diogenes
1145 2187 1263 2210 Laertius
1283 2186 1309 2210 in
1328 2186 1379 2210 vita

312 2220 498 2247 Anacharsidis
516 2221 622 2254 scythae
637 2220 729 2245 refert:
743 2220 916 2253 Interrogatus
932 2220 1117 2254 (Anacharsis)
1133 2229 1196 2246 num
1211 2227 1299 2246 essent
1312 2221 1380 2254 apud

313 2256 423 2291 Scythas
447 2257 536 2282 tibiae:
561 2256 644 2289 atqui,
664 2255 759 2288 inquit,
778 2263 811 2280 ne
829 2257 895 2280 vites
920 2256 1042 2289 quidem:
1058 2253 1212 2290 Ἐρωτηθεὶς
1231 2252 1252 2281 εἷ
1271 2252 1334 2282 εἰσὶν
1355 2254 1380 2281 ἐν

312 2289 424 2322 Σκύθαις
443 2288 531 2324 αὖλοὶ,
551 2285 629 2323 εἶπεν,
650 2285 712 2315 ἀλλ’
734 2287 793 2315 οὐδὲ
813 2287 933 2324 ἄμπελοι.

366 2325 395 2360 λ)
415 2326 471 2352 Sed
483 2334 538 2359 pro
555 2329 636 2352 cantu
656 2326 877 2351 vindemiantium
892 2326 1099 2352 etc.-Absurda
1117 2334 1225 2360 prorsus
1245 2332 1285 2352 est
1303 2326 1381 2352 lecn'o

315 2362 390 2387 codd.
399 2363 454 2387 AB.
463 2362 566 2387 Primus
580 2362 662 2387 enim:
677 2361 723 2386 sed
732 2368 787 2394 pro
797 2364 877 2386 cantu
888 2369 940 2386 non
955 2362 1180 2393 demonstratum5
1190 2363 1215 2386 in
1225 2370 1307 2395 marg.
1318 2370 1381 2387 vero

314 2397 420 2431 legitur:
439 2397 587 2426 mdacium5
601 2398 635 2422 B:
654 2397 702 2422 sed
715 2404 769 2429 pro
787 2399 867 2422 cantu
881 2404 934 2422 non
950 2397 1261 2423 demonstrata—BER:
1275 2398 1322 2430 qui
1336 2405 1382 2422 νο·

313 2436 407 2462 catur-,¹
425 2433 463 2458 0:
482 2440 559 2465 quem
577 2435 675 2458 vocant
680 2440 689 2463 ‚·
707 2432 742 2456 P:
761 2432 834 2465 quod
852 2435 971 2457 vocatur.

367 2468 397 2493 In
417 2468 555 2494 Glossario
568 2468 601 2493 ad
615 2468 754 2501 scriptores
770 2467 871 2492 mediae
883 2472 909 2492 et
922 2466 1025 2492 infimae
1039 2468 1169 2493 latinitatis
1193 2468 1308 2500 (auctore
1322 2468 1382 2493 Du·-

2423 284 2496 321 235

1431 363 1533 412 apud
1554 364 1714 412 Scythas
1743 375 1823 400 non
1851 370 1938 399 sunt
1957 362 2166 400 sibilatores
2182 365 2213 410 *,
2229 371 2385 412 propter
2412 366 2497 413 hoc,

1431 416 1536 464 quod
1564 422 1755 453 nonsunt
1781 416 1834 453 ihi
1858 416 1961 452 vites.
1991 417 2078 452 Hoc
2107 416 2209 453 enim
2238 425 2294 453 est
2327 417 2499 454 medium

1430 469 1544 506 valde
1574 477 1777 506 remotum.
1808 469 2073 518 Propinquum
2094 469 2197 506 enim
2217 477 2316 507 esset
2341 482 2414 507 non
2434 472 2499 507 ha-

1432 522 1521 558 bere
1538 522 1690 566 vinum‚·
1711 529 1747 559 et
1775 521 1900 558 adhuc
1927 522 2178 571 propinquius
2200 535 2274 560 non
2304 523 2429 559 bibere
2446 524 2500 560 vi-

1433 587 1542 619 num;
1570 587 1616 611 ex
1645 587 1721 623 quo
1751 575 1920 623 sequitur
1947 575 2085 612 laetitia
2105 575 2230 613 cordis
2251 588 2349 625 quae
2369 584 2502 613 movet

1433 627 1481 664 ad
1511 629 1754 675 cantandum,
1783 636 1826 665 ut
1853 628 1906 665 sic
1925 628 2085 665 sibilatio
2100 629 2120 650 *
2132 641 2204 677 pro
2230 636 2343 666 cantu
2370 629 2501 666 intelli-

1433 688 1551 728 gatur.
1572 682 1643 717 Vel
1672 681 1808 718 melius
1834 689 1961 730 potest
1985 681 2058 719 dici
2078 682 2183 730 quod
2212 682 2341 719 sibilus
2360 682 2422 719 hic
2441 695 2501 719 ac-

1435 733 1569 782 cipitur
1602 746 1681 770 non
1712 746 1784 782 pro
1818 734 1988 783 quolibet
2021 742 2150 781 cantu;
2185 735 2253 772 sed
2283 747 2354 784 pro
2389 743 2501 772 cantu

1433 786 1766 834 vindemiantium,
1797 787 1861 836 qui
1888 795 2050 824 vocatur
2077 788 2244 825 celeuma
2263 786 2286 825 λ.

1489 841 1524 876 6.
1554 839 1704 876 Deinde
1735 852 1823 876 cum
1853 839 1958 877 dicit:
1988 841 2200 878 Secundum
2234 837 2382 890 quidem
2412 849 2499 888 etc.‚

1436 892 1600 941 epilogat
1615 893 1720 941 quod
1737 893 1757 914 *
1772 892 1925 940 dixerat,
1948 892 2094 930 dicens:
2112 894 2216 942 quod
2235 895 2307 931 hae
2328 902 2414 931 sunt
2434 894 2501 932 dif-

1435 945 1614 982 ferentiae
1643 945 1852 993 syllogismi
1881 946 1969 993 quia
1998 947 2047 983 ad
2075 947 2336 994 syllogismum
2357 948 2422 996 qui
2446 956 2503 985 est

1429 1004 1587 1047 propter
1623 998 1731 1046 quid,
1770 998 1809 1034 in
1844 998 1981 1035 eadem
2019 999 2196 1047 scientia,
2231 1007 2267 1037 et
2297 1001 2500 1038 secundum

1436 1051 1654 1087 eorumdem
1672 1056 1693 1078 ι’*
1713 1051 1956 1098 positionem,
1981 1051 2078 1088 idest
2106 1064 2239 1090 eorum
2269 1054 2332 1102 qui
2361 1054 2502 1091 habent

1437 1103 1619 1139 eumdem
1640 1103 1826 1140 ordinem.
1855 1104 1973 1150 Quod
1999 1104 2133 1141 dicitur
2151 1106 2200 1142 ad
2219 1108 2501 1144 removendum

1435 1155 1543 1244 illud,
1565 1157 1671 1204 quod
1688 1156 1806 1204 post*
1827 1156 1941 1202 dicet,
1963 1158 2068 1205 quod
2086 1170 2163 1195 una
2182 1159 2336 1196 scientia
2355 1167 2411 1196 est
2431 1161 2501 1197 sub

1437 1221 1459 1245 a
1473 1216 1563 1245 tera.

1435 1373 1546 1408 Gange),
1567 1375 1599 1399 ad
1613 1382 1670 1399 voc.
1689 1375 1823 1405 celeuma,
1844 1375 1908 1400 haec
1922 1380 2058 1400 notantur:
2075 1385 2087 1399 a:
2101 1376 2224 1401 Celeuma
2243 1385 2291 1409 pro
2308 1378 2452 1408 Celeusma,
2465 1387 2503 1412 gr.

1436 1420 1449 1432 »
1466 1409 1609 1444 κέλευσμα,
1630 1415 1720 1435 cantus
1744 1416 1895 1440 nautarum,
1915 1418 1996 1443 quem
2015 1411 2042 1435 in
2060 1412 2192 1444 prosperis
2210 1413 2362 1444 praesertim
2386 1414 2504 1438 concine-

1436 1455 1450 1468 »
1466 1445 1535 1470 bant.
1555 1445 1675 1470 Occurrit
1694 1446 1719 1470 in
1738 1446 1796 1471 Vita
1814 1454 1836 1471 s.
1852 1446 2010 1477 Genovefae,
2022 1447 2107 1471 tom.l
2121 1447 2236 1477 SS.1an.‚
2251 1456 2277 1480 p.
2292 1455 2349 1479 141,
2369 1454 2394 1473 et
2407 1450 2433 1473 in
2446 1450 2504 1474 Vita

1437 1490 1449 1503 »
1466 1488 1487 1505 s.
1497 1481 1608 1505 Wilfridi
1624 1481 1689 1506 inter
1702 1482 1767 1506 Acta
1781 1482 1826 1506 SS.
1836 1481 1975 1512 Benedict„
1991 1489 2058 1506 saec.
2072 1489 2102 1513 4,
2116 1487 2181 1514 part.
2191 1490 2208 1512 1,
2223 1490 2281 1515 pag.
2289 1482 2370 1515 684.»
2380 1498 2399 1502 —
2410 1484 2505 1516 (Editio

1435 1523 1538 1541 nova....
1557 1523 1636 1548 opera
1660 1521 1685 1540 et
1704 1517 1790 1541 studio
1809 1516 1958 1542 monachor.
1978 1517 2034 1542 ord.
2054 1525 2076 1542 s.
2090 1518 2188 1542 Bened.
2206 1526 2221 1542 e
2240 1525 2361 1551 congreg.
2382 1527 2403 1543 s.
2414 1520 2504 1544 Mauri.

1434 1551 1538 1576 Parisiis
1556 1551 1648 1584 1733).
1662 1564 1680 1571 —-
1694 1552 1722 1575 In
1743 1552 1882 1576 Glossario
1901 1557 1988 1577 autem
2007 1560 2075 1577 novo
2094 1553 2126 1577 ad
2145 1553 2284 1585 scriptores
2303 1554 2380 1579 medii
2400 1555 2470 1585 aevi,
2490 1563 2504 1579 a

1434 1594 1460 1619 p.
1470 1586 1622 1619 Carpentier
1635 1587 1669 1611 Ο.
1677 1587 1703 1611 S.
1711 1587 1750 1618 B„
1761 1588 1793 1611 ad
1804 1595 1863 1612 voc.
1877 1588 2007 1617 Celeuma,
2018 1588 2125 1620 legitur:
2137 1598 2149 1610 α
2160 1588 2291 1620 Celeuma,
2300 1597 2348 1621 pro
2358 1590 2504 1621 Celeuma,

1436 1632 1449 1644 »
1466 1622 1544 1647 adde:
1560 1622 1678 1647 Glossar.
1693 1627 1744 1647 vet.
1756 1630 1786 1647 ex
1801 1623 1857 1647 cod.
1873 1631 1926 1655 reg.
1944 1622 2003 1653 521,
2021 1624 2151 1653 Celeuma,
2167 1624 2269 1649 clamor
2283 1625 2413 1655 nauticus,
2428 1631 2504 1658 quem

1436 1666 1449 1679 ›
1465 1657 1584 1690 efficiunt
1597 1658 1756 1690 quandoque
1771 1661 1869 1682 nautae
1882 1661 1998 1690 propter
2012 1658 2189 1684 turbationem
2203 1659 2277 1684 caeli.
2289 1660 2376 1684 Gloss.
2391 1661 2433 1685 lat.
2444 1661 2503 1693 gall.

1436 1701 1449 1715 ›
1465 1700 1496 1717 ex
1515 1693 1572 1717 cod.
1586 1700 1640 1725 reg.
1652 1692 1731 1725 7692.
1754 1693 1883 1723 Celeuma,
1900 1693 2041 1726 Cotuenge.
2051 1703 2064 1716 »
2074 1694 2230 1719 -Henricus
2249 1695 2396 1727 Stephanus
2415 1696 2503 1727 (The-

1434 1734 1531 1752 saurus
1548 1735 1664 1760 graecae
1682 1728 1808 1761 linguae)
1826 1736 1884 1753 voc.
1897 1727 2026 1763 κέλευσμα
2045 1729 2140 1761 inquit:
2161 1730 2296 1760 «Iussum,
2312 1731 2504 1756 mandatum...

1436 1771 1450 1786 ›
1465 1763 1530 1788 Item
1549 1762 1751 1793 hortamentum,
1771 1764 1843 1796 quod
1861 1763 1979 1789 hortandi
1996 1772 2073 1789 causa
2092 1765 2190 1790 dicitur.
2210 1765 2261 1790 Sed
2275 1773 2339 1790 usus
2353 1766 2463 1791 obtinuit
2476 1771 2504 1791 ut

1436 1808 1450 1820 ι
1466 1799 1498 1822 ad
1517 1798 1710 1823 hortamentum
1729 1799 1800 1831 quod
1819 1799 1960 1831 remigibus
1980 1800 2070 1830 datur,
2089 1800 2194 1824 verbale
2212 1801 2281 1825 istud
2299 1801 2504 1834 restringeretur,

1436 1843 1449 1856 ›
1466 1833 1491 1858 id
1514 1839 1554 1858 est
1575 1834 1725 1864 Celeusma‚
1750 1839 1779 1858 ut
1798 1835 1867 1859 latini
1893 1842 1998 1867 quoque
2024 1835 2199 1867 loquuntur.»
2220 1836 2316 1860 Similia
2341 1841 2460 1861 notantur
2479 1838 2505 1861 in

1434 1869 1528 1894 Lexic.
1542 1869 1619 1894 latin.
1639 1869 1775 1894 Facciolati
1795 1874 1821 1894 et
1833 1869 1978 1900 Forcelhni,
1994 1875 2097 1895 curante
2110 1870 2267 1901 Furlanetto,
2280 1879 2337 1896 voc.
2355 1872 2504 1902 Celeusma,·

1434 1904 1496 1928 item
1510 1912 1525 1929 a
1537 1904 1642 1929 Matthia
1656 1905 1776 1929 Martinio
1794 1905 1820 1929 in
1833 1905 1902 1930 Lex.
1912 1905 2042 1938 philolog.
2053 1910 2110 1936 etc.‚
2124 1914 2181 1931 voc.
2199 1907 2342 1937 Celeusma,
2358 1907 2402 1940 qui
2416 1912 2504 1932 tamen

1434 1955 1515 1980 addit:
1531 1964 1544 1977 «
1552 1955 1636 1979 Latin.
1643 1955 1709 1979 Bibl.
1717 1955 1808 1988 interp.
1815 1963 1863 1988 pro
1872 1954 1945 1980 hebr.
1959 1954 2053 2000 ἾἹἾζῐ
2065 1955 2142 1981 habet
2152 1956 2276 1981 Celeuma
2287 1957 2380 1982 Ierem.
2397 1965 2453 1988 xxv,
2463 1957 2503 1988 30,

1436 2020 1449 2033 ι
1466 2016 1491 2035 et
1509 2018 1603 2042 xnvm,
1625 2010 1672 2042 33,
1692 2016 1718 2036 et
1735 2019 1775 2041 LI,
1799 2019 1837 2043 ¹4·
1857 2011 1905 2035 Est
1923 2016 2009 2036 autem
2034 2011 2122 2037 hedad
2147 2012 2245 2037 clamor
2269 2013 2421 2038 calcantium
2440 2021 2504 2038 uvas

1435 2054 1450 2069 ιο
1467 2043 1614 2078 (ἐπιλήνιον
1642 2038 1729 2080 ᾆσμα)
1749 2047 1815 2071 sicut
1834 2051 1860 2071 et
1878 2047 1976 2071 clamor
2001 2047 2213 2080 depopulantium
2235 2048 2313 2072 urbes
2331 2049 2373 2073 vel
2392 2056 2477 2081 agros.
2490 2058 2503 2071 »

1434 2081 1502 2106 Hinc
1521 2089 1543 2106 s.
1555 2082 1732 2114 Hieronymus
1751 2082 1795 2106 lib.
1809 2081 1833 2105 V
1852 2082 1878 2106 in
1896 2082 1997 2112 Isaiam,
2013 2090 2092 2115 super
2106 2090 2161 2115 cap.
2170 2090 2220 2114 xvr,
2233 2091 2258 2108 v.
2277 2091 2316 2112 10,
2330 2083 2422 2108 habet:
2443 2094 2455 2106 ι
2469 2084 2505 2108 Et

1436 2125 1450 2140 >
1467 2116 1494 2141 in
1514 2116 1599 2142 vineis
1619 2124 1671 2142 non
1690 2117 1831 2147 exultabit,
1852 2124 1934 2150 neque
1953 2117 2082 2143 iubilabit.
2102 2118 2258 2143 Subauditur
2277 2119 2346 2151 prior
2364 2119 2504 2144 vindemia-

1437 2162 1450 2175 ›
1465 2156 1514 2183 tor,
1534 2152 1559 2176 id
1579 2157 1618 2176 est
1637 2153 1745 2178 colonus
1760 2152 1906 2177 moabitidis
1920 2154 2075 2185 provinciae.
2088 2153 2206 2186 Denique
2220 2155 2306 2178 statim
2319 2154 2438 2179 subiecit:
2463 2155 2505 2179 Vi-

1437 2197 1451 2210 »
1467 2195 1529 2212 num
1550 2187 1576 2211 in
1597 2188 1730 2213 torculari
1747 2195 1799 2212 non
1818 2188 1939 2218 calcabit,
1955 2189 2002 2220 qui
2019 2190 2122 2214 calcare
2141 2192 2330 2214 consueverat.-
2348 2197 2436 2214 vocem
2450 2190 2504 2215 cal-

1437 2232 1450 2245 »
1466 2222 1585 2248 cantium
1605 2223 1711 2248 abstuli.
1731 2223 1902 2255 Nequaquam
1915 2224 1941 2247 in
1955 2224 2084 2249 vindemia
2103 2225 2186 2248 laetus
2198 2224 2368 2249 vindemiator
2388 2226 2505 2249 celeuma

1437 2267 1451 2281 ²>
1468 2258 1593 2289 cantabit,
1613 2259 1659 2282 sed
1684 2259 1781 2291 ubique
1805 2258 1906 2283 hostilis
1924 2259 2046 2290 vastitas,
2072 2265 2097 2284 et
2115 2260 2242 2284 victorum
2260 2260 2356 2284 orietur
2374 2261 2471 2285 clamor
2488 2269 2503 2284 ι

1437 2291 1518 2327 (Opp.
1533 2293 1611 2318 Tom.
1626 2292 1823 2318 IV.—Veronae
1846 2293 1920 2326 1735.
1930 2307 1950 2312 —
1960 2294 2071 2319 Curante
2089 2290 2236 2329 vallarsio).

1490 2328 1518 2362 μ)
1534 2328 1686 2353 Secundum
1701 2329 1854 2354 eorumdem
1869 2329 2039 2361 positionem.
2048 2344 2069 2350 —·
2079 2330 2160 2355 Codd.
2174 2330 2346 2360 BCDEQST:
2360 2330 2503 2356 secundum

1436 2370 1527 2388 eorum
1543 2364 1714 2395 positionem.
1729 2364 1822 2389 Versio
1841 2365 1925 2394 latina,
1945 2372 2012 2397 quae
2031 2373 2109 2397 supra
2128 2365 2227 2398 legitur,
2247 2365 2324 2390 habet
2337 2366 2504 2395 eorumdem,·

1437 2399 1484 2423 sed
1501 2404 1587 2423 textus
1606 2407 1714 2432 graecus
1734 2407 1786 2424 non
1805 2399 1958 2425 eorumdem
1972 2408 2059 2432 neque
2073 2407 2174 2430 eorum,
2189 2401 2236 2425 sed
2251 2401 2398 2426 mediorum
2412 2401 2503 2425 habet:

1435 2431 1478 2458 καὶ
1493 2432 1560 2458 κατὰ
1579 2431 1624 2466 τὴν
1645 2435 1694 2459 τῶν
1715 2433 1798 2468 μέσων
1817 2433 1893 2460 etam.
1912 2435 1946 2460 Et
1964 2436 2114 2461 mediorum
2132 2437 2207 2461 vertit
2225 2435 2350 2461 Boethius
2369 2437 2378 2461 1
2393 2437 2503 2466 Foster„

1438 2477 1494 2502 cap.
1512 2477 1566 2495 x.--
1579 2470 1627 2494 Ed.
1646 2477 1677 2494 a:
1697 2470 1765 2495 idest
1783 2477 1889 2500 eorum,
1911 2477 1987 2503 quae.

2527 378 2535 385 ·
2547 376 2621 398 Codd.
2631 377 2693 403 (exc.
2703 379 2730 403 a)

2527 403 2684 425 sibilationes.

2528 640 2536 648 ⁶
2545 647 2559 661 A
2569 646 2593 668 p.
2603 641 2741 662 m.:sibilus.

2625 796 2643 821 λ

2528 905 2538 916 “
2547 910 2664 930 nneqasr:
2679 911 2743 952 guae

2568 937 2595 952 1-1:
2611 931 2677 952 dicen
2695 938 2717 952 o.

2627 1074 2646 1099 μ

2530 1175 2540 1185 “
2555 1176 2618 1197 Lect.
2629 1181 2678 1202 seq.
