2548 4192
536 260 998 297 DISSERTATIONES
1028 261 1276 298 CRITICAE
1305 261 1361 298 IN
1390 261 1429 298 S.
1450 261 1693 299 THOMAM
1719 262 2044 308 AQUINATEM

198 343 407 384 ignorantiae
436 340 633 372 consuletur.
663 339 788 370 Parisiis
825 339 1046 370 elucubratum
1082 339 1144 370 hoc
1179 339 1272 380 Opus

196 397 256 428 pro
280 393 365 418 certo
388 385 503 423 habeo,
527 390 639 424 utpote
658 383 851 424 petulantiae
870 384 1058 424 oppositum
1075 384 1271 415 scholarium

195 432 237 463 de
257 430 449 466 Garlandia,
473 428 669 459 Parisiorum
691 428 774 466 vico,
798 435 835 459 ut
853 429 1005 459 admonet
1023 428 1215 459 Guillelmus
1234 429 1273 459 de

197 476 324 507 Tocco:
349 473 679 513 verisimillimumque
702 479 783 512 puto
819 472 1003 504 confectum
1032 474 1071 503 ab
1099 472 1174 511 illo,
1199 482 1273 503 cum

197 519 336 551 secunda
357 518 426 549 vice
445 517 691 549 Saniacobaeam
710 516 854 547 scholam
873 524 992 557 regeret
1010 524 1084 558 post
1103 527 1153 548 an.
1179 517 1271 557 1269.

266 563 319 594 111.
344 563 478 593 Ioannes
501 561 691 592 Ambrosius
714 561 889 592 Barbavara
911 562 945 592 in
964 572 1022 592 sua
1046 572 1105 592 ms.
1126 561 1273 601 Opuscu-

199 608 307 639 lorum
330 607 429 638 sancti
455 606 603 637 Thomae
632 615 764 636 censura
787 606 864 637 haec
886 606 995 637 habet:
1024 619 1039 634 ‹
1053 606 1088 636 In
1107 605 1274 646 Opusculo

201 664 217 680 s
238 652 290 683 De
305 653 428 683 unitate
444 651 623 682 intellectus
639 655 752 681 contra
765 651 982 688 Averroistas,
994 650 1132 690 integrae
1143 650 1274 690 paginae

202 708 218 724 »
240 706 277 727 ex
284 695 464 727 Themistio
475 695 644 726 recitantur
651 696 743 725 iuxta
755 696 931 726 versionem
939 695 1113 726 Hermolai
1119 695 1273 732 Barbari,

202 752 218 768 ι
240 750 281 771 ne
318 740 434 771 vocula
464 739 596 780 quidem
625 739 803 770 immutata.
832 740 925 771 Unde
953 739 1098 779 cogimur
1125 739 1275 779 suspicari

203 797 218 813 ιι
239 785 291 816 vel
313 791 478 815 auctorem
505 783 610 824 operis
633 784 840 815 recentiorem
866 791 947 822 esse;
971 784 1022 815 vel
1045 784 1108 814 divi
1129 784 1276 814 Thomae

202 842 218 858 ι
240 829 362 870 scriptis
381 828 502 870 aliquid
520 828 639 859 alienae
658 838 772 868 operae
791 836 886 870 atque
905 829 1077 860 industriae
1095 828 1276 869 inspersum

203 886 219 902 ι
241 874 348 905 fuisse.
375 874 557 914 Utcumque
587 872 638 910 sit,
662 879 744 904 certe
767 873 874 904 dolere
897 883 963 904 non
994 873 1147 904 debemus
1181 872 1277 903 talem

203 931 219 947 ι»
245 918 399 959 Aquinati
413 917 626 958 imposturam
642 915 767 956 factam,
785 928 860 948 cum
875 918 954 948 liber
969 917 1147 948 eruditione
1163 917 1277 957 plenus

203 976 219 992 ι
242 963 291 994 sit.
309 976 325 991 v
351 962 495 993 Prolixos
519 972 556 992 ex
579 961 758 993 Themistio
782 962 872 992 locos
896 962 1008 992 allatos
1028 961 1170 992 conferre
1188 960 1277 991 licuit

201 1018 278 1039 cum
300 1007 396 1038 latina
415 1006 581 1038 Hermolai
598 1006 726 1036 Barbari
748 1006 1016 1046 interpretatione,
1035 1005 1175 1036 Venetiis
1194 1005 1277 1046 typis

200 1052 285 1083 edita
304 1061 390 1082 anno
410 1062 420 1082 1
430 1053 492 1091 549
509 1050 596 1091 apud
611 1050 849 1091 Hieronymum
865 1050 1014 1081 Scotum:
1030 1050 1162 1090 ipsaque
1179 1049 1277 1079 dubio

201 1096 326 1137 procul,
349 1106 432 1136 quae
450 1095 564 1135 legitur
581 1094 615 1124 in
634 1094 723 1125 editis
742 1094 900 1135 Opusculi
919 1104 937 1124 a
953 1104 1005 1124 me
1023 1093 1096 1124 visis
1116 1093 1277 1138 exemplis,

202 1140 367 1171 Hermolai
390 1138 518 1170 Barbari
541 1138 755 1178 interpretatio
780 1145 918 1179 prostat,
944 1148 984 1168 ne
1007 1139 1121 1169 vocula
1151 1137 1277 1178 quidem

201 1186 381 1221 immutata,
406 1190 443 1213 ut
466 1182 509 1213 ait
530 1183 714 1214 Barbavara.
740 1185 783 1213 At
805 1183 963 1213 levissima
986 1182 1039 1212 illa
1070 1188 1116 1212 est
1140 1182 1278 1212 censoris

201 1228 305 1270 prima
332 1227 484 1268 suspicio,
511 1232 676 1258 auctorem
704 1227 820 1268 Operis
842 1228 1052 1258 recentiorem
1076 1234 1161 1257 esse:
1183 1226 1278 1256 veris-

200 1273 282 1304 sima
297 1282 380 1314 quae
398 1271 542 1312 sequitur
560 1271 752 1310 coniectura,
768 1271 835 1302 divi
855 1271 994 1302 Thomae
1008 1271 1137 1311 scriptis
1155 1270 1279 1311 aliquid

202 1318 330 1349 alienae
352 1326 475 1357 operae
497 1321 594 1357 atque
617 1317 796 1347 industriae
819 1317 998 1356 inspersum
1013 1315 1134 1356 fuisse.

240 1376 248 1379 ⁴
263 1360 404 1393 Laudati
442 1361 487 1391 Io.
521 1360 682 1391 Ambrosii
713 1361 888 1391 Barbavara
903 1383 912 1398 ‚
945 1359 1002 1401 qui
1034 1359 1279 1391 mediolanensis

201 1405 405 1446 Eustorgiani
429 1405 577 1436 coenobii
600 1405 750 1436 alumnus
780 1404 856 1443 fuit,
881 1404 1022 1444 elogium
1047 1404 1123 1435 texit
1145 1405 1279 1436 Iacobus

201 1450 366 1483 Echardus
393 1456 486 1480 tomo
510 1449 537 1480 11
566 1449 766 1490 Scriptorum
793 1449 923 1480 Ordinis
953 1449 1210 1480 Praedicatorum
1239 1450 1279 1480 ad

202 1505 326 1526 annum
353 1495 437 1535 1594
460 1494 592 1535 eiusque
621 1504 719 1534 opera
741 1500 891 1524 recenset.
916 1493 1115 1524 Mentionem
1139 1493 1221 1524 inter
1243 1504 1280 1524 ea

201 1539 316 1581 ingerit
333 1539 457 1570 nullam
475 1546 669 1569 memoratae
687 1538 721 1569 in
740 1538 906 1578 Opuscula
927 1538 1026 1568 sancti
1044 1538 1192 1569 Thomae
1208 1549 1279 1570 cen-

202 1594 304 1616 surae.
325 1584 417 1614 Hanc
441 1593 501 1623 ego
524 1583 674 1623 possideo
699 1593 758 1613 ms.
779 1593 817 1613 ex
836 1582 943 1613 codice
966 1582 1195 1613 Mediolanensi
1224 1584 1278 1614 de-

202 1628 363 1670 scriptam.
381 1627 579 1658 lnscribitur:
599 1627 746 1658 Censura
774 1627 1023 1668 Opusculorum,
1040 1637 1123 1668 quae
1137 1627 1196 1658 sub
1214 1627 1281 1658 divi

204 1674 349 1704 *nomae
356 1673 528 1713 Aquinatis
542 1673 635 1703 titulo
649 1673 805 1703 hactenus
813 1672 983 1712 prodiere,
993 1671 1036 1702 ad
1050 1672 1279 1703 reverendissi-

203 1727 291 1749 mum
301 1722 431 1758 patrem
447 1717 641 1757 magistrum
659 1716 828 1747 Cuballum
843 1717 1036 1747 brixiensem
1055 1715 1190 1747 Ordinis
1204 1726 1279 1747 san-

202 1763 247 1794 cti
265 1762 444 1799 Dominici,
463 1760 654 1792 Generalem
671 1761 898 1802 Inquisitorem
915 1766 946 1791 et
962 1761 994 1791 in
1009 1761 1158 1791 Romana
1178 1761 1280 1792 Curia

202 1807 463 1838 Procuratorem.
488 1805 581 1846 Opus
609 1815 676 1835 non
699 1805 798 1835 semel
816 1811 974 1835 memorat
991 1805 1103 1835 Petrus
1122 1805 1161 1836 de
1179 1805 1279 1844 Alva,

203 1850 326 1882 mutilis
340 1850 534 1891 quibusdam
548 1849 627 1880 locis
642 1849 784 1890 prolatis.
803 1850 965 1890 Integrum
979 1859 1038 1890 pro
1055 1849 1127 1880 data
1142 1850 1281 1881 occasio-

203 1905 244 1926 ne
262 1895 296 1926 in
311 1894 565 1935 Opusculorum,
582 1904 664 1935 quae
681 1893 829 1934 deinceps
843 1895 1032 1924 recensenda
1051 1895 1281 1932 sunt,examine

201 1939 348 1971 exhibere
363 1945 509 1979 praestat:
526 1938 694 1979 ipsamque
711 1938 773 1969 hoc
791 1939 866 1969 loco
881 1938 1115 1969 Praefationem
1130 1949 1165 1970 ac
1180 1949 1282 1979 pauca

203 1983 333 2025 profero
343 1983 449 2022 verba,
459 1992 542 2024 quae
556 1983 595 2013 de
605 1983 764 2023 prioribus
775 1983 948 2024 Opusculis
958 1983 1052 2014 habet
1068 1993 1171 2024 usque
1181 1983 1220 2014 ad
1229 1994 1279 2014 xx.

273 2041 289 2056 ‹
307 2027 380 2058 Divi
395 2027 564 2069 Aquinatis
578 2027 686 2068 Opera
700 2027 840 2059 studiose
855 2028 1027 2068 perlegenti
1041 2028 1161 2058 mirum
1176 2028 1281 2059 statim

206 2085 222 2102 a»
244 2079 384 2113 apparet,
404 2071 663 2102 reverendissime
681 2073 782 2110 Pater,
803 2082 902 2113 quam
924 2072 1019 2103 fuerit
1041 2082 1149 2103 veram
1168 2080 1199 2104 et
1214 2083 1281 2113 ger-

206 2129 222 2146 »
243 2116 436 2158 manamssin
466 2117 624 2147 tradendis
656 2124 686 2148 et
716 2117 950 2148 conscribendis
979 2117 1097 2147 artibus
1126 2117 1282 2148 rationem

205 2174 222 2190 :v
243 2162 444 2202 insequutus.
474 2161 640 2201 Siquidem
663 2172 682 2192 a
705 2161 815 2202 primis
839 2171 964 2201 semper
986 2161 1164 2202 principiis,
1195 2172 1282 2193 com-

206 2218 222 2235 »
244 2206 381 2247 positiva
404 2205 570 2243 methodo,
595 2206 722 2237 deducit
744 2206 974 2236 remotissima:
994 2206 1033 2236 ab
1053 2206 1282 2237 universalibus

208 2264 223 2279 ι»
246 2250 427 2291 singularia,
452 2260 470 2280 a
493 2250 667 2280 notissimis
690 2260 797 2281 rerum
820 2250 970 2281 omnium
998 2251 1229 2282 abstrusissima
1252 2258 1283 2282 et

207 2307 223 2324 ι»
244 2294 505 2336 profundissima.
530 2294 651 2326 Ordine
680 2295 805 2335 singula
828 2294 956 2335 digerit:
988 2305 1024 2326 ac
1048 2305 1108 2326 suo
1136 2305 1283 2337 quaeque

208 2352 224 2368 ²
246 2339 320 2370 loco
344 2339 388 2370 ita
411 2339 562 2379 disponit,
586 2346 623 2370 ut
645 2346 838 2380 perpetuum
861 2339 1035 2380 quemdam
1063 2347 1157 2381 atque
1187 2340 1282 2370 indis-

208 2396 224 2412 »
247 2383 419 2415 solubilem
434 2393 541 2414 rerum
557 2393 676 2414 nexum
690 2384 797 2414 videas
814 2391 845 2414 et
858 2384 948 2425 quasi
964 2384 1104 2414 solidum
1118 2385 1283 2425 quoddam

209 2440 225 2456 ι
247 2428 385 2459 veritatis
408 2438 536 2468 corpus,
560 2429 648 2459 nulla
670 2439 708 2459 ex
730 2435 818 2469 parte
840 2438 979 2459 vacuum
1002 2435 1057 2459 aut
1079 2428 1182 2459 inane.
1206 2429 1282 2459 Ver-

210 2485 226 2500 »
248 2473 366 2503 borum
389 2472 566 2512 spectabilis
594 2479 641 2503 est
668 2473 844 2512 frugalitas:
873 2482 1054 2513 numquam
1081 2473 1284 2513 prosequitur

210 2529 226 2544 ι»
247 2516 400 2547 flosculos
433 2523 488 2547 aut
515 2517 621 2547 inania
649 2517 804 2547 sermonis
831 2516 1009 2556 pigmenta:
1041 2523 1166 2547 tantum
1197 2524 1284 2548 curat

210 2573 225 2588 ι
248 2568 285 2592 ut
307 2561 401 2601 plena
420 2561 460 2592 sit
478 2561 580 2591 oratio
600 2561 704 2592 fructu
725 2571 760 2591 ac
779 2561 962 2601 cognitione
981 2571 1098 2599 rerum,
1118 2571 1200 2602 quae
1215 2571 1282 2592 non

209 2617 225 2633 »
248 2615 338 2636 aures
362 2605 403 2635 ad
431 2615 578 2646 praesens
607 2605 802 2644 demulceat,
831 2605 887 2636 sed
916 2605 1117 2636 indelebilem
1146 2605 1283 2637 veritatis

208 2661 224 2678 ›
247 2649 459 2681 characterem
486 2650 595 2680 animo
625 2650 732 2690 potius
756 2650 923 2690 insculpat.
953 2650 1131 2681 Sententiae
1159 2660 1284 2690 semper

207 2705 224 2722 ν
247 2700 322 2725 sunt
344 2703 464 2734 graves,
489 2701 525 2725 ut
547 2694 581 2724 in
604 2694 664 2724 illis
688 2694 858 2734 petulantis
882 2701 937 2725 aut
958 2694 1147 2725 lascivientis
1171 2695 1283 2725 calami

208 2750 224 2766 -ι
246 2738 361 2770 vitium
379 2738 492 2769 nullibi
511 2749 674 2779 agnoscas.
691 2739 798 2779 Stylus
814 2738 948 2779 simplex
963 2738 1105 2779 quidem,
1123 2749 1284 2780 nusquam

210 2795 226 2810 ν
247 2789 356 2814 tamen
386 2783 525 2814 abiectus
554 2790 609 2814 aut
631 2783 772 2814 humilis.
798 2784 901 2814 Voces
924 2782 1072 2823 propriae
1100 2790 1131 2814 et
1161 2784 1201 2813 ad
1225 2784 1283 2814 do-

210 2839 226 2854 »
249 2827 388 2859 cendum
415 2827 594 2868 appositae:
625 2828 667 2858 ita
682 2834 719 2858 ut
742 2837 779 2858 ex
801 2827 921 2858 intimis
940 2828 1040 2868 ipsius
1064 2828 1124 2866 rei,
1154 2828 1192 2858 de
1220 2838 1285 2869 qua

211 2884 227 2899 ι
247 2871 362 2912 agitur,
378 2871 548 2902 visceribus
564 2872 679 2912 petitae
694 2872 869 2903 videantur.
887 2872 976 2903 Dum
991 2883 1049 2903 sua
1065 2873 1188 2912 probat,
1209 2882 1284 2903 con-

210 2926 226 2942 »
249 2915 458 2946 stantissimus
483 2923 529 2947 est
551 2923 583 2947 et
605 2916 664 2947 sibi
687 2926 812 2957 semper
835 2917 961 2947 similis:
986 2917 1066 2947 dum
1089 2917 1190 2947 aliena
1209 2927 1283 2947 con-

211 2971 227 2986 »
249 2959 341 2998 futat,
365 2960 534 2991 acem‘mus
558 2961 690 3001 quidem
713 2961 769 2991 sed
787 2961 1059 2999 modestissimus;
1083 2968 1120 2992 ut
1142 2961 1197 3002 qui
1217 2972 1283 2992 non

211 3015 227 3031 ›
250 3013 326 3034 cum
354 3003 558 3043 hominibus,
594 3005 649 3036 sed
685 3015 759 3036 cum
792 3005 945 3045 perversis
973 3012 1098 3036 tantum
1126 3006 1283 3046 dogmatis

211 3060 227 3075 ³
250 3054 344 3088 atque
373 3048 580 3088 opinionibus
607 3049 729 3080 bellum
757 3049 815 3080 sibi
844 3059 910 3080 esse
939 3050 1101 3090 intelligat.
1127 3050 1162 3080 In
1190 3051 1283 3081 rebus

212 3104 228 3119 ι»
249 3091 324 3122 fidei
346 3093 570 3132 pertractandis
604 3094 828 3124 ecclesiasticae
859 3094 1041 3134 disciplinae
1070 3101 1100 3125 et
1122 3095 1284 3134 Apostoli-

212 3149 228 3164 >
251 3146 360 3167 carum
383 3136 590 3174 traditionum
613 3147 738 3178 semper
767 3138 1076 3169 observantissimus:
1106 3139 1226 3179 ubique
1249 3138 1283 3169 fi-

212 3193 228 3208 »
251 3180 328 3210 delis
352 3186 383 3210 et
406 3180 480 3211 citra
503 3191 636 3211 omnem
659 3183 917 3222 superstitionem
940 3183 1012 3223 pius
1035 3193 1072 3213 ac
1091 3190 1227 3214 sanctus.
1248 3183 1284 3213 In

213 3237 228 3252 ι
250 3224 392 3265 Physicis
416 3224 535 3265 ubique
558 3225 779 3266 Peripateticae
799 3227 982 3267 disciplinae
1005 3227 1176 3267 professor,
1196 3237 1283 3267 prae-

212 3281 228 3297 »
250 3275 397 3310 terquam
419 3268 475 3299 ubi
498 3279 517 3299 a
540 3270 693 3300 catholica
714 3270 843 3301 veritate
867 3271 1018 3302 deviatur.
1037 3271 1125 3302 Nihil
1148 3271 1284 3312 denique

213 3326 229 3341 x
252 3320 298 3344 est
325 3313 359 3343 in
382 3313 450 3343 eius
478 3313 611 3353 scriptis,
640 3314 730 3354 quod
759 3315 956 3346 maiestatem
985 3325 1052 3345 non
1082 3315 1283 3355 praeseferat:

212 3369 228 3384 :v
251 3357 330 3388 nihil
348 3358 437 3398 quod
456 3357 661 3388 institutionis
677 3369 713 3389 ac
729 3358 912 3399 disciplinae
930 3359 1067 3389 formam
1083 3369 1150 3389 non
1169 3366 1282 3390 teneat.

281 3414 296 3430 υ
319 3402 355 3432 ln
378 3402 440 3432 hoc
464 3411 539 3442 ergo
562 3408 628 3432 tam
652 3402 863 3443 conspicuum
886 3403 1000 3443 egregii
1020 3403 1166 3433 Doctoris
1186 3403 1283 3433 simu-

213 3458 228 3474 »
250 3446 373 3477 lacrum
388 3446 532 3487 quisquis
549 3446 726 3487 respexerit,
746 3446 836 3477 facile
854 3447 973 3477 videbit
995 3456 1051 3477 cur
1072 3457 1109 3477 ex
1125 3446 1283 3487 plerisque

212 3502 228 3518 ιν
251 3490 435 3531 Opusculis,
453 3500 535 3532 quae
550 3491 702 3522 hactenus
713 3490 776 3521 divi
785 3490 952 3531 Aquinatis
968 3490 1106 3521 habuere
1121 3489 1282 3533 (nomen),

214 3546 229 3562 »
252 3545 312 3566 nos
335 3536 494 3576 quaedam
516 3546 646 3576 prorsus
669 3535 742 3566 loco
767 3535 962 3566 moverimus
981 3541 1012 3565 et
1030 3534 1097 3564 aliis
1117 3534 1283 3574 ambiguae

213 3590 229 3606 ν
253 3586 284 3610 et
311 3587 476 3621 suspectae
505 3579 579 3610 fidei
611 3586 722 3610 notam
754 3579 970 3610 inusserirnus.
1003 3579 1111 3619 Itaque
1142 3579 1283 3619 primum

213 3634 230 3649 ν
251 3623 467 3665 Opusculum,
484 3625 573 3666 quod
599 3624 721 3655 Contra
736 3634 865 3655 errores
883 3623 1081 3654 Graecorum
1105 3623 1283 3654 inscribitur

2230 275 2397 300 ccxxxvn

1329 352 1343 367 »
1367 346 1398 371 et
1420 349 1502 381 quae
1525 346 1702 381 sequuntur
1721 340 1868 380 deinceps
1893 350 1995 381 usque
2021 340 2062 370 ad
2098 340 2397 381 decimumnonum,

1330 397 1344 412 x»
1367 384 1418 415 cui
1439 384 1550 415 titulus
1578 384 1701 416 Contra
1725 385 1953 425 impugnantes
1965 385 2168 425 Religionem
2191 385 2235 415 ita
2257 387 2399 428 undique

1329 440 1343 455 »
1367 428 1494 469 sapiunt
1516 429 1721 470 Aquinatem,
1741 435 1778 460 ut
1796 428 1883 460 nefas
1907 429 1947 460 sit
1963 429 2001 459 de
2019 428 2081 459 illis
2098 429 2254 460 dubitare:
2268 430 2399 471 dempto

1329 485 1343 499 »
1367 473 1492 504 decimo
1516 480 1604 504 sexto
1622 474 1674 504 De
1693 474 1816 504 unitate
1843 474 2023 504 intellectus
2047 479 2160 505 contra
2183 475 2398 506 Averroistas.

1330 528 1344 543 »
1368 517 1403 547 In
1418 527 1484 558 quo
1495 518 1632 558 integrae
1642 517 1775 558 paginae
1790 524 1868 549 etc.»
1882 525 1918 549 ut
1927 517 2082 558 superius.
2093 518 2244 559 Reliquas
2255 528 2404 550 censurae

1328 568 1430 601 partes
1440 562 1472 592 in
1489 562 1737 603 Opusculorum,
1754 572 1836 603 quae
1851 569 2038 603 sequuntur,
2049 562 2232 594 recensione
2247 563 2403 594 dabimus.

2274 642 2298 656 Q

1719 660 1930 698 CAPUT
1960 661 2010 698 ΙΙ.

1329 757 1411 782 Vetus
1435 757 1511 782 latina
1528 756 1666 782 Themistii
1684 757 1770 782 versio
1789 757 1820 782 ab
1839 757 1968 790 Aquinate
1995 757 2108 783 adhibita
2129 757 2284 789 restituitur,
2310 757 2404 783 reiecta

1401 793 1534 817 Hermolai
1552 792 1657 817 Barbari
1675 793 1795 817 versione
1813 797 1858 817 aut
1874 792 2032 826 paraphrasi,
2052 801 2132 826 quam
2150 793 2302 827 imprudens
2322 793 2405 819 editor

1402 827 1505 853 invexit.
1524 828 1661 861 Specimen
1679 828 1757 853 totius
1776 828 1911 861 Opusculi.

1331 917 1354 947 1.
1377 909 1611 990 Barbavarae
1633 916 1794 956 ingestum
1816 917 1855 947 de
1879 917 2046 957 Opusculo
2075 925 2184 949 contra
2206 919 2421 951 Averroistas

1446 961 1582 991 dubium
1604 960 1700 991 latina
1723 961 1833 991 nititur
1851 961 2019 992 Themistii
2042 962 2197 1001 versione,
2220 973 2319 1004 quam
2337 964 2404 995 sine

1332 1004 1430 1035 dubio
1446 1005 1639 1035 Hermolaus
1658 1005 1813 1035 Barbarus
1833 1005 1976 1036 confecit.
1995 1005 2150 1037 Codicem
2166 1017 2224 1037 ms.
2243 1007 2299 1048 qui
2314 1008 2406 1048 plura

1332 1059 1356 1079 s.
1377 1047 1524 1079 Thomae
1553 1048 1719 1088 opuscula
1742 1049 1974 1089 complectitur,
1998 1050 2125 1090 incepto
2150 1051 2276 1082 saeculo
2298 1063 2339 1083 xv
2369 1059 2405 1084 ut

1332 1099 1412 1132 puto
1436 1099 1608 1130 exaratum,
1634 1099 1736 1123 servat
1758 1093 1879 1124 Veneta
1902 1104 1942 1124 ss.
1964 1094 2089 1124 Ioannis
2121 1101 2151 1125 et
2175 1095 2266 1126 Pauli
2289 1096 2404 1128 biblio-

1333 1137 1433 1168 theca.
1458 1136 1612 1167 Eiusdem
1641 1137 1734 1177 copia
1763 1137 1842 1167 mihi
1871 1137 1951 1168 facta
1980 1148 1998 1168 a
2024 1138 2196 1170 Dominico
2224 1140 2403 1172 Berardello

1333 1180 1458 1221 saepius
1481 1181 1623 1220 laudato,
1647 1181 1794 1221 gratulari
1817 1181 1906 1212 licuit
1930 1181 1968 1212 de
1991 1181 2170 1222 Opusculo,
2187 1193 2253 1224 quo
2279 1185 2317 1215 de
2340 1186 2404 1225 agi-

1333 1235 1417 1263 mus,
1433 1225 1467 1255 in
1487 1225 1601 1256 eodem
1624 1232 1786 1265 prostante
1810 1225 1927 1256 codice.
1953 1226 2056 1257 Verba
2078 1227 2257 1266 Themistii,
2277 1239 2343 1259 non
2362 1230 2405 1260 ita

1333 1269 1455 1310 prolixa
1471 1276 1507 1300 ut
1523 1269 1609 1310 apud
1627 1270 1839 1300 Hermolaum
1855 1270 2039 1309 Barbarum,
2056 1278 2087 1302 et
2105 1272 2193 1303 aliter
2208 1272 2302 1303 latine
2317 1284 2406 1304 versa

1333 1325 1368 1345 ac
1391 1314 1424 1345 in
1448 1314 1539 1345 editis
1563 1314 1714 1354 exemplis
1733 1314 1943 1354 deprehendi:
1963 1315 2048 1345 unde
2068 1316 2255 1356 colligebam
2280 1318 2318 1348 ab
2342 1318 2406 1348 edi-

1332 1366 1412 1398 tore,
1437 1359 1476 1389 de
1499 1369 1566 1400 quo
1589 1358 1670 1389 infra
1693 1359 1875 1397 dicendum,
1895 1359 2059 1399 repudiata
2078 1360 2208 1401 antiqua
2224 1361 2320 1392 latina
2338 1372 2406 1393 ver—

1333 1403 1434 1443 sione,
1449 1403 1741 1444 interpretationem
1749 1403 1876 1434 Barbari
1887 1410 1998 1444 utpote
2014 1404 2239 1444 elegantiorem
2248 1405 2406 1437 invectam

1334 1448 1440 1480 fuisse.
1464 1448 1584 1479 Mirum
1612 1458 1687 1479 vero
1718 1448 1955 1488 imprudentem
1982 1448 2064 1479 hanc
2086 1449 2245 1480 licentiam
2268 1460 2334 1481 non
2358 1461 2406 1481 ca-

1334 1493 1462 1533 stigasse
1490 1492 1702 1531 Pellicanum,
1726 1492 1783 1533 qui
1811 1502 1843 1523 se
1867 1492 2110 1533 Opusculorum
2140 1493 2314 1525 editionem
2345 1505 2408 1535 ope

1334 1537 1452 1568 codicis
1475 1537 1629 1568 Victorini
1653 1537 1853 1568 emendatam
1877 1547 2000 1568 curasse
2020 1537 2195 1578 profitetur.
2219 1539 2306 1569 Loca
2324 1539 2408 1570 The-

1334 1581 1431 1612 mistii
1454 1581 1594 1622 proferre
1623 1581 1761 1622 pretium
1785 1588 1831 1612 est
1854 1591 1984 1622 operae,
2013 1592 2095 1623 quae
2118 1592 2234 1623 nempe
2262 1583 2295 1613 in
2319 1584 2409 1614 editis

1335 1626 1498 1667 exemplis,
1522 1635 1642 1667 quaeve
1666 1626 1699 1656 in
1723 1625 1831 1656 codice
1854 1626 1977 1657 Veneto
2002 1633 2154 1666 prostant.
2178 1627 2238 1657 Par
2259 1627 2344 1658 enirn
2363 1635 2410 1659 est

1335 1678 1371 1702 ut
1381 1671 1511 1712 antiqua
1524 1670 1705 1701 restituatur
1714 1670 1882 1701 Themistii
1896 1670 2010 1709 versio,
2021 1681 2085 1712 qua
2098 1671 2244 1702 utebatur
2253 1672 2408 1713 Aquinas.

1489 1737 1537 1767 Ex
1560 1737 1630 1767 cod.
1656 1746 1715 1767 ms.

1382 1859 1397 1874 ²
1410 1848 1508 1879 Nunc
1517 1853 1623 1878 autem
1639 1852 1762 1888 oportet
1776 1857 1848 1878 con-

1338 1904 1353 1919 »
1372 1892 1533 1930 siderare,
1545 1893 1630 1933 quod
1645 1893 1704 1923 alii
1718 1892 1850 1932 Peripa-

1339 1949 1353 1965 »
1373 1938 1459 1968 tetici
1467 1937 1508 1968 de
1521 1937 1580 1968 hoc
1589 1938 1658 1977 ipso
1665 1941 1849 1968 senserunt:

1339 1993 1353 2008 »
1374 1987 1405 2012 et
1418 1982 1615 2022 accipiamus
1623 1983 1732 2022 primo
1751 1981 1848 2012 verba

1340 2039 1354 2053 »
1379 2026 1543 2056 Themistii
1557 2027 1589 2056 in
1603 2026 1788 2057 Commento
1802 2026 1853 2056 De

1338 2082 1354 2097 ν
1373 2071 1483 2101 anima
1507 2068 1575 2113 (lib.
1594 2071 1635 2101 111
1660 2081 1751 2111 capp.
1774 2079 1850 2101 xxm

1339 2128 1354 2143 ›
1374 2122 1405 2146 et
1415 2125 1501 2156 seqq.
1513 2115 1600 2146 iuxta
1611 2115 1682 2146 edit.
1694 2113 1847 2156 Barbari),

1339 2172 1353 2186 »
1374 2160 1428 2190 ubi
1437 2160 1514 2190 dicit
1521 2161 1580 2191 sic:
1591 2160 1769 2190 Intellectus
1779 2159 1847 2197 iste,

1339 2216 1354 2231 »
1372 2214 1471 2245 quem
1486 2204 1620 2235 dicimus
1639 2204 1672 2234 in
1695 2203 1848 2244 potentia,

1340 2262 1354 2276 »
1374 2249 1475 2288 magis
1491 2255 1538 2279 est
1553 2249 1676 2279 animae
1693 2254 1847 2279 connatu-

1339 2307 1354 2322 »
1374 2293 1457 2331 ralis,
1484 2293 1601 2324 scilicet
1621 2303 1720 2333 quam
1743 2302 1848 2332 agens.

1339 2351 1354 2366 »
1374 2337 1454 2368 Dico
1477 2344 1584 2368 autem
1612 2347 1679 2367 non
1709 2336 1848 2374 animae,

1339 2395 1354 2410 »
1374 2382 1428 2412 sed
1445 2382 1552 2412 solum
1568 2381 1736 2412 humanae.
1753 2381 1795 2411 Et
1808 2380 1848 2411 si-

1340 2439 1354 2454 »
1374 2433 1427 2457 cut
1460 2426 1571 2456 lumen
1600 2425 1741 2466 potentia
1768 2424 1850 2456 visui

1339 2484 1354 2499 ν
1374 2477 1405 2501 et
1432 2470 1575 2510 potentia
1602 2470 1762 2501 coloribus
1793 2469 1847 2500 ad-

1340 2528 1354 2542 »
1374 2515 1523 2553 veniens,
1549 2521 1622 2545 actu
1645 2514 1778 2555 quidem
1805 2513 1851 2544 vi-

1339 2573 1355 2587 »
1374 2569 1448 2591 sum
1470 2559 1544 2590 facit
1564 2566 1594 2589 et
1617 2565 1688 2589 actu
1713 2559 1850 2589 colores:

1340 2617 1355 2632 ›
1374 2603 1418 2634 ita
1442 2610 1473 2634 et
1494 2603 1672 2634 intellectus
1695 2603 1769 2641 iste,
1794 2602 1850 2643 qui

1340 2661 1354 2676 »
1375 2655 1447 2679 actu
1470 2658 1538 2679 non
1554 2648 1663 2678 solum
1676 2647 1785 2688 ipsum
1802 2647 1851 2677 in-

1340 2706 1355 2721 »
1375 2693 1537 2723 tellectum
1569 2692 1643 2723 facit
1674 2699 1766 2730 actu;
1796 2691 1851 2722 sed

1340 2750 1355 2765 »
1374 2737 1470 2768 etiam
1499 2737 1642 2777 potentia
1670 2736 1849 2776 intelligibi-

1340 2796 1355 2811 »
1375 2781 1428 2820 lia,
1444 2779 1544 2824 (actu)
1564 2781 1771 2821 intelligibilia
1793 2780 1851 2811 iste

1341 2841 1356 2856 ι
1377 2826 1549 2857 constituit.
1574 2826 1618 2856 Et
1641 2831 1717 2866 post
1741 2835 1850 2866 pauca

1341 2885 1356 2899 »
1375 2871 1552 2902 concludit:
1566 2880 1665 2911 quam
1687 2870 1783 2910 igitur
1804 2879 1851 2900 ra-

1343 2929 1356 2944 »
1376 2915 1499 2946 tionem
1521 2915 1616 2945 habet
1631 2925 1679 2945 ars
1699 2915 1739 2944 ad
1754 2920 1851 2944 mate-

1342 2973 1356 2988 »
1376 2960 1467 2998 riam,
1478 2959 1559 2990 hanc
1574 2966 1605 2990 et
1620 2959 1796 2990 intellectus
1806 2958 1850 2988 fa-

1343 3018 1357 3033 »
1376 3004 1476 3035 ctivus
1486 3004 1526 3034 ad
1536 3014 1622 3042 eum,
1631 3003 1687 3044 qui
1697 3003 1730 3033 in
1740 3009 1852 3043 poten-

1343 3063 1358 3077 »
1377 3049 1430 3079 tia.
1445 3049 1578 3089 Propter
1591 3048 1680 3088 quod
1701 3047 1806 3078 etiam·
1816 3046 1849 3076 in

1343 3107 1358 3121 ι»
1377 3099 1531 3134 promptu
1550 3092 1642 3123 nobis
1667 3098 1713 3122 est
1738 3090 1851 3122 intelli-

1343 3151 1358 3166 »
1379 3147 1462 3177 gere,
1470 3137 1600 3178 quando
1607 3137 1768 3167 volumus.
1778 3136 1852 3166 Non

1344 3195 1358 3210 »
1378 3182 1465 3212 enim
1487 3188 1534 3212 est
1563 3178 1612 3211 ars
1635 3180 1783 3211 materiae
1805 3179 1851 3209 in-

1344 3239 1358 3254 »
1378 3226 1519 3256 ferioris:
1544 3225 1600 3255 sed
1626 3224 1763 3255 inexistit
1793 3223 1851 3254 toti

1343 3283 1357 3298 ι
1376 3270 1410 3300 in
1433 3269 1576 3310 potentia
1597 3268 1781 3306 intellectui,
1796 3267 1851 3308 qui

1343 3326 1357 3341 »
1377 3312 1525 3356 (factivus
1540 3311 1611 3355 est).
1628 3315 1675 3343 Ac
1698 3312 1724 3343 si
1740 3312 1850 3352 utique

1343 3371 1358 3386 »
1377 3357 1557 3388 aedificator
1583 3356 1709 3397 lignis...

1893 1736 1940 1767 Ex
1957 1747 2052 1777 opere
2068 1738 2110 1768 H.
2127 1738 2255 1769 Barbari
2271 1746 2302 1770 et
2318 1739 2408 1771 editis

1928 1781 2078 1822 exemplis
2102 1782 2353 1824 Opusculorum.

1943 1860 1958 1875 ‹
1975 1847 2002 1888 §-
2027 1848 2125 1880 Nunc
2142 1854 2250 1880 autem
2266 1850 2408 1881 conside-

1896 1902 1973 1922 rare
1995 1898 2135 1932 oportet,
2166 1894 2244 1934 quid
2270 1894 2329 1925 alii
2350 1895 2409 1925 Pe-

1894 1937 2053 1976 ripatetici
2075 1937 2115 1968 de
2136 1937 2196 1968 hoc
2218 1939 2286 1978 ipso
2304 1948 2411 1970 sense-

1894 1986 1992 2012 runt:
2022 1986 2053 2012 et
2079 1983 2277 2022 accipiamus
2299 1985 2410 2023 primo

1899 2025 1994 2056 verba
2006 2026 2169 2057 Themistii
2178 2027 2210 2057 in
2225 2027 2410 2058 Commento

1895 2070 1946 2100 De
1959 2071 2081 2108 anima,
2094 2071 2147 2101 ubi
2161 2071 2208 2102 sic
2221 2071 2310 2103 dicit.-
2322 2072 2410 2103 Duas

1894 2124 1968 2154 ergo
1988 2114 2175 2146 differentias
2195 2125 2261 2146 esse
2277 2116 2410 2147 humani

1894 2158 2002 2189 animi.
2019 2181 2027 2189 .
2041 2181 2048 2189 .
2087 2159 2266 2190 Intellectus
2302 2167 2410 2191 autem

1895 2203 2058 2243 potestatis
2073 2226 2082 2242 ,
2119 2203 2265 2244 quamvis
2298 2205 2410 2235 eadem

1894 2247 1968 2285 fere,
1992 2257 2056 2288 qua
2087 2247 2264 2278 intellectus
2294 2258 2408 2289 agens,

1896 2291 2047 2331 dignitate
2070 2292 2318 2333 auctoritateque
2340 2293 2410 2334 pol-

1893 2335 1972 2374 leat;
2002 2335 2078 2377 quia
2111 2342 2218 2367 tamen
2247 2337 2410 2378 aliquanto

1895 2379 2104 2419 coniunctior,
2120 2380 2337 2422 addictiorque
2351 2381 2409 2412 hu-

1895 2434 2008 2455 manae
2038 2424 2162 2455 animae
2192 2432 2256 2464 est,
2287 2425 2411 2457 videtur

1893 2468 2041 2500 societate
2063 2469 2122 2500 hac
2150 2469 2308 2500 nobilitati
2336 2481 2410 2501 suae

1896 2513 2043 2544 nonnihil
2066 2513 2221 2554 dispendii
2241 2514 2410 2545 detrimen-

1897 2557 1985 2598 tique
2001 2557 2110 2589 facere.
2127 2558 2411 2595 Quemadmodum

1895 2602 2002 2643 itaque
2018 2602 2138 2641 lumen,
2156 2613 2230 2633 cum
2249 2603 2361 2634 oculos
2381 2610 2412 2634 et

1897 2647 2019 2677 colores
2050 2647 2185 2686 accedit,
2216 2657 2283 2677 non
2310 2648 2410 2678 modo

1895 2690 1978 2721 visui
1994 2714 2002 2729 ,
2036 2691 2091 2721 sed
2124 2691 2282 2722 coloribus
2315 2691 2410 2722 etiam

1894 2742 2001 2766 actum
2017 2736 2159 2776 praebet:
2176 2736 2219 2766 ita
2234 2735 2409 2767 intellectus

1896 2790 2002 2819 agenS,
2033 2790 2108 2810 cum
2134 2780 2328 2811 intellectum
2351 2790 2409 2820 po-

1896 2824 2010 2854 tentiae
2047 2823 2141 2864 agitat
2156 2847 2164 2862 ‚
2203 2834 2269 2854 non
2301 2824 2409 2855 solum

1896 2868 2067 2899 intellectui
2100 2875 2206 2899 actum
2238 2868 2409 2907 ministrat;

1897 2912 1952 2943 sed
1975 2919 2006 2943 et
2024 2922 2082 2951 res,
2102 2922 2183 2953 quae
2202 2912 2343 2952 potentia
2361 2913 2408 2943 in-

1897 2957 2036 2987 tellectae
2060 2963 2143 2994 sunt,
2168 2956 2241 2987 facit
2259 2963 2295 2987 ut
2317 2956 2350 2986 in
2369 2967 2408 2987 eo

1896 3000 2069 3031 intellectae
2106 3000 2167 3031 sint
2190 3007 2262 3031 actu
2285 3013 2300 3027 »
2327 3007 2384 3031 etc.

1939 3045 1988 3075 Sic
2016 3045 2163 3085 deinceps
2195 3045 2408 3085 interpretatio

1896 3089 2019 3129 legitur,
2030 3089 2080 3119 vel
2094 3089 2200 3129 potius
2213 3089 2409 3129 paraphrasis

1897 3134 1992 3173 longe
2028 3133 2152 3174 lateque
2190 3133 2333 3164 differens
2370 3134 2408 3163 ab

1897 3177 2026 3218 antiqua
2039 3177 2135 3207 latina
2144 3177 2298 3216 versione,
2312 3187 2409 3218 quam

1897 3222 2050 3262 integram
2070 3232 2086 3252 e
2102 3221 2230 3261 regione
2254 3221 2406 3252 describo.

1342 3415 1357 3430 »
1380 3411 1446 3431 non
1461 3401 1500 3431 ab
1517 3401 1690 3431 extrinseco
1705 3400 1857 3436 existeret,
1874 3408 1929 3438 per
1944 3404 2050 3428 toturn
2066 3404 2172 3428 autem
2188 3397 2296 3437 ipsum
2312 3406 2406 3437 pene-

1343 3459 1357 3474 »
1379 3452 1459 3476 trare
1475 3452 1588 3485 potens
1605 3444 1671 3475 erit.
1696 3444 1747 3474 Sic
1764 3443 1859 3474 etiam
1875 3449 1905 3472 et
1921 3442 1976 3482 qui
1992 3441 2108 3472 scilicet
2126 3448 2197 3472 actu
2219 3440 2406 3480 intellectus,

1343 3504 1357 3519 »
1379 3488 1551 3519 intellectui
1574 3487 1716 3528 potentia
1739 3486 1979 3527 superveniens,
2004 3495 2107 3515 unum
2131 3484 2203 3516 facit
2227 3495 2301 3515 curn
2323 3485 2406 3525 ipso.

1343 3548 1357 3562 »
1379 3534 1422 3563 Et
1435 3538 1510 3573 post
1527 3542 1636 3572 pauca
1655 3531 1832 3562 concludit:
1854 3531 1922 3561 Nos
1937 3529 2032 3569 igitur
2048 3539 2158 3559 sumus
2181 3536 2216 3560 ut
2239 3529 2328 3569 quod
2348 3539 2406 3569 po-

1341 3591 1355 3605 »
1379 3577 1490 3608 tentia:
1508 3576 1683 3607 intellectus
1699 3582 1807 3606 autem
1825 3574 1881 3615 qui
1900 3579 1981 3605 actu.
1999 3573 2050 3604 Sic
2070 3573 2201 3614 quidem
2219 3573 2253 3603 in
2274 3583 2407 3614 compo-

1342 3636 1356 3650 »
1379 3621 1445 3652 sitis
1464 3621 1615 3651 omnibus
1639 3630 1676 3651 ex
1692 3630 1730 3651 eo
1750 3619 1840 3661 quod
1862 3618 2013 3659 potentia,
2034 3624 2064 3649 et
2085 3628 2122 3648 ex
2140 3628 2179 3648 eo
2207 3617 2297 3659 quod
2324 3623 2408 3648 actu.
