2788 4204
46 459 56 469 ·
74 462 259 480 mmmmm)

46 490 105 510 απτ
117 486 140 506 et
152 490 228 512 quam
238 490 258 506 ιε

11 528 18 532 .
45 512 69 532 et
82 510 160 532 etiam.

47 540 54 547 ·
70 536 107 559 Cf.
121 537 175 559 lect.
183 542 216 558 xi.

144 625 157 642 ν

144 768 157 799 ξ

45 829 56 841 “
70 828 203 851 Codd.-1²:
230 829 261 850 de

45 854 100 884 cyil.

1125 263 1237 299 CAP.
1266 262 1335 309 VI,
1366 262 1516 299 LECT.
1546 262 1636 299 XIV

289 348 324 379 et
342 339 562 378 huiusmodi
590 353 668 377 non
696 347 782 377 sunt
810 339 1032 386 necessaria,
1061 347 1103 376 ut
1125 340 1267 377 dictum
1288 347 1353 377 est.

289 394 364 431 Sed
393 394 454 430 illa
482 401 568 431 sunt
597 406 643 430 ex
670 393 889 430 necessitate
923 392 1020 429 cirea
1051 393 1354 442 unumquodque

287 459 424 495 genus,
454 459 705 495 quaecunque
734 453 820 482 sunt
845 458 918 494 per
943 457 983 482 se
1016 453 1052 482 et
1071 447 1090 465 ⁴⁵
1125 446 1356 495 conveniunt

287 499 491 548 unicuique
524 499 736 536 secundum
770 499 875 546 quod
909 498 1213 547 unumquodque
1248 507 1303 535 est
1321 500 1354 535 ¹⁸.

288 552 524 600 Relinquitur
559 564 647 600 ergo
682 551 787 599 quod
820 550 1093 588 demonstratio
1128 563 1206 588 non
1238 551 1357 600 possit

288 617 370 642 esse
398 605 535 642 nisiex
553 605 623 651 his,
645 616 742 654 quae
762 612 849 640 sunt
877 617 945 653 per
972 615 1012 640 se
1042 611 1078 640 et
1106 604 1153 641 de
1182 605 1317 640 talibus
1331 610 1354 641 ’'.

341 670 377 705 7.
407 657 571 695 Ulterius
590 665 718 694 autem
740 657 903 694 ostendit
930 656 1035 705 quod
1056 657 1168 693 etiarn
1194 657 1225 693 si
1247 669 1353 706 prae-

288 710 404 747 missa
433 718 558 747 essent
585 722 753 759 semper,
784 718 820 747 et
846 709 1074 756 necessaria,
1101 717 1137 746 et
1154 722 1257 756 vera,
1281 711 1301 731 *
1320 718 1356 747 et

287 775 366 800 non
387 775 461 811 per
486 775 526 800 se
546 761 571 809 ε,
592 776 671 800 non
698 771 828 800 tamen
855 763 1011 799 sciretur
1040 762 1090 799 de
1108 763 1352 799 conclusione

281 821 438 865 propter
460 817 567 864 quid,·
595 816 690 853 sicut
708 823 811 864 patet
833 815 1148 864 in*syllogismis,
1178 815 1242 863 qui
1261 816 1358 852 fiunt

287 880 356 917 per
374 869 491 917 signa,
521 869 559 906 in
587 869 726 918 quibus
755 869 1052 916 conclusionem,
1082 881 1180 917 quae
1207 876 1263 905 est
1285 881 1358 917 per

287 1034 352 1059 Cod.
371 1035 392 1059 B
410 1034 504 1060 omittit
517 1041 555 1059 ex
573 1035 727 1060 necessariis
744 1038 784 1064 et‚·
802 1035 826 1059 H
846 1035 940 1059 omittit
957 1037 984 1059 et
1002 1035 1035 1059 de
1049 1035 1210 1063 necessariis,
1231 1042 1299 1067 quae
1317 1038 1354 1058 ta-

286 1077 347 1094 men
366 1075 427 1094 sunt
436 1070 596 1103 apponenda,
609 1075 638 1095 ut
650 1070 738 1095 videre
756 1074 796 1094 est
810 1077 888 1102 supra
902 1069 928 1094 in
947 1069 1072 1103 principio
1090 1070 1167 1094 huius
1186 1069 1310 1098 lectionis,
1329 1073 1355 1093 et

287 1104 312 1129 in
332 1109 391 1129 nota
411 1113 436 1130 α.
1250 1115 1254 1118 -

341 1140 364 1172 ν)
385 1140 585 1165 Demonstratio
603 1147 656 1164 non
670 1139 758 1171 possit
770 1146 826 1165 esse
844 1139 992 1164 ete-eod.
1011 1139 1047 1164 N:
1067 1139 1259 1164 demonstratio
1269 1138 1357 1171 possit

287 1181 343 1200 esse
360 1181 398 1199 ex
415 1175 456 1199 his
470 1179 518 1199 etc.
538 1175 589 1199 Sed
607 1179 647 1199 est
666 1174 741 1199 lectio
759 1174 809 1199 hoc
827 1174 854 1199 in
872 1175 930 1199 loco
950 1174 1022 1204 falsa,
1042 1174 1102 1206 quia
1116 1174 1200 1198 aufert
1213 1173 1355 1198 sententiae

287 1217 393 1234 sensum
409 1210 575 1240 exclusivum,
590 1217 669 1242 quem
683 1217 714 1234 ex
727 1209 752 1233 vi
771 1209 999 1241 argumentationis
1013 1215 1039 1234 et
1053 1217 1084 1233 ex
1098 1214 1185 1233 mente
1200 1216 1221 1233 s.
1236 1208 1356 1233 'rhomae

288 1244 364 1269 debet
382 1244 560 1269 habere-G:
580 1252 632 1269 non
646 1244 734 1276 possit
752 1251 807 1270 esse
826 1252 873 1269 nec
891 1251 929 1269 ex
951 1244 993 1269 his
1011 1251 1079 1276 quae
1097 1251 1148 1269 non
1169 1243 1231 1276 (non
1251 1244 1309 1268 add.
1329 1242 1355 1267 in

287 1278 380 1311 marg.)
399 1282 461 1304 sunt
474 1286 527 1311 per
544 1286 580 1305 se.
593 1279 682 1304 Lectio
696 1287 749 1303 non
769 1279 951 1304 curanda—H
965 1279 1059 1303 omittit
1074 1278 1164 1303 ultima
1177 1278 1262 1309 verba,
1278 1282 1304 1303 et
1323 1278 1356 1302 de

288 1314 393 1339 talibus.
412 1314 518 1339 Pianam
538 1315 673 1339 lectionem
693 1314 768 1339 ceteri
788 1315 890 1339 codices
908 1314 1012 1339 habent.

341 1347 365 1382 ξ)
385 1349 422 1374 Et
445 1350 594 1376 necessaria
616 1353 644 1375 et
658 1357 721 1374 vera
743 1353 770 1374 et
789 1357 840 1375 non
861 1356 912 1381 per
929 1356 958 1374 se
976 1349 1143 1374 etc—Codd.
1157 1350 1205 1373 ΑΗ
1225 1349 1355 1378 omittunt,

288 1385 482 1414 “madrid
499 1382 526 1412 et
545 1392 621 1414 vera‚·
639 1384 923 1415 BCDEGKMOQRST
941 1384 1063 1409 omittunt
1080 1388 1107 1409 et
1126 1391 1201 1411 vera.
1227 1384 1273 1409 sed
1296 1383 1356 1408 reti-

287 1423 350 1444 nent
367 1422 394 1444 et
411 1419 574 1450 neeessaria‚·
587 1420 610 1444 N
629 1427 682 1444 om.
700 1426 804 1451 semper
822 1427 851 1444 ac
870 1422 896 1444 et
914 1419 1106 1445 verm-Codd.
1126 1419 1184 1444 CIM
1203 1419 1310 1444 habent:
1330 1422 1356 1444 et

281 1461 335 1487 per
351 1460 387 1484 se,
406 1455 506 1480 omissa
519 1455 663 1487 negatione,
682 1462 750 1487 quae
763 1460 850 1479 tamen
869 1455 972 1479 additur
989 1463 1070 1487 marg.
1090 1455 1146 1479 cod.
1158 1455 1180 1485 1;
1200 1455 1257 1479 cod.
1277 1454 1311 1478 E:
1329 1457 1356 1479 et

282 1496 335 1522 per
352 1496 382 1515 re
397 1493 486 1515 autem
506 1497 567 1520 non,
587 1497 639 1515 non
659 1493 748 1514 tamen
754 1496 763 1518 ‚·
781 1490 806 1514 in
825 1490 882 1514 cod.
901 1498 964 1515 vero
983 1490 1006 1514 K
1025 1495 1064 1514 est
1082 1490 1157 1515 litura
1175 1490 1241 1514 inter
1259 1497 1310 1514 non
1331 1494 1356 1514 et

281 1531 336 1557 per
352 1526 446 1550 se.—L
461 1525 536 1550 etiam
556 1525 720 1557 negationem
738 1525 840 1555 omittit,
854 1533 884 1550 ac
903 1525 976 1557 legit:
995 1528 1081 1550 essent
1098 1532 1202 1557 semper
1218 1528 1245 1550 et
1258 1532 1311 1557 per
1327 1531 1355 1550 se

286 1563 313 1586 et
327 1561 484 1589 necessaria,
495 1568 546 1585 non
560 1563 649 1586 tamen
664 1565 712 1585 etc.
722 1574 741 1578 -
751 1560 776 1591 Q
793 1560 887 1585 omittit
904 1564 931 1585 et
945 1568 996 1586 non
1012 1566 1070 1585 ante
1079 1567 1132 1592 per
1149 1567 1185 1585 se.
1200 1560 1277 1584 Haud
1291 1560 1355 1584 levis

286 1595 411 1620 momenti
430 1601 470 1620 est
487 1595 593 1620 variatio
611 1595 710 1629 primae
728 1595 818 1628 partis,
837 1596 940 1627 gravior
958 1600 1044 1620 autem
1063 1601 1102 1620 est
1121 1596 1208 1626 altera,
1232 1602 1298 1628 quae
1316 1599 1356 1619 est

287 1630 320 1655 de
344 1630 501 1656 admissione
525 1631 566 1655 vel
586 1629 729 1655 omissione
748 1631 886 1663 particulae
908 1631 1189 1662 negativae—Dictum
1213 1635 1253 1655 est
1277 1638 1356 1662 supra

287 1665 356 1698 (lect.
369 1673 461 1698 praec„
476 1671 529 1691 not.
545 1665 570 1699 β)
585 1666 656 1698 quod
671 1673 732 1690 esse
750 1673 796 1698 per
814 1673 844 1690 se
857 1671 883 1690 et
901 1673 960 1690 esse
979 1666 1155 1690 necessarium
1168 1671 1230 1690 sunt
1248 1673 1355 1691 conver-

286 1701 377 1732 tibilia,
397 1701 474 1726 huius
487 1706 574 1726 autem
591 1701 741 1733 oppositum
760 1699 880 1726 affirmari
898 1701 948 1725 hoc
966 1701 1025 1726 loco
1042 1701 1152 1730 videtur,
1171 1701 1355 1726 necessaria...

285 1739 312 1761 et
330 1743 382 1761 non
397 1743 450 1768 per
462 1743 498 1761 se.
517 1737 588 1761 Haec
606 1735 740 1761 difficultas
755 1744 807 1760 non
826 1736 910 1761 existit
923 1737 948 1761 in
967 1736 1076 1761 lectione
1094 1736 1169 1761 codd.
1184 1737 1244 1766 ΑΗ,
1259 1736 1355 1768 quippe

287 1771 332 1804 qui
349 1771 471 1796 omittunt
488 1771 567 1796 verba
585 1774 612 1796 et
630 1771 787 1801 necessaria,
802 1776 831 1795 ut
849 1771 889 1796 hic
908 1779 987 1803 supra
1001 1771 1156 1796 notavimus.
1175 1771 1273 1795 Verum
1292 1771 1355 1795 haec

286 1806 362 1831 lectio
381 1806 479 1831 admitti
501 1814 555 1831 non
577 1806 654 1831 debet
672 1811 761 1830 contra
778 1806 927 1831 unanimem
946 1807 1055 1831 aliorum
1074 1806 1149 1831 codd.
1168 1806 1354 1831 auctoritatem.

286 1841 386 1867 Deinde
411 1840 547 1866 difficultas
571 1841 684 1874 praefata
705 1842 848 1871 evanescit,
873 1842 894 1866 si
913 1849 975 1873 prae
993 1846 1081 1866 mente
1097 1841 1241 1866 habeamus
1265 1841 1355 1866 distin-

286 1876 397 1902 ctionem
416 1884 495 1909 supra
514 1876 583 1909 (lect.
601 1884 695 1909 praec„
714 1884 740 1901 n.
761 1876 784 1907 3,
798 1881 852 1901 not.
871 1876 890 1908 ι)
909 1877 1043 1901 indicatam
1063 1877 1128 1901 inter
1141 1883 1194 1908 per
1211 1883 1239 1901 se
1257 1884 1354 1908 propo-

286 1911 394 1942 sitionis,
411 1917 441 1936 ut
459 1916 500 1936 est
518 1911 671 1944 praemissa
693 1911 850 1944 syllogismi,
873 1916 899 1936 et
920 1916 950 1936 ut
971 1916 1012 1936 est
1034 1912 1183 1944 simpliciter
1204 1912 1354 1944 propositio.

286 1946 389 1972 Emim
412 1947 555 1979 praemissa
578 1954 631 1971 non
650 1946 738 1971 solum
761 1951 802 1971 est
822 1947 978 1979 propositio,
1003 1947 1050 1971 sed
1075 1951 1116 1971 est
1136 1947 1194 1971 talis
1213 1947 1354 1979 propositio

287 1989 354 2014 quae
372 1986 412 2006 est
424 1989 506 2007 causa
521 1981 702 2012 conclusionis,
717 1981 778 2014 quia
795 1982 909 2006 medium
924 1987 1088 2014 assumptum
1103 1982 1128 2006 in
1142 1983 1198 2014 ipsa
1211 1982 1355 2014 praemissa

287 2022 328 2042 est
345 2017 426 2049 ipsius
445 2017 616 2042 conclusionis
635 2024 721 2042 causa.
740 2017 806 2041 Hinc
824 2017 856 2041 ad
874 2017 1000 2041 rationem
1023 2018 1180 2049 praemissae
1202 2018 1227 2041 in
1247 2018 1354 2041 demon-

286 2053 409 2077 stratione
427 2057 532 2085 propter
555 2053 617 2085 quid
641 2053 731 2077 dicitur
753 2053 848 2084 requiri
871 2053 1041 2077 essentialiter
1065 2053 1136 2085 quod
1155 2053 1284 2082 medium,
1307 2060 1354 2077 seu

286 2087 429 2120 praemissa
452 2088 503 2112 sint
522 2094 575 2120 per
591 2094 633 2117 se,
659 2087 709 2112 hoc
733 2092 774 2112 est
792 2094 845 2119 per
868 2094 896 2112 se
922 2092 1005 2113 causa
1032 2088 1148 2112 eiusdem
1174 2087 1354 2112 conclusionis.

287 2121 413 2153 Quamvis
428 2127 514 2148 autem
529 2123 680 2156 praemissa,
695 2130 762 2155 quae
781 2127 821 2147 est
834 2130 880 2154 per
897 2130 926 2147 se
940 2130 1017 2147 causa
1031 2123 1211 2152 conclusionis,
1226 2123 1259 2147 sit
1275 2124 1354 2147 etiam

286 2158 440 2188 necessaria,
453 2163 541 2183 tamen
554 2165 606 2182 non
618 2157 704 2182 omnis
718 2158 862 2189 praemissa
875 2158 1020 2183 necessaria
1031 2163 1072 2182 est
1082 2165 1134 2189 per·
1145 2165 1173 2183 se
1184 2165 1279 2183 causa:
1293 2166 1353 2183 nam

286 2193 402 2218 medium
415 2198 581 2225 assumptum
599 2198 686 2225 potest
703 2193 796 2218 inferre
808 2193 954 2218 necessario
968 2194 1171 2222 conclusionem,
1190 2194 1253 2225 quin
1267 2198 1354 2218 tamen

285 2229 319 2253 sit
336 2235 415 2253 causa
429 2228 610 2259 conclusionis,
623 2229 660 2253 uti
678 2233 748 2261 patet
765 2228 790 2252 in
810 2228 1070 2253 demonstrationibus
1084 2228 1156 2261 quia,
1176 2236 1223 2253 seu
1237 2236 1252 2253 a
1266 2234 1354 2260 poste-

286 2263 499 2296 riori—Optima
520 2271 583 2296 ergo
606 2268 646 2288 est
668 2264 855 2296 argumentatio
873 2271 896 2288 s.
909 2263 1041 2288 Thomae:
1056 2264 1087 2288 Si
1101 2263 1251 2295 praemissa
1269 2266 1355 2288 essent

286 2305 401 2330 semper,
426 2302 454 2324 et
475 2299 637 2328 necessaria,
663 2302 690 2324 et
711 2305 782 2327 vera,
802 2301 829 2323 et
847 2306 898 2323 non
920 2306 973 2330 per
989 2306 1029 2328 se,
1056 2306 1107 2323 non
1127 2302 1215 2323 tamen
1241 2299 1355 2324 sciretur

286 2333 320 2359 de
337 2334 503 2360 conclusione
521 2337 636 2366 propter
654 2334 726 2366 quid,
746 2333 795 2358 hoc
814 2338 854 2358 est
871 2341 979 2359 causam
1000 2341 1053 2366 per
1069 2341 1100 2359 se
1117 2334 1291 2359 conclusionis
1296 2342 1306 2364 ‚·
1329 2339 1355 2358 et

284 2376 339 2394 non
356 2370 465 2394 sciretur
488 2370 591 2401 proprie
609 2369 755 2399 conclusio,
779 2370 840 2402 quia
858 2369 924 2394 scire
947 2374 987 2394 est
1011 2377 1117 2394 causam
1135 2369 1172 2393 rei
1197 2377 1354 2401 cognoscere

386 2403 498 2429 rv.-Cf.
513 2404 592 2429 Caiet.
610 2405 637 2428 in
651 2404 660 2428 l
675 2404 785 2432 Poster„
805 2412 860 2436 cap.
879 2412 924 2434 vu,
943 2404 967 2436 ξ.
985 2404 1063 2429 Circa
1082 2404 1189 2429 tertiam
1208 2404 1354 2429 conclusio-

285 2446 346 2464 nem
363 2444 420 2470 etc„
439 2439 484 2464 fol.
505 2438 546 2470 50,
561 2440 610 2464 col.
629 2447 651 2464 1.
664 2439 943 2472 Ed.,cit.).-Omissio
961 2439 1100 2472 particulae
1118 2439 1235 2471 negantis
1255 2439 1280 2463 in
1300 2439 1353 2464 CEl

285 2473 363 2505 LMQ
379 2479 419 2499 est
436 2482 508 2499 error
526 2474 685 2499 manifestus..
704 2474 807 2499 Etenim
826 2475 851 2499 in
875 2474 973 2499 ratione
991 2475 1100 2499 adducta
1119 2483 1144 2499 n.
1165 2474 1291 2506 superiori
1317 2474 1354 2499 di-

286 2514 355 2534 ctum
374 2514 414 2534 est
432 2510 511 2542 quod,
530 2509 590 2542 quia
609 2510 794 2534 demonstratio
807 2509 866 2534 facit
883 2509 956 2540 scire,
975 2509 1033 2534 ideo
1052 2509 1128 2534 debet
1142 2517 1200 2534 esse
1214 2517 1244 2534 ex
1263 2517 1352 2534 neces-

285 2544 367 2574 sariis,
383 2549 409 2570 et
422 2549 612 2577 consequenter
626 2552 656 2569 ex
670 2545 711 2569 his
726 2552 795 2577 quae
808 2550 870 2570 sunt
883 2552 935 2577 per
947 2552 1012 2570 se.—
1021 2545 1049 2569 ln
1068 2544 1166 2569 ratione
1180 2549 1265 2569 autern
1285 2552 1352 2577 quae

285 2579 413 2605 inducitur
430 2581 456 2605 in
473 2580 524 2605 hoc
541 2587 650 2604 numero
664 2580 812 2612 proceditur
825 2588 856 2605 ex
873 2579 1010 2613 hypothesi
1029 2580 1101 2612 quod
1120 2580 1306 2604 demonstratio
1321 2580 1355 2604 sit

285 2622 317 2641 ex
330 2615 492 2644 necessariis,
507 2615 554 2640 sed
568 2623 620 2640 non
634 2615 667 2641 sit
684 2623 716 2640 ex
728 2615 760 2639 iis
774 2623 842 2648 quae
855 2620 916 2640 sunt
925 2622 977 2647 per
994 2622 1022 2640 se
1036 2622 1114 2640 causa
1129 2615 1309 2645 conclusionis,
1324 2620 1353 2639 ut

284 2650 362 2683 paulo
381 2658 461 2683 supra
478 2651 670 2683 explicavimus.
692 2651 730 2675 Et·
743 2650 806 2675 haec
825 2656 865 2675 est
882 2650 1054 2675 ratiocinatio:
1077 2650 1166 2675 Posito
1190 2651 1260 2683 quod
1280 2658 1354 2683 prae-

285 2685 367 2711 missa
384 2685 436 2710 sint
453 2685 598 2710 necessaria
616 2690 642 2710 et
658 2693 728 2717 vera,
747 2686 795 2710 sed
813 2694 866 2710 non
885 2693 939 2718 per
955 2693 983 2710 se
1001 2693 1079 2710 causa
1097 2685 1286 2716 conclusionis,
1309 2686 1354 2710 de-

286 2720 439 2746 monstratio
452 2728 505 2746 non
519 2726 560 2746 est
572 2724 688 2753 propter
700 2721 774 2753 quid.
793 2721 845 2746 Sed
858 2729 927 2746 nunc
941 2721 1072 2753 loquimur
1086 2721 1119 2745 de
1132 2721 1350 2745 demonsnatione

281 2758 396 2788 propter
409 2756 483 2788 quid.
495 2756 565 2788 Ergo
577 2756 722 2789 praemissa
735 2756 829 2788 debent
841 2764 901 2781 esse
916 2764 967 2780 non
986 2756 1072 2780 solum
1088 2756 1232 2781 necessaria
1246 2761 1272 2780 et
1283 2763 1353 2786 vera,

286 2791 333 2815 sod
354 2790 430 2816 etiam
449 2799 497 2824 per
515 2799 545 2817 se
557 2798 639 2816 causa
657 2791 838 2816 conclusionis.
852 2792 878 2816 Si
898 2791 957 2824 quis
976 2792 1045 2823 legat
1062 2799 1123 2816 cum
1137 2791 1218 2816 citatis
1237 2791 1312 2816 codd.
1327 2795 1353 2816 et

280 2833 334 2858 per
350 2833 386 2856 se,
405 2826 476 2851 nulla
494 2831 534 2852 est
551 2826 615 2851 haec
634 2826 723 2852 ultima
742 2826 814 2858 ratio,
833 2832 859 2852 et
876 2831 964 2860 aperte
982 2826 1131 2852 contradicit
1148 2826 1234 2851 verbis
1253 2827 1353 2851 Aristo-

286 2860 354 2891 telis,
373 2858 408 2894 μὴ
426 2859 482 2886 καθ’
502 2857 567 2886 ‹sinti›
586 2859 621 2886 δὲ.

339 2895 398 2921 Non
416 2903 479 2929 ergo
501 2896 604 2922 videtur
620 2896 766 2922 Aristotelis
789 2902 904 2922 mentem
929 2898 1006 2930 plene
1024 2902 1180 2929 assequutus
1198 2896 1354 2922 Theodorus

285 2930 370 2955 Waitz
389 2938 448 2956 cum
467 2931 532 2956 hanc
551 2932 798 2964 argumentationem
818 2940 959 2965 exponens,
978 2933 1024 2957 ait:
1049 2942 1062 2954 ι
1077 2932 1172 2957 Veram
1192 2932 1228 2957 rei
1248 2940 1352 2956 causam

288 2974 302 2989 1
318 2965 419 2997 ignorat
436 2966 481 2998 qui
500 2974 530 2991 ex
548 2966 769 3000 propositionibus
783 2975 836 2991 non
855 2967 1006 2992 necessariis
1025 2967 1129 2998 colligit,
1144 2967 1242 2992 etiamsi
1258 2975 1354 3000 propo-

288 3009 303 3024 >
318 3000 425 3026 sitiones
443 3008 475 3026 ex
492 3001 588 3034 quibus
606 3002 709 3034 colligat
730 3002 802 3027 omni
825 3007 943 3035 tempore
964 3010 1042 3027 verae
1065 3002 1168 3034 quidem
1191 3003 1249 3033 sint,
1269 3010 1355 3034 neque

288 3044 304 3059 ν
319 3040 407 3061 tamen
424 3035 451 3060 in
469 3036 527 3068 ipsa
544 3037 581 3061 rei
600 3041 689 3062 natura
708 3037 807 3069 positae
826 3034 872 3071 (μὴ
891 3035 947 3061 καθ’
967 3033 1031 3062 αὐτὸ
1050 3034 1097 3070 δῖ),
1116 3038 1187 3070 quod
1205 3038 1236 3062 iis
1255 3037 1353 3068 accidit,

289 3081 302 3094 »
318 3070 361 3103 qui
381 3077 412 3095 ex
430 3070 511 3102 signis
525 3071 621 3104 aliquid
640 3077 743 3104 cogunt.
758 3072 823 3096 Nam
842 3072 887 3104 qui
906 3072 1003 3103 colligit
1020 3079 1051 3097 ex
1069 3073 1289 3105 propositionibus
1302 3080 1354 3097 non

289 3114 303 3129 ι
319 3106 479 3136 necessariis,
493 3114 547 3131 non
565 3114 596 3131 ex
614 3107 670 3139 ipsa
688 3107 725 3131 rei
744 3112 834 3132 natura
851 3108 984 3139 cognoscit
1001 3108 1072 3140 quod
1091 3108 1238 3132 necessario
1251 3115 1311 3132 cum
1324 3115 1354 3132 ea

289 3149 303 3164 x
320 3141 486 3166 coniunctum
504 3146 552 3171 est,
570 3146 600 3166 ut
617 3149 705 3167 veram
715 3142 752 3167 rei
762 3149 866 3167 causam
877 3147 938 3167 eum
948 3143 1066 3174 ignorare
1077 3148 1199 3175 appareat
1210 3153 1222 3166 ι
1239 3143 1352 3175 (Aristo-

287 3176 349 3201 telis
364 3175 501 3209 Organon,
510 3183 614 3209 graece,
629 3185 655 3209 p.
663 3177 693 3208 11,
703 3177 805 3202 Poster-
817 3177 954 3211 analytic„
965 3177 1051 3202 Schol.
1064 3178 1090 3202 in
1100 3185 1201 3211 cap.v1,
1211 3186 1269 3210 pag.
1282 3177 1353 3210 321).

2399 264 2467 311 195

1409 353 1464 386 se,
1494 353 1572 378 non
1601 340 1669 377 scit
1702 340 1834 390 aliquis
1857 353 1930 389 per
1955 352 2006 386 se,
2040 352 2164 389 neque
2192 346 2348 389 propter
2375 342 2473 389 quid.

1412 394 1516 430 Sicut
1539 394 1570 430 si
1597 393 1730 442 aliquis
1761 394 1941 443 probaret
1964 393 2070 441 quod
2099 405 2214 430 omne
2243 394 2474 430 elementum

1412 454 1467 483 est
1491 446 1731 495 corruptibile
1747 451 1771 493 ⁰,
1792 459 1861 495 per
1879 447 1954 483 hoc
1973 446 2076 494 quod
2100 446 2251 483 videtur
2269 453 2440 495 tempore
2456 447 2476 467 '¹‘

1411 498 1612 547 antiquari,
1634 506 1732 536 esset
1758 499 1914 548 quidem
1933 499 2108 548 probatio
2127 511 2196 548 per
2215 498 2376 546 signum,
2397 511 2475 535 non

1412 560 1541 588 autem
1563 564 1636 600 per
1661 565 1712 598 se,
1741 564 1866 600 neque
1887 558 2046 601 propter
2072 553 2163 601 quid
2170 566 2182 589 .·
2211 552 2299 600 quia
2319 558 2477 600 propter

1411 605 1501 653 quid
1531 605 1625 641 scire
1663 613 1719 641 est
1749 618 1818 654 per
1851 618 2005 648 causam
2043 605 2148 642 scire.
2189 605 2350 654 Oportet
2387 617 2475 652 ergo

1411 657 1582 694 medium
1597 663 1616 680 π
1636 670 1718 694 esse
1747 670 1901 694 causam
1931 658 2023 705 eius,
2052 658 2156 706 quod
2180 658 2218 694 in
2243 658 2476 695 demonstra-

1410 711 1513 747 tione
1533 710 1778 748 concluditur.
1809 711 1858 747 Et
1876 712 1950 747 hoc
1970 711 2212 748 manifestum
2232 718 2287 747 est
2307 723 2351 747 ex
2369 722 2476 759 prae-

1411 763 1561 800 missis*
1569 776 1577 799 :
1594 763 1683 811 quia
1697 771 1846 812 oportet
1861 772 1897 800 et
1908 764 2070 800 medium
2082 764 2198 800 inesse
2212 764 2317 800 tertio
2322 769 2478 813 propter

1411 817 1543 864 ipsum,
1556 816 1651 852 idest
1668 829 1737 864 per
1751 828 1803 862 se,
1825 823 1861 852 et
1876 816 2045 853 similiter
2058 817 2226 865 primum
2243 816 2376 853 medio.
2399 815 2477 852 Pri-

1411 881 1519 905 mum
1549 876 1676 905 autern
1698 876 1733 905 et
1751 868 1901 905 tertium
1921 876 2036 905 vocat
2054 871 2073 889 ⁴*
2095 870 2189 906 duas
2215 869 2475 906 extremitates.

1464 1034 1537 1064 Quae
1556 1033 1681 1066 expositio
1701 1034 1870 1065 inadaequata
1888 1034 1996 1058 videtur.
2019 1034 2083 1058 Nam
2103 1035 2173 1066 quod
2192 1035 2376 1060 demonstratio
2395 1036 2428 1061 sit
2446 1037 2478 1061 de

1410 1069 1562 1093 necessariis
1581 1074 1606 1093 et
1625 1076 1655 1092 ex
1675 1068 1825 1093 necessariis
1847 1073 1886 1092 est
1901 1074 2081 1100 argumentum
2105 1077 2155 1094 non
2170 1069 2247 1094 huius
2262 1071 2308 1095 sed
2323 1072 2478 1104 praeceden-

1410 1103 1442 1128 tis
1461 1103 1586 1128 lectionis.
1607 1104 1633 1127 ln
1653 1103 1780 1135 praesenti
1800 1103 1932 1135 probanda
1957 1109 1996 1128 est
2015 1104 2094 1128 thesis
2114 1105 2183 1136 quod
2203 1106 2400 1137 demonstratio,
2424 1114 2476 1131 non

1410 1145 1590 1170 quaecumque
1605 1136 1676 1171 (nota
1695 1137 1781 1171 bene),
1795 1138 1841 1162 sed
1856 1141 1970 1170 propter
1988 1139 2059 1171 quid,
2076 1139 2152 1164 debet
2170 1148 2228 1164 esse
2247 1148 2277 1165 ex
2293 1141 2323 1165 iis
2337 1149 2404 1173 quae
2418 1147 2478 1166 sunt

1410 1181 1457 1205 per
1475 1181 1504 1197 se
1523 1180 1600 1197 causa
1619 1174 1804 1202 conclusionis,
1824 1178 1850 1197 et
1868 1179 2058 1205 consequenter
2075 1175 2214 1206 procedere
2233 1183 2264 1200 eo
2282 1177 2371 1201 ordine
2390 1177 2475 1201 exclu-

1410 1208 1474 1237 sivo,
1489 1215 1570 1240 quem
1589 1215 1610 1232 s.
1621 1208 1737 1232 Thomas
1752 1208 1930 1233 determinavit
1944 1209 2001 1233 lect.
2015 1210 2131 1241 praeced.
2145 1218 2170 1234 n.
2186 1210 2208 1234 3.
2218 1224 2236 1228 -
2246 1211 2292 1235 Est
2306 1212 2374 1236 enim
2389 1219 2478 1236 sermo

1412 1243 1444 1267 de
1463 1243 1682 1268 demonstratione
1697 1249 1802 1276 propter
1820 1243 1889 1275 quid,
1904 1251 1955 1276 qua
1970 1244 2128 1269 concluditur
2142 1246 2256 1277 propria
2266 1247 2358 1278 passio
2372 1254 2419 1271 seu
2433 1254 2477 1272 ac-

1410 1278 1513 1307 cidens,
1539 1278 1610 1310 quod
1631 1285 1677 1311 per
1700 1286 1729 1303 se
1748 1278 1772 1302 in
1793 1279 1908 1303 secundo
1932 1279 2010 1303 modo
2031 1280 2150 1304 convenit
2171 1280 2286 1305 subiecto
2305 1282 2477 1307 conclusionis

1411 1313 1463 1345 (Cf.
1482 1313 1536 1345 ib.).
1550 1327 1570 1333 --
1582 1313 1623 1337 Ad
1642 1321 1722 1345 quam
1741 1313 1834 1338 thesim
1853 1314 2014 1346 probandam
2034 1315 2203 1347 supponitur,
2223 1321 2251 1339 ut
2269 1315 2310 1340 hic
2329 1324 2407 1348 supra
2426 1317 2477 1341 iam

1411 1349 1534 1379 diximus,
1553 1349 1624 1381 quod
1643 1349 1729 1381 aliqua
1753 1349 1939 1373 demonstratio
1957 1349 1990 1373 sit
2008 1350 2114 1382 quidem
2133 1358 2163 1375 ex
2188 1351 2353 1381 necessariis,
2373 1360 2425 1376 non
2444 1353 2479 1376 sit

1411 1389 1497 1408 tamen
1517 1391 1546 1408 ex
1566 1384 1716 1408 necessariis
1735 1384 1811 1409 simul
1831 1389 1856 1408 et
1875 1392 1922 1416 per
1939 1392 1983 1415 se,
2003 1390 2131 1417 quatenus
2151 1393 2196 1418 per
2216 1394 2244 1410 se
2263 1394 2341 1418 supra
2357 1395 2478 1411 necessa-

1410 1418 1478 1443 rium
1502 1419 1572 1443 addit
1595 1426 1653 1443 esse
1673 1427 1719 1452 per
1743 1427 1773 1444 se
1791 1427 1896 1444 causam
1922 1420 2108 1450 conclusionis;
2128 1426 2153 1445 et
2172 1420 2279 1445 infertur
2298 1422 2367 1454 quod
2386 1422 2412 1446 in
2431 1422 2478 1446 hac

1411 1454 1592 1487 suppositione
1606 1455 1698 1487 poss’et
1711 1454 1817 1486 quidem
1832 1454 1920 1479 haberi
1937 1455 2120 1480 demonstratio
2135 1461 2261 1488 quatenus
2276 1464 2306 1481 ex
2325 1457 2476 1482 necessariis

1410 1489 1538 1521 procedit,
1553 1490 1600 1514 sed
1620 1497 1672 1514 non
1686 1495 1771 1522 potest
1785 1497 1843 1514 esse
1858 1490 2042 1514 demonstratio
2052 1494 2167 1523 propter
2180 1491 2251 1523 quid,
2267 1492 2327 1524 quia
2341 1492 2404 1516 haec
2418 1492 2479 1517 facit

1410 1525 1478 1549 scire
1496 1532 1599 1549 causam
1619 1533 1666 1557 per
1684 1532 1713 1549 se
1732 1525 1907 1549 conclusionis
1927 1526 2128 1556 demonstratae;
2144 1534 2222 1551 causa
2236 1532 2322 1551 autem
2336 1535 2382 1559 per
2396 1535 2425 1552 se
2439 1528 2476 1552 rei

1411 1560 1602 1584 demonstratae
1621 1568 1672 1584 non
1692 1560 1778 1589 scitur,
1795 1560 1838 1584 ubi
1858 1560 1973 1584 medium
1993 1569 2045 1585 non
2064 1561 2098 1585 sit
2115 1569 2161 1593 per
2180 1570 2208 1586 se
2227 1570 2303 1586 causa
2323 1563 2386 1593 eius,
2407 1563 2478 1595 quod

1410 1595 1436 1619 in
1456 1595 1675 1620 demonstratione
1698 1595 1866 1620 concluditur.
1887 1605 1899 1617 ι
1916 1596 2067 1628 Syllogismi
2086 1597 2129 1629 qui
2155 1595 2351 1629 proficiscuntur
2369 1605 2383 1622 a
2402 1598 2478 1630 signo

1413 1640 1424 1652 ι
1441 1629 1494 1654 fere
1513 1630 1598 1655 media
1617 1635 1736 1661 sumunt,
1756 1630 1842 1662 inquit
1864 1630 2033 1660 Tnemistius,
2053 1639 2119 1672 qpae
2143 1631 2218 1657 firma
2241 1637 2266 1656 et
2285 1638 2408 1665 perpetua
2427 1634 2478 1657 sint

1412 1675 1426 1688 ³
1442 1665 1551 1697 (nempe
1565 1666 1713 1690 necessaria
1729 1665 1818 1698 aliqua
1835 1666 1946 1694 ratione,
1961 1667 2008 1691 sed
2027 1674 2078 1691 non
2093 1675 2146 1699 per
2158 1668 2212 1699 se):
2226 1676 2285 1692 nam
2301 1673 2326 1692 et
2340 1669 2478 1693 lactescere

1412 1709 1426 1724 »
1441 1708 1547 1732 semper
1561 1701 1628 1725 inest
1643 1701 1742 1725 mulieri
1757 1708 1823 1733 quae
1838 1701 1945 1733 peperit,
1956 1707 1981 1726 et
1999 1702 2101 1733 ignibus
2120 1702 2227 1727 fumare.
2246 1703 2296 1727 Sed
2311 1703 2395 1727 media
2414 1703 2478 1728 haec

1412 1744 1426 1759 »
1443 1736 1637 1760 accommodata
1647 1736 1858 1760 demonstrationi
1873 1736 1994 1768 (propter
2007 1737 2083 1769 quid)
2098 1745 2149 1762 non
2169 1742 2237 1767 sunt,
2253 1738 2311 1770 quia
2330 1738 2355 1762 in
2369 1738 2419 1763 hoc
2432 1746 2476 1770 ge—

1412 1781 1425 1793 »
1443 1778 1504 1795 nere
1519 1771 1604 1803 priora
1618 1778 1656 1796 ex
1669 1771 1884 1803 consequentibus
1898 1772 2107 1797 concluduntur»
2120 1770 2293 1805 (Paraphras.
2309 1773 2333 1797 in
2345 1773 2353 1798 1
2364 1774 2475 1804 Foster„

1411 1813 1468 1838 cap.
1482 1813 1522 1835 κν,
1537 1814 1595 1838 pag.
1614 1813 1652 1830 12.
1663 1806 1729 1830 —Cf.
1744 1806 1880 1839 Philopon.
1895 1807 1920 1831 in
1940 1807 1949 1831 1
1967 1807 2081 1837 Postera,
2101 1808 2317 1840 §.Accidenn'um
2331 1814 2378 1833 etc.
2392 1817 2476 1842 seqq.,

1410 1848 1468 1873 pag.
1485 1840 1516 1865 32
1537 1848 1623 1873 seqq.;
1639 1841 1751 1866 Caietan.
1766 1842 1792 1866 in
1811 1842 1820 1866 1
1840 1842 1955 1871 Foster„
1975 1850 2030 1875 cap.
2044 1850 2087 1872 vn,
2103 1844 2151 1867 loc.
2166 1843 2227 1876 cit.)-

1464 1875 1530 1906 Quia
1544 1876 1620 1908 igitur
1630 1876 1715 1901 Waitz
1730 1884 1782 1901 nou
1796 1877 1897 1902 videtur
1911 1878 2067 1910 distinguere
2080 1878 2145 1903 inter
2159 1886 2217 1903 esse
2231 1880 2476 1904 demonstrationem

1410 1919 1441 1936 ex
1451 1911 1600 1943 simpliciter
1609 1912 1769 1942 necessariis,
1780 1917 1806 1936 et
1816 1920 1876 1936 esse
1885 1920 1915 1936 ex
1926 1913 2076 1937 necessariis
2087 1921 2154 1946 quae
2164 1918 2225 1938 sunt
2234 1922 2280 1946 per
2289 1922 2318 1938 se
2329 1922 2405 1939 causa
2415 1922 2475 1939 con-

1409 1947 1545 1976 clusionis;
1560 1954 1590 1971 ex
1603 1946 1658 1971 eius
1673 1947 1880 1979 interpretatione
1892 1953 1982 1979 posset
1992 1948 2084 1981 aliquis
2098 1949 2191 1973 inferre
2201 1954 2245 1973 aut
2253 1950 2350 1974 nullam
2365 1950 2476 1974 demon-

1409 1982 1559 2006 strationem
1582 1989 1642 2006 esse
1655 1985 1769 2014 propter
1787 1982 1859 2015 quid,
1879 1988 1923 2007 aut
1941 1983 2039 2007 nullam
2058 1991 2117 2008 esse
2136 1985 2383 2009 demonstrationem
2402 1985 2472 2017 quia.

1410 2017 1486 2047 Quod
1498 2022 1522 2041 et
1532 2022 1572 2041 est
1582 2017 1607 2041 in
1618 2024 1647 2041 se
1657 2017 1759 2046 falsum,
1771 2023 1795 2042 et
1805 2023 1892 2042 contra
1903 2023 2015 2043 mentem
2027 2019 2179 2049 Aristotelis,
2191 2020 2243 2044 imo
2254 2024 2280 2044 et
2289 2020 2370 2052 ipsius
2381 2020 2473 2044 Waitz.

2504 484 2512 491 ·
2528 459 2652 505 Codd.⁰—1·:
2669 484 2716 506 vid.

2508 509 2583 536 ipsum
2597 510 2671 538 antiq.

2599 665 2617 681 π

2509 774 2516 781 ·
2529 779 2542 793 r·
2552 780 2557 794 t
2579 774 2719 801 praedictis.

2506 880 2514 888 ·
2530 885 2579 905 eno
2586 887 2591 900 :
2607 882 2681 901 notat.

1463 2053 1487 2085 o)
1506 2052 1585 2082 Quod
1596 2059 1673 2077 omne
1686 2053 1842 2078 elementum
1853 2056 1892 2078 est
1905 2054 2083 2085 corruptibile.
2093 2068 2111 2072 —
2121 2055 2202 2079 Codd.
2216 2055 2302 2079 AOT:
2314 2055 2385 2088 quod
2399 2063 2476 2080 omne
2518 2079 2521 2082 Α

1409 2087 1605 2112 elementatum.
1625 2087 1710 2117 Quam
1729 2088 1864 2112 lectionem
1883 2088 1978 2113 habere
1997 2089 2095 2113 dicendi
2120 2095 2180 2114 sunt
2199 2090 2314 2120 codices,
2334 2098 2364 2115 ex
2378 2091 2474 2123 quibus

1409 2122 1568 2155 scripserunt
1586 2130 1758 2148 amanuenses
1773 2124 1847 2148 codd.
1862 2123 1982 2155 BDEQS,
2002 2124 2115 2156 legentes
2134 2125 2240 2154 elatum,
2261 2133 2320 2150 cum
2340 2126 2414 2158 signo
2428 2127 2476 2150 ab-

1408 2157 1581 2182 breviationis.
1599 2172 1618 2178 —-
1638 2159 1772 2183 Elementa
1797 2164 1858 2183 sunt
1876 2159 1901 2183 in
1921 2167 1987 2191 quae
2006 2160 2171 2184 resolvuntur
2189 2168 2295 2193 corpora
2319 2162 2474 2193 composita,

1410 2200 1476 2225 quae
1495 2193 1553 2218 ideo
1571 2194 1726 2218 elementata
1745 2194 1871 2218 dicuntur.
1891 2194 2004 2227 Utraque
2023 2195 2098 2219 lectio
2117 2195 2184 2220 bona
2203 2201 2255 2226 est,
2270 2196 2331 2228 quia
2345 2204 2404 2221 esse
2419 2205 2474 2221 cor-

1409 2228 1530 2260 ruptibile
1550 2233 1604 2252 tum
1624 2229 1758 2253 elementis
1777 2234 1831 2253 turn
1852 2229 2011 2254 elementatis
2030 2230 2157 2255 convenit.
2173 2231 2292 2255 Attamen
2307 2231 2367 2264 quia
2382 2231 2407 2256 in
2422 2232 2473 2256 ele-

1409 2264 1529 2288 mentatis
1549 2264 1631 2295 magis
1650 2269 1756 2296 apparet
1775 2264 1912 2297 corrupti0‚
1932 2264 1994 2289 haec
2014 2265 2101 2295 lectio,
2120 2266 2312 2296 elementatum,
2334 2266 2394 2291 mihi
2414 2275 2474 2300 pro-

1407 2298 1517 2323 babilior
1534 2298 1643 2324 videtur.

1462 2333 1492 2367 π)
1515 2334 1627 2365 Oportet
1644 2341 1710 2366 ergo
1730 2334 1845 2359 medium
1865 2336 2029 2365 eta—Haec,
2047 2343 2131 2368 usque
2149 2336 2181 2360 ad
2200 2336 2227 2361 in
2250 2336 2474 2362 demonstratione

1407 2369 1583 2398 concluditur,
1598 2369 1725 2394 habentur
1743 2369 1768 2394 in
1788 2370 1866 2394 Piana
1885 2375 1910 2394 et
1929 2370 2033 2395 Venetis
2053 2371 2111 2395 edit.
2131 2371 2226 2396 saeculi
2241 2371 2297 2396 XV.
2316 2373 2349 2396 At
2362 2377 2417 2397 tum
2430 2373 2474 2397 illa

1408 2409 1463 2428 tum
1482 2405 1546 2428 istae
1565 2404 1589 2428 in
1609 2403 1660 2429 fine
1679 2404 1794 2429 lectionis
1818 2405 1908 2429 eadem
1928 2405 2008 2430 fenne
2026 2405 2106 2430 verba
2125 2405 2218 2431 iterum
2237 2413 2350 2439 ponunt:
2368 2410 2473 2439 oportet

1408 2446 1472 2472 ergo
1492 2439 1606 2464 medium
1625 2447 1733 2464 causam
1752 2447 1807 2465 esse
1823 2443 2005 2465 extremorum
2025 2441 2095 2471 eius,
2115 2442 2186 2473 quod
2200 2442 2226 2466 in
2247 2442 2475 2467 demonstratione

1408 2474 1584 2499 concluditur.
1600 2474 1673 2505 Quae
1692 2482 1753 2499 sane
1772 2475 1889 2508 repetitio
1905 2476 2057 2500 eorumdem
2071 2477 2210 2501 verborum
2225 2477 2395 2510 eiusdemque
2413 2485 2489 2505 sen-0

1407 2509 1501 2534 tentiae
1524 2517 1631 2542 prorsus
1655 2510 1750 2534 inutilis
1774 2515 1825 2541 est,
1845 2515 1871 2535 et
1889 2518 1910 2535 s.
1923 2510 2042 2536 Thomae
2065 2512 2170 2536 minime
2194 2512 2334 2537 tribuenda.
2353 2526 2373 2532 —-
2389 2513 2473 2538 Etiam

1409 2545 1465 2570 cod.
1485 2545 1505 2569 B
1523 2545 1643 2570 terminat
1661 2545 1725 2569 hanc
1746 2545 1881 2570 lectionem
1900 2546 1971 2570 hisce
1989 2546 2088 2571 verbis:
2103 2550 2180 2572 vocat
2194 2547 2262 2572 duas
2279 2548 2473 2573 extremitates.

1411 2580 1522 2612 Oportet
1540 2587 1605 2613 ergo
1624 2580 1739 2605 medium
1758 2588 1866 2606 causam
1886 2588 1941 2606 esse
1959 2585 2142 2607 extremorum
2162 2582 2225 2611 eius,
2241 2583 2312 2615 quod
2324 2583 2350 2607 in
2366 2584 2473 2608 demon-

1407 2615 1536 2640 stratione
1549 2616 1717 2640 concluditur
1722 2623 1731 2644 ;
1745 2617 1792 2640 sed
1806 2617 1892 2641 addito
1906 2617 1981 2648 signo
1994 2623 2082 2642 monet
2096 2617 2158 2642 haec
2169 2618 2248 2642 verba
2262 2619 2373 2643 tollenda
2386 2626 2445 2644 esse
2458 2627 2473 2643 a

1407 2649 1471 2681 fine,
1491 2656 1516 2675 et
1534 2651 1653 2683 ponenda
1666 2651 1710 2675 ubi
1724 2651 1822 2676 omissa
1835 2657 1909 2682 sunt,
1929 2660 2022 2684 nempe
2040 2657 2100 2685 post
2113 2660 2165 2684 per
2182 2661 2290 2678 causam
2308 2654 2388 2682 scire,
2407 2654 2474 2678 sicut

1408 2686 1487 2710 Piana
1504 2686 1582 2711 habet
1595 2694 1654 2711 cum
1670 2686 1728 2711 edd.
1743 2686 1834 2711 Venet.
1849 2692 1875 2711 et
1893 2687 1968 2712 codd.
1983 2687 2199 2718 CELMNQRST.
2218 2689 2315 2713 Exinde
2339 2689 2472 2714 coniectari

1407 2726 1494 2753 potest
1506 2721 1590 2754 quod,
1605 2722 1671 2746 sicut
1689 2721 1746 2746 cod.
1760 2722 1789 2752 B,
1804 2722 1839 2746 ita
1853 2722 1929 2747 etiarn
1948 2723 2063 2747 nonnulli
2083 2724 2123 2747 alii
2142 2723 2243 2748 codices
2263 2724 2341 2748 verba
2360 2724 2472 2756 praefata

1407 2756 1542 2781 habuerint
1560 2756 1586 2781 in
1604 2755 1656 2781 fine
1675 2757 1801 2787 lectionis,
1820 2757 1876 2782 sine
1894 2763 1981 2782 tamen
2000 2763 2060 2782 nota
2079 2758 2197 2791 apposita
2216 2759 2241 2783 in
2260 2760 2289 2783 B.
2309 2759 2427 2792 Cumque
2446 2760 2472 2784 in

1407 2791 1463 2816 aliis
1482 2791 1612 2816 codicibus
1632 2792 1723 2816 eadem
1740 2793 1819 2817 verba
1838 2793 1982 2825 legerentur
2001 2798 2061 2825 post
2078 2801 2130 2825 per
2148 2801 2255 2818 causam
2274 2794 2356 2823 scire,
2376 2795 2471 2819 factum

1407 2831 1448 2851 est
1459 2832 1488 2851 ut
1505 2827 1531 2851 in
1550 2827 1706 2859 quibusdam
1725 2828 1855 2852 codicibus
1874 2828 2009 2860 imprimis,
2024 2834 2114 2860 postea
2131 2836 2194 2853 vero
2212 2829 2237 2853 in
2257 2829 2412 2854 editionibus
2431 2830 2472 2854 bis

1407 2863 1498 2887 eadem
1511 2862 1591 2887 verba
1606 2868 1771 2894 ponerentur.
1781 2877 1800 2881 —
1813 2863 1920 2887 Codices
1940 2863 2111 2888 ADGHIKO:
2122 2871 2174 2895 per
2183 2871 2290 2889 causam
2304 2864 2380 2890 scire.
2395 2865 2471 2898 Ergo

1408 2898 1578 2931 manifestum
1592 2901 1632 2923 est
1646 2898 1683 2930 (et
1692 2898 1726 2922 ita
1735 2898 1767 2930 B)
1778 2905 1816 2923 ex
1824 2898 1981 2930 praemissis
1993 2899 2064 2931 quod
2077 2902 2182 2930 oportet
2195 2903 2221 2924 et
2231 2899 2289 2931 (ΑΗ
2299 2905 2325 2924 et
2338 2907 2392 2924 sec.
2402 2907 2470 2924 man.

1407 2933 1430 2957 D
1444 2941 1498 2957 om.
1508 2933 1544 2964 et)
1560 2933 1674 2958 medium
1690 2939 1751 2962 etc.‚·
1765 2939 1790 2958 et
1804 2934 1911 2958 omnino
1923 2934 2045 2958 omittunt
2058 2934 2144 2965 verba,
2155 2938 2259 2966 oportet
2267 2942 2358 2967 ergo...
2370 2935 2470 2960 Ethoc.

1406 2982 1426 2986 -
1435 2967 1632 2998 CELMNQST:
1649 2968 1685 2992 Et
1698 2969 1747 2993 hoc
1760 2976 1825 3001 ergo
1836 2969 2004 3002 manifestum
2019 2972 2058 2993 est
2071 2976 2108 2993 ex
2117 2970 2273 3000 praemissis
2282 2970 2353 3002 quod
2366 2973 2471 3001 oportet

1406 3007 1434 3027 et
1452 3003 1512 3035 (LN
1531 3011 1584 3027 om.
1598 3003 1639 3035 et)
1659 3004 1773 3028 medium
1793 3004 1878 3028 inesse
1897 3004 1977 3029 tertio
1991 3007 2104 3036 propter
2123 3005 2215 3035 ipsum,
2231 3005 2299 3029 idest
2313 3008 2425 3037 propter
2443 3012 2471 3029 se

1407 3038 1535 3070 (propter
1549 3039 1626 3063 etiam
1639 3039 1729 3071 ΑΒΙΚ)
1743 3042 1770 3063 et
1782 3039 1905 3064 similiter
1919 3044 1979 3063 etc.:
1990 3040 2078 3063 lectio:
2095 3040 2130 3063 Et
2143 3040 2191 3064 hoc
2209 3047 2300 3072 ergo...
2310 3040 2381 3072 quod
2389 3047 2470 3071 opor-

1407 3076 1456 3102 tet,
1472 3073 1638 3105 praeferenda
1651 3074 1752 3098 videtur
1767 3074 1820 3106 (Cf.
1830 3074 1911 3106 text.).
1920 3074 1983 3098 -R:
1999 3074 2035 3098 Et
2044 3074 2092 3099 hoc
2106 3075 2184 3099 modo
2199 3075 2366 3108 manifestum
2381 3078 2421 3100 est
2433 3082 2471 3099 ex

1403 3108 1560 3139 praemissis
1578 3109 1650 3141 quod
1668 3111 1774 3140 oportet
1786 3114 1835 3134 etc.
1847 3122 1867 3129 —-
1879 3109 1975 3134 AEGO
1996 3109 2131 3134 terminant
2150 3109 2284 3134 lectionem
2306 3110 2355 3135 hoc
2375 3110 2469 3134 modo:

1402 3143 1568 3175 primum...
1588 3144 1656 3168 duas
1674 3144 1873 3174 extremitates;
1891 3145 2018 3170 maiorem
2038 3144 2090 3177 (O,
2109 3148 2136 3170 et
2154 3143 2296 3179 maiorem)
2316 3148 2393 3170 vocat
2410 3145 2470 3177 pri-

1407 3186 1488 3207 mum,
1508 3178 1636 3203 minorem
1656 3179 1773 3204 tertium.

1034 3349 1727 3403 ἠχῇ-ᾖ
