2788 4204
58 2954 69 2965 ·
84 2953 121 2977 ef.
134 2954 188 2976 lect.
199 2959 250 2976 vm.

57 3007 70 3020 ⁴
84 3013 115 3034 q:
134 3007 245 3030 ostendit.

56 3057 70 3068 ⁸
83 3056 155 3079 Num.
170 3062 192 3085 3.

49 3192 67 3214 S

155 3172 172 3189 α

1146 273 1258 309 CAP.
1288 273 1360 320 XI,
1390 272 1542 309 LECT.
1572 271 1642 307 XII

980 499 1198 557 LECT
1200 501 1284 556 10
1321 499 1808 556 DUODECIMA

463 630 776 684 QUOMODO
810 630 871 671 1N
905 630 1480 671 DEMONSTRATIONE
1513 628 1884 670 ACCIPIATUR
1914 626 2120 669 CAUSA
2156 626 2328 679 QUAE

339 701 471 742 NON
503 701 620 743 EST
654 701 840 743 SIMUL
875 701 1006 743 CUM
1038 701 1321 742 EFFECTU
1354 701 1416 741 1N
1449 699 1523 741 IIS
1558 700 1729 753 QUAE
1764 698 2217 740 CIRCULARITER
2249 696 2453 745 FIUNT;

682 772 762 813 ET
796 771 1111 824 QUALITER
1144 771 1570 812 DIVERSIMODE
1603 769 2112 811 DEMONSTRETUR

558 843 676 884 PER
710 841 967 884 CAUSAM
998 842 1060 883 1N
1094 841 1193 883 HIS
1228 842 1400 894 QUAE
1433 841 1596 883 SUNT
1631 841 1889 889 SEMPER,
1925 841 2004 881 ET
2038 840 2099 880 1N
2132 839 2231 880 HIS

925 912 1098 965 QUAE
1131 912 1294 954 SUNT
1327 912 1411 954 UT
1445 910 1862 964 FREQUENTER

289 1033 388 1065 Ἐπεὶ
402 1028 431 1065 δ’
453 1033 577 1086 ὁρῶμεν
599 1033 634 1066 ἐν
658 1037 729 1070 τοῖς
746 1032 933 1079 γινομένοις
947 1031 1058 1073 κύκλῳ
1075 1032 1155 1064 τινά
1170 1031 1298 1077 γένεσιν
1317 1029 1372 1063 οὗ·

362 1089 441 1118 σαν,
455 1074 632 1123 ὲνδεχεται
649 1078 756 1110 τοῦτο
772 1074 872 1118 εἶναι,
888 1079 980 1130 εἴπερ
995 1075 1135 1108 ἕποιντο
1150 1075 1311 1113 ἀλλήλοις
1332 1075 1371 1108 τὰ

361 1121 463 1166 μέσον
491 1125 551 1154 καὶ
577 1124 607 1154 οἱ
635 1121 743 1165 ἄκροι·
771 1121 804 1153 ἐν
822 1122 887 1167 γάρ
912 1132 1049 1159 τουτοις
1075 1121 1117 1153 τὸ
1135 1119 1369 1164 ἀντιστρέφειν

366 1166 471 1199 ἐστίν.
495 1165 536 1198 Δέ
546 1165 675 1198 ῗεικται
692 1162 731 1197 δὲ
751 1166 858 1198 τοῦτο
881 1167 914 1198 ἑν
932 1169 1004 1203 τοῖς
1022 1165 1182 1209 πρώτοις,
1201 1164 1254 1197 ὅτι
1278 1165 1372 1196 ἀντι-

363 1210 497 1254 στρέφει
523 1211 571 1244 τά
586 1209 878 1255 συμπεράσματα·
895 1210 937 1242 τὸ
953 1205 991 1241 δὲ
1009 1209 1118 1250 κύκλῳ
1136 1208 1245 1241 τοῦτο’
1261 1209 1367 1241 ἐστιν.

288 1258 369 1289 Ἐπὶ
394 1251 432 1287 δὲ
458 1256 524 1288 τῶν
550 1255 653 1302 ’έργων
679 1257 840 1298 φαίνεται
865 1250 943 1286 ὦδε.
975 1252 1203 1299 Βεβρεγμένης
1228 1254 1290 1290 τῆς
1307 1253 1371 1299 γῆς

365 1299 497 1346 ἀνάγκη
530 1295 663 1344 ἀτμίδα
692 1298 863 1345 γίνεσθαι,
890 1297 1018 1331 τούτου
1050 1293 1088 1330 δὲ
1113 1297 1295 1344 γενομένου
1320 1296 1372 1329 νέ-

363 1356 436 1389 φος,
463 1344 590 1379 τούτου
616 1340 653 1376 δὲ
678 1343 859 1390 γενομένου
888 1338 988 1388 ὕδωρ·
1015 1342 1143 1376 τούτου
1169 1338 1207 1374 δὲ
1231 1341 1371 1388 γενομέ-

362 1392 420 1422 νόυ
447 1389 579 1436 ἀνάγκη
606 1387 788 1434 βεβρέχθαι
813 1388 878 1424 τήν
903 1388 982 1433 γῆν·
1009 1388 1116 1420 τοῦτο
1141 1382 1170 1419 δ’
1201 1384 1241 1423 ἦν
1267 1387 1309 1419 τό
1336 1385 1371 1428 ἐξ

365 1434 493 1480 ἀρχῆς,
526 1433 614 1467 ὥστε
638 1432 749 1474 κύκλῳ
784 1431 1035 1477 περιελήλυθεν·
1068 1432 1138 1469 ἐνὸς
1164 1432 1228 1478 γάρ
1255 1431 1370 1464 αὐτῶν

363 1480 506 1512 ὁτουοῦν
533 1478 630 1515 ὄντος
657 1476 773 1521 ἕτερόν
799 1478 888 1519 ἐστι,
907 1478 1064 1510 κάκείνου
1092 1477 1190 1518 ἀλλο,
1208 1478 1268 1508 καὶ
1292 1475 1374 1509 τού-

363 1534 426 1557 του
450 1523 494 1556 τό
519 1523 666 1568 πρῶτον.

287 1567 389 1601 Ἔστι
413 1563 444 1600 δ’
473 1567 547 1600 ἔνια
571 1567 630 1612 μὲν
655 1566 819 1612 γινόμενα
842 1565 991 1599 καθόλου
1008 1566 1078 1609 (ἀεί
1097 1578 1134 1599 τε
1152 1566 1218 1612 γάρ
1237 1567 1297 1597 καὶ
1316 1565 1372 1598 ἐπὶ

364 1612 496 1650 παντὸς
522 1610 629 1650 οὕτως
656 1611 677 1649 ἦ
704 1611 772 1657 ἔχει
792 1610 814 1648 ἦ
831 1612 998 1658 γίνεται),
1018 1611 1066 1643 τά
1089 1606 1128 1642 δὲ
1155 1611 1208 1642 ἀεὶ
1232 1610 1292 1655 μέν
1319 1611 1370 1652 οὔ,

363 1658 405 1696 ὠς
431 1658 487 1690 ἐπὶ
513 1657 555 1689 ‘td
581 1657 669 1689 πολύ
694 1651 746 1698 δέ,
766 1657 835 1689 οἷον
854 1656 892 1688 οὗ
919 1657 986 1694 πᾶς
1014 1655 1185 1701 ἄνθρωπος
1213 1655 1312 1699 ἄρρην
1331 1657 1371 1690 τό

363 1701 493 1749 γένειον
524 1702 724 1747 τριχοῧται,
759 1702 831 1734 ἀλλ’
856 1703 898 1739 ὠς
930 1702 985 1734 ἐπὶ
1018 1700 1062 1734 τὸ
1093 1699 1193 1733 πολύ.
1226 1701 1298 1732 Τῶν
1327 1697 1371 1739 δή

364 1746 532 1780 τοιούτων
552 1746 684 1793 ἀνάγκη
708 1748 766 1778 καὶ
787 1746 828 1778 τὸ
846 1746 948 1791 μέσον
969 1746 1011 1783 ὠς
1030 1746 1086 1778 ἐπὶ
1103 1745 1144 1778 τὸ
1163 1744 1251 1778 πολι)
1269 1742 1367 1779 εἶναι.

296 1837 334 1869 Εἰ
363 1835 429 1883 γάρ
459 1835 501 1869 τὸ
527 1838 552 1866 Α
574 1834 672 1867 κατά
696 1836 759 1867 τοῦ
787 1836 812 1866 Β
842 1833 991 1867 καθόλου
1022 1837 1286 1881 κατηγορεῖται,
1312 1837 1371 1867 καὶ

365 1881 472 1914 τοῦτο
495 1879 594 1913 κατά
618 1879 681 1912 τοῦ
699 1881 720 1911 Γ
744 1878 908 1920 καθόλου,
936 1879 1068 1926 ἀνάγκη
1094 1882 1152 1912 καὶ
1175 1878 1216 1912 τὸ
1234 1880 1259 1910 Α
1276 1879 1374 1912 κατά

365 1926 429 1958 τοῦ
454 1926 476 1956 Γ
503 1925 556 1957 ἀεὶ
580 1926 638 1956 καὶ
657 1924 713 1957 ἐπὶ
732 1924 864 1962 παντὸς
879 1923 1159 1970 κατηγορεῖσθαι·
1181 1924 1288 1957 τοῦτο
1306 1923 1371 1970 γάρ

365 1970 439 2003 ἐστι
464 1969 506 2002 τὸ
529 1968 693 2011 καθόλου,
711 1971 769 2001 καὶ
797 1970 853 2002 ἐπὶ
879 1972 984 2002 παντὶ
1004 1972 1062 2001 καὶ
1082 1970 1147 2003 ἀεί.
1172 1969 1265 2000 Ἀλλ’
1291 1968 1372 2001 ὗπέ-

362 2025 458 2047 κειτο
483 2015 527 2051 ὠς
552 2014 608 2047 ἐπὶ
633 2014 676 2046 τὰ
701 2014 803 2046 πολύ·
832 2013 964 2071 ἀνάγκη
990 2014 1056 2058 ἀρα
1072 2016 1132 2046 καὶ
1150 2013 1191 2047 vd
1209 2012 1311 2058 μέσον
1329 2014 1370 2052 ὠς

365 2059 420 2092 ἐπὶ
446 2058 489 2092 τὸ
513 2058 602 2091 πολύ
626 2055 714 2091 εἶναι
737 2058 778 2092 τό
805 2059 852 2102 ἐφ’
882 2066 921 2091 ο“υ
946 2058 988 2091 τὰ
1012 2060 1049 2092 Β.
1069 2059 1234 2091 Ἔσονται
1260 2061 1372 2091 τοίνυν

362 2105 423 2136 καὶ
449 2103 515 2136 τῶν
541 2104 583 2141 ὥς
610 2104 666 2135 ἐπὶ
692 2103 734 2135 τὰ
759 2103 847 2136 πολύ
875 2104 978 2150 ἀρχαὶ
1005 2104 1138 2149 ἀμεσοι,
1159 2103 1222 2137 ὅσα
1247 2104 1292 2141 ὠς
1317 2104 1372 2136 ἐπὶ

365 2148 407 2181 τὸ
433 2147 521 2181 πολύ
547 2147 656 2186 οὕτως
683 2148 774 2180 ἔστὶν
801 2146 821 2185 ἧ
850 2151 997 2195 γίνεται.

296 2194 368 2231 Πῶς
385 2192 445 2238 μὲν
472 2191 528 2225 οὗν
554 2192 596 2225 τὸ
623 2195 656 2226 τί
682 2193 775 2226 ἐστιν
793 2193 837 2230 εἰς
859 2194 939 2232 τούς
959 2192 1051 2238 ὅρους
1072 2187 1296 2233 ἀποδίδοται,
1314 2195 1373 2225 καὶ

366 2239 446 2270 τίνα
471 2236 598 2282 τρόπον
626 2232 799 2279 ἀπόδειξις
817 2236 838 2275 ἦ
861 2238 994 2283 ὁρισμὸς
1017 2237 1109 2271 ἔστιν
1135 2238 1246 2270 αὐτοῦ
1273 2236 1294 2275 ἦ
1313 2237 1374 2270 οὐκ

366 2282 473 2324 ἔστιν,
500 2284 634 2326 εἴρηται
660 2282 838 2328 πρότερον.
1126 2284 1130 2289 ”

359 2380 511 2408 Smopsts.
529 2396 564 2401 --
585 2389 610 2408 1.
631 2380 846 2418 Argumentum
867 2379 979 2416 primae
1000 2379 1089 2416 partis
1109 2378 1250 2408 lect-ionis.
1262 2395 1281 2400 —
1294 2386 1320 2407 2.
1344 2380 1375 2406 In

299 2419 334 2448 iis
355 2429 431 2456 quae
445 2419 554 2448 circulo
568 2426 752 2457 generantur,
768 2429 856 2448 causa
870 2419 1054 2457 syllogizatur
1068 2429 1086 2448 a
1099 2418 1263 2456 posteriori,
1278 2419 1302 2447 si
1317 2419 1374 2447 hoc

299 2460 392 2488 modo
404 2459 582 2496 accipiantur
595 2459 712 2488 termini
725 2459 992 2495 demonstrationis,
1005 2460 1087 2497 quod
1100 2458 1230 2487 medium
1240 2465 1268 2487 et
1282 2465 1374 2487 extre-

299 2499 341 2528 mi
355 2508 386 2528 se
400 2499 523 2528 invicem
539 2506 770 2537 consequantur:
786 2508 883 2537 neque
895 2506 995 2528 tamen
1016 2500 1089 2528 haec
1103 2506 1147 2527 est
1163 2498 1375 2527 demonstratio

300 2539 456 2575 circularis,
471 2539 541 2578 quia
554 2541 636 2577 quod
657 2539 814 2569 assumitur
833 2546 867 2568 ut
886 2539 1062 2576 principium
1083 2546 1112 2567 et
1132 2539 1296 2574 conclusio,
1313 2548 1375 2567 non

300 2585 344 2608 est
364 2579 443 2608 idem
464 2589 598 2616 numero,
621 2580 672 2608 sed
694 2580 883 2608 solummodo
905 2579 983 2608 idem
1005 2579 1108 2617 specie.
1122 2595 1141 2600 -
1161 2580 1187 2607 3.
1209 2579 1376 2607 Manifesta-

384 2807 393 2816 .
421 2775 457 2806 ’ῥ’
512 2792 518 2797 ·
539 2820 548 2826 ¹,
570 2788 627 2817 est
646 2792 760 2817 causa
780 2780 819 2817 in
837 2780 896 2817 his
911 2792 1010 2829 quae
1030 2780 1128 2817 fiunt
1145 2779 1185 2817 in
1205 2787 1372 2827 rectum,

365 2849 393 2864 »³
420 2824 547 2875 ’ἕήρρῗῗ
568 2833 630 2870 hic
665 2833 830 2871 ostendit
864 2833 1064 2883 quomodo
1091 2833 1229 2871 debeat
1254 2833 1375 2883 accipi

299 2884 339 2922 in
367 2886 426 2924 his
451 2899 550 2935 quae
574 2887 672 2924 fiunt
699 2886 913 2924 secundum
941 2887 1227 2936 generationem
1257 2886 1375 2924 circu-

300 2939 420 2976 larem
441 2941 474 2977 *.
504 2940 554 2976 Et
571 2939 711 2989 primo,
728 2940 893 2978 ostendit
910 2940 1168 2989 propositum;
1190 2940 1374 2988 secundo,

301 2992 517 3030 manifestat
536 2994 555 3013 *⁵
575 3005 645 3042 per
665 2994 860 3043 exempla;
889 2993 959 3030 ibi:
979 2995 1026 3030 In
1047 2994 1221 3042 operibus
1249 3000 1375 3031 autem

300 3045 450 3082 videtur
474 3046 529 3083 sic
549 3047 569 3067 *²
583 3052 659 3083 etc.

357 3110 393 3135 2.
415 3098 527 3136 Circa
545 3099 715 3148 primurn
736 3099 1060 3137 considerandum
1076 3107 1132 3137 est
1146 3100 1264 3148 quod,
1286 3100 1376 3149 quia

302 3159 431 3189 motus
461 3152 553 3189 caeli
571 3158 588 3174 ⁶²
609 3152 799 3189 circularis
828 3165 943 3190 causa
973 3160 1029 3190 est
1056 3153 1308 3201 generationis
1337 3154 1375 3190 in

355 3269 382 3302 α)
404 3269 484 3300 Quod
501 3269 565 3302 quia
583 3272 671 3295 motus
694 3269 810 3294 etc.-F1
829 3277 883 3294 om.
899 3270 1030 3302 quim-1:
1050 3269 1325 3296 circulariter.—AS:
1345 3274 1375 3295 ut

301 3304 416 3335 dieitum
430 3305 451 3329 F
470 3309 496 3329 et
514 3313 539 3337 p.
554 3312 590 3330 m.
605 3305 639 3330 C:
653 3308 681 3330 et
698 3304 758 3330 ideo
777 3305 842 3334 dic.;
856 3305 877 3330 C
895 3313 917 3330 s.
932 3314 981 3331 m.:
995 3309 1022 3331 et
1041 3306 1100 3331 ideo
1119 3309 1149 3331 ut
1167 3306 1292 3331 dia-A:
1308 3304 1373 3339 (om.

299 3339 383 3374 quod)
404 3340 464 3365 ideo
482 3340 629 3373 quaedam,·
648 3339 917 3371 CEFIKLMNOQST
933 3350 959 3374 p.
975 3349 1012 3366 m.
1025 3342 1048 3366 D
1063 3346 1089 3366 et
1107 3342 1148 3366 ed.
1162 3348 1179 3366 a
1197 3349 1252 3366 om.
1266 3341 1374 3374 quod.—

301 3375 375 3406 Quae
385 3375 426 3400 hic
439 3384 454 3401 a
468 3383 491 3400 s.
504 3375 609 3401 Thoma
622 3376 762 3400 recitantur
776 3383 807 3401 a
821 3377 938 3409 secundo
952 3377 1018 3401 libro
1029 3377 1070 3402 De
1084 3377 1265 3410 generatione,
1276 3377 1373 3402 ibidem

300 3411 333 3436 ab
348 3411 442 3436 eodem
457 3419 479 3436 s.
491 3411 605 3436 Do‘ctore
618 3411 651 3435 ad
665 3417 780 3436 mentem
798 3411 945 3437 Aristotelis
965 3417 1128 3445 exponuntur
1147 3412 1173 3437 in
1197 3412 1261 3437 haee
1279 3412 1372 3437 verba:

302 3457 314 3470 α
331 3447 385 3472 Si...
398 3451 486 3472 motus
499 3447 562 3471 caeli
577 3451 618 3472 est
635 3446 662 3471 in
677 3446 790 3478 circuitu,
805 3452 907 3480 oportet
921 3448 993 3480 quod
1006 3455 1177 3480 quaecunque
1195 3453 1256 3472 sunt
1271 3448 1372 3481 passio-

302 3493 314 3506 »
331 3490 377 3507 nes
396 3482 474 3507 huius
494 3487 590 3514 motus,
610 3487 636 3507 et
654 3490 827 3516 quaecunque
845 3488 907 3507 sunt
925 3490 972 3516 per
990 3482 1058 3507 hunc
1077 3488 1180 3508 motum
1198 3483 1293 3513 solum,
1307 3483 1373 3508 sicut

301 3527 315 3542 ι)
332 3526 379 3551 per
397 3526 504 3543 causam
527 3517 695 3549 efficientem,
715 3518 786 3550 quod
811 3518 888 3543 etiam
906 3518 950 3543 illa
968 3518 1028 3543 sint.
1047 3518 1074 3543 Si
1099 3519 1169 3543 enim
1188 3519 1260 3551 quod
1278 3518 1305 3543 in
1324 3519 1372 3543 cir-

301 3563 315 3577 »
332 3554 401 3578 cuitu
420 3558 541 3578 movetur
559 3558 648 3579 movet
662 3554 798 3584 elementa,
813 3561 921 3578 necesse
935 3559 976 3578 est
990 3554 1067 3578 etiam
1082 3554 1154 3586 quod
1166 3559 1254 3578 motus
1266 3553 1370 3585 horum,

302 3599 314 3612 »
332 3597 400 3622 quae
418 3594 479 3614 sunt
502 3589 638 3622 passiones
663 3589 731 3620 eius,
757 3594 783 3614 et
801 3589 872 3622 quod
897 3594 985 3614 motus
1009 3597 1100 3614 eorum
1123 3597 1190 3622 quae
1214 3588 1371 3614 sufficienter

302 3635 315 3647 »
331 3630 488 3658 generantur
506 3625 537 3650 ab
557 3624 615 3656 hoc,
635 3625 687 3650 sint
704 3625 783 3650 etiam
801 3632 832 3649 ex
846 3625 1008 3650 necessitate.
1026 3625 1106 3650 Verbi
1125 3625 1214 3658 gratia,
1233 3633 1294 3650 cum
1308 3625 1370 3651 alla-

1424 1033 1442 1053 *
1458 1034 1624 1071 Quoniam
1647 1040 1756 1064 autem
1770 1033 1915 1064 videmus
1932 1034 1965 1064 in
1985 1033 2034 1064 his
2053 1043 2135 1073 quae
2153 1033 2235 1064 fiunt
2254 1034 2372 1064 circulo
2386 1044 2498 1075 quam-

1493 1079 1568 1109 dam
1591 1077 1828 1118 generationem
1851 1088 1929 1117 esse,
1947 1085 1977 1109 et
1997 1077 2150 1117 contingit
2166 1078 2227 1108 hoc
2244 1088 2310 1109 esse
2326 1078 2351 1108 si
2367 1079 2499 1119 quidem

1493 1129 1729 1163 consequantur
1743 1123 1782 1152 ad
1797 1122 1933 1153 invicem
1946 1122 2088 1152 medium
2104 1129 2134 1153 et
2150 1122 2287 1160 termini;
2303 1123 2336 1153 in
2352 1123 2401 1153 his
2413 1123 2499 1154 enim

1494 1166 1634 1197 converti
1650 1173 1711 1204 est;
1728 1174 1893 1197 ostensum
1918 1173 1963 1198 est
1978 1173 2085 1197 autem
2100 1166 2162 1197 hoc
2177 1167 2209 1197 in
2225 1167 2392 1207 prioribus,
2410 1168 2499 1208 quod

1494 1217 1717 1242 convertantur
1738 1211 1974 1242 conclusiones:
2003 1211 2120 1242 circulo
2143 1218 2249 1242 autem
2272 1221 2338 1242 esse
2356 1211 2419 1242 hoc
2442 1219 2498 1243 est.

1426 1256 1462 1286 In
1486 1256 1636 1296 operibus
1660 1263 1767 1287 autem
1795 1255 1920 1286 videtur
1943 1256 1996 1286 sic.
2023 1255 2198 1295 compluta
2221 1256 2306 1286 enim
2329 1263 2420 1294 terra,
2445 1267 2500 1287 ne·

1494 1311 1579 1331 cesse
1603 1307 1650 1331 est
1672 1310 1825 1341 vaporem
1848 1300 1934 1338 fieri;
1955 1300 2016 1330 hoc
2040 1307 2148 1330 autem
2172 1300 2266 1338 facto,
2285 1301 2422 1339 nubem;
2441 1301 2499 1331 hac

1493 1355 1569 1376 vero
1599 1344 1694 1383 facta,
1724 1355 1849 1376 necesse
1880 1352 1927 1375 est
1953 1351 2068 1375 terram
2096 1345 2294 1384 complutam
2326 1355 2401 1376 esse.
2427 1346 2499 1376 Hoc

1494 1396 1603 1420 autem
1626 1396 1691 1420 erat
1714 1399 1751 1420 ex
1775 1389 1948 1430 principio;
1977 1399 2074 1430 quare
2099 1389 2216 1419 circulo
2241 1389 2394 1420 circuivit:
2425 1400 2500 1421 cum

1495 1434 1580 1465 enim
1604 1444 1708 1465 unum
1726 1434 1845 1464 horum
1869 1434 2036 1474 quodlibet
2060 1440 2117 1472 est,
2137 1433 2272 1464 alterum
2295 1440 2356 1472 est;
2377 1441 2407 1465 et
2426 1444 2500 1465 cum

1494 1479 1576 1509 illud
1598 1486 1655 1517 est,
1679 1479 1831 1518 alterum;
1855 1485 1886 1509 et
1909 1489 1984 1509 curn
2007 1478 2080 1517 hoc,
2104 1477 2256 1518 primum.

1426 1567 1444 1587 *
1458 1567 1540 1599 Sunt
1554 1575 1662 1599 autem
1676 1568 1835 1608 quaedam
1849 1577 1931 1608 quae
1947 1566 2029 1598 fiunt
2045 1567 2271 1606 universaliter,
2292 1577 2416 1608 semper
2432 1567 2501 1609 qui-

1494 1613 1579 1651 dem,
1604 1620 1635 1644 et
1657 1612 1690 1643 in
1714 1612 1804 1643 omni
1827 1619 1882 1643 aut
1905 1622 1938 1642 se
1961 1611 2078 1643 habent
2101 1619 2156 1642 aut
2178 1610 2416 1652 fiuntsemper:
2442 1613 2502 1643 alia

1494 1667 1569 1688 vero
1594 1667 1719 1698 semper
1737 1657 1869 1698 quidem
1893 1666 1970 1695 non,
1991 1657 2046 1687 sed
2064 1656 2145 1687 sicut
2164 1656 2343 1697 frequenter
2362 1664 2446 1696 sunt,
2466 1664 2502 1688 ut

1494 1711 1561 1732 non
1589 1712 1714 1743 semper
1737 1701 1843 1732 omnis
1866 1701 1967 1731 homo
1997 1701 2156 1732 masculus
2180 1701 2347 1740 barbatus,
2372 1702 2426 1732 sed
2455 1708 2501 1732 est

1495 1746 1575 1777 sicut
1599 1746 1787 1787 frequenter.
1811 1746 1941 1777 Talium
1964 1745 2060 1786 igitur
2082 1755 2207 1776 necesse
2235 1753 2282 1777 est
2305 1753 2335 1777 et
2357 1745 2502 1777 medium

1494 1790 1576 1822 sicut
1599 1791 1779 1832 frequenter
1802 1801 1879 1822 esse.

1427 1835 1461 1866 Si
1480 1835 1566 1866 enim
1581 1838 1611 1866 A
1627 1837 1666 1866 de
1684 1836 1710 1867 B
1729 1836 1926 1876 praedicatur
1945 1835 2160 1866 universaliter
2183 1842 2213 1866 et
2231 1835 2257 1866 B
2277 1835 2315 1865 de
2332 1835 2359 1867 C
2375 1835 2500 1866 univer-

1494 1880 1608 1919 saliter,
1634 1890 1759 1911 necesse
1783 1887 1830 1911 est
1853 1887 1883 1911 et
1901 1882 1930 1910 A
1949 1880 1988 1910 de
2008 1879 2034 1911 C
2055 1890 2179 1920 semper
2198 1887 2228 1910 et
2247 1880 2286 1910 de
2305 1880 2394 1911 omni
2413 1890 2501 1920 prae-

1495 1924 1605 1963 dicari;
1624 1925 1686 1956 hoc
1701 1925 1787 1956 enim
1805 1932 1869 1956 erat
1885 1924 2100 1955 universaliter
2116 1931 2146 1955 et
2161 1924 2199 1955 de
2214 1924 2303 1954 omni
2320 1931 2351 1955 et
2366 1934 2499 1965 semper.

1495 1969 1557 2000 Sed
1576 1969 1781 2010 suppositum
1800 1976 1846 2000 est
1870 1969 1951 2000 sicut
1975 1969 2154 2010 frequenter
2174 1976 2256 2007 esse;
2280 1978 2406 2000 necesse
2426 1979 2500 2009 ergo

1496 2021 1542 2045 est
1557 2014 1702 2045 medium
1721 2014 1802 2045 sicut
1816 2014 1996 2055 frequenter
2009 2024 2087 2052 esse,
2104 2014 2193 2055 quod
2213 2020 2259 2044 est
2277 2013 2309 2043 in
2323 2024 2390 2055 quo
2405 2021 2452 2045 est
2464 2013 2500 2045 B.

1494 2059 1598 2090 Erunt
1620 2058 1715 2099 igitur
1738 2065 1769 2090 et
1797 2068 1909 2089 eorum
1938 2069 2020 2099 quae
2043 2065 2118 2089 sunt
2147 2058 2327 2099 frequenter
2349 2058 2502 2099 principia

1496 2103 1563 2134 sine
1586 2103 1705 2142 medio,
1730 2113 1940 2145 quaecunque
1964 2103 2143 2144 frequenter
2169 2109 2243 2133 sunt
2266 2103 2309 2134 sic
2332 2110 2387 2134 aut
2409 2102 2500 2134 fiunt.

1429 2192 1446 2212 *
1461 2193 1639 2230 Quomodo
1655 2193 1787 2233 quidem
1802 2192 1897 2233 igitur
1913 2192 2002 2233 quod
2018 2192 2096 2233 quid
2115 2198 2161 2223 est
2183 2192 2264 2223 inter
2282 2192 2434 2223 terminos
2453 2202 2501 2222 as-

1498 2237 1657 2277 signatum
1681 2244 1737 2276 est,
1763 2244 1793 2268 et
1816 2237 1950 2278 qualiter
1973 2237 2199 2268 demonstratio
2223 2244 2278 2268 aut
2297 2236 2438 2268 definitio
2463 2237 2502 2268 sit

1499 2282 1599 2322 ipsius
1623 2289 1677 2313 aut
1700 2292 1778 2321 non,
1802 2282 1923 2312 dictum
1947 2288 1993 2312 est
2016 2282 2113 2322 prius.

1430 2385 1477 2407 tur
1497 2385 1639 2413 assertum
1660 2387 1712 2415 per
1733 2378 1873 2415 exempla.
1886 2395 1904 2400 -
1914 2387 1942 2413 4.
1958 2378 2057 2406 Altera
2074 2387 2140 2414 pars
2161 2377 2302 2406 lectionis.
2316 2394 2335 2399 -
2346 2377 2501 2406 Diversitas

1431 2418 1687 2447 demonstrationis
1712 2428 1765 2455 per
1785 2427 1902 2446 causam
1924 2418 1955 2446 in
1975 2418 2011 2446 iis
2033 2427 2108 2455 quae
2129 2417 2202 2445 fiunt
2223 2427 2345 2454 semper,
2367 2424 2396 2445 et
2416 2417 2445 2445 in
2467 2417 2501 2445 iis

1430 2468 1505 2495 quae
1527 2458 1599 2486 fiunt
1620 2458 1693 2486 sicut
1712 2458 1887 2495 frequenter.
1907 2475 1926 2480 -
1942 2458 1968 2486 5.
1983 2459 2030 2486 Ad
2052 2458 2286 2486 concludendum
2307 2457 2336 2485 id
2358 2458 2438 2494 quod
2459 2464 2502 2485 est

1430 2498 1503 2527 sicut
1524 2499 1703 2535 frequenter,
1718 2507 1836 2526 necesse
1857 2505 1899 2526 est
1919 2497 2049 2535 accipere
2064 2498 2194 2526 medium
2208 2498 2288 2535 quod
2304 2505 2346 2526 est
2360 2497 2432 2526 sicut
2447 2498 2501 2526 fre-

1431 2544 1594 2576 quenter7-
1605 2539 1632 2567 6.
1647 2538 1787 2576 Epilogus
1802 2547 1905 2566 eorum
1921 2547 1996 2575 quae
2018 2538 2095 2566 dicta
2109 2544 2176 2566 sunt
2197 2537 2272 2566 circa
2286 2536 2319 2566 τὸ
2338 2538 2413 2576 quod
2433 2538 2502 2575 quid

1431 2584 1475 2607 est
1495 2585 1523 2607 et
1544 2578 1620 2607 circa
1639 2577 1673 2606 τὸ
1693 2584 1820 2617 propter
1840 2578 1918 2616 quid.

1428 2672 1507 2709 istis
1522 2671 1773 2719 inferioribus,
1790 2672 1878 2709 ideo
1894 2671 2029 2709 dicitur
2043 2671 2081 2709 in
2098 2673 2129 2708 ΙΙ
2140 2673 2201 2708 De
2213 2672 2458 2722 generatione
2468 2673 2499 2717 ἓ,

1429 2726 1537 2775 quod
1550 2725 1743 2774 quaedam
1764 2725 1955 2763 circulatio
1975 2725 2014 2762 in
2033 2725 2339 2774 generationibus
2358 2725 2502 2763 inveni-

1430 2787 1500 2827 tur,
1516 2787 1610 2829 puta
1629 2779 1735 2828 quod
1756 2791 1801 2816 ex
1821 2791 1922 2828 aqua
1941 2787 2141 2827 generatur
2155 2786 2264 2824 terra,
2283 2787 2319 2816 et
2339 2791 2384 2816 ex
2403 2787 2501 2816 terra

1431 2833 1568 2870 iterum
1589 2845 1700 2882 aqua.
1722 2832 1822 2870 Dicit
1842 2845 1931 2880 ergo
1948 2833 2052 2881 quod
2063 2833 2094 2881 *,
2111 2832 2200 2881 quia
2214 2832 2392 2869 videmus
2418 2845 2499 2869 esse

1432 2887 1644 2935 quamdam
1664 2886 1950 2934 generationem
1965 2885 2004 2922 in
2022 2886 2080 2923 his
2109 2898 2208 2934 quae
2229 2885 2367 2922 circulo
2387 2897 2499 2933 gene-

1432 2947 1572 2987 rantur,
1593 2940 1633 2977 in
1651 2939 1709 2976 his
1730 2939 1844 2977 etiarn
1866 2939 2046 2987 contingit
2065 2938 2261 2976 observari
2290 2939 2365 2975 hoc
2393 2939 2499 2988 quod

1431 3006 1547 3043 supra
1563 2995 1583 3015 *
1600 2993 1743 3030 dictum
1764 3001 1830 3040 est,
1847 2992 1987 3030 scilicet
2006 2992 2112 3042 quod
2132 2992 2371 3041 syllogizetur
2390 3004 2411 3028 a
2430 3005 2498 3041 po-

1431 3047 1589 3094 steriori,
1611 3047 1641 3083 si
1669 3048 1745 3084 hoc
1763 3046 1883 3084 modo
1913 3046 2146 3095 accipiantur
2164 3045 2315 3083 termini
2340 3045 2499 3082 demon-

1431 3100 1631 3147 strationis,
1649 3100 1754 3149 quod
1782 3100 1955 3137 medium
1984 3108 2022 3137 et
2049 3099 2207 3137 extremi
2239 3098 2391 3136 termini
2414 3097 2432 3128 β
2458 3111 2499 3135 se

1430 3154 1596 3191 invicem
1626 3161 1929 3202 consequuntur:
1958 3153 2046 3202 quia
2075 3153 2113 3190 in
2141 3153 2199 3190 his
2228 3165 2327 3202 quae
2355 3151 2408 3188 sic
2436 3164 2499 3200 ge-

1430 3281 1443 3294 »
1459 3271 1495 3296 tio
1514 3271 1663 3304 superioris,
1682 3271 1732 3296 hoc
1752 3276 1792 3296 est
1810 3271 1897 3296 circuli
1913 3272 2026 3303 declivis,
2041 3272 2074 3296 sit
2087 3273 2112 3296 in
2125 3272 2238 3301 circuitu,
2253 3279 2361 3297 necesse
2375 3276 2415 3296 est
2428 3273 2499 3305 quod

1430 3316 1443 3328 »
1459 3312 1613 3331 moveantur
1631 3307 1709 3331 etiam
1727 3307 1769 3331 alii
1788 3307 1917 3339 planetae.
1936 3307 2003 3337 Quia
2020 3315 2084 3332 vero
2102 3307 2164 3338 hoc,
2183 3308 2250 3332 idest
2268 3308 2312 3332 Sol
2336 3313 2455 3332 movetur
2473 3308 2499 3332 in

1430 3351 1443 3364 »
1459 3342 1574 3373 circuitu,
1594 3350 1703 3367 necesse
1721 3347 1762 3367 est
1780 3343 1858 3367 etiam
1876 3342 1954 3367 horas
1972 3343 1999 3367 in
2017 3343 2123 3368 circuitu
2142 3343 2258 3375 generari
2277 3348 2303 3368 et
2317 3344 2413 3374 iter-am
2428 3343 2499 3368 horis

1430 3387 1443 3400 »
1460 3383 1548 3402 autem
1566 3378 1592 3402 in
1605 3378 1712 3402 circuitu
1725 3378 1862 3410 generatis,
1877 3386 1985 3403 necesse
1999 3383 2040 3403 est
2053 3379 2123 3411 quod
2137 3379 2224 3403 omnia
2238 3386 2305 3411 quae
2319 3384 2380 3403 sunt
2393 3387 2407 3403 a
2422 3387 2499 3403 causa

1430 3422 1443 3435 ›
1459 3411 1593 3443 efficiente,
1613 3413 1680 3438 sicut
1697 3421 1713 3438 a
1731 3418 1805 3438 motu
1824 3414 1891 3438 Solis
1910 3419 1936 3438 et
1953 3419 2027 3438 motu
2050 3414 2187 3444 horarum,
2207 3414 2258 3438 sint
2283 3415 2360 3438 etiam
2379 3419 2499 3446 generata

1430 3457 1443 3470 ›
1458 3456 1488 3473 ex
1506 3448 1660 3473 necessitate
1679 3453 1705 3473 et
1723 3448 1749 3473 in
1768 3449 1883 3473 circuitu.
1901 3449 1935 3474 Et
1953 3449 2002 3474 hae
2020 3454 2081 3474 sunt
2098 3450 2276 3481 generationes
2300 3451 2497 3480 elementorum,

1430 3493 1443 3506 »
1460 3484 1519 3516 quia
1538 3491 1568 3508 ex
1593 3484 1703 3508 istorum
1727 3485 1891 3516 generatione
1915 3484 2003 3509 omnia
2022 3485 2071 3509 alia
2089 3490 2256 3517 generantur,
2281 3486 2393 3510 maxime
2410 3485 2498 3510 omnia

1429 3528 1442 3542 ι
1458 3519 1610 3551 temporalia
1626 3529 1639 3542 ›
1660 3517 1743 3553 (Lect.
1761 3527 1806 3551 111,
1825 3520 1867 3545 cit.
1886 3521 1912 3544 in
1931 3519 2034 3555 marg.).

1481 3553 1507 3589 β)
1527 3554 1647 3580 Medium
1667 3558 1694 3580 et
1716 3555 1835 3580 extremi
1848 3556 2031 3580 termini.—1n
2057 3560 2146 3580 nostro
2159 3561 2238 3587 textu,
2257 3552 2286 3580 τὸ
2310 3555 2388 3590 μέσον
2408 3553 2451 3581 καὶ
2471 3554 2496 3582 οἱ

1427 3586 1511 3623 ἄκροι,
1525 3590 1640 3615 medium
1655 3594 1682 3615 et
1694 3591 1812 3615 extremi
1816 3598 1823 3621 ;
1837 3596 1864 3616 et
1875 3596 1916 3616 est
1930 3591 2005 3616 lectio
2019 3591 2128 3616 Bekkeri
2142 3591 2202 3623 (Ed.
2214 3592 2294 3616 Acad.
2305 3592 2370 3625 Reg.
2379 3592 2495 3622 Boruss„

1425 3633 1485 3659 pag.
1499 3624 1542 3659 95,
1557 3626 1606 3651 col.
1624 3624 1660 3660 2).
1675 3626 1758 3651 Waitz
1777 3626 1850 3659 ponit
1867 3623 1899 3651 τὸ
1913 3626 1992 3660 μέσον
2014 3624 2056 3652 καὶ
2072 3624 2096 3652 οἱ
2118 3623 2185 3661 ὅροι,
2201 3627 2317 3652 medium
2335 3631 2362 3653 et
2380 3628 2495 3658 termini,

2525 1040 2536 1051 ⁸¹
2551 1039 2605 1067 Seq.
2617 1045 2707 1067 cnp.xl.

2525 1066 2593 1088 Text.
2608 1072 2637 1094 15-

2526 1572 2537 1583 ⁸
2552 1571 2621 1593 Text.
2632 1572 2664 1593 16.

2528 2201 2539 2212 ⁸
2549 2201 2606 2228 cap.
2621 2207 2661 2223 ιιι.

2530 2227 2602 2249 Text.
2617 2233 2649 2254 17.

2530 2681 2540 2692 *
2555 2681 2611 2708 cap.
2622 2687 2653 2707 xi,
2664 2687 2687 2703 n.
2703 2681 2724 2703 8.
2734 2694 2745 2698 -

2531 2708 2623 2729 Comm.
2657 2715 2676 2729 s.
2698 2708 2744 2730 Th.

2531 2735 2586 2756 lect.
2601 2740 2642 2756 xn.

2528 2845 2539 2855 *
2550 2844 2622 2871 Quod
2634 2851 2662 2866 ex
2672 2845 2741 2867 codd.

2527 3009 2538 3020 '⁸
2552 3009 2616 3031 Lect.
2631 3016 2654 3037 x,
2674 3015 2699 3031 n.
2719 3017 2741 3038 7,

2528 3042 2577 3064 seq.
