2788 4204
63 338 74 347 ’
85 337 233 359 Naturaliter
249 343 276 359 cx

64 370 115 385 mc.

66 447 139 468 Plato.

67 475 75 483 ·
86 474 120 495 Cf.
128 473 185 495 infra
192 474 275 501 lectari,

65 511 129 526 num.
137 505 151 526 8
163 505 186 526 in
194 509 242 526 not.
249 511 276 528 π.

62 719 138 740 Voces
154 719 273 740 brutorum

63 746 147 767 habent
166 746 273 771 nomina,

63 773 102 793 sed
111 778 156 793 non
168 776 219 793 sunt
230 778 272 793 no-

64 798 133 819 mina.

58 1298 101 1318 Ἀι
124 1298 150 1318 ut
171 1302 217 1324 ego
233 1297 270 1318 vel

58 1325 92 1348 tu,·
97 1327 117 1344 et
126 1324 210 1345 omittit
215 1329 269 1350 pro·

56 1355 146 1371 nomen.

59 1772 103 1792 ’Λε
126 1771 150 1792 si
170 1771 267 1798 negatio

56 1800 141 1819 autem.

154 1834 173 1860 μ.

56 1860 64 1869 ·
75 1865 111 1880 nt:
125 1859 267 1886 requiretur,-

55 1886 121 1911 sorte;
133 1886 265 1913 requirere-

58 1914 103 1933 tur.

54 1938 171 1959 Boethius.

52 1983 202 2004 Ammonius.

58 2011 66 2019 ·
77 2010 132 2030 Loc.
148 2009 231 2030 citand.
243 2009 265 2030 in

56 2040 111 2057 nota
119 2042 167 2063 seq.

304 208 351 234 22

1062 196 1181 232 PERI
1211 194 1558 230 HERMENEIAS
1597 195 1691 231 LIB.
1723 196 1736 231 Ι

304 276 410 325 quod
425 288 559 312 eorum
575 275 796 324 significatio
812 287 890 311 non
907 281 961 310 est
980 286 1002 310 a
1017 280 1160 319 natura,
1177 279 1218 308 ut
1227 271 1369 307 Aristo·
1423 272 1496 308 hic.
1518 273 1567 310 Et
1585 273 1673 310 ideo
1703 286 1851 311 novum
1880 286 2024 311 nomen
2053 275 2215 324 imponit
2237 273 2250 298 ξ
2273 276 2494 315 huiusmodi

304 331 395 366 teles
410 329 470 365 hic
485 329 653 375 intendit3
670 336 854 377 quantum
868 339 962 364 vero
979 326 1027 363 ad
1042 323 1369 362 hoc'naturaliter”

304 382 515 430 significant
551 382 656 431 quod
690 394 824 418 eorum
853 378 1074 427 significatio
1105 376 1276 425 congruit
1304 390 1369 414 na-

303 435 395 472 turis
421 447 567 481 rerum,
596 442 637 471 ut
665 435 770 470 Plato
802 433 892 470 dixit
907 435 938 469 *.
961 432 1084 467 -Nec
1113 431 1236 467 obstat
1265 430 1370 478 quod

302 501 379 525 una
407 501 467 524 res
495 487 620 524 multis
649 486 867 523 nominibus
882 485 1126 532 significatur:
1144 483 1232 532 quia
1255 484 1368 521 unius

302 541 356 578 rei
376 548 536 589 possunt
556 552 637 576 esse
659 540 800 575 multae
827 537 1105 582 similitudines;
1136 544 1173 573 et
1200 536 1370 574 similiter

303 607 348 631 ex
383 593 539 631 diversis
568 591 859 641 proprietatibus
888 598 1049 639 possunt
1078 590 1144 626 uni
1171 589 1223 626 rei
1249 591 1369 627 multa

303 647 452 684 diversa
480 645 636 682 nomina
657 644 814 692 imponi.

354 700 445 735 Non
462 706 516 734 est
530 705 657 734 autern
668 696 951 744 intelligendum
964 695 1069 745 quod
1085 696 1183 733 dicit:
1195 698 1366 740 Quorum

301 751 393 789 nihil
405 757 459 787 est
471 763 618 796 nomen,
635 750 742 798 quasi
762 750 845 786 soni
861 749 1082 786 animalium
1102 762 1181 786 non
1200 752 1366 788 habeant

300 804 472 842 nomina:
494 803 739 840 nominantur
759 803 860 839 enim
881 802 1111 851 quibusdam
1127 804 1364 849 nominibus,

299 857 393 894 sicut
421 856 554 893 dicitur
582 857 729 906 rugitus
757 856 876 892 leonis
897 863 932 892 et
951 856 1116 905 mugitus
1145 857 1273 904 bovis;
1298 855 1367 894 sed

299 910 387 959 quia
410 910 535 946 nullus
563 909 644 946 talis
673 922 789 946 sonus
819 917 874 945 est
897 921 1052 955 nomen,
1073 917 1114 945 ut
1135 910 1277 947 dictum
1298 917 1364 948 est.

356 964 413 1000 13.
430 962 579 999 Deinde
610 975 697 999 cum
724 962 828 999 dicit:
844 963 935 999 Non
959 963 1072 999 homo
1096 974 1186 1000 vero
1209 971 1366 1011 etc.,ex-

298 1016 412 1052 cludit
426 1016 615 1064 quaedam
632 1028 654 1052 a
669 1015 834 1052 nominis
850 1015 1005 1052 ratione.
1019 1016 1067 1052 Et
1075 1016 1213 1064 primo,
1223 1030 1367 1054 nomen

296 1069 503 1114 infinitum
529 1069 710 1115 secundo,
737 1081 845 1105 casus
865 1068 1088 1115 nominum;
1113 1069 1182 1106 ibi:
1217 1071 1368 1107 Catonis

296 1128 420 1158 autem
439 1122 500 1158 vel
530 1122 666 1159 Catoni
683 1129 751 1158 etc.
782 1121 882 1158 Dicit
901 1133 990 1169 ergo
1010 1122 1135 1170 primo
1158 1123 1263 1171 quod
1291 1136 1365 1160 non

295 1176 407 1211 homo
436 1187 515 1211 non
535 1182 590 1212 est
609 1187 764 1212 nomen.
796 1175 925 1211 Omne
955 1174 1057 1211 enim
1086 1188 1230 1212 nomen
1254 1176 1365 1224 signi-

295 1228 384 1264 ficat
412 1227 578 1276 aliquam
606 1235 781 1264 naturam
811 1227 1122 1276 determinatam,
1157 1236 1198 1265 ut
1229 1230 1366 1273 homo,-

296 1288 360 1317 aut
386 1293 593 1329 personam
615 1280 922 1327 determinatam,
942 1288 984 1317 ut
1005 1293 1223 1328 pronomen
1243 1283 1279 1329 *;
1301 1291 1365 1320 aut

294 1342 499 1383 utrumque
521 1334 825 1381 determinatum,
841 1341 883 1370 ut
907 1334 1048 1370 Sortes.
1070 1335 1148 1371 Sed
1168 1335 1243 1371 hoc
1258 1336 1363 1384 quod

296 1387 380 1424 dico
420 1399 494 1424 non
529 1388 661 1433 homo,
695 1399 820 1435 neque
863 1386 1151 1423 determinatam
1187 1395 1362 1425 naturam

295 1453 420 1489 neque
450 1440 738 1477 determinatam
768 1451 974 1488 personam
1004 1439 1198 1487 significat.
1235 1442 1361 1489 Impo-

294 1494 394 1530 nitur
427 1493 529 1530 enim
567 1506 589 1530 a
625 1493 824 1540 negatione
862 1492 1048 1538 hominis,
1087 1505 1185 1540 quae
1223 1506 1361 1542 aequa-

294 1546 377 1583 liter
405 1546 538 1583 dicitur
560 1546 607 1582 de
636 1552 728 1592 ente,
750 1553 786 1581 et
805 1557 879 1581 non
900 1550 991 1581 ente.
1022 1545 1134 1582 Unde
1154 1558 1228 1583 non
1248 1547 1361 1584 homo

293 1607 419 1648 potest
447 1599 518 1636 dici
547 1598 819 1645 indifferenter,
850 1605 886 1634 et
914 1597 962 1634 de
991 1610 1038 1634 eo
1067 1599 1173 1646 quod
1200 1611 1279 1636 non
1307 1607 1363 1637 est

293 1653 332 1689 in
352 1665 479 1689 rerum
506 1659 656 1697 natura3
684 1659 727 1688 ut
745 1652 775 1688 si
796 1650 983 1698 dicamus,
1004 1651 1196 1688 chimaera
1215 1658 1270 1689 est
1286 1665 1360 1690 non

293 1706 420 1750 homo,
453 1712 489 1741 et
517 1705 565 1742 de
594 1717 640 1741 eo
670 1705 775 1753 quod
795 1711 850 1740 est
873 1703 911 1740 in
931 1716 1059 1740 rerum
1088 1712 1237 1752 natura3
1267 1706 1362 1743 sicut

294 1771 381 1795 cum
411 1758 561 1805 dicitur,
582 1770 698 1806 equus
725 1764 780 1795 est
805 1769 879 1794 non
899 1757 1023 1794 homo.
1046 1756 1085 1793 Si
1105 1765 1233 1794 autem
1252 1759 1272 1780 '¹‘
1290 1759 1360 1796 im-

292 1818 498 1860 poneretur
513 1823 534 1847 a
552 1811 765 1859 privatione
775 1817 806 1858 ¹¹³,
823 1809 1030 1858 requireret
1047 1810 1068 1831 *
1082 1810 1295 1848 subiectum
1311 1812 1360 1849 ad

293 1864 419 1901 minus
454 1864 632 1901 existens:
663 1864 731 1901 sed
759 1863 847 1912 quia
875 1862 1083 1911 imponitur
1106 1876 1128 1900 a
1147 1865 1360 1913 negatione,

292 1925 417 1966 potest
446 1917 517 1954 dici
547 1917 594 1954 de
621 1925 706 1954 ente
732 1925 768 1953 et
797 1917 844 1954 de
874 1929 951 1953 non
981 1923 1083 1963 ente,
1109 1924 1151 1953 ut
1178 1918 1361 1955 Boethius

293 1978 330 2007 et
353 1970 583 2007 Ammonius
617 1970 745 2007 dieunt
763 1971 793 2007 ³¹³.
822 1970 923 2017 Quia
942 1977 1070 2006 tamen
1090 1969 1274 2018 significat
1291 1983 1362 2019 per

292 2023 455 2061 modum
484 2023 668 2069 nominis,
699 2023 804 2072 quod
831 2030 957 2071 potest
990 2022 1121 2059 subiici
1151 2031 1188 2060 et
1211 2024 1359 2072 praedi-

293 2077 379 2123 cari,
397 2076 596 2125 requiritur
615 2077 663 2113 ad
683 2076 809 2113 minus
829 2076 1069 2125 suppositum
1089 2075 1127 2112 in
1147 2078 1358 2125 apprehen-

291 2130 409 2167 sione.
441 2130 531 2166 Non
560 2138 688 2166 autern
718 2137 798 2166 erat
825 2142 968 2166 nomen
996 2129 1164 2177 positum
1184 2137 1358 2178 tempore

291 2182 522 2219 Aristotelis*
536 2183 606 2219 sub
623 2195 699 2231 quo
715 2182 935 2219 huiusmodi
951 2182 1134 2219 dictiones
1155 2183 1357 2220 conclude-

291 2243 429 2273 rentur.
459 2236 551 2272 Non
580 2236 682 2272 enim
712 2243 767 2273 est
795 2235 927 2282 oratio,
958 2235 1046 2284 quia
1070 2247 1158 2284 pars
1179 2235 1259 2273 eius
1279 2249 1357 2273 non

290 2289 474 2336 significat
502 2289 642 2337 aliquid
662 2296 845 2338 separata,
875 2288 970 2325 sicut
989 2301 1060 2325 nec
1079 2287 1117 2324 in
1137 2289 1356 2326 nominibus

291 2342 531 2390 compositis3
567 2342 735 2379 similiter
767 2349 895 2379 autern
929 2354 1008 2378 non
1037 2349 1093 2378 est
1120 2342 1288 2389 negatio,
1317 2341 1355 2379 id

291 2402 347 2431 est
370 2395 489 2431 oratio
510 2395 701 2443 negativa,
727 2395 815 2443 quia
839 2394 1059 2431 huiusmodi
1081 2394 1200 2431 oratio
1225 2407 1355 2444 super-

291 2447 395 2484 addit
413 2448 653 2495 negationem
674 2447 928 2495 affirmationi,
950 2447 1055 2496 quod
1075 2460 1153 2484 non
1174 2447 1354 2496 contingit

344 2569 373 2604 μ.)
394 2570 425 2594 Si
443 2572 531 2593 autem
551 2568 731 2600 imponeretur
749 2575 766 2592 a
780 2568 934 2599 privatione
949 2572 996 2592 etc.
1012 2568 1079 2598 Quia
1094 2577 1123 2593 ex
1138 2569 1282 2593 inordinata
1297 2576 1355 2593 ver-

290 2606 384 2630 borum
404 2605 547 2637 prolatione
567 2604 599 2628 de
617 2603 681 2627 facili
702 2603 838 2627 incurritur
857 2611 941 2633 error,
957 2603 1015 2627 ideo
1035 2603 1060 2628 in
1076 2604 1189 2628 scientiis
1210 2604 1354 2636 proprietas

290 2641 366 2666 etiam
376 2640 513 2664 verborum
525 2644 565 2663 est
577 2643 693 2663 accurate
708 2639 841 2662 servanda.
857 2638 936 2670 Igitur
945 2638 1065 2669 privatio
1076 2643 1115 2663 est
1125 2639 1233 2671 negatio
1247 2639 1355 2663 alicuius

289 2675 452 2709 proprietatis
471 2675 496 2699 in
515 2674 645 2702 subiectm
664 2678 689 2697 at
708 2674 816 2706 negatio
830 2681 844 2697 a
859 2673 975 2697 subiecto
994 2674 1101 2698 omnino
1120 2674 1287 2706 praescindit,
1302 2674 1355 2697 imo

290 2711 449 2744 quandoque
468 2708 543 2734 afficit
562 2709 708 2733 subiectum
728 2709 823 2741 ipsum,
838 2714 866 2732 ut
883 2716 942 2733 cum
962 2709 1061 2739 dicitur,
1077 2709 1229 2733 non-homo.
1249 2709 1286 2733 Ex
1301 2716 1354 2740 quo

289 2746 408 2779 sequitur
426 2746 497 2778 quod
507 2744 628 2776 privatIo
647 2752 752 2776 semper
770 2749 963 2776 praesupponat
978 2744 1137 2774 subiectum,
1156 2743 1228 2776 quod
1243 2751 1294 2768 non
1310 2751 1353 2768 ne-

289 2787 371 2814 gatur,
387 2781 433 2806 sed
448 2781 480 2805 de
494 2787 546 2812 quo
561 2779 657 2812 aliquid
673 2784 781 2811 negatur
795 2778 850 2812 (Cf.
866 2780 922 2803 lect.
936 2786 966 2809 v,
982 2788 1006 2804 n.
1022 2778 1078 2812 tt).
1088 2793 1107 2797 -
1117 2779 1214 2803 Exinde
1229 2783 1269 2803 est
1283 2779 1354 2811 quod

283 2817 418 2849 privatio,
438 2816 460 2840 si
480 2815 597 2840 strictiori
613 2815 688 2839 etiam
709 2819 788 2839 sensu
810 2814 959 2846 accipiatur,
979 2818 1019 2839 est
1033 2814 1136 2846 negatio
1150 2813 1314 2846 perfectionis
1328 2813 1354 2838 in

289 2852 414 2881 subiecto,
429 2851 460 2875 ad
476 2858 555 2883 quarn
570 2850 715 2874 habendam
730 2849 875 2874 subiectum
891 2854 981 2874 natura
1000 2857 1047 2874 sua
1065 2849 1210 2879 ordinatur,
1230 2853 1256 2873 et
1273 2856 1353 2881 quam

289 2888 396 2920 proinde
416 2894 467 2911 non
482 2886 578 2910 habere
592 2890 632 2910 est
651 2885 780 2910 defectus:
795 2885 867 2917 quod
882 2893 934 2909 non
949 2889 989 2909 est
1003 2886 1035 2910 de
1054 2884 1190 2915 negatione
1205 2884 1355 2916 simpliciter

289 2923 362 2947 dicta.
382 2922 448 2946 Hinc
468 2921 548 2945 homo
568 2921 660 2945 dicitur
674 2920 800 2952 privatus
818 2920 890 2950 visu,
916 2927 983 2952 quae
1006 2919 1113 2952 privatio
1133 2925 1173 2944 est
1191 2919 1306 2943 defectus
1327 2919 1352 2943 in

287 2958 406 2987 homine;
426 2957 472 2981 sed
491 2957 563 2981 visus
584 2961 693 2987 negatur
713 2955 801 2987 lapidi,
821 2955 845 2979 in
867 2963 921 2987 quo
942 2955 1052 2980 carentia
1071 2954 1144 2978 visus
1164 2962 1216 2978 non
1231 2959 1271 2978 est
1290 2962 1352 2978 suae

288 2998 394 3017 naturae
414 2992 543 3021 defectus,
563 2991 679 3023 quinimo
699 2998 761 3015 suae
781 2995 886 3015 naturae
904 2995 1078 3015 consentanea
1096 2994 1136 3014 est
1156 2987 1210 3022 (Cf.
1226 2997 1248 3013 s.
1262 2989 1312 3013 Th.
1327 2989 1352 3013 in

288 3028 321 3052 tv
341 3027 493 3060 Metaphys.
509 3027 565 3051 lect.
581 3034 617 3056 111,
638 3032 662 3051 et
676 3027 699 3050 V
719 3026 776 3050 lect.
791 3024 841 3059 xx).

341 3062 365 3096 v)
385 3063 444 3086 Non
469 3066 557 3087 autem
581 3065 640 3086 erat
664 3068 756 3086 nomen
776 3061 895 3092 positum
919 3063 1037 3092 tempore
1054 3058 1205 3084 Aristotelis
1228 3063 1276 3084 etc.
1304 3059 1352 3083 His

287 3097 373 3122 verbis
394 3097 559 3128 intelligimus
574 3097 740 3121 Aristotelem
760 3101 891 3120 auctorem
912 3095 993 3120 fuisse
1012 3100 1040 3120 ut
1058 3095 1207 3119 huiusmodi
1226 3094 1352 3119 dictiones

288 3133 433 3165 negativae,
453 3140 504 3157 non
524 3133 615 3160 homo,
631 3139 682 3156 non
701 3139 747 3156 ens
766 3136 828 3161 etc.,
850 3131 969 3164 infinitae
987 3131 1132 3155 dicerentur
1146 3130 1200 3162 (Cf.
1222 3130 1279 3154 lect.
1296 3137 1351 3162 seq.

288 3177 313 3192 n.
332 3167 387 3202 11):
408 3168 479 3199 quod
499 3168 602 3191 aliunde
626 3175 655 3191 ex
681 3166 743 3199 ipsis
763 3166 909 3190 Aristotelis
928 3166 1014 3190 verbis
1039 3163 1104 3190 ἐ’στω
1124 3161 1207 3198 ὄνομα
1231 3159 1351 3198 ἀόριστον

288 3208 375 3235 aperte
400 3202 533 3227 indicatur.
555 3202 606 3226 «Si
626 3202 722 3234 placet,
742 3206 849 3226 vocetur
871 3201 1012 3234 (praefata
1036 3201 1133 3232 dictio)
1153 3207 1248 3224 nomen
1267 3199 1350 3224 infini-

289 3247 302 3261 ›
319 3243 388 3268 tum,
409 3242 438 3262 ut
456 3243 481 3262 et
501 3237 593 3262 habeat
611 3237 736 3265 rationem
757 3236 868 3260 nominis
884 3237 970 3268 quoad
994 3237 1101 3260 modum
1122 3235 1311 3267 grammaticae,
1326 3239 1352 3259 et

290 3282 303 3296 »
320 3274 405 3305 quoad
421 3273 580 3297 dialecticum
599 3277 669 3296 extra
683 3271 822 3304 perfectam
842 3271 967 3295 rationem
987 3271 1099 3295 nominis
1114 3270 1266 3295 extrahatur.
1284 3279 1298 3293 »
1314 3270 1350 3294 lta

289 3308 470 3340 interpretatur
491 3308 657 3332 Aristotelem
686 3307 711 3331 b.
726 3307 850 3331 Albertus
875 3307 984 3338 Magnus
1010 3306 1035 3330 in
1056 3306 1064 3330 1
1092 3305 1153 3330 Peri
1171 3305 1347 3334 hermeneia,

289 3348 360 3367 tract.
380 3343 408 3374 11,
434 3351 488 3375 cap.
507 3350 531 3367 v.
551 3343 584 3367 Et
606 3342 763 3367 Ammonius
786 3342 811 3366 in
832 3341 926 3366 librum
950 3342 992 3366 De
1015 3340 1233 3373 interpretatione
1251 3345 1314 3365 sect.
1330 3340 1347 3371 1,

1425 325 1597 373 dictioni,
1617 339 1762 363 vocans
1783 339 1868 363 eam
1890 340 2033 364 nomen
2054 329 2239 376 infinitum
2258 337 2415 378 propter
2438 330 2493 368 in-

1424 378 1780 416 determinationem
1800 380 2100 428 significationis,
2120 389 2162 418 ut
2182 382 2324 419 dictum
2345 391 2411 420 est.

1482 444 1540 479 14.
1565 432 1715 469 Deinde
1740 445 1829 469 curn
1854 433 1956 470 dicit:
1987 434 2138 471 Catonis
2157 440 2282 471 autem
2306 436 2367 472 vel
2385 437 2493 473 Cato—

1423 485 1464 521 ni
1482 493 1564 532 etc.,
1582 484 1745 522 excludit
1760 498 1868 522 casus
1883 486 2060 533 nominis;
2082 494 2119 524 et
2138 487 2226 524 dicit
2245 488 2350 537 quod
2379 489 2492 525 Cato-

1421 538 1478 574 nis
1492 539 1555 575 vel
1576 539 1712 575 Catoni
1734 546 1770 575 et
1790 539 1862 576 alia
1882 539 2102 577 huiusmodi
2123 553 2202 577 non
2221 549 2308 578 sunt
2322 541 2491 590 nomina,

1420 591 1489 628 sed
1509 592 1611 628 solus
1631 592 1889 629 nominativus
1910 593 2043 629 dicitur
2060 593 2315 642 principaliter
2334 607 2490 642 nomen,

1419 656 1489 692 per
1517 657 1633 692 quem
1657 645 1754 681 facta
1779 653 1834 682 est
1856 645 2048 694 impositio
2079 647 2245 683 nominis
2274 647 2323 684 ad
2351 648 2492 696 aliquid

1421 697 1724 744 significandum.
1742 698 1974 736 Huiusmodi
1994 707 2122 736 autem
2143 700 2286 748 obliqui
2305 709 2492 738 vocantur

1421 762 1530 786 casus
1550 750 1734 787 nominis:
1757 751 1846 799 quia
1871 752 1977 800 quasi
2003 752 2143 789 cadunt
2157 758 2170 773 ⁰
2187 765 2257 801 per
2281 754 2490 802 quamdam

1422 802 1681 840 declinationis
1702 803 1886 851 originem
1902 816 1924 840 a
1939 804 2189 852 nominativo,
2205 806 2269 854 qui
2285 807 2419 844 dicitur
2433 820 2490 844 re-

1422 863 1502 892 ctus
1532 868 1578 892 eo
1608 856 1714 905 quod
1741 868 1820 893 non
1855 857 1965 893 cadit.
2003 857 2118 894 Stoici
2153 866 2281 895 autem
2317 859 2491 897 dixerunt

1422 908 1536 945 etiam
1565 909 1823 946 nominativos
1859 909 1931 947 dici
1967 922 2092 947 casus:
2123 923 2220 959 quos
2254 913 2490 959 grammatici

1421 970 1641 1010 sequuntur,
1673 975 1719 998 eo
1746 962 1851 1011 quod
1876 963 2035 1011 cadunt,
2066 963 2162 1000 idest
2195 965 2409 1012 procedunt
2441 966 2489 1002 ab

1420 1014 1587 1051 interiori
1604 1015 1854 1064 conceptione
1879 1016 2027 1053 mentis.
2058 1017 2107 1053 Et
2127 1017 2261 1054 dicitur
2284 1025 2420 1066 rectus,
2442 1031 2488 1055 eo

1421 1068 1526 1116 quod
1541 1068 1632 1104 nihil
1650 1069 1669 1090 '¹‘
1690 1068 1869 1117 prohibet
1889 1069 2030 1118 aliquid
2059 1069 2199 1107 cadens
2215 1071 2268 1107 sic
2290 1071 2438 1119 cadere,
2449 1079 2491 1108 ut

1421 1128 1566 1157 rectum
1587 1128 1668 1168 stet,
1686 1121 1780 1158 sicut
1799 1121 1903 1158 stilus
1919 1122 1983 1171 qui
2013 1122 2152 1160 cadens
2181 1123 2281 1171 ligno
2310 1124 2488 1172 infigitur.

1479 1175 1536 1211 15.
1557 1174 1707 1211 Deinde
1733 1187 1821 1211 cum
1852 1174 1955 1212 dicit:
1981 1176 2095 1213 Ratio
2119 1182 2245 1213 autem
2272 1177 2351 1214 eius
2371 1185 2439 1214 etc.
2457 1183 2488 1225 π,

1420 1226 1584 1264 ostendit
1599 1235 1876 1276 consequenter
1891 1229 2089 1277 quomodo
2106 1242 2146 1266 se
2161 1230 2327 1266 habeant
2346 1230 2490 1279 obliqui

1420 1291 1529 1316 casus
1553 1279 1602 1317 ad
1626 1293 1787 1327 nomem
1810 1288 1846 1317 et
1870 1281 1957 1318 dicit
1979 1282 2084 1330 quod
2108 1282 2219 1330 ratio,
2238 1295 2355 1331 quarn
2379 1282 2490 1331 signi-

1420 1332 1508 1369 ficat
1531 1345 1687 1381 nomen,
1699 1341 1755 1371 est
1774 1334 1911 1371 eadem
1927 1336 1993 1371 et*
2009 1335 2045 1371 in
2061 1335 2156 1381 aliis,
2173 1335 2312 1372 scilicet
2341 1333 2490 1373 casibus

1419 1385 1603 1431 nominis;
1633 1386 1701 1423 sed
1729 1386 1767 1424 in
1805 1388 1880 1424 hoc
1913 1395 1968 1424 est
1997 1387 2208 1425 differentia
2245 1388 2385 1437 quod*
2420 1402 2488 1426 no-

1419 1449 1510 1473 men
1529 1437 1750 1475 adiunctum
1771 1452 1859 1476 cum
1887 1441 1962 1477 hoc
1987 1441 2107 1478 verbo
2134 1447 2189 1478 est
2212 1442 2275 1478 vel
2301 1442 2372 1478 erit
2387 1442 2408 1463 *
2426 1443 2489 1479 vel

1407 1490 1491 1538 fuit
1529 1503 1683 1540 semper
1719 1491 1904 1539 signifieat
1930 1505 2068 1530 verum
2095 1494 2158 1531 vel
2188 1494 2347 1531 falsum:
2382 1495 2488 1544 quod

1419 1555 1497 1579 non
1518 1543 1698 1592 contingit
1716 1544 1754 1581 in
1774 1545 1948 1594 obliquis.
1980 1545 2179 1594 Signanter
2198 1554 2327 1584 autem
2345 1547 2490 1585 inducit

1419 1597 1639 1644 exemplum
1659 1597 1708 1634 de
1726 1598 1848 1634 verbo
1869 1598 2123 1636 substantivo:
2154 1599 2243 1648 quia
2267 1607 2355 1637 sunt
2373 1613 2488 1649 quae—

1419 1648 1509 1685 dam
1534 1649 1606 1686 alia
1624 1650 1762 1698 verba,
1791 1650 1931 1687 scilicet
1958 1652 2242 1700 impersonalia,
2272 1665 2371 1702 quae
2399 1665 2488 1691 cum

1419 1701 1611 1750 obliquis*
1631 1703 1843 1751 significant
1857 1716 1995 1741 verum
2014 1705 2076 1742 vel
2097 1705 2248 1752 falsum3
2263 1713 2306 1742 ut
2325 1718 2413 1743 cum
2434 1706 2488 1744 di-

1418 1755 1532 1804 citur,
1550 1757 1717 1804 poenitet
1733 1757 1892 1803 Sortem,
1918 1757 2006 1806 quia
2025 1765 2130 1794 actus
2148 1758 2257 1796 verbi
2276 1758 2490 1808 intelligitur

1417 1808 1504 1845 ferri
1533 1822 1648 1858 super
1667 1810 1887 1859 obliquum3
1917 1822 1962 1847 ac
1987 1810 2017 1847 si
2038 1811 2235 1860 diceretur,
2259 1812 2488 1860 poenitentia

1415 1863 1526 1899 habet
1543 1862 1564 1883 '⁸
1582 1863 1740 1899 Sortem.

1475 1916 1532 1952 16.
1551 1915 1629 1952 Sed
1658 1923 1788 1952 contra
1805 1916 1842 1952 *ε
1863 1915 1893 1953 si
1927 1927 2071 1952 nomen
2095 1916 2286 1954 infinitum
2316 1925 2353 1954 et
2377 1930 2486 1956 casus

1415 1980 1494 2004 non
1514 1975 1601 2005 sunt
1634 1968 1808 2016 nomina,
1838 1968 2151 2006 inconvenienter
2179 1970 2267 2007 data
2295 1978 2352 2008 est
2375 1983 2484 2020 prae-

1415 2021 1530 2058 missa
1558 2021 1725 2058 nominis
1745 2021 1927 2068 definitio,
1944 2034 2042 2071 quae
2062 2021 2139 2059 istis
2160 2023 2349 2061 convenit.
2367 2045 2392 2052 -
2407 2025 2486 2062 Sed

1413 2074 1631 2121 dicendum,
1648 2074 1862 2111 secundum
1887 2074 2143 2112 Ammonium
2165 2075 2196 2123 *,
2227 2076 2333 2125 quod
2367 2089 2482 2126 supra

1414 2127 1658 2164 communius
1688 2127 1820 2164 definit
1834 2128 1854 2147 '³
1874 2140 2031 2174 nomen,
2045 2128 2298 2176 postmodum
2318 2142 2414 2167 vero
2437 2130 2484 2168 si-

1412 2180 1695 2228 gnificationem
1724 2180 1890 2217 nominis
1923 2187 2040 2217 arctat
2058 2181 2316 2219 subtrahendo
2345 2183 2442 2220 haec
2462 2196 2485 2221 a

1412 2233 1681 2270 nomine.-Vel
1712 2233 1917 2270 dicendum
1943 2233 2047 2283 quod
2074 2234 2285 2283 praemissa
2313 2235 2483 2273 definitio

1410 2298 1489 2323 non
1501 2286 1719 2335 simpliciter
1734 2286 1912 2323 convenit
1926 2286 2000 2324 his:
2021 2299 2165 2325 nomen
2176 2287 2278 2325 enim
2293 2288 2484 2327 infinitum

1410 2339 1500 2375 nihil
1521 2339 1816 2376 determinatum
1833 2339 2028 2388 significat,
2045 2353 2170 2390 neque
2191 2353 2300 2378 casus
2315 2341 2483 2380 nominis

1409 2391 1594 2440 significat
1612 2393 1826 2430 secundum
1854 2392 2023 2442 primum
2042 2393 2225 2442 placitum
2245 2394 2483 2443 instituentis,

1406 2453 1448 2482 ut
1477 2445 1619 2482 dictum
1652 2453 1718 2482 est.

1411 2568 1435 2601 ἕ.
1451 2577 1466 2601 7
1486 2569 1546 2594 Non
1566 2569 1644 2594 homo
1662 2573 1718 2598 etc..
1734 2568 1781 2593 ait:
1802 2578 1815 2590 ι
1828 2569 1855 2592 ld
1874 2576 1958 2600 genus
1981 2576 2059 2593 voces
2061 2585 2104 2598 .....
2120 2575 2217 2593 nomen
2242 2569 2342 2594 nullum
2362 2569 2394 2594 ab
2417 2569 2482 2594 anti-

1412 2614 1424 2626 »
1440 2604 1576 2636 quioribus
1591 2608 1767 2628 meruerunt...
1787 2611 1834 2635 per
1847 2604 1925 2628 verba
1940 2608 2027 2628 autem
2046 2603 2097 2632 illa,
2113 2603 2162 2628 sed
2173 2603 2210 2628 sit
2228 2603 2360 2636 infinitum
2376 2611 2480 2634 nomen,

1412 2648 1424 2661 ι
1441 2643 1542 2663 constat
1554 2639 1640 2671 ipsum
1655 2639 1853 2670 (Aristotelem)
1868 2638 1923 2663 eius
1938 2643 2015 2663 notae
2028 2638 2136 2662 vocibus
2151 2637 2201 2662 hoc
2215 2646 2311 2663 nomen
2326 2638 2451 2664 indidisse
2464 2649 2478 2662 ι

1410 2673 1472 2705 (Ed.
1483 2674 1524 2698 cit.
1539 2673 1583 2698 fol.
1594 2672 1624 2703 6,
1640 2674 1688 2698 col.
1706 2673 1719 2697 3
1735 2678 1761 2698 et
1775 2672 1842 2706 4).—
1852 2673 1890 2698 Cf.
1905 2673 1995 2698 Boeth.
2011 2673 2052 2697 De
2066 2673 2204 2704 interpret.
2215 2673 2262 2697 Ed.
2278 2673 2314 2704 11,
2334 2673 2377 2698 lib.
2392 2673 2417 2704 1,
2437 2674 2481 2699 De

1410 2708 1528 2736 nomine,
1548 2709 1572 2740 ᾖ.
1587 2708 1648 2733 Non
1667 2708 1744 2733 homo
1764 2712 1826 2737 etc.‚
1845 2715 1904 2740 pag.
1917 2707 1965 2732 312
1975 2725 1981 2737 ,
1997 2708 2037 2732 ed.
2052 2707 2092 2732 cit.
2107 2707 2231 2732 Basileae.

1464 2741 1487 2777 Ε)
1504 2743 1540 2768 Et
1554 2743 1614 2768 ideo
1628 2750 1724 2767 novum
1749 2750 1842 2767 nomen
1867 2743 1986 2774 imponit.
2005 2742 2104 2767 Adiicio
2123 2749 2219 2767 novum
2239 2750 2270 2767 ex
2288 2743 2362 2768 codd.
2373 2741 2475 2775 ABCE,

1409 2778 1529 2810 quamvis
1544 2778 1588 2802 illo
1604 2782 1706 2802 careant
1719 2778 1777 2802 edd.
1792 2778 1866 2807 Ven.,
1877 2777 1905 2802 P.
1916 2782 1942 2802 et
1956 2778 2013 2802 cod.
2028 2778 2059 2802 D.
2069 2791 2088 2796 -
2099 2777 2200 2802 Etenim
2214 2778 2279 2803 illud
2292 2778 2395 2803 indicari
2405 2778 2476 2804 vide-

1410 2819 1451 2838 tur
1465 2821 1495 2838 ex
1509 2818 1629 2838 contextu
1639 2813 1776 2842 orationis,
1801 2813 1826 2837 in
1843 2820 1894 2845 qua
1909 2813 1992 2844 agitur
2012 2813 2044 2837 de
2058 2820 2128 2837 novo
2141 2813 2282 2843 vocabulo,
2302 2821 2356 2846 quo
2374 2813 2478 2838 Aristo·

1409 2849 1473 2874 teles
1489 2848 1632 2880 designavit
1650 2847 1756 2872 nomina
1774 2855 1842 2880 quae
1858 2855 1872 2872 a
1891 2848 2027 2879 negatione
2042 2848 2244 2880 imponuntur.-
2255 2848 2330 2878 Infra,
2350 2849 2407 2873 lect.
2419 2856 2474 2880 vm,

1409 2889 1525 2909 occurret
1534 2883 1601 2908 aliud
1611 2883 1766 2907 vocabulum
1778 2883 1952 2907 introductum
1967 2883 1998 2908 ab
2008 2883 2155 2913 Aristotele,
2166 2890 2262 2916 nempe
2272 2883 2361 2913 dictio,
2372 2889 2398 2909 et
2407 2884 2475 2909 atiud

1409 2920 1465 2944 lect.
1479 2927 1512 2949 tx,
1527 2918 1625 2944 scilicet
1642 2918 1827 2943 contradictio.

1461 2953 1488 2988 ο)
1505 2954 1574 2984 Quia
1590 2954 1667 2986 quasi
1685 2953 1793 2978 cadunt.
1803 2967 1823 2972 -
1835 2953 1918 2983 Quasi
1936 2960 1966 2978 ex
1981 2953 2055 2978 codd.
2064 2953 2182 2978 -Piamn
2197 2953 2260 2986 quia
2273 2953 2383 2979 cadunt.
2397 2953 2475 2986 Etigo

1408 2990 1482 3014 codd.
1498 2989 1646 3014 lectionem:
1667 2996 1726 3013 nam
1741 2988 1836 3014 cadere
1851 2988 1899 3013 hoc
1918 2989 1976 3012 loco
1995 2987 2103 3020 figurate
2121 2988 2258 3021 accipitur3
2273 2993 2299 3014 et
2314 2989 2372 3014 ideo
2389 2989 2474 3014 scien-

1407 3024 1473 3049 tifice
1493 3024 1632 3057 loquendo,
1652 3023 1735 3055 magis
1750 3031 1764 3048 a
1778 3023 1859 3056 figura
1878 3022 2009 3056 (scientiis
2033 3023 2336 3058 impropriayreceditur
2354 3023 2474 3049 adiuncto

1407 3059 1527 3084 adverbio
1546 3059 1629 3092 quasi.
1639 3059 1733 3084 -Cod.
1747 3059 1784 3083 A:
1799 3059 1844 3091 qui
1862 3059 1939 3091 quasi
1956 3059 2094 3083 cadunt.—
2108 3059 2190 3092 Supra
2208 3066 2271 3083 vero
2289 3064 2344 3084 rum
2363 3058 2389 3083 in
2403 3058 2476 3092 prin-

1407 3095 1472 3127 cipio
1485 3094 1561 3119 huius
1580 3094 1688 3122 numeri.
1708 3100 1763 3119 tum
1782 3094 1958 3126 praecedentis
1977 3094 2129 3126 reliquimus
2148 3094 2296 3126 exemplum
2319 3094 2428 3119 Catonis
2445 3098 2476 3119 et

1409 3130 1505 3155 Catoni
1518 3129 1644 3154 versionis
1660 3129 1760 3160 latinae,
1773 3129 1892 3161 quamvis
1906 3129 1931 3153 in
1946 3136 2038 3161 graeco
2052 3129 2175 3154 habeatur
2188 3129 2307 3154 Philonis
2320 3133 2346 3154 et
2358 3129 2472 3158 Philoni,

1406 3170 1434 3189 ut
1452 3165 1598 3189 notavimus
1617 3165 1643 3189 in
1661 3169 1739 3189 textu.

1457 3199 1485 3234 π)
1507 3200 1611 3225 Deinde
1628 3207 1688 3225 cum
1710 3199 1791 3224 dicit:
1808 3199 1891 3224 Ralla
1913 3202 2002 3224 autem
2016 3199 2072 3224 eius
2094 3203 2142 3225 etc.
2162 3199 2244 3224 Codd.
2261 3199 2328 3224 ABC
2349 3198 2473 3224 omittunt

1403 3235 1466 3260 haec
1481 3235 1570 3265 νει-δας
1586 3239 1612 3259 et
1625 3235 1683 3259 cod.
1693 3234 1715 3258 Α
1731 3234 1832 3266 incipit:
1851 3234 1968 3259 ostendit
1991 3237 2080 3259 autem
2103 3234 2220 3267 qualiter
2233 3238 2281 3259 etc.
2291 3247 2303 3252 -
2313 3234 2368 3259 BC:
2383 3236 2473 3259 osten-

1404 3270 1445 3295 dit
1463 3273 1551 3295 autem
1566 3272 1754 3302 consequenter
1767 3269 1882 3302 qualiter
1896 3274 1943 3294 etc.
1958 3270 2009 3294 Sed
2025 3274 2086 3294 sunt
2100 3269 2222 3294 lectiones
2237 3276 2290 3294 non
2303 3268 2471 3302 adopmndne.

1403 3306 1428 3330 S.
1439 3306 1556 3330 Thomas
1575 3305 1644 3330 enim
1664 3305 1689 3329 in
1708 3305 1862 3337 exponendo
1880 3309 1965 3337 partes
1985 3309 2071 3330 textus
2085 3304 2231 3330 Aristotelis
2246 3311 2352 3337 semper
2369 3304 2415 3328 ἰΙΙο
2428 3306 2473 3328 aut

1403 3341 1479 3365 slmili
1499 3341 1578 3365 modo
1595 3340 1688 3365 utitur:
1709 3339 1813 3365 Deinde
1830 3347 1890 3365 cum
1909 3339 1975 3365 dicit
1993 3344 2041 3365 etc.

1296 3433 1722 3463 -0-1-1-⁴———-

2609 763 2623 779 0

2520 858 2595 889 Stoici
2610 862 2633 880 et
2655 864 2732 886 gram-

2518 889 2604 907 manci.

2518 1077 2528 1086 ⁹
2539 1081 2578 1098 uc:
2589 1077 2646 1105 quia
2655 1077 2723 1099 nim.

2618 1190 2636 1208 π

2519 1343 2528 1352 ·
2536 1347 2581 1364 Aac
2585 1342 2695 1365 omittunt
2700 1345 2731 1365 ee.

2519 1396 2565 1416 'At
2580 1396 2645 1423 qnia.

2519 1444 2528 1453 ²
2540 1442 2668 1465 Codd.-ra
2683 1449 2731 1466 non

2517 1471 2555 1491 est
2564 1469 2612 1496 (cf.
2622 1472 2694 1497 text.)-

2516 1713 2675 1762 :dicdum
2689 1719 2729 1736 ea-

2515 1873 2643 1894 'nete-et.

2514 1926 2524 1935 ·
2538 1924 2628 1947 Contra

2513 1954 2566 1973 tunt
2576 1956 2631 1973 nc.

2658 1925 2729 1947 omit-

2511 2082 2663 2105 Ammonius.

2512 2110 2522 2118 ·
2531 2109 2588 2131 Loc.
2597 2109 2636 2131 cit.
2646 2109 2671 2132 in
2683 2115 2729 2132 no·

2511 2143 2535 2162 ἲ.
2549 2145 2570 2162 ν.

2512 2171 2573 2192 'am
2585 2170 2699 2198 definivit.
