2548 4192
213 268 339 294 cccxv1

215 337 306 374 deat‚
330 335 378 366 his
412 341 564 374 concepta
595 334 714 364 verbis:
748 334 892 373 Suspicio
926 338 973 363 est
1000 332 1087 371 apud
1114 332 1286 371 peritiores

213 382 360 417 criticos,
391 381 474 410 inter
508 378 635 418 Opera,
667 387 748 418 quae
783 378 922 407 Thomae
952 377 1122 416 Aquinatis
1158 376 1285 406 nomine

215 425 445 460 inscribuntur,
461 433 560 463 neque
576 422 730 453 decimam
752 431 863 451 eorum
882 426 1010 460 partem
1037 419 1284 450 adiudicandum

214 469 314 499 eidem
337 478 416 505 esse,
433 477 489 498 ceu
508 476 582 497 vero
602 467 739 505 parenti.
763 465 985 494 Animadverte
1011 464 1117 503 Opera
1138 464 1285 494 Thomae

215 513 311 543 simul
340 511 447 542 omnia
477 511 606 540 collecta
634 509 786 548 prodiisse
817 509 938 538 Romae
968 518 1052 538 anno
1083 509 1165 548 1570
1196 507 1284 537 iussu

214 557 262 587 Pii
286 557 313 587 V
337 555 473 586 Romani
496 553 665 590 Pontificis,
684 554 793 583 decem
817 559 847 582 et
870 559 992 591 septem
1015 551 1233 582 voluminibus
1252 551 1285 581 in

215 601 294 631 folio
319 599 554 639 comprehensa.
575 597 764 627 Peritiorum
792 606 887 635 erg0,
912 606 995 636 quos
1024 606 1205 636 anonymus
1229 606 1284 626 vo-

216 652 282 682 cat,
312 642 543 683 suspicionibus
568 641 748 671 criticorum
771 640 797 669 si
821 639 915 678 fides,
947 640 1112 670 volumina
1139 640 1190 670 vix
1218 640 1284 670 duo

214 688 358 728 genuinis
381 687 527 717 Thomae
550 685 708 724 Operibus
732 684 855 724 impleri
879 691 1026 724 possent:
1056 685 1146 725 quod
1174 684 1285 725 utique

214 731 445 772 imperitissime
469 730 599 759 dictum.

227 775 229 777 ’
281 776 330 805 Ab
354 775 412 804 hac
435 773 572 804 editione
596 773 742 802 Romana
765 773 880 803 absunt
904 772 1134 803 Commentarii
1158 774 1190 803 in
1224 772 1284 803 Ge-

215 821 326 856 nesim,
342 819 523 854 Danielem,
541 817 766 853 Machabaeos,
784 817 944 856 Epistolas
958 817 1138 847 Canonicas
1154 822 1183 847 et
1200 818 1284 856 Apo-

214 864 383 904 calypsim,
408 872 491 902 quos
515 861 702 901 pen‘tiorum
725 871 821 891 nemo
846 871 912 891 non
936 861 1093 892 abiudicat
1123 862 1161 891 ab
1185 861 1285 901 Aqui-

215 915 304 938 nate:
330 906 420 937 reiice
443 916 539 943 vero,
564 905 669 945 peritis
698 905 848 936 omnibus
879 905 963 935 ultro
997 905 1284 943 consentientibus,

214 951 394 982 Secundum
420 949 524 992 (quod
546 948 674 991 vocant)
699 951 853 989 scriptum
871 951 902 979 in
926 949 1162 980 Sententiarum
1188 950 1285 980 libros

213 1001 243 1026 et
277 995 439 1035 Opuscula
463 1003 565 1034 pauca
588 1003 670 1034 quae
693 994 727 1024 in
750 994 861 1024 eadem
886 993 1023 1024 editione
1046 994 1198 1034 impressa
1212 1005 1285 1034 pro—

213 1047 295 1070 stant
318 1039 488 1069 minutiore
514 1038 707 1076 charactere,
736 1037 877 1078 itemque
905 1038 1143 1078 Expositionem
1169 1037 1214 1081 (si
1236 1039 1285 1069 lu-

214 1082 296 1125 beat)
321 1083 354 1113 111
373 1083 540 1114 Canticum
576 1082 795 1119 Canticorum,
820 1092 901 1122 quae
930 1082 1039 1122 incipit
1062 1083 1213 1113 Salomon
1238 1085 1285 1113 in-

212 1130 365 1168 spiratus,
381 1135 475 1167 atque
490 1128 623 1157 demum
637 1127 717 1157 levia
733 1127 891 1167 quaedam
910 1127 1150 1167 supplementa:
1168 1135 1286 1158 caetera

214 1179 288 1202 sunt
311 1172 420 1202 omnia
444 1171 631 1202 sanctissimi
651 1171 798 1201 Thomae
822 1181 971 1211 germana
991 1171 1106 1211 Opera.

280 1219 333 1254 At,
358 1216 475 1256 inquis,
491 1216 578 1256 apud
597 1216 768 1255 peritiores
791 1216 918 1245 criticos
935 1215 1066 1246 dubium
1087 1216 1119 1246 id
1137 1225 1223 1253 esse,
1248 1226 1287 1246 ac

213 1262 422 1300 suspicionem
447 1261 523 1300 ipsis
551 1260 713 1290 insedisse.
731 1259 872 1296 Quinam
891 1269 966 1290 vero
982 1259 1098 1290 fuerint
1115 1261 1287 1299 peritiores

214 1306 266 1335 isti
296 1305 415 1342 critici,
444 1315 527 1345 quos
556 1302 718 1344 appellas?
742 1304 952 1334 Adversantes
981 1310 1016 1334 tu
1044 1304 1140 1334 habes
1169 1304 1286 1344 peritos

213 1349 339 1389 utique,
369 1359 404 1379 ac
432 1348 608 1379 liberrimos
635 1348 719 1378 viros
750 1347 890 1385 criticos,
920 1348 1097 1378 Robertum
1125 1348 1286 1378 Bellarmi-

213 1403 304 1431 num,
334 1393 520 1433 Philippum
550 1393 724 1429 Labbeum,
750 1391 953 1422 Ludovicum
984 1391 1174 1431 Dupinium,
1197 1392 1287 1423 Guil-

212 1437 347 1467 lelmum
371 1437 476 1475 Cave,
500 1437 671 1476 ipsumque
694 1435 928 1466 dicacissimum
958 1435 1152 1466 Casimirum
1185 1436 1286 1467 Oudi-

213 1491 304 1519 num,
321 1488 415 1521 atque
445 1482 597 1512 Iacobum
624 1480 831 1517 Brucherum,
847 1479 903 1520 qui
933 1479 1105 1510 maximam
1129 1480 1286 1520 Operum,

213 1536 295 1566 quae
323 1525 470 1556 Thomae
494 1526 685 1561 tribuuntur,
710 1531 832 1564 partem
861 1531 1039 1564 agnoscunt
1056 1524 1228 1563 genuinam
1251 1535 1287 1555 ac

212 1570 388 1600 vindicant:
414 1571 640 1610 ingeniumque
664 1568 811 1598 Thomae
836 1569 996 1598 excellens
1019 1568 1191 1599 admiratur
1207 1569 1286 1599 Bru-

214 1614 335 1650 ckerus,
357 1619 387 1644 et
417 1615 558 1644 lectionis
581 1613 715 1652 copiam,
734 1617 763 1642 et
780 1613 1004 1643 inexhaustam
1028 1622 1168 1652 prorsus
1193 1614 1286 1644 indu-

213 1659 339 1695 striam,
359 1668 422 1698 qua
447 1658 745 1698 quinquagenarius
763 1656 900 1688 denatus
918 1662 963 1687 tot
982 1662 1012 1687 et
1039 1662 1130 1688 tanta
1149 1658 1287 1689 scribere

210 1703 325 1743 potuit.

280 1746 377 1776 Haud
404 1756 457 1776 me
484 1746 559 1776 latet
593 1745 701 1785 Opera
728 1745 887 1785 quaedam
914 1745 947 1776 in
975 1745 1112 1776 editione
1140 1746 1287 1777 Romana

212 1790 342 1820 nomine
370 1790 536 1830 Aquinatis
555 1789 719 1829 inscripta,
744 1790 782 1820 ab
811 1789 897 1820 hisce
922 1789 1033 1821 criticis
1056 1790 1129 1820 viris
1153 1801 1212 1830 pro
1229 1791 1286 1820 du-

212 1834 270 1865 biis
299 1834 536 1875 suppositisque
564 1841 652 1865 tanto
681 1833 804 1863 nomini
841 1834 970 1865 haberi:
1001 1834 1182 1865 cuiusmodi
1214 1842 1288 1866 sunt

213 1879 442 1910 Commentarii
470 1880 501 1909 in
533 1879 667 1915 Isaiam,
698 1878 947 1916 in.Ieremiam,
976 1880 1007 1909 in
1039 1879 1240 1910 Matthaeum
1257 1885 1287 1910 et

213 1923 367 1953 Ioannem
398 1929 427 1954 et
459 1923 622 1963 Opuscula
651 1923 807 1953 nonnulla
829 1922 910 1953 inter
938 1933 984 1961 ea,
1000 1933 1082 1963 quae
1111 1923 1230 1954 sincera
1257 1931 1288 1955 et

212 1977 361 2007 germana
393 1967 608 1998 existimarunt
645 1966 783 1997 Romani
811 1967 956 1998 editores.
987 1967 1120 1998 Criticae
1150 1967 1287 1998 nimium

212 2021 336 2041 severae
359 2012 510 2052 tantisper
533 2011 766 2051 indulgeamus,
783 2011 959 2052 eademque
975 2011 1081 2051 Opera
1094 2012 1175 2042 inter
1190 2012 1287 2042 dubia

213 2062 243 2086 et
257 2056 457 2095 supposititia
472 2057 677 2086 collocentur.
696 2055 783 2092 Quid
803 2053 898 2086 inde?
913 2058 964 2086 An
979 2056 1125 2096 Operum
1139 2056 1286 2087 Thomae

214 2110 367 2131 numerus
399 2100 492 2131 fuerit
522 2101 602 2130 adeo
635 2099 845 2138 imminutus,
879 2107 915 2130 ut
948 2110 1022 2130 cum
1051 2111 1180 2131 censore
1209 2111 1285 2131 ano-

212 2154 311 2183 nymo
336 2144 437 2175 dicere
460 2144 561 2182 liceat,
591 2146 646 2174 vix
675 2144 830 2174 decimam
857 2150 985 2184 partem
1020 2144 1174 2185 Operum,
1205 2155 1287 2186 quae

216 2189 356 2219 Thomae
381 2189 600 2219 inscribuntur
623 2189 761 2225 nomine,
778 2187 879 2218 eidem
903 2189 1001 2219 tribui
1015 2199 1110 2229 posse
1135 2199 1192 2220 ceu
1211 2199 1286 2230 ger-

213 2243 308 2264 mano
323 2233 480 2273 parenti?
498 2232 669 2273 Ampullae
688 2239 762 2262 sunt
780 2231 1014 2272 imperitissime
1033 2233 1200 2273 proiectae.
1219 2234 1287 2265 Cur

210 2287 286 2307 vero
314 2278 400 2308 idem
423 2287 545 2315 censor,
571 2284 606 2307 ut
633 2276 682 2307 sui
710 2277 850 2307 muneris
875 2284 977 2317 partes
1007 2278 1158 2319 expleret,
1184 2278 1286 2318 suspi-

212 2322 343 2352 cionum
366 2321 551 2352 huiusmodi
580 2328 743 2351 momenta
767 2321 876 2360 paullo
905 2322 1052 2352 attentius
1076 2332 1142 2352 non
1172 2333 1286 2363 expen-

212 2366 272 2402 dit,
302 2373 333 2396 et
356 2367 509 2396 Iacobum
528 2365 710 2396 Echardum
739 2366 903 2396 consulere
927 2366 1134 2406 praetermisit
1161 2367 1285 2398 validis-

212 2410 307 2440 simas
331 2418 475 2450 agentem
498 2410 648 2440 vindicias
673 2417 764 2440 tomo
788 2409 798 2439 1
821 2409 1019 2450 Scriptorum
1043 2410 1172 2442 Ordinis
1193 2412 1286 2443 Prae-

212 2454 404 2492 dicatorum,
432 2454 555 2484 Parisiis
583 2463 668 2485 anno
702 2464 783 2495 1719
811 2454 894 2494 typis
923 2454 1028 2494 edito,
1058 2465 1156 2496 quem
1184 2455 1286 2497 legere

212 2505 335 2538 poterat
362 2508 397 2528 ac
427 2508 501 2528 sane
529 2496 700 2529 debuerat?
737 2499 827 2528 Hanc
855 2499 1001 2529 eamdem
1029 2509 1088 2529 nos
1117 2500 1211 2531 etiam
1234 2511 1286 2531 su-

212 2542 388 2583 perioribus
412 2542 445 2572 in
464 2542 742 2573 Dissertationibus
766 2550 904 2582 spartam
928 2543 1165 2575 exornavimus:
1182 2555 1286 2586 neque

213 2586 302 2617 facile
330 2586 495 2626 negotium
523 2586 616 2617 fuerit
643 2594 691 2618 tot
714 2587 787 2617 elidi
816 2596 909 2626 posse
939 2595 1140 2627 argumenta,
1169 2589 1286 2629 quibus

212 2631 334 2669 eadem,
355 2631 387 2661 in
415 2631 630 2671 suspicionem
658 2631 794 2661 adducta
813 2631 930 2670 Opera,
951 2639 1117 2672 tamquam
1139 2643 1215 2664 vero
1230 2644 1285 2674 pa-

213 2675 292 2706 renti
323 2675 543 2706 adiudicantur
571 2683 680 2706 sancto
708 2675 865 2705 Thomae.

280 2720 400 2757 Fuere,
430 2719 485 2760 qui
520 2718 780 2759 praeclarissimas
814 2719 1049 2749 lucubrationes
1080 2719 1221 2752 Catenae
1253 2723 1285 2752 in

211 2769 351 2804 quatuor
380 2764 608 2804 Evangelistas
639 2769 668 2794 et
701 2763 855 2794 Summae
879 2764 1096 2804 theologicae,
1125 2772 1180 2795 aut
1206 2765 1285 2796 inte-

211 2818 281 2849 gras
309 2815 364 2838 aut
397 2818 546 2848 magnam
574 2815 713 2848 partem,
743 2807 949 2838 detrahendas
977 2807 1129 2848 Aquinati
1157 2818 1286 2840 censue-

212 2859 295 2883 runt.
324 2852 494 2883 Fuerintne
517 2853 688 2892 peritiores
720 2851 765 2882 illi
794 2852 916 2889 critici,
955 2861 1096 2892 quorum
1124 2852 1221 2884 dubia
1256 2862 1286 2885 et

212 2896 407 2936 suspiciones
431 2896 518 2927 affert
543 2906 724 2937 anonymus
750 2895 898 2926 historiae
918 2895 1040 2927 criticae
1064 2896 1285 2938 philosophiae

212 2938 342 2971 auctor?
361 2940 507 2971 Casimiri
532 2940 663 2978 Oudini,
692 2940 748 2981 qui
778 2950 850 2979 erga
878 2950 903 2971 s.
932 2940 1096 2970 Thomam
1124 2951 1284 2982 propenso

213 2986 365 3025 bonoque
389 2985 494 3016 studio
519 2995 585 3015 non
609 2984 783 3023 ferebatur,
807 2984 962 3014 iudicium
990 2984 1115 3025 accipe,
1140 2986 1230 3026 quod
1252 2986 1285 3017 in

214 3029 281 3060 eius
304 3029 528 3060 Dissertatione
551 3028 664 3068 legitur
680 3029 780 3069 capite
796 3036 862 3059 xm:
883 3043 895 3056 α
910 3028 1043 3060 Certum
1066 3036 1123 3068 est,
1143 3031 1284 3071 inquien-

216 3086 231 3101 γι
253 3075 305 3110 tis,
329 3073 508 3104 novissimis
531 3073 728 3113 temporibus
752 3072 866 3104 nostris
889 3073 1091 3104 insurrexisse
1110 3075 1285 3106 nonnullos

217 3130 232 3145 »
255 3125 348 3148 notae
364 3118 494 3148 recentis
508 3117 702 3157 scriptores..
712 3140 720 3148 .
735 3117 791 3158 qui
808 3127 844 3148 ex
861 3117 998 3157 partium
1014 3118 1120 3148 studio
1136 3119 1237 3149 multa
1252 3119 1285 3150 in

218 3174 232 3189 :v
255 3172 278 3192 s.
296 3162 459 3191 Thomam
484 3162 676 3202 Aquinatem
699 3171 813 3202 parum
836 3171 947 3202 aequa,
972 3168 1067 3203 atque
1089 3162 1122 3192 in
1146 3162 1213 3193 eius
1236 3163 1284 3194 in-

217 3218 231 3232 »
255 3205 351 3236 dubia
375 3205 488 3245 scripta
511 3205 637 3246 loquuti
661 3213 745 3244 sunt,
770 3215 911 3246 quorum
934 3215 993 3246 ego
1017 3206 1169 3237 invidiam
1199 3207 1284 3239 defe-

217 3263 231 3277 ι
256 3257 406 3290 ctumque
423 3249 530 3280 iudicii
546 3250 796 3290 haudquaquam
810 3250 1022 3281 aemulabor..
1033 3273 1041 3282 .
1053 3251 1118 3282 Nec
1135 3251 1284 3282 audiendi

218 3307 232 3321 »
256 3301 330 3325 sunt
352 3293 517 3334 scriptores
541 3301 690 3331 recentes,
714 3294 770 3335 qui
793 3305 818 3325 s.
835 3294 981 3324 Thomae
997 3295 1148 3336 Aquinati
1171 3296 1285 3337 scripta

218 3350 232 3365 τι
256 3339 294 3368 ab
318 3338 454 3379 antiquis
479 3339 591 3369 collata
623 3338 770 3369 auferunt
793 3348 829 3368 ex
853 3339 982 3378 proprio
1016 3339 1135 3380 capite,
1165 3341 1284 3384 absque

219 3394 233 3408 ι
257 3381 428 3413 rationibus
444 3382 598 3413 idone1s..
618 3382 663 3413 uti
680 3389 788 3413 nostro
808 3382 868 3413 isto
885 3383 1011 3414 saeculo
1028 3394 1046 3414 a
1062 3381 1225 3415 nonnullis
1242 3384 1284 3415 fa-

220 3439 234 3454 >›
258 3433 344 3457 ctum
368 3434 413 3458 est
432 3439 459 3457 ι.
485 3427 519 3457 111
545 3427 679 3458 dubium
702 3437 814 3458 vocare
840 3427 1046 3465 Continuam,
1060 3429 1157 3469 quod
1179 3428 1285 3460 inscri-

218 3470 311 3507 bitur,
339 3470 428 3510 Opus
452 3472 484 3501 in
514 3477 653 3512 quatuor
678 3471 871 3512 Evangelia,
887 3471 1009 3512 primus
1033 3479 1064 3503 et
1087 3473 1175 3503 solus
1189 3483 1286 3504 ausus

218 3521 264 3544 est
287 3514 395 3544 Petrus
419 3515 457 3545 de
478 3515 566 3546 Alva.
583 3516 708 3546 Veteres
734 3523 842 3546 contra
858 3515 965 3556 ipsum
981 3516 1118 3557 opponit
1137 3517 1286 3558 synchro-

219 3566 278 3587 nos
308 3565 338 3588 et
375 3568 525 3599 suppares
562 3559 800 3599 probatissimos
837 3567 929 3591 testes
960 3560 1106 3592 laudatus
1139 3561 1287 3593 Oudinus

221 3600 320 3640 capite
335 3609 412 3632 xv11:
427 3610 498 3633 tum
512 3613 587 3634 vero
601 3613 691 3641 sane,
707 3603 827 3644 inquit,
847 3605 902 3644 qui
916 3609 989 3644 post
1009 3609 1134 3643 tantas,
1159 3611 1289 3647 tamque

959 251 1420 289 DISSERTATIONES
1450 252 1699 290 CRITICAE

1341 331 1484 371 insignes
1507 332 1546 362 ob
1574 334 1793 384 antiquitatem
1819 337 2027 367 auctoritates
2050 338 2166 367 iterum
2195 338 2414 377 reluctantur,

1342 375 1392 405 vel
1407 376 1627 416 ambingunt..
1637 400 1645 408 .
1666 379 1688 408 ii
1704 388 1766 408 non
1781 379 1958 411 homines...
1975 386 2062 419 sunt,
2079 381 2135 411 sed
2151 383 2182 412 in
2194 383 2333 422 privatis
2347 384 2416 414 suis

1341 419 1539 458 opinionibus
1568 422 1742 453 insaniunt.

1407 463 1638 504 Theologicam
1661 475 1793 507 quoque
1817 467 1985 498 Summam
2007 469 2160 509 Aquinati
2184 469 2305 500 auferre
2329 470 2416 501 idem

1340 507 1451 537 Petrus
1484 508 1523 538 de
1555 509 1636 539 Alva
1669 518 1801 541 conatus
1834 519 1889 542 est.
1920 512 1982 542 Sed
2013 512 2137 544 irritum
2167 521 2319 545 conatum
2347 514 2415 545 eius

1340 551 1436 581 fuisse
1466 551 1584 584 iudicat
1607 553 1756 585 Oudinus
1781 556 1880 596 capite
1902 563 1972 586 xxv:
1996 557 2148 596 «Probat,
2173 559 2329 598 inquiens,
2348 558 2415 589 the-

1342 608 1356 622 »
1380 595 1440 625 sim
1463 606 1555 627 suam
1578 598 1801 629 modicissimis
1827 600 2030 639 coniecturis,
2055 601 2190 632 litterato
2213 602 2344 633 homine
2367 602 2414 632 111-

1342 651 1357 666 »
1379 639 1512 679 dignis..
1525 641 1630 672 Utitur
1644 650 1802 682 praeterea
1818 644 1967 685 negativis
1978 645 2170 685 argumentis
2186 646 2264 676 nihil
2279 647 2413 677 omnino

1343 695 1356 709 »
1381 684 1663 724 concludentibus,
1679 687 1819 728 itemque
1838 698 1914 719 mss.
1938 689 2098 720 codicibus
2123 690 2303 731 anonymis,
2330 701 2414 731 quos

1343 740 1357 754 »
1381 738 1492 758 omnes
1516 731 1691 770 originalia
1715 732 1854 762 novitius
1883 733 2021 783 appellat
2044 743 2177 773 semper.
2209 734 2332 765 Vidisse
2361 745 2414 765 me

1342 783 1356 798 »
1379 771 1545 803 hominem
1568 774 1675 805 recolo
1700 775 1789 814 olim,
1813 777 1893 806 dum
1915 776 2022 807 iunior
2044 787 2164 816 essem,
2183 778 2283 808 varias
2308 779 2413 818 perlu-

1343 828 1357 843 >
1380 822 1531 847 strantem
1554 817 1774 858 bibliothecas,
1798 820 1854 850 sed
1877 820 2094 852 festinanter..
2104 822 2231 853 ‚Unde
2254 822 2332 853 nihil
2354 823 2414 853 mi-

1343 872 1357 887 »
1380 870 1464 898 rum,
1475 861 1564 900 quod
1579 868 1644 892 tam
1660 862 1820 893 modicam
1836 874 1873 894 ex
1888 871 1936 894 tot
1945 864 2046 894 locis
2037 866 2185 905 inspectis
2202 866 2414 897 eruditionem

1342 916 1356 931 ν
1379 904 1527 935 hauserit.
1544 906 1641 936 Hunc
1656 906 1762 937 virum
1787 908 1908 947 egregie
1933 908 2093 939 dedolavit
2118 909 2303 940 Franciscus
2327 911 2412 941 lans—

1343 961 1357 976 »
1381 958 1451 978 sens
1469 956 1527 980 etc.
1545 961 1559 976 »
1587 950 1622 980 In
1647 951 1793 981 eamdem
1814 951 1910 982 iverat
1935 952 2155 992 opinationem
2182 954 2315 984 loannes
2331 955 2414 985 Lau-

1340 993 1445 1032 noius,
1461 993 1544 1024 Petri
1567 994 1695 1034 Rogerii
1719 1005 1774 1025 seu
1799 995 1972 1027 Clementis
1992 996 2034 1027 VI
2059 997 2194 1035 silentio,
2212 1004 2248 1028 ut
2271 999 2413 1037 putabat,

1339 1037 1476 1068 innixus.
1493 1040 1535 1068 At
1550 1039 1730 1079 caligantes
1747 1040 1880 1070 Ioannis
1900 1041 2039 1070 Launoii
2062 1042 2147 1072 oculi
2164 1039 2300 1083 (Oudini
2318 1043 2414 1074 verba

1341 1089 1415 1113 sunt
1437 1082 1510 1113 loco
1535 1081 1644 1124 citato)
1668 1083 1825 1114 dederunt
1843 1085 2040 1115 occasionem
2064 1085 2246 1116 doctissimo
2268 1087 2337 1117 seni
2355 1086 2414 1117 du-

1340 1126 1471 1164 bitandi,
1495 1126 1571 1157 dum
1605 1128 1689 1158 male
1720 1128 1798 1168 legit
1825 1129 1910 1159 hunc
1933 1138 1991 1159 ms.
2008 1129 2146 1160 codicem
2166 1130 2339 1161 Clementis
2361 1131 2413 1161 VI.

1341 1171 1503 1201 Hactenus
1526 1170 1578 1201 ille
1601 1171 1634 1201 in
1658 1171 1796 1202 editione
1828 1172 1983 1212 Lipsiensi
2016 1183 2101 1204 anno
2138 1183 2219 1215 1722
2249 1182 2413 1213 accurata,

1341 1225 1440 1255 quam
1472 1225 1583 1245 censor
1606 1226 1787 1256 anonymus
1819 1217 1983 1247 consulere
2013 1218 2187 1256 debuisset,
2212 1225 2248 1250 ut
2272 1219 2412 1258 prudens

1342 1260 1572 1299 cordatumque
1603 1259 1758 1290 iudicium
1781 1261 1820 1291 de
1844 1261 1990 1301 Operum
2013 1261 2159 1292 Thomae
2184 1272 2319 1292 numero
2335 1262 2413 1293 ferre

1342 1311 1457 1343 posset.
1474 1303 1576 1344 Typis
1599 1304 1694 1334 etiam
1719 1306 1902 1344 prostabant
1929 1305 2154 1346 amplissimae,
2183 1316 2263 1347 quas
2293 1314 2413 1347 praete-

1341 1348 1401 1378 rire
1431 1358 1496 1378 non
1527 1348 1650 1386 licebat,
1675 1348 1827 1380 vindiciae
1857 1350 1896 1380 ab
1927 1350 2042 1380 Iacobo
2068 1350 2214 1381 Echardo
2244 1350 2414 1382 adornatae

1342 1401 1427 1422 anno
1453 1392 1558 1433 1708
1550 1402 1583 1422 111
1598 1402 1705 1432 opere,
1717 1393 1828 1433 quod
1820 1393 1986 1434 inscripsit,
2001 1396 2104 1425 sancti
2125 1395 2265 1425 Thomae
2280 1395 2416 1426 Summa

1341 1446 1400 1466 suo
1431 1437 1556 1467 auctori
1586 1437 1761 1474 vindicata,
1787 1444 1817 1468 et
1844 1448 1929 1468 anno
1954 1449 2036 1479 ¹7¹9
2065 1445 2156 1469 tomo
2181 1439 2192 1469 1
2215 1439 2416 1490 Scriptorum

1343 1479 1471 1511 Ordinis
1495 1480 1761 1512 Praedicatorum.
1778 1482 1866 1512 Haec
1890 1492 1966 1512 vero
1992 1493 2068 1513 cum
2090 1483 2284 1523 praeterierit
2309 1483 2419 1515 omnia

1344 1533 1465 1562 censor,
1489 1524 1583 1564 aequi
1611 1524 1748 1555 censoris
1777 1525 1883 1556 officio
1913 1526 2045 1557 minime
2076 1527 2235 1558 satisfecit.

1410 1567 1516 1598 Dubia
1545 1568 1674 1599 tandem
1699 1576 1730 1599 et
1754 1569 1961 1610 suspiciones,
1994 1571 2111 1611 quibus
2135 1572 2275 1602 illustris
2301 1572 2419 1604 Mabil-

1344 1613 1449 1643 lonius
1481 1613 1664 1651 tenebatur,
1692 1623 1730 1643 ex
1757 1613 1895 1644 aliorum
1925 1614 2019 1646 refert
2051 1615 2173 1646 auditu.
2205 1615 2274 1646 lmo
2305 1615 2419 1647 fabella

1343 1663 1390 1687 est
1427 1656 1460 1686 in
1497 1656 1655 1687 eiusmodi
1691 1657 1887 1698 suspiciones
1919 1668 1955 1689 ac
1982 1658 2078 1689 dubia
2105 1659 2242 1690 incidere
2276 1660 2419 1692 doctissi-

1342 1710 1436 1731 mum
1465 1708 1602 1732 ascetam
1626 1701 1868 1733 Benedictinum
1892 1702 2054 1743 potuisse,
2078 1703 2135 1744 qui
2161 1713 2236 1734 cum
2262 1704 2416 1744 plun‘mns

1343 1745 1547 1776 bibliothecas
1577 1745 1753 1777 lustraverit
1790 1746 2041 1787 innumerosque
2080 1747 2231 1779 evolverit
2269 1748 2414 1788 codices,

1343 1799 1437 1820 nosse
1467 1789 1573 1830 potuit
1609 1790 1781 1831 debuitque
1818 1791 2016 1832 synchronos
2047 1791 2154 1832 plures
2195 1802 2231 1823 ac
2263 1803 2414 1834 suppares

1342 1834 1476 1864 idoneos
1507 1841 1600 1865 testes
1616 1857 1624 1872 ,
1656 1834 1810 1875 integram
1840 1836 2019 1876 theologiae
2056 1836 2224 1867 Summam
2260 1837 2416 1878 Aquinati

1342 1878 1532 1915 tribuentes,
1555 1879 1781 1910 Ptolomaeum
1804 1879 1843 1909 de
1872 1880 1970 1918 Luca,
2001 1880 2284 1911 Bartholomaeum
2307 1882 2415 1922 Logo-

1342 1922 1472 1961 thetam,
1487 1922 1658 1953 Nicolaum
1686 1923 1863 1961 Trivetum‚
1881 1924 2091 1955 Guillelmum
2114 1925 2153 1955 de
2180 1925 2303 1964 Tocco,
2319 1925 2414 1957 Nico-

1343 1967 1471 1997 colaum
1501 1967 1541 1997 de
1564 1967 1716 1998 Freavilla
1739 1978 1758 1998 a
1781 1967 2034 1999 confessionibus
2053 1968 2191 2010 Philippi
2217 1969 2415 2000 Francorum

1342 2010 1454 2051 Regis,
1485 2011 1638 2042 Ioannem
1669 2012 1708 2042 de
1735 2011 1908 2052 Friburgo,
1937 2012 2135 2043 Bernardum
2166 2013 2335 2052 Guidonis,
2350 2013 2414 2046 Ga-

1341 2055 1463 2085 lienum
1489 2055 1528 2086 de
1553 2055 1646 2094 Orto,
1671 2055 1883 2087 Guillelmum
1904 2057 2160 2096 Lammaraeum,
2186 2064 2331 2089 sanctum
2349 2059 2414 2090 Lu-

1342 2099 1493 2130 dovicum
1523 2099 1721 2140 Episcopum
1746 2101 1949 2131 Tolosanum
1977 2101 2120 2142 aliosque
2151 2101 2278 2142 plures,
2301 2112 2416 2134 conso-

1341 2144 1427 2174 dales
1444 2143 1675 2175 Dominicanos
1690 2144 1826 2185 aliquos,
1843 2151 1965 2176 exteros
1989 2145 2080 2184 alios,
2100 2145 2247 2176 Thomae
2262 2146 2416 2187 Aquitani

1341 2188 1483 2219 addictos
1517 2188 1624 2228 plures
1661 2189 1832 2229 pluresque
1866 2189 2031 2220 infensos:
2069 2189 2242 2230 ipsumque
2277 2190 2415 2232 denique

1340 2232 1471 2263 Petrum
1487 2232 1662 2272 Rogerium
1685 2243 1740 2264 seu
1763 2233 1963 2265 Clementem
1979 2234 2128 2265 Sextum:
2144 2244 2285 2275 quorum
2305 2234 2416 2276 utique

1340 2276 1518 2307 auctoritati
1552 2277 1695 2308 reluctari
1727 2277 1805 2318 quid
1828 2277 1915 2308 aliud
1945 2277 2048 2317 fuerit,
2079 2278 2139 2310 nisi
2168 2277 2327 2310 insanire?
2346 2279 2414 2311 Nos

1341 2320 1436 2352 etiam
1464 2321 1562 2351 hocce
1594 2321 1633 2352 de
1657 2329 1845 2362 argumento
1877 2322 2034 2353 uberrime
2064 2323 2187 2363 egimus
2217 2323 2414 2355 Dissertatio-

1341 2374 1381 2396 ne
1399 2365 1471 2396 Xlll
1501 2372 1532 2396 et
1560 2375 1647 2406 seqq.

1358 2417 1360 2419 ’
1409 2409 1543 2440 Laudati
1577 2410 1700 2440 Nicolai
1734 2410 1854 2441 Triveti
1892 2410 2112 2442 testimonium
2150 2420 2187 2442 ac
2217 2412 2324 2443 Lucae
2351 2413 2415 2444 Dn-

1341 2453 1436 2484 cherii
1466 2453 1717 2493 animadversio,
1749 2454 1806 2495 qui
1837 2454 2012 2486 chronicon
2044 2455 2112 2487 eius
2143 2456 2277 2496 protulit
2306 2455 2341 2488 in
2364 2456 2414 2487 lu-

1342 2507 1422 2536 cem,
1452 2498 1602 2538 peculiari
1630 2498 1726 2538 digna
1755 2506 1830 2530 sunt
1857 2499 2139 2531 animadversione.
2156 2500 2303 2541 Operum
2325 2501 2414 2532 Tho-

1342 2552 1413 2572 mae
1444 2542 1614 2573 elenchum
1648 2543 1797 2574 Trivetus
1816 2543 1891 2575 texit
1920 2544 1961 2575 ad
1988 2554 2110 2576 annum
2135 2553 2228 2586 1274.
2248 2544 2355 2585 Opera
2370 2545 2416 2576 di-

1342 2586 1473 2626 stinguit
1501 2587 1633 2627 proprio
1665 2588 1749 2628 stylo
1779 2588 1947 2628 Aquinatis
1963 2588 2156 2628 elucubrata,
2173 2599 2255 2629 quae
2279 2589 2417 2630 plurima

1342 2637 1434 2662 sunt:
1453 2637 1484 2661 et
1506 2631 1567 2661 alia
1595 2639 1735 2663 recenset
1767 2641 1887 2672 pauca,
1919 2642 2002 2672 quae
2032 2634 2259 2671 inveniuntur,
2290 2640 2326 2664 ut
2352 2633 2415 2672 ait,

1341 2674 1402 2714 ipsi
1432 2675 1607 2712 attributa,
1636 2685 1718 2716 quae
1747 2681 1854 2706 tamen
1886 2677 1954 2716 ipse
1981 2686 2044 2707 non
2078 2678 2226 2716 scripsit,
2256 2677 2313 2708 sed
2340 2682 2416 2717 post

1341 2728 1414 2748 eum
1455 2719 1611 2759 legentem
1648 2721 1698 2750 vel
1721 2719 1962 2759 praedicantem
1995 2721 2036 2750 ab
2064 2721 2138 2751 aliis
2167 2725 2243 2751 sunt
2271 2721 2414 2752 collecta.

1342 2762 1486 2793 Dacherii
1515 2762 1643 2802 postilla
1658 2773 1674 2793 e
1691 2763 1819 2803 regione
1849 2763 1963 2803 legitur
1986 2764 2019 2794 in
2036 2764 2194 2804 margine:
2222 2764 2255 2795 S.
2275 2765 2415 2796 Tkomae

1345 2806 1452 2847 Opera
1482 2806 1575 2848 falso
1608 2807 1772 2838 attributa.
1801 2807 1855 2838 Ait
1884 2807 1979 2838 etiam
2011 2808 2213 2839 doctissimus
2243 2809 2345 2840 editor
2380 2809 2413 2840 in

1341 2850 1486 2882 Monito:
1507 2850 1687 2882 Emunctae
1717 2852 1806 2882 naris
1826 2850 1935 2893 fuisse
1963 2853 2125 2883 Divetum
2143 2862 2182 2884 ac
2209 2852 2316 2884 studio
2333 2862 2413 2894 par-

1340 2895 1419 2925 tium
1446 2895 1575 2926 minime
1598 2895 1759 2926 addictum
1783 2905 1958 2937 germanos
1971 2906 1992 2927 a
2006 2897 2125 2937 spuriis
2149 2897 2288 2928 Thomae
2298 2896 2414 2939 foetus

1340 2939 1505 2969 distinctos
1529 2939 1731 2971 recensuisse.
1761 2940 1850 2971 Num
1873 2940 1951 2971 haec
1978 2940 2122 2971 Dacherii
2145 2941 2239 2972 verba
2263 2951 2299 2972 ac
2327 2941 2412 2972 simi-

1339 2983 1382 3013 lia
1397 2982 1534 3014 aliorum
1559 2983 1750 3024 scriptorum
1767 2984 1848 3015 dicta
1872 2984 2042 3016 adludebat
2060 2984 2184 3016 criticus
2200 2995 2332 3024 censor,
2355 2985 2413 3027 qui

1341 3027 1485 3067 Operum
1507 3027 1655 3058 Thomae
1685 3038 1857 3059 numerum
1886 3029 1925 3059 ad
1949 3036 2071 3070 partem
2094 3030 2150 3060 vix
2176 3029 2333 3061 decimam
2353 3029 2412 3061 im-

1339 3069 1522 3102 minuebat?
1541 3071 1641 3112 Atqui
1656 3072 1847 3113 paucissima
1862 3073 2004 3114 primum
2018 3080 2092 3104 sunt
2108 3073 2215 3114 Opera
2229 3073 2261 3104 id
2278 3083 2379 3115 genus
2393 3083 2413 3104 a

1339 3115 1470 3146 Triveto
1494 3123 1620 3147 notata·
1646 3116 1772 3155 scilicet,
1783 3117 1922 3148 Lectura
1938 3127 2038 3158 super
2045 3118 2224 3158 Epistolam
2239 3118 2283 3149 ad
2299 3117 2413 3149 Coran-

1338 3160 1420 3191 thios
1446 3160 1487 3190 ab
1516 3161 1683 3191 undecimo
1698 3161 1838 3201 capitulo
1854 3171 1953 3202 usque
1980 3162 2023 3193 ad
2039 3162 2164 3203 finem,
2189 3167 2220 3193 et
2246 3162 2412 3203 Expositio

1337 3213 1436 3244 super
1459 3205 1604 3245 primum
1629 3205 1680 3235 De
1707 3206 1850 3236 anima...
1874 3213 1904 3236 et
1923 3206 2062 3247 Lectura
2084 3215 2183 3247 super
2205 3206 2358 3238 Ioannem
2381 3211 2412 3239 et

1337 3258 1436 3288 super
1461 3249 1590 3279 tertium
1621 3249 1824 3280 Nocturnum
1853 3251 2020 3281 Psalterii:
2046 3250 2240 3282 Collationes
2257 3251 2296 3282 de
2328 3249 2412 3282 Ora-

1337 3293 1422 3323 tione
1447 3291 1617 3324 Dominica
1646 3298 1677 3324 et
1703 3293 1869 3334 Symbola,
1885 3295 1958 3325 item
1983 3294 2177 3326 Collationes
2207 3294 2413 3326 dominicales

1338 3341 1368 3367 et
1383 3336 1536 3378 festivae,
1552 3338 1624 3368 item
1643 3337 1838 3369 Collationes
1860 3338 1899 3369 de
1912 3338 2018 3370 decem
2029 3340 2242 3379 praeceptis...
2258 3338 2338 3370 Item
2353 3338 2411 3369 Le-

1339 3385 1432 3412 ctura
1453 3390 1552 3422 super
1575 3382 1787 3413 Matthaeum.
1815 3383 1925 3424 Longe
1952 3383 2044 3424 plura
2073 3389 2243 3424 supersunt
2265 3391 2301 3413 ac
2324 3391 2412 3422 prae-

1340 3425 1501 3463 stantiora,
1526 3435 1608 3466 quae
1635 3425 1830 3467 Aquinatem
1863 3427 1980 3458 habent
2007 3426 2208 3458 verissimum
2238 3432 2410 3467 parentem.

1340 3470 1454 3510 Neque
1479 3477 1586 3500 tamen
1610 3469 1780 3501 indubium
1803 3477 1850 3502 est
1873 3470 1992 3502 Triveti
2015 3470 2253 3508 testimonium3
2269 3479 2344 3500 cum
2360 3469 2412 3500 alii

1341 3513 1484 3544 eiusdem
1515 3513 1582 3544 aevi
1612 3514 1835 3545 accuratissimi
1861 3515 2124 3554 nomenclatores,
2149 3523 2290 3555 quorum
2317 3514 2412 3545 verba

1342 3557 1414 3588 alibi
1444 3558 1597 3599 descripta
1622 3565 1706 3598 sunt,
1722 3558 1802 3590 inter
1832 3559 1938 3600 Opera
1962 3570 1981 3590 a
2006 3558 2136 3590 Tn'veto
2160 3563 2268 3589 notata
2297 3564 2410 3589 testan-

1342 3609 1394 3633 tur
1416 3612 1482 3632 non
1507 3612 1608 3643 pauca
1639 3612 1676 3634 ex
1700 3603 1831 3644 proprio
1863 3603 2010 3634 Thomae
2033 3602 2155 3634 calamo
2180 3608 2211 3633 et
2234 3601 2317 3643 stylo
2337 3612 2410 3642 pro-
