2788 4204
70 367 78 377 ¹
92 372 122 387 An
132 372 182 388 om.
191 365 287 392 utprio-

72 393 145 414 ribus.

71 633 81 642 '
96 638 110 653 o
119 640 124 654 t
140 631 224 659 igitur.

319 230 393 266 306

315 310 354 347 in
383 310 496 346 rebus
529 309 768 346 inferioribus
803 309 1011 345 inventam.
1047 309 1097 344 Et
1124 315 1213 344 tunc
1241 307 1385 343 utimur

313 362 587 412 posterioribus
601 371 642 399 ut
655 362 845 411 prioribus
858 363 878 383 ‘³‘
891 362 939 398 ad
956 372 1087 397 earum
1110 360 1382 407 cognitionem;

316 416 404 465 quia
439 428 535 464 quae
571 424 657 452 sunt
692 415 905 464 posteriora
943 413 1156 450 secundum
1186 420 1381 459 naturam,

315 477 402 506 sunt
429 469 556 517 priora
594 476 629 505 et
665 468 814 504 notiora
843 466 973 516 quoad
1001 479 1084 502 nos.
1115 467 1164 502 Et
1201 466 1254 502 sic
1281 473 1384 514 patet

315 522 420 571 quod
447 521 519 568 illa,
542 522 587 558 de
608 521 746 570 quibus
765 521 926 556 habetur
945 519 1099 555 scientia
1121 531 1192 567 per
1212 531 1256 554 ea
1284 531 1382 567 quae

314 583 400 612 sunt
418 574 544 623 priora
564 573 792 622 simpliciter,
819 579 907 609 sunt
937 571 1149 620 composita
1170 572 1382 608 secundum

314 641 354 666 se
379 640 423 664 ex
443 627 630 675 aliquibus
648 625 850 675 prioribus.
883 625 1149 673 Quaecunque
1174 637 1268 661 vero
1284 625 1304 645 '¹‘
1320 637 1382 661 co-

312 687 548 738 gnoscuntur.
570 692 640 739 per
657 678 882 738 posteriora,
910 690 1008 727 quae
1029 685 1116 715 sunt
1134 677 1258 726 prima
1288 690 1381 726 quo-

312 735 360 771 ad
381 746 462 779 nOS,
484 733 551 769 etsi
571 733 608 769 in
633 731 764 781 seipsis
785 731 858 768 sint
877 731 1073 790 simplicia,
1095 730 1308 767 secundum
1329 739 1381 768 ta—

70 799 172 821 codd
187 810 201 814 -
219 805 244 820 νε
268 804 283 819 a
311 799 400 824 men
417 785 544 833 quod
535 798 573 822 in
593 786 759 822 nostra*
779 784 995 843 cognitione
1012 783 1258 832 accipiuntur,
1277 797 1381 821 com-

70 828 163 848 nostra.

308 846 503 888 ponuntur
533 851 577 875 ex
606 838 793 887 aliquibus
822 837 956 886 primis
986 837 1114 896 quoad
1143 849 1226 873 nos.

363 905 398 940 9.
430 891 647 929 Secundam
678 891 939 928 conditionem
958 890 1066 939 ponit
1091 902 1179 926 curn
1202 890 1304 928 dicit:
1334 893 1385 928 Et

242 936 246 940 ⁴
302 951 430 994 partes
458 951 526 982 aut
543 945 739 993 passiones
758 957 890 981 eorum
913 950 1002 981 sunt
1020 956 1094 992 per
1119 955 1178 984 se:
1204 944 1271 980 ubi
1292 957 1382 981 con-

68 1170 77 1178 '
90 1168 159 1190 Num.
176 1174 251 1196 praec.

157 1752 174 1777 λ

62 1809 73 1819 ⁸
82 1808 128 1829 Per
140 1814 167 1828 se
182 1813 228 1828 non
239 1813 275 1828 re-

62 1839 97 1856 cte
108 1841 156 1856 om.
167 1839 289 1859 ueneno-r

61 1865 83 1883 et
98 1867 121 1888 p.
132 1867 164 1882 m.
177 1867 195 1882 5.

61 1967 71 1978 ⁸
88 1966 124 1988 Cf.
140 1967 191 1988 lect.
207 1972 239 1987 xi.

61 2022 71 2031 ‘¹
86 2028 100 2042 L
114 2027 162 2042 om.
172 2021 250 2042 aeris.

162 2077 180 2102 μ

64 2235 75 2246 ⁸
89 2235 133 2256 Pro
150 2234 202 2255 cod.
218 2240 231 2255 o
246 2234 276 2255 cf.

62 2266 271 2292 leet.xxxv1‚not.n.

64 2873 75 2883 ⁸
90 2873 161 2894 Num.
177 2878 206 2900 ¹3-

65 2899 174 2921 “Codd.-
182 2906 201 2920 r:
209 2905 277 2926 ergo.

63 2930 75 2941 ⁸
89 2936 116 2951 o:
131 2929 257 2951 sciendum.

308 998 553 1035 siderandum
587 1005 644 1034 est
678 998 783 1046 quod
823 997 1038 1035 subiectum
1076 996 1232 1034 alicuius
1262 998 1380 1035 scien-

306 1051 378 1087 tiae
399 1051 568 1100 duplices
596 1058 722 1100 partes
750 1051 893 1088 habere
920 1059 1058 1100 potest,
1089 1050 1229 1087 scilicet
1255 1059 1381 1099 partes

307 1116 352 1140 ex
372 1104 510 1153 quibus
540 1104 786 1153 componitur
813 1104 908 1141 sicut
935 1117 981 1141 ex
1000 1104 1144 1152 primis,
1174 1112 1216 1141 ut
1236 1104 1380 1142 dictum

307 1165 362 1194 est
382 1159 413 1205 ²¹⁸,
435 1157 531 1194 idest
553 1158 635 1207 ipsa
653 1157 838 1206 principia
864 1157 1035 1204 subiecti,
1057 1166 1094 1195 et
1111 1166 1238 1207 partes
1257 1158 1381 1194 subie-

306 1210 434 1247 ctivas.
474 1211 523 1247 Et
551 1211 728 1260 quamvis
767 1211 813 1248 de
848 1210 1017 1260 utrisque
1056 1211 1227 1260 partibus
1261 1211 1382 1260 possit

305 1264 458 1312 intelligi
486 1265 591 1313 quod
623 1265 684 1301 hic
718 1264 872 1310 dicitur,
911 1271 1043 1301 tamen
1076 1264 1198 1312 magis
1230 1265 1383 1301 videtur

307 1330 387 1354 esse
418 1317 703 1365 intelligendum
733 1319 780 1355 de
808 1317 933 1366 primo
963 1329 1101 1365 genere
1130 1317 1307 1365 partium.
1338 1319 1381 1354 In

305 1370 472 1418 qualibet
507 1370 610 1407 enim
648 1370 803 1407 scientia
838 1377 925 1407 sunt
963 1370 1155 1418 quaedam
1193 1370 1380 1418 principia

306 1424 475 1470 subiecti,
506 1424 552 1460 de
582 1423 720 1472 quibus
750 1430 805 1460 est
828 1423 953 1471 prima
983 1422 1257 1468 consideratio;
1286 1423 1381 1459 sicut

306 1476 345 1513 in
373 1477 529 1513 scientia
562 1476 720 1513 naturali
755 1477 802 1513 de
838 1476 998 1512 materia
1033 1482 1068 1511 et
1102 1476 1246 1522 forma,
1277 1483 1314 1512 et
1341 1476 1380 1513 in

305 1529 551 1577 grammatica
567 1530 613 1566 de
629 1529 751 1566 literis.
765 1530 833 1566 Est
857 1528 970 1565 etiam
985 1529 1023 1565 in
1040 1528 1208 1577 qualibet
1224 1528 1380 1566 scientia

306 1582 447 1631 aliquid
466 1582 654 1628 ultimum,
685 1582 733 1619 ad
753 1583 859 1631 quod
877 1581 1100 1619 terminatur
1124 1582 1377 1619 consideratio

305 1635 494 1682 scientiae,
514 1642 555 1671 ut
574 1635 713 1671 scilicet
731 1636 930 1684 passiones
951 1634 1110 1672 subiecti
1134 1635 1379 1672 manifesten-

304 1695 375 1725 tur.
394 1689 470 1725 Sed
494 1696 698 1747 utrumque
718 1689 878 1736 horum,
907 1689 1046 1726 scilicet
1066 1695 1102 1724 et
1120 1688 1268 1737 primae
1293 1700 1378 1737 par-

304 1739 393 1778 tes
413 1749 447 1778 et
465 1741 674 1790 passiones,
690 1750 851 1790 possunt
870 1742 981 1779 alicui
1010 1741 1184 1815 attribui*
1191 1748 1227 1778 et
1244 1754 1314 1790 per
1338 1755 1378 1779 se

306 1801 340 1831 et
355 1807 434 1831 non
449 1807 518 1855 per
532 1807 583 1831 se.
605 1795 710 1831 Nam
726 1807 770 1832 ea
791 1808 890 1844 quae
911 1801 998 1832 sunt
1017 1806 1087 1842 per
1113 1806 1153 1831 se
1163 1794 1379 1855 *principia

306 1855 340 1884 et
359 1849 557 1908 passiones
585 1848 768 1896 trianguli,
805 1861 885 1886 non
917 1855 1004 1885 sunt
1022 1859 1091 1896 per
1124 1860 1164 1884 se
1193 1847 1379 1898 principia

306 1907 341 1937 et
369 1902 567 1950 passiones
595 1901 781 1949 isoscelis,
812 1902 850 1939 in
875 1909 1063 1951 quantum
1092 1900 1271 1938 isosceles
1301 1909 1375 1949 est,

305 1955 395 1992 sed
387 1967 426 1991 in
441 1962 627 2004 quantum
646 1954 854 2003 triangulus
871 1956 902 1992 *.
920 1955 1005 1992 Nec
1022 1954 1135 1991 etiam
1151 1961 1239 1990 sunt
1253 1966 1323 2003 per
1339 1968 1379 1992 se

303 2008 488 2057 principia
509 2015 545 2045 et
563 2008 762 2057 passiones
778 2009 873 2046 aeris
890 2010 909 2030 ²²²
931 2015 966 2045 et
985 2008 1072 2055 albi,
1090 2007 1268 2058 quamvis
1289 2021 1380 2045 con-

305 2061 422 2109 tingat
450 2061 605 2111 aliquod
625 2074 690 2098 aes
722 2062 954 2110 triangulum
969 2068 987 2089 l*
1011 2074 1108 2109 esse,
1142 2062 1204 2098 vel
1225 2061 1380 2110 aliquod

304 2115 446 2152 album.
477 2115 589 2152 Unde
618 2114 648 2151 si
677 2127 753 2163 qua
781 2115 938 2152 scientia
964 2122 1073 2161 esset,
1094 2127 1193 2164 quae
1215 2126 1261 2151 ex
1278 2115 1379 2163 prin-

305 2168 410 2217 cipiis
443 2167 615 2216 trianguli
653 2168 911 2205 manifestaret
950 2168 1150 2217 passiones
1185 2167 1378 2216 trianguli,

303 2221 525 2259 huiusmodi
545 2221 722 2258 scientiae
748 2222 962 2259 subiectum
978 2222 998 2242 *
1019 2234 1101 2259 non
1123 2228 1221 2258 esset
1240 2221 1379 2259 isosce-

303 2276 377 2322 les,
413 2287 538 2324 neque
567 2276 697 2312 album
728 2282 791 2311 aut
820 2288 904 2323 aes,
927 2276 995 2312 sed
1022 2275 1251 2322 triangulus3
1275 2275 1380 2312 cuius

305 2328 419 2366 etiam
452 2341 521 2377 per
555 2341 595 2365 se
630 2328 859 2365 subiectivae
898 2335 1024 2377 partes
1058 2335 1145 2366 sunt
1178 2327 1380 2376 isosceles,

304 2382 553 2430 aequilaterus
587 2388 622 2418 et
655 2382 840 2429 gradatus.
876 2382 952 2419 Sed
984 2393 1055 2430 pro
1083 2388 1188 2419 tanto
1223 2380 1302 2419 dixi
1331 2382 1379 2419 de

304 2435 362 2471 his
380 2435 550 2484 partibus
569 2435 630 2472 hic
650 2435 698 2472 ad
717 2447 898 2483 praesens
926 2447 1006 2472 non
1033 2434 1082 2472 ita
1103 2433 1381 2472 convenienter

304 2489 435 2537 accipi,
466 2488 556 2537 quia
583 2488 703 2536 magis
733 2488 904 2537 accipere
933 2500 1140 2537 possumus
1166 2489 1378 2526 documen-

303 2550 385 2579 tum
406 2541 565 2591 qualiter
584 2541 740 2578 scientia
760 2554 799 2578 se
820 2542 960 2578 habeat
985 2542 1033 2578 ad
1053 2541 1275 2578 huiusmodi
1294 2553 1379 2591 par-

303 2603 360 2632 tes
389 2594 638 2641 subiectivas,
674 2606 718 2631 ex
748 2607 793 2631 eo
823 2594 929 2644 quod
958 2607 997 2630 se
1027 2595 1142 2631 habet
1171 2594 1380 2644 aliqualiter

304 2648 354 2685 ad
382 2655 504 2685 totum
533 2660 668 2695 genus,
699 2660 815 2696 quam
846 2659 866 2684 e
896 2659 1096 2684 converso.

365 2714 420 2738 10.
442 2700 590 2738 Deinde
607 2713 695 2737 curn
716 2700 814 2738 dicit:
835 2701 966 2737 Altera
981 2706 1107 2737 autem
1122 2700 1277 2737 scientia
1293 2707 1376 2747 etc.,

305 2754 469 2792 ostendit
496 2754 682 2791 rationem
704 2753 928 2791 diversitatis
948 2753 1204 2791 scientiarum.
1235 2754 1284 2790 Et
1302 2752 1376 2801 pri.-

304 2821 383 2855 mo,
396 2808 502 2857 ponit
515 2809 614 2845 hanc
629 2807 832 2853 rationem;
850 2807 1032 2854 secundo,
1041 2807 1257 2844 manifestat
1272 2818 1375 2851 eam;

304 2861 373 2898 ibi:
402 2862 636 2899 Huiusmodi
653 2867 777 2898 autem
797 2860 986 2911 signum*
1007 2867 1075 2898 etc.
1098 2861 1167 2897 Est
1187 2867 1316 2897 autem
1336 2859 1377 2880 **

306 2914 625 2952 considerandum
645 2916 665 2935 ⁴⁸
695 2914 793 2951 circa
820 2913 1002 2963 primum,
1029 2914 1134 2974 quod
1155 2925 1244 2950 cum
1264 2912 1375 2950 ratio-

305 2980 394 3005 nem
414 2967 565 3005 unitatis
585 2967 762 3005 scientiae
791 2967 979 3016 acceperit
1000 2979 1046 3004 ex
1065 2967 1207 3004 unitate
1228 2965 1375 3014 generis

305 3131 325 3147 s.
341 3131 375 3147 m.
389 3127 417 3147 ut
436 3122 493 3147 cod.
507 3122 546 3153 M;
565 3121 588 3146 T
607 3129 632 3154 p.
652 3129 700 3146 m.:
718 3129 752 3146 an
765 3121 825 3154 suit
843 3121 946 3154 aliquid
965 3128 1016 3146 non
1037 3124 1099 3146 sunt
1118 3124 1144 3146 et
1161 3120 1264 3154 aliquid
1282 3127 1374 3146 secun-

305 3159 367 3183 dum
387 3163 448 3188 etc.;
468 3165 490 3182 s.
510 3165 557 3181 m.:
577 3164 612 3181 an
625 3157 684 3190 fuit
702 3157 805 3189 aliquid
823 3157 966 3182 secundum
986 3161 1033 3181 etc.

357 3192 384 3228 λ)
406 3193 512 3218 Scilicet
536 3195 562 3217 et
580 3192 687 3224 primae
710 3195 813 3224 partes.
826 3206 845 3210 -
861 3192 961 3222 Codd.‚
981 3199 1033 3217 exc.
1063 3192 1102 3222 Ο,
1121 3191 1217 3216 habent
1244 3190 1310 3216 hanc
1337 3191 1373 3215 le-

305 3229 421 3258 ctionem,
443 3236 523 3261 quarn
542 3228 695 3260 adoptamus
711 3228 769 3252 loco
786 3228 820 3252 P:
839 3227 938 3252 scilicet
951 3230 977 3252 et
991 3227 1181 3259 proprietates.
1202 3227 1374 3259 Proprietates

305 3265 373 3289 enim
389 3269 449 3288 sunt
462 3263 602 3295 passiones
617 3263 698 3296 ipsius
717 3262 824 3288 subiecti
830 3271 837 3294 ;
857 3263 927 3288 unde
941 3263 981 3287 bis
996 3263 1065 3287 idem
1084 3262 1157 3294 ponit
1170 3262 1257 3287 Pinna.
1276 3262 1375 3287 Deinde

306 3307 382 3332 supra
401 3300 496 3324 mentio
515 3299 580 3323 sacta
598 3304 638 3323 est
656 3299 688 3324 de
707 3298 822 3331 partibus
842 3306 872 3323 ex
891 3298 986 3331 quibus
1005 3298 1151 3323 subiectum
1165 3298 1273 3322 alicuius
1292 3297 1375 3322 scien-

306 3335 354 3359 tiae
373 3335 536 3367 componitur
554 3335 619 3359 sicut
639 3342 670 3359 ex
688 3334 791 3367 primis,
812 3338 838 3358 et
856 3333 889 3358 de
907 3333 1072 3366 passionibus
1092 3333 1213 3363 subiecti3
1233 3340 1296 3366 ergo
1315 3340 1375 3358 cum

307 3371 395 3394 dicitur
419 3373 571 3402 utrumque,
598 3375 683 3402 partes
709 3374 734 3394 et
758 3369 893 3402 passiones
918 3369 1085 3402 designantur
1110 3368 1164 3401 (Cf.
1185 3368 1296 3393 Caietan.
1316 3368 1342 3392 in
1365 3367 1375 3393 1

307 3406 416 3435 Foster„
432 3406 494 3437 Cap.
508 3413 566 3435 xxu,
580 3405 595 3438 g
613 3405 691 3430 Circa
711 3405 783 3429 illam
796 3405 961 3436 particulam
975 3404 1108 3430 secundae
1121 3404 1298 3429 conclusionis
1312 3408 1359 3428 etc.
1368 3421 1375 3434 ‚

307 3440 350 3465 fol.
370 3439 416 3473 69,
436 3441 484 3465 col.
506 3439 622 3473 3.)-0:
641 3443 667 3465 et
681 3441 810 3472 propriae
825 3443 927 3471 partes.

361 3476 388 3509 μ)
408 3476 523 3508 Aliquod
537 3483 581 3500 aes
601 3476 765 3508 triangulum
780 3476 904 3500 etc.-A:
923 3475 1032 3507 aliquod
1051 3481 1106 3500 esse
1126 3475 1334 3507 triangulatum,
1351 3478 1376 3499 et

309 3518 416 3543 expung.
432 3512 471 3535 uel
489 3511 598 3543 aliquod
611 3511 714 3538 album.-
728 3511 800 3535 cuius
814 3511 872 3535 loco
886 3510 994 3543 margini
1009 3510 1111 3535 additur
1120 3529 1127 3541 ,
1140 3517 1196 3535 esse
1208 3517 1271 3535 aere
1289 3510 1329 3534 vel
1342 3511 1375 3534 a·

309 3545 426 3577 (album'e
441 3545 563 3579 aliumm
582 3547 616 3570 B:
630 3546 739 3578 aliquod
752 3553 797 3570 aes
816 3553 871 3571 esse
886 3546 1063 3578 triangulum,
1079 3546 1120 3570 vel
1133 3545 1238 3578 (πω-3.,
1251 3544 1375 3578 aliquod)

308 3580 411 3609 album;
425 3580 523 3605 CEST:
534 3581 565 3613 (C
576 3581 633 3606 add.
647 3581 708 3614 aes)
721 3581 830 3613 aliquod
844 3587 898 3606 esse
911 3581 1077 3613 triangulum
1085 3587 1094 3610 ,·
1108 3580 1142 3605 D:
1158 3580 1268 3613 aliquod
1277 3580 1375 3613 (marg.

900 229 1284 266 POSTERIORUM
1312 227 1744 265 ANALYTICORUM
1773 229 1866 265 LIB.
1899 231 1925 266 I.

1439 306 1609 353 subiecti,
1631 306 1817 344 rationem
1843 307 2067 344 diversitatis
2087 308 2330 347 scientiarum
2349 324 2429 349 non
2448 326 2508 350 ac-

1440 359 1528 407 cipit
1543 371 1588 396 ex
1604 359 1818 397 diversitate
1839 361 2008 408 subiecti,
2025 361 2093 398 sed
2114 373 2159 398 ex
2179 362 2393 402 diversitate
2407 366 2509 414 prin-

1440 412 1639 460 cipiorum.
1670 413 1770 449 Dicit
1790 413 1892 450 enim
1921 414 2027 473 quod
2046 426 2124 451 una
2143 415 2299 453 scientia
2318 425 2374 455 est
2392 419 2510 456 altera

1439 466 1487 502 ab
1517 465 1599 512 alia,
1630 477 1794 515 quarum
1821 466 2006 525 principia
2029 475 2117 504 sunt
2136 468 2304 516 diversa3
2335 470 2386 507 ita
2405 472 2510 520 quod

1438 530 1510 554 nec
1524 518 1727 555 ambarum
1747 519 1989 557 scientiarum
2005 520 2192 570 principia
2205 523 2417 571 procedant
2432 537 2478 561 ex
2488 526 2509 546 *

1438 571 1625 630 aliquibus
1652 572 1845 621 principiis
1873 572 2075 632 prioribus,
2096 586 2169 611 nec
2192 575 2378 625 principia
2395 578 2508 614 unius

1438 624 1615 661 scientiae
1642 625 1853 673 procedant
1882 638 1927 662 ex
1954 626 2147 676 principiis
2176 629 2371 666 alterius*
2381 630 2510 679 3quia

1438 677 1518 714 sive
1546 678 1798 726 procederent
1817 680 1837 698 ⁴*
1867 690 1913 714 ex
1933 679 2077 716 eisdem
2091 680 2301 740 principiis,
2332 682 2412 720 sive
2438 683 2509 720 alia

1439 742 1484 767 ex
1512 730 1604 777 aliis,
1634 743 1713 767 non
1742 738 1841 767 esset
1869 731 2019 768 diversa
2047 733 2214 771 scientia.

1497 795 1554 820 ιι.
1584 783 1646 820 Ad
1673 783 1786 820 huius
1825 796 1914 831 ergo
1949 785 2180 822 evidentiam
2214 787 2412 825 sciendum
2442 797 2508 836 est,

1437 836 1542 885 quod
1570 836 1772 873 materialis
1806 836 2003 874 diversitas
2037 838 2174 876 obiecti
2208 852 2287 876 non
2325 840 2509 878 diversifi-

1438 897 1497 926 cat
1524 889 1718 936 habitum,
1744 890 1812 926 sed
1841 891 1966 927 solum
1991 891 2172 929 formalis.
2199 893 2300 929 Cum
2330 906 2420 942 ergo
2440 894 2509 931 sci-

1437 942 1509 979 bile
1539 942 1585 979 sit
1611 942 1811 991 proprium
1841 944 2035 981 obiectum
2064 944 2253 993 scientiae,
2279 958 2359 983 non
2387 947 2510 984 diver-

1437 996 1687 1032 sificabuntur
1721 997 1741 1016 '¹‘
1777 996 1955 1034 scientiae
1994 998 2208 1035 secundum
2252 999 2510 1037 diversitatem

1438 1049 1673 1098 materialem
1698 1049 1897 1097 scibilium,
1919 1050 1987 1087 sed
2015 1051 2231 1089 secundum
2251 1052 2510 1091 diversitatem

1438 1115 1573 1140 eorum
1602 1103 1816 1140 formalem.
1848 1103 1954 1140 Sicut
1981 1111 2110 1141 autem
2139 1105 2309 1143 formalis
2338 1107 2433 1144 ratio
2454 1107 2509 1143 vi-

1438 1156 1553 1193 sibilis
1582 1156 1743 1192 sumitur
1772 1169 1817 1193 ex
1832 1157 1988 1205 lumine,
2007 1170 2078 1206 per
2097 1158 2202 1207 quod
2223 1160 2328 1196 color
2345 1160 2508 1208 videtur,

1436 1209 1484 1246 ita
1515 1209 1684 1246 formalis
1703 1210 1798 1246 ratio
1819 1210 1957 1247 scibilis
1977 1210 2160 1259 accipitur
2174 1213 2388 1250 secundum
2406 1214 2508 1262 prin-

1438 1262 1545 1312 cipia,
1559 1275 1605 1299 ex
1619 1262 1758 1311 quibus
1773 1263 1914 1312 aliquid
1929 1263 2054 1300 scitur.
2068 1265 2117 1301 Et
2131 1264 2219 1302 ideo
2231 1274 2509 1314 quantumcun-

1437 1328 1511 1364 que
1541 1315 1614 1352 sint
1633 1315 1758 1364 aliqua
1783 1316 1935 1353 diversa
1959 1317 2102 1354 scibilia
2126 1319 2341 1356 seeundum
2359 1319 2380 1340 *
2398 1325 2510 1356 suam

1436 1376 1612 1406 naturam
1628 1370 1660 1415 ⁴⁵,
1678 1369 1894 1406 dummodo
1913 1382 1983 1419 per
2012 1370 2148 1407 eadem
2177 1371 2362 1421 principia
2390 1372 2510 1410 scian-

1435 1429 1496 1458 tur
1513 1422 1544 1468 *,
1564 1421 1752 1470 pertinent
1767 1422 1815 1459 ad
1829 1435 1949 1460 unam
1969 1423 2183 1471 scientiam;
2201 1425 2290 1473 quia
2304 1437 2384 1462 non
2400 1433 2510 1462 erunt

1436 1474 1512 1511 iam
1534 1474 1684 1511 diversa
1711 1475 1750 1512 in
1779 1483 1965 1524 quantum
1994 1485 2082 1520 sunt
2110 1477 2264 1515 scibilia.
2286 1479 2383 1515 Sunt
2407 1478 2510 1516 enim

1434 1540 1504 1576 per
1518 1539 1589 1564 sua
1610 1527 1796 1576 principia
1823 1528 1979 1566 scibilia.
1993 1529 2099 1567 Sicut
2124 1538 2229 1579 patet
2257 1531 2364 1580 quod
2390 1544 2509 1569 voces

1434 1582 1628 1617 humanae
1644 1582 1808 1618 multum
1831 1581 2010 1619 differunt
2033 1583 2247 1621 secundum
2273 1597 2384 1622 suam
2403 1592 2511 1622 natu-

1435 1646 1518 1670 ram
1533 1646 1556 1670 a
1571 1633 1674 1671 sonis
1689 1633 1987 1672 inanimatorum
2003 1648 2229 1684 corporum3
2246 1637 2314 1674 sed
2328 1644 2459 1675 tamen
2479 1639 2511 1686 ⁸,

1436 1687 1526 1736 quia
1546 1687 1759 1724 secundum
1787 1688 1923 1725 eadem
1942 1688 2128 1738 principia
2153 1690 2357 1728 attenditur
2375 1703 2512 1728 conso-

1436 1740 1564 1777 nantia
1583 1740 1621 1777 in
1640 1741 1802 1778 vocibus
1821 1742 2001 1779 humanis
2024 1750 2060 1779 et
2085 1744 2189 1781 sonis
2213 1743 2512 1782 inanimatorum

1436 1806 1655 1843 corporum,
1683 1794 1819 1831 eadem
1849 1803 1905 1832 est
1932 1796 2088 1834 scientia
2116 1797 2304 1844 musicae,
2331 1809 2430 1847 quae
2463 1797 2511 1835 de

1434 1848 1604 1896 utrisque
1624 1849 1644 1869 *
1673 1847 1898 1886 considerat.
1929 1849 1970 1886 Si
1998 1862 2092 1887 vero
2118 1850 2244 1900 aliqua
2272 1850 2346 1888 sint
2374 1850 2511 1888 eadem

1435 1901 1649 1938 secundum
1664 1909 1853 1949 naturam,
1876 1910 1912 1939 et
1929 1910 2059 1941 tamen
2074 1916 2143 1953 per
2158 1904 2310 1942 diversa
2327 1903 2513 1954 principia

1436 1954 1735 2002 considerentur,
1766 1955 2012 1993 manifestum
2043 1965 2098 1994 est
2122 1957 2228 2007 quod
2257 1957 2306 1995 ad
2341 1957 2511 1994 diversas

1436 2007 1610 2045 scientias
1646 2008 1845 2058 pertinent.
1883 2009 1988 2047 Sicut
2022 2023 2162 2060 corpus
2197 2010 2511 2048 mathematicum

1436 2074 1515 2098 non
1545 2069 1600 2098 est
1634 2069 1852 2110 separatum
1882 2062 2054 2100 subiecto
2083 2076 2106 2100 a
2135 2075 2295 2113 corpore
2329 2063 2509 2110 naturali3

1436 2115 1526 2163 quia
1567 2122 1696 2152 tamen
1739 2127 1879 2164 corpus
1916 2116 2232 2154 mathematicum
2270 2116 2512 2165 cognoscitur

1435 2180 1504 2217 per
1531 2168 1717 2217 principia
1745 2169 1983 2218 quantitatis,
2014 2182 2153 2219 corpus
2181 2177 2311 2207 autern
2340 2170 2509 2207 naturale

1435 2233 1504 2271 per
1530 2221 1717 2271 principia
1745 2229 1890 2270 motus,
1911 2235 1992 2260 non
2013 2230 2068 2260 est
2087 2224 2224 2261 eadem
2243 2222 2401 2260 scientia
2419 2235 2509 2272 geo-

1436 2275 1571 2312 metria
1596 2276 1616 2296 *
1646 2282 1682 2312 et
1707 2275 1898 2313 naturalis.
1921 2277 2029 2313 Patet
2049 2289 2138 2325 ergo
2157 2277 2265 2326 quod
2284 2277 2334 2314 ad
2354 2275 2510 2313 diversi-

1436 2329 1633 2366 ficandum
1653 2328 1828 2365 scientias
1843 2329 1982 2366 sufficit
2001 2329 2200 2368 diversitas
2218 2328 2508 2379 principiorum,

1435 2393 1554 2431 quarn
1590 2381 1792 2419 comitatur
1815 2387 1827 2402 ⁹
1855 2382 2053 2420 diversitas
2087 2383 2236 2431 generis
2268 2382 2417 2420 scibilis.
2445 2382 2509 2420 Ad

1435 2435 1509 2472 hoc
1525 2441 1654 2472 autem
1669 2436 1776 2483 quod
1790 2435 1837 2471 sit
1850 2448 1929 2473 una
1948 2435 2105 2473 scientia
2124 2435 2344 2486 simpliciter
2361 2442 2507 2474 utrum-

1435 2500 1510 2538 que
1535 2488 1735 2537 requiritur
1758 2495 1793 2525 et
1816 2489 1942 2526 unitas
1971 2489 2129 2526 subiecti
2159 2497 2194 2526 et
2222 2489 2348 2526 unitas
2367 2489 2388 2510 *
2406 2487 2508 2538 prin-

1435 2541 1633 2590 cipiorum.
1665 2542 1714 2578 Et
1742 2541 1828 2579 ideo
1850 2542 1897 2579 de
1921 2542 2063 2579 unitate
2085 2542 2244 2579 subiecti
2259 2540 2273 2566 ε
2293 2554 2407 2591 supra
2422 2541 2508 2578 fecit

1434 2594 1682 2640 mentionem,
1695 2606 1784 2631 cum
1800 2594 1910 2642 dixit,
1931 2607 2029 2644 quae
2042 2601 2097 2632 est
2110 2596 2220 2632 unius
2232 2595 2433 2644 generis*;
2459 2594 2507 2632 de

1431 2646 1625 2696 principiis
1655 2654 1800 2695 autem,
1832 2659 1920 2685 cum
1949 2648 2055 2696 dixit,
2083 2659 2328 2697 quaecunque
2355 2659 2406 2684 ex
2423 2647 2506 2696 pri-

1433 2700 1504 2737 mis
1523 2700 1543 2721 *²
1565 2706 1633 2736 etc.

1493 2764 1549 2790 12.
1582 2753 1659 2790 Sed
1686 2752 1841 2789 ulterius
1875 2753 2200 2791 considerandum
2230 2760 2285 2790 est
2313 2754 2420 2803 quod
2448 2765 2504 2791 se-

1433 2806 1558 2843 cunda
1596 2804 1781 2854 principia
1812 2805 1991 2844 virtutem
2020 2807 2227 2844 sortiuntur
2253 2812 2265 2827 ⁰
2299 2819 2322 2843 a
2360 2805 2504 2856 primis.

1432 2859 1544 2896 Unde
1565 2858 1763 2908 requiritur
1781 2858 1978 2897 diversitas
1996 2860 2211 2909 primorum
2229 2859 2505 2909 principiorum

1431 2912 1481 2949 ad
1509 2911 1766 2949 diversitatem
1800 2911 2055 2950 scientiarum.
2091 2913 2210 2960 Quod
2237 2912 2396 2962 quidem
2423 2925 2505 2950 non

1432 2964 1500 3002 erit
1518 2965 1551 3011 ¹⁸¹,
1576 2964 1607 3001 si
1625 2965 1687 3002 vel
1709 2965 1949 3003 diversorum
1967 2966 2152 3015 principia
2177 2978 2223 3003 ex
2243 2965 2389 3004 eisdem
2401 2965 2503 3016 prin-

1428 3120 1489 3153 aes)
1510 3120 1676 3153 triangulum
1701 3127 1771 3149 esse;
1790 3121 1853 3146 HL:
1877 3127 1932 3146 esse
1954 3120 2058 3154 aliquid
2076 3120 2149 3146 trian
2171 3121 2289 3151 u1atum5
2312 3120 2374 3145 KN:
2395 3121 2505 3154 aliquod

1430 3155 1469 3188 (K
1484 3156 1542 3180 add.
1556 3156 1612 3188 aes)
1625 3163 1681 3181 esse
1695 3155 1919 3189 triangular-ium,-
1931 3156 1971 3181 M:
1985 3163 2041 3182 esse
2054 3128 2417 3190 aliquidgtriangularium(
2399 3156 2504 3188 (trian-

1429 3191 1600 3224 gulatum?);
1619 3191 1657 3216 0:
1675 3191 1779 3224 aliquid
1797 3198 1842 3216 aes
1861 3198 1916 3216 esse
1934 3191 2143 3225 triangulatum,
2162 3192 2204 3217 vel
2221 3191 2326 3224 aliquid
2343 3191 2447 3222 album
2466 3191 2504 3223 Q.

1429 3227 1543 3259 aliquem
1557 3227 1723 3260 triangulum
1737 3233 1848 3252 aeneum
1863 3234 1926 3252 esse.
1942 3227 2136 3252 Conservnmus
2150 3227 2288 3252 lectionem
2301 3226 2415 3252 Pinnem.

1484 3262 1507 3294 ν)
1529 3262 1615 3292 Quam
1639 3262 1824 3288 comitaturn-
1841 3262 1927 3292 Quam
1952 3262 2049 3287 habent
2074 3262 2163 3293 codd.
2183 3269 2237 3287 exc.
2262 3259 2504 3296 NQ.··PN:.'1uae

1430 3297 1590 3328 comitatur,-
1603 3298 1624 3322 B
1639 3304 1762 3322 erronee·
1778 3304 1856 3330 quam
1866 3298 2060 3328 communicat5
2074 3297 2183 3323 itemE:
2195 3305 2275 3331 quam
2292 3297 2504 3328 communicare,-

1430 3332 1588 3358 DGLMST:
1607 3340 1687 3366 quam
1711 3333 1970 3362 concomitatur-51<
1995 3340 2119 3358 erronee:
2143 3340 2223 3366 quam
2247 3333 2442 3362 morabuntur:
2459 3331 2504 3358 0·

1432 3375 1511 3401 quam
1530 3368 1649 3394 comitat.
1669 3368 1696 3399 Q
1711 3367 1806 3393 omittit
1823 3351 1963 3394 oscitanter
1980 3368 2074 3400 verba,
2094 3375 2174 3401 quam
2193 3368 2338 3394 comitatur
2361 3367 2504 3394 diversitas

1429 3404 1536 3436 generis
1553 3403 1660 3429 scibilis.

1486 3437 1509 3473 ξ)
1530 3439 1567 3464 Et
1586 3439 1645 3464 ideo
1665 3439 1698 3464 de
1716 3439 1818 3464 unitate
1836 3439 1947 3464 subiecti
1962 3439 2068 3464 etc.-L
2089 3447 2142 3464 non
2160 3443 2230 3464 recte
2248 3446 2302 3464 om.
2318 3438 2392 3468 ideo,-
2409 3437 2445 3463 13:
2465 3437 2504 3463 Et

1432 3474 1491 3500 ideo
1509 3482 1569 3500 cum
1589 3474 1622 3499 de
1640 3479 1689 3499 etc.
1696 3481 1704 3505 ;
1730 3474 1767 3499 0:
1788 3474 1820 3500 de
1844 3474 1947 3500 unitate
1969 3474 2079 3500 subiecti
2102 3474 2259 3507 simpliciter
2282 3480 2366 3506 supra
2384 3477 2446 3503 etc-3
2464 3472 2501 3498 A:

1431 3517 1514 3542 supra
1525 3511 1641 3543 fecerat.

1485 3545 1511 3578 ο)
1531 3545 1660 3570 Virtutem
1673 3545 1826 3570 sortiuntur
1839 3550 1887 3570 etc.
1897 3559 1915 3564 —
1926 3545 1970 3570 BN
1986 3549 2012 3570 et
2024 3552 2049 3577 p.
2062 3551 2098 3570 m.
2110 3544 2148 3570 K:
2163 3543 2318 3573 veritatem:
2330 3543 2357 3568 M
2375 3550 2452 3569 om.-
2461 3543 2494 3568 A:

1432 3580 1558 3606 virtutem
1576 3580 1878 3613 communicatum-GK:
1902 3580 1977 3605 Unde
1994 3579 2115 3613 sequitur
2133 3579 2275 3605 diversitas
2294 3583 2342 3604 etc.

2537 529 2653 552 ⁸Codd.:
2668 529 2717 556 alm
2738 536 2753 552 u

2539 563 2561 584 p.
2574 563 2605 578 m.
2617 557 2670 578 hab.
2683 557 2726 578 lac.

2538 636 2576 656 ‘o
2595 638 2616 656 et
2639 641 2660 656 s.
2677 641 2710 657 m.
2723 642 2753 657 a:

2537 661 2580 682 alt
2588 661 2716 687 scientiae,-
2725 667 2751 683 o:

2537 687 2593 715 qula
2608 688 2637 709 si.
2642 694 2712 715 proc.
2722 694 2755 709 -Α

2537 720 2560 745 p.
2563 720 2594 735 m.
2596 720 2644 735 om.
2651 720 2681 735 ex
2686 714 2753 741 pnn-

2536 740 2631 787 εἰρίὶε...
2626 740 2753 768 .-procede

2538 772 2580 787 ren

2539 792 2640 815 '.—Codd
2630 799 2661 814 —P
2669 796 2691 814 ct
2698 799 2717 815 s.
2720 799 2752 815 m.

2537 826 2563 840 Αι
2583 819 2724 847 procedant.

2539 1001 2548 1047 ἕ
2554 1006 2566 1021 Α
2575 1007 2579 1020 :
2588 999 2752 1027 diversifican-

2549 1032 2586 1047 ur.

2538 1324 2547 1334 ⁸
2563 1323 2649 1352 codd..
2660 1329 2753 1346 aea..-

2536 1356 2576 1372 PL:
2587 1355 2642 1378 per.
2655 1373 2658 1376 ,

2537 1381 2753 1407 'numni-aleriam.

2538 1434 2548 1443 ‘
2564 1439 2597 1459 q:
2611 1435 2754 1460 amr,-

2537 1467 2560 1482 1..
2575 1466 2624 1482 om.

2539 1640 2665 1689 2002‘35‘:
2678 1647 2727 1689 «ξιξ.

2539 1693 2731 1722 quim-:quoa

2538 1857 2713 1886 ’καθορῶ

2537 2280 2750 2330 ιεκεπέω

2536 2491 2548 2503 ⁸
2564 2491 2648 2514 Unius
2674 2498 2702 2514 a

2536 2518 2605 2540 codd.

2535 2606 2546 2616 ⁸
2560 2605 2662 2634 Num.7.

2534 2709 2544 2719 ⁸
2555 2709 2627 2732 Num.
2637 2710 2660 2732 8.

2532 2949 2543 2961 ⁸
2551 2948 2636 2975 codd..
2646 2955 2696 2972 ete.
2706 2956 2728 2972 ο.
2736 2962 2748 2966 -

2530 2981 2556 2998 r:
2571 2977 2643 2998 θηρὶ.
