2548 4192
209 265 338 290 CCLVIII

211 344 225 359 ²
249 332 413 373 Opuscula
435 342 461 363 s.
482 333 621 363 Thomae
642 333 814 373 Aquinatis
837 343 855 362 a
879 332 1025 363 fratribus
1045 331 1174 363 Ordinis
1190 332 1282 362 Prae-

210 388 224 403 »
245 378 433 416 dicatorum,
451 377 580 418 pudore
602 378 690 407 omni
712 377 844 414 abiecto,
870 377 975 416 primo
999 376 1072 406 loco
1096 376 1281 407 immittere-

210 435 225 450 »
245 430 305 454 tur.
323 423 402 453 Item
431 422 567 453 Venetiis
589 421 705 452 iterum
728 431 813 451 anno
843 420 924 460 1498
944 420 978 450 in
997 420 1053 450 fol.
1070 420 1130 450 sub
1149 420 1281 451 nomine

209 480 224 495 »
243 467 368 508 Aegidii
392 466 530 497 Romani
554 475 701 497 recusum
721 471 776 495 est.
793 465 917 495 Romae
934 464 1064 494 tandem
1087 474 1172 494 anno
1198 465 1279 506 1607

209 524 224 540 »
244 512 277 542 in
301 512 332 550 8,
349 511 491 542 eiusdem
514 509 638 550 Aegidii
662 508 799 539 Romani
823 508 887 538 vita
910 508 1082 548 praemissa
1100 508 1281 540 authentica

209 569 224 584 »
244 566 300 597 per
322 556 559 596 Hieronymum
575 553 819 590 Samaritanum‚
836 562 910 583 cum
935 552 1105 583 collatione
1121 552 1279 593 Opuscuii

208 612 223 627 »
244 601 284 631 ad
306 610 381 631 mss.
400 599 523 630 codices
547 607 667 628 nomen
689 597 821 637 Aegidii
843 596 1089 636 praeferentes.»

272 643 448 675 Audaciam
467 649 497 673 et
519 641 710 682 imperitiam
726 640 833 681 prodit
849 640 1008 671 Oudinus.
1019 641 1200 672 Romanam
1217 644 1278 672 Ae-

205 688 322 729 gidiani
346 687 502 728 Opusculi
526 686 700 717 editionem
722 685 755 715 in
780 684 836 715 fol.
864 684 1018 725 expendi,
1036 695 1100 725 per
1133 686 1277 717 inclitum

205 734 310 765 virum
335 733 528 772 magistrum
548 730 744 771 Stephanum
768 730 915 760 Plannck
938 729 978 760 de
1000 730 1158 767 Patavia,
1191 740 1278 761 anno

203 777 336 808 Domini
351 774 445 813 1482,
457 776 508 806 die
523 785 608 806 nona
625 775 743 805 mensis
762 775 856 805 maii:
871 784 953 815 quae
970 783 1053 814 opus
1068 774 1192 805 exhibet
1207 781 1276 805 toto

204 821 364 851 diversum
388 820 474 850 caelo
499 820 537 850 ab
561 819 729 859 Opusculo
754 818 906 859 Aquinati
929 818 1059 849 tributo.
1083 818 1136 849 Ad
1153 819 1276 860 Regem

206 865 310 906 Cypri
332 863 604 895 elucubrationem
628 873 720 894 suam
743 863 888 893 Thomas
912 862 1125 903 nuncupavit:
1155 863 1188 893 in
1212 864 1277 894 edi-

201 910 288 940 tione
310 909 438 939 laudata
460 909 607 939 Romana
631 907 675 938 sic
698 907 853 947 legimus:
879 908 934 938 Ex
952 908 1046 948 regia
1074 917 1113 938 ac
1140 909 1275 938 sanctis-

200 955 283 985 sima
296 954 454 994 prosapia
474 953 632 991 oriundo,
652 962 712 983 suo
730 953 871 983 Domino
890 952 1022 992 speciali
1039 952 1179 982 Domino
1203 953 1275 982 Phi-

201 998 306 1038 lippo,
330 999 551 1039 primogenito
580 1003 610 1028 et
637 996 748 1027 heredi
769 997 1028 1037 praeclarissimi
1057 997 1119 1027 viri
1143 996 1277 1027 Domini

199 1043 338 1083 Philippi
366 1043 430 1073 Dei
453 1043 565 1083 gratia
588 1042 800 1072 illustrissimi
822 1042 924 1082 Regis
946 1041 1169 1078 Francorum,
1196 1051 1276 1072 suus

200 1087 333 1118 devotus
346 1087 401 1128 fr.
418 1087 575 1127 Aegidius
602 1086 769 1117 Romanus
792 1085 925 1116 Ordinis
939 1085 1091 1126 fratrum
1115 1085 1275 1116 Eremita-

200 1142 273 1163 rum
290 1142 315 1163 s.
332 1132 520 1173 Augustini.
538 1130 652 1171 Incipit
665 1130 822 1170 Prologus
838 1130 996 1168 Thomae,
1017 1129 1184 1170 Cogitanti
1199 1131 1276 1160 mihi

199 1177 277 1217 quid
292 1176 444 1217 offerrem
452 1176 577 1217 Regiae
592 1175 774 1206 celsitudini
784 1175 919 1216 dignum
928 1183 938 1205 .·
947 1174 1059 1214 incipit
1069 1174 1274 1214 Aegidianus,

202 1221 332 1252 Clamat
344 1221 552 1261 politicorum
576 1221 734 1251 sententia
758 1229 868 1250 omnes
891 1219 1097 1259 Principatus
1119 1229 1182 1249 non
1207 1228 1275 1250 esse

198 1266 380 1307 aequaliter
393 1265 576 1296 diuturnos.
592 1264 691 1305 Apud
705 1263 870 1294 Thomam
886 1270 981 1303 caput
996 1273 1019 1301 1,
1039 1263 1134 1300 Quod
1148 1273 1276 1294 necesse

199 1316 247 1341 est
265 1311 409 1342 homines
431 1310 529 1341 simul
557 1310 698 1340 viventes
717 1308 757 1338 ab
775 1308 885 1348 aliquo
909 1307 1084 1348 diligenter
1102 1309 1194 1348 regi:
1214 1308 1274 1338 ini-

198 1354 300 1394 tium,
324 1355 522 1395 Principium
547 1359 654 1384 autem
679 1353 863 1383 intentionis
888 1357 1028 1382 nostrae.
1056 1352 1154 1391 Apud
1180 1352 1274 1392 Aegi-

199 1399 290 1430 dium
304 1406 400 1440 caput
413 1409 436 1438 1,
460 1398 541 1435 Quis
556 1398 670 1428 modus
679 1396 879 1437 procedendi
896 1397 939 1427 sit
954 1397 987 1426 in
1004 1397 1164 1436 regimine
1179 1396 1274 1427 Prin-

198 1445 322 1484 cipum:
341 1443 486 1482 initium,
515 1442 647 1483 Oportet
670 1447 705 1472 ut
729 1440 865 1472 latitudo
888 1441 1047 1471 sermonis
1070 1441 1103 1470 in
1128 1450 1273 1481 unaqua-

197 1498 259 1529 que
282 1498 318 1519 re
336 1490 378 1521 sit
400 1487 575 1519 secundum
603 1487 799 1527 exigentiam
825 1485 914 1515 illius
937 1485 995 1515 rei.
1019 1484 1167 1522 Caetera,
1191 1495 1273 1525 quae

198 1539 386 1574 sequuntur,
404 1532 551 1564 differunt
574 1531 692 1561 omnia.
709 1529 895 1561 Genuinum
911 1528 1059 1559 Thomae
1078 1528 1171 1569 Opus
1187 1529 1273 1559 libris

197 1577 324 1608 duobus
349 1576 541 1608 absolvitur:
567 1585 602 1606 ac
625 1575 703 1605 liber
735 1574 858 1614 primus
891 1573 1045 1614 capitibus
1067 1583 1108 1603 xv
1139 1579 1273 1612 constat,

197 1622 274 1652 alter
295 1631 358 1652 xvx.
379 1621 517 1659 Tertius,
543 1620 599 1661 qui
623 1619 759 1657 additur,
785 1618 887 1659 capita
911 1617 1133 1658 complectitur
1155 1627 1219 1648 xxii
1243 1625 1275 1649 et

196 1666 299 1706 capita
321 1675 418 1698 xxv111
443 1671 583 1706 quartus.
600 1663 699 1704 Apud
722 1663 895 1703 Aegidium
913 1662 992 1692 liber
1008 1662 1130 1702 primus
1146 1661 1178 1692 in
1195 1672 1272 1704 qua-

195 1717 270 1741 tuor
284 1717 387 1751 partes
401 1710 564 1741 tribuitur:
590 1708 748 1739 secundus
767 1708 800 1737 in
819 1714 897 1738 tres:
923 1707 1064 1748 itemque
1078 1706 1111 1737 in
1127 1713 1188 1737 tres
1202 1717 1272 1747 par-

194 1761 240 1785 tes
264 1756 390 1786 tertius:
425 1765 460 1785 ac
484 1753 626 1794 singulae
645 1759 748 1793 partes
767 1752 914 1792 pluribus
939 1758 1085 1783 constant
1104 1751 1270 1792 capitibus.

194 1799 282 1831 Haec
305 1799 471 1840 ignorabat
494 1798 604 1829 omnia
627 1797 788 1828 Oudinus.

580 1895 778 1932 CAPUT
814 1895 882 1932 IV.

193 1986 251 2011 Non
270 1990 310 2010 est
328 1984 463 2017 Aquinatis
482 1983 645 2016 Opusculum
665 1982 704 2007 De
722 1981 865 2006 eruditione
884 1980 1041 2014 Principum.
1061 1980 1202 2005 Guillelmo
1222 1980 1269 2005 Pe-

266 2021 337 2046 raldo
356 2020 504 2045 restituitur.
524 2018 659 2043 Genuinus
678 2017 797 2042 Thomae
816 2016 899 2041 foetus
919 2021 959 2041 est
978 2016 1142 2049 Opusculum
1162 2017 1271 2041 alterurn

266 2057 304 2082 De
323 2055 447 2088 regimine
466 2055 619 2079 Iudaeorum
638 2054 670 2078 ad
689 2053 855 2078 Comitissam
870 2052 1014 2077 Flandriae.
1024 2052 1156 2077 Ambrosii
1176 2052 1272 2076 Barba-

267 2099 328 2117 vara
347 2098 456 2116 censura
475 2089 634 2124 expenditur.

197 2194 220 2224 I.
325 2202 368 2223 on
391 2191 542 2222 absimilis
566 2187 743 2230 argumenti
763 2187 855 2228 Opus
878 2187 929 2217 De
952 2187 1132 2230 eruditione
1149 2187 1272 2217 Princi-

317 2247 398 2277 pum
422 2235 610 2276 inscriptum
633 2234 852 2273 tributumque
876 2231 909 2261 in
931 2238 1054 2272 septem
1073 2231 1182 2269 libros,
1199 2241 1271 2271 pro-

195 2289 256 2313 stat
279 2282 345 2312 sine
369 2290 516 2319 numero,
541 2280 599 2310 sub
624 2277 755 2309 nomine
769 2287 795 2307 s.
817 2276 957 2307 Thomae
969 2276 1141 2316 Aquinatis
1157 2276 1190 2306 in
1206 2275 1271 2306 edi-

194 2327 282 2358 tione
305 2327 453 2357 Romana
476 2331 549 2365 post
572 2322 777 2364 Opusculum
801 2319 1093 2362 quadragesimum.
1117 2320 1270 2351 Animad-

194 2371 344 2402 vertenda
360 2377 405 2401 est
414 2368 597 2400 Bellarmini
617 2373 765 2398 censura:
787 2379 801 2393 -x
816 2365 903 2396 Cum
920 2375 944 2396 s,
952 2364 1097 2395 Thomas
1109 2364 1126 2405 (
1126 2365 1270 2405 inquien-

197 2428 212 2444 ι
236 2417 276 2446 tis
303 2415 469 2445 Observat.
493 2412 532 2456 11)
563 2411 719 2453 scripserit
747 2415 865 2451 septem
891 2409 990 2440 libros
1016 2410 1068 2440 De
1091 2409 1271 2441 eruditione

197 2472 212 2488 ι
234 2460 419 2500 Principum
439 2458 533 2498 plane
557 2456 754 2493 utilissimos,
771 2454 826 2495 qui
841 2454 996 2485 habentur
1010 2454 1091 2484 inter
1105 2453 1270 2494 Opuscula

198 2517 212 2532 »
235 2505 358 2535 Romae
382 2503 482 2542 edita,
514 2512 580 2532 non
609 2500 774 2531 videbatur
802 2498 1030 2536 necessarium,
1059 2505 1095 2529 ut
1124 2498 1270 2530 scriberet

199 2562 214 2577 »
237 2548 332 2579 etiarn
354 2548 405 2578 De
428 2547 587 2588 regimine
609 2545 805 2584 Principum.
825 2556 840 2570 »
868 2543 993 2574 Falsam
1022 2542 1103 2573 hanc
1126 2543 1190 2573 iam
1214 2543 1268 2574 de-

195 2592 443 2624 monstravimus
467 2590 719 2627 conclusionem,
736 2587 761 2618 si
776 2588 815 2618 de
831 2587 936 2628 primo
957 2587 1038 2617 libro
1063 2587 1165 2628 deque
1181 2594 1268 2628 parte

196 2637 326 2669 secundi
349 2637 400 2667 De
423 2636 582 2677 regimine
596 2634 782 2673 Principum
800 2642 904 2662 sermo
920 2631 969 2662 sit.
985 2633 1028 2662 At
1042 2630 1158 2662 falsum
1173 2631 1268 2663 etiam

195 2681 389 2724 principium
412 2687 504 2722 puto,
521 2679 607 2711 unde
630 2687 722 2709 suam
738 2676 879 2708 eliciebat
894 2675 1134 2707 conclusionem
1153 2675 1267 2706 Bellar-

195 2727 312 2757 minus.

262 2772 415 2803 Veterum
438 2779 588 2810 namque,
608 2766 864 2808 synchronorum
887 2764 1149 2805 suppariumque,
1170 2775 1266 2796 nemo

194 2816 342 2847 'rhomae
357 2814 509 2857 Aquinati
528 2811 692 2852 adscripsit
704 2810 796 2851 Opus
811 2811 863 2841 De
876 2809 1056 2841 eruditione
1069 2810 1268 2850 Principum:

194 2861 301 2902 quod,
325 2870 401 2892 curn
424 2859 464 2890 sit
493 2857 715 2899 gravissimum
746 2862 778 2886 et
800 2854 998 2892 absolutum,
1023 2853 1179 2894 sapienter
1202 2854 1267 2884 ani-

195 2905 409 2936 madvertente
433 2903 548 2935 Iacobo
562 2900 720 2938 Echardo,
737 2910 803 2930 non
824 2899 1014 2930 omisissent.
1031 2898 1130 2929 Addit
1149 2898 1196 2928 vir
1212 2908 1266 2939 pe-

194 2949 361 2981 ritissimus
385 2948 504 2990 stylum
527 2947 607 2977 adeo
632 2956 656 2976 s.
681 2944 830 2976 Thomae
854 2950 1038 2974 extraneum
1061 2952 1139 2982 esse,
1157 2949 1193 2974 ut
1208 2943 1266 2974 mi-

194 3004 267 3025 rum
290 2994 329 3025 sit
351 2993 436 3024 viros
460 2991 599 3023 eruditos
623 2990 656 3020 id
679 2999 746 3020 non
769 2987 1034 3020 animadvertisse.

262 3039 300 3069 11.
328 3051 343 3067 α
366 3037 486 3069 Contra
509 3045 584 3066 vero
608 3033 732 3076 (pergit
756 3033 826 3076 ille)
847 3033 946 3074 stylus
962 3032 1005 3063 ita
1021 3031 1169 3063 convenit
1192 3042 1267 3063 cum

197 3095 212 3111 »
235 3093 285 3121 eo,
302 3092 368 3123 quo
385 3082 483 3113 utitur
502 3080 620 3121 ubique
637 3078 828 3110 Guillelrnus
847 3077 997 3108 Peraldus
1012 3076 1113 3117 gallus
1137 3076 1267 3108 Ordinis

196 3139 211 3155 2
234 3127 500 3163 Praedicatorum‚
524 3131 596 3155 ante
619 3133 741 3154 annum
770 3123 852 3153 1260
877 3122 1020 3160 denatus,
1035 3121 1217 3162 praesertim
1233 3121 1265 3151 in

197 3184 213 3199 »
235 3171 368 3202 Summa
384 3171 424 3202 de
440 3170 524 3201 vitiis
540 3174 570 3200 et
587 3168 767 3205 virtutibus,
783 3166 949 3198 notissima
964 3166 1094 3204 cunctis,
1112 3172 1148 3197 ut
1166 3176 1266 3196 ovum

196 3228 211 3243 ι»
235 3225 298 3246 ovo
323 3225 389 3246 non
413 3215 452 3245 sit
475 3213 619 3244 similius.
644 3213 765 3243 Eadem
788 3210 940 3242 tractandi
964 3210 1042 3241 ratio
1067 3221 1122 3251 per
1138 3210 1265 3241 divisio-

197 3271 212 3287 »
235 3270 301 3298 nes,
326 3269 382 3300 per
405 3258 604 3290 auctoritates
628 3267 664 3287 ex
688 3256 847 3297 Scriptura
871 3262 901 3286 et
924 3265 961 3286 ex
984 3255 1142 3286 Patribus:
1168 3255 1264 3286 dictio

197 3317 212 3332 »
234 3304 346 3335 eadem
368 3303 508 3340 humilis,
541 3311 607 3332 non
631 3308 666 3332 ut
689 3311 714 3332 s.
739 3301 886 3331 Thomae
916 3309 998 3340 quae
1029 3299 1142 3331 cultior
1165 3306 1212 3331 est
1234 3306 1265 3331 et

195 3361 211 3376 ›
234 3348 420 3389 castigatior.
440 3360 455 3375 ι
482 3346 566 3378 Hinc
588 3346 721 3378 Peraldo
744 3344 949 3376 tribuendum
972 3354 1055 3385 opus
1078 3344 1186 3376 nullus
1205 3345 1263 3376 du-

193 3393 348 3468 bstuli-dem
371 3443 418 3468 est
441 3435 587 3468 Casimiri
611 3435 731 3467 Oudini
755 3434 921 3466 iudicium:
949 3447 964 3462 e:
982 3434 1058 3464 Non
1081 3434 1176 3465 habet
1198 3440 1262 3475 sty-

546 253 1005 290 DISSERTATIONES
1036 253 1284 290 CRITICAE
1315 254 1370 290 IN
1401 254 1439 291 S.
1471 253 1713 291 THOMAM
1739 255 2067 302 AQUINATEM

1339 345 1356 360 s
1380 333 1551 364 Guillelmo
1574 334 1713 364 Peraldo
1736 334 1934 375 lugdunensi
1950 345 1987 366 ex
2005 335 2121 366 eodem
2139 335 2261 366 Ordine
2277 334 2411 366 fratrum

1339 388 1354 404 »
1376 377 1645 416 Praedicatorum,
1665 378 1721 419 qui
1745 378 1861 409 eodem
1883 385 2037 420 tempore,
2053 390 2120 420 quo
2143 379 2264 410 Doctor
2283 380 2410 419 Angeli-

1339 433 1354 449 x·
1377 431 1443 460 cus,
1460 421 1601 452 florebat:
1619 429 1715 463 atque
1728 423 1872 462 apprime
1886 423 1980 454 refert
1994 424 2159 464 ingenium
2175 430 2206 454 et
2220 423 2412 454 methodum

1338 477 1353 492 ³·
1376 466 1520 496 eiusdem
1537 466 1702 497 Guillelmi
1716 466 1749 496 in
1768 467 1902 497 Summa
1918 478 1975 498 sua
1990 468 2030 499 de
2046 468 2217 499 uirtutibus
2235 473 2266 499 et
2282 469 2378 499 vitiis.
2391 480 2407 495 >

1334 509 1472 540 Patriam
1494 517 1606 541 nactus
1629 517 1676 541 est
1691 510 1884 542 Guillelmus
1900 512 2070 552 oppidum,
2089 512 2256 543 vernacule
2274 512 2410 543 Perault

1335 553 1467 593 dictum,
1497 555 1650 585 dioecesis
1673 555 1862 586 Viennensis
1884 556 2108 596 Allobrogum:
2133 556 2340 597 professionis
2363 563 2408 587 ta-

1334 608 1409 628 men
1432 599 1596 639 religiosae
1619 599 1712 629 titulo
1737 599 1897 630 dicebatur
1920 600 2154 640 Lugdunensis.
2179 601 2410 640 Lugdunenses

1333 641 1450 673 infulas
1473 643 1582 685 ipsum
1604 650 1741 683 gestasse
1759 650 1850 674 vetus
1874 654 1960 674 error
1976 651 2032 683 est,
2049 655 2148 686 quem
2163 644 2276 675 refellit
2291 645 2409 675 Echar-

1334 686 1408 716 dus:
1433 693 1465 717 at
1487 696 1591 727 neque
1614 687 1648 717 in
1677 687 1812 718 dioecesi
1836 688 2044 728 Lugdunensi
2075 689 2274 730 Episcopum
2297 688 2407 720 suffra-

1332 740 1472 769 ganeum
1501 740 1557 761 seu
1590 731 1775 762 auxiliarem
1807 731 1925 772 egisse,
1959 733 2048 773 quod
2079 733 2228 764 adserunt
2258 733 2409 764 monachi

1333 784 1357 805 s.
1381 774 1484 804 Mauri
1507 775 1540 805 in
1564 775 1667 805 Gallia
1690 775 1867 814 christiana,
1892 777 2035 807 eiusdem
2058 777 2193 808 Echardi
2213 778 2323 818 opinio
2347 784 2403 808 est.

1332 818 1548 858 Opusculum,
1571 819 1623 849 De
1646 820 1806 859 regimine
1823 820 2009 860 Principum
2032 821 2231 862 inscriptum,
2248 822 2309 862 ipsi
2323 821 2408 852 attri-

1331 863 1436 893 buunt
1458 862 1668 901 Salanhacus,
1692 863 1870 894 Bernardus
1894 864 2053 895 Guidonis
2078 872 2109 896 et
2130 865 2318 896 recentiores
2348 875 2407 896 no—

1331 907 1557 938 menclatores:
1581 907 1759 947 genuinum
1783 907 1901 938 scilicet
1923 908 2053 939 titulum
2077 909 2191 949 Operis
2208 909 2342 940 minime
2356 919 2406 940 ac-

1331 958 1436 982 curate
1459 951 1638 990 referentes,
1663 962 1761 992 quem
1785 951 1908 983 codices
1923 962 1999 983 mss.
2015 962 2051 983 ac
2065 953 2149 993 typis
2165 953 2248 984 edita
2262 953 2407 993 exempla

1330 995 1378 1026 his
1402 995 1504 1026 verbis
1528 995 1670 1034 efferunt,
1694 996 1746 1026 De
1769 996 1948 1027 eruditione
1970 998 2167 1037 Principum.

1398 1040 1451 1070 ΙΙΙ.
1477 1039 1682 1080 Opusculum
1704 1040 1756 1070 De
1771 1041 1930 1082 regimine
1952 1042 2138 1081 Principum
2158 1041 2274 1082 excipit
2287 1041 2321 1071 in
2337 1041 2400 1072 edi-

1330 1084 1418 1115 tione
1437 1085 1584 1115 Romana
1607 1094 1698 1116 num.
1719 1085 1792 1115 XXI
1809 1085 1944 1116 alterum
1963 1086 2015 1116 De
2031 1087 2191 1127 regimine
2203 1085 2402 1117 Iudaeorum

1329 1129 1373 1159 ad
1395 1129 1567 1159 Ducissam
1597 1129 1807 1160 Brabantiae.
1831 1129 1970 1160 Foetum
1993 1140 2061 1160 esse
2088 1140 2279 1170 germanum
2301 1130 2403 1171 Aqui-

1330 1173 1410 1204 natis
1427 1173 1641 1213 probatissimi
1661 1173 1827 1214 scriptores
1850 1180 2013 1205 testantur.
2030 1174 2238 1205 Ptolomaeus
2252 1174 2407 1205 Lucensis

1329 1217 1410 1248 libro
1426 1217 1539 1256 XXIII,
1556 1228 1623 1258 cap.
1640 1228 1694 1248 xm
1713 1218 1774 1248 ait:
1803 1230 1818 1246 ι
1840 1218 1920 1249 Item
1942 1218 2163 1250 determinatio
2187 1218 2405 1259 quorumdam

1333 1274 1347 1290 »
1371 1272 1504 1292 casuum
1522 1262 1563 1292 ad
1573 1261 1780 1293 Comitissam
1796 1262 1972 1302 Flandriae,
1983 1273 2065 1304 quae
2082 1263 2126 1294 sic
2141 1262 2268 1303 incipit:
2287 1262 2404 1293 Excel-

1332 1318 1346 1333 ›
1370 1306 1488 1337 lentiae
1518 1312 1644 1337 vestrae
1676 1307 1802 1337 litteras
1832 1308 1947 1348 recepi.
1971 1319 1985 1334 »
2011 1307 2190 1338 Bemardus
2223 1306 2400 1338 Guidonis:

1332 1363 1347 1378 α
1370 1351 1536 1381 Tractatus
1560 1351 1608 1381 De
1630 1351 1781 1391 regimine
1801 1351 1994 1382 ludaeorum
2017 1352 2057 1382 ad
2076 1351 2245 1382 Ducissam
2267 1351 2404 1382 Braban-

1332 1406 1346 1421 »
1369 1394 1447 1433 tiae,
1471 1395 1527 1435 qui
1551 1395 1681 1435 incipit:
1705 1395 1929 1426 Excellentiae
1952 1401 2079 1427 vestrae
2108 1397 2215 1436 recepi
2237 1395 2374 1426 litteras.
2388 1407 2403 1422 ι

1328 1438 1452 1469 Eadem
1466 1445 1503 1469 ut
1511 1439 1700 1478 Bernardus,
1711 1440 1805 1470 verba
1820 1440 1938 1471 habent
1953 1440 2143 1480 Logotheta‚
2154 1439 2404 1479 Valleoletanus,

1329 1492 1353 1512 s.
1369 1483 1564 1514 Antoninus.
1589 1484 1688 1523 Apud
1710 1483 1895 1524 Pignonum
1922 1484 2075 1525 denique:
2099 1484 2181 1515 Item
2210 1484 2403 1515 determina-

1328 1528 1430 1557 tiones
1453 1527 1668 1567 quarumdam
1692 1530 1915 1568 quaestionum
1935 1529 1979 1560 ad
1995 1529 2168 1560 Ducissam
2192 1528 2404 1559 Brabantiae.

1395 1571 1468 1601 Una
1491 1577 1538 1602 est
1559 1571 1755 1602 dissonantia
1778 1572 1811 1602 in
1837 1573 2007 1604 Comitissa
2034 1573 2213 1604 Flandriae
2238 1579 2275 1603 ut
2296 1572 2406 1603 Ptolo-

1327 1625 1438 1646 maeus
1470 1615 1566 1646 habet
1595 1622 1626 1646 et
1658 1615 1692 1646 in
1723 1616 1864 1647 Ducissa
1895 1617 2097 1647 Brabantiae
2121 1623 2157 1648 ut
2187 1616 2306 1647 habent
2329 1615 2401 1647 alii:

1327 1670 1426 1700 quam
1451 1659 1546 1690 etiarn
1570 1659 1718 1691 exhibent
1741 1660 1865 1691 codices
1888 1671 1964 1691 mss.
1987 1660 2177 1691 Ptolomaeo
2197 1659 2334 1691 Lucensi
2350 1660 2404 1691 ad-

1327 1704 1524 1735 haerendum
1547 1714 1632 1735 sane.
1657 1704 1822 1735 Flandriae
1846 1704 2058 1743 Comitatum‚
2075 1711 2149 1746 post
2167 1704 2294 1735 obitum
2311 1704 2404 1739 Ioan-

1327 1759 1397 1787 nae,
1408 1758 1499 1779 soror
1514 1748 1581 1779 eius
1595 1749 1770 1789 Margareta
1786 1749 2015 1780 administravit
2031 1750 2070 1780 ab
2085 1759 2171 1780 anno
2186 1748 2306 1780 circiter
2321 1759 2331 1779 1
2341 1749 2402 1789 245

1327 1793 1367 1823 ad
1390 1803 1512 1823 annum
1541 1803 1633 1834 1279.
1659 1793 1875 1824 Historiarum
1897 1793 2064 1834 scriptores
2084 1793 2226 1825 consule.
2245 1792 2313 1825 Cur
2328 1802 2404 1834 ergo

1326 1837 1484 1878 irrepserit
1505 1837 1645 1868 Ducissa
1667 1838 1897 1869 Brabantiae?
1919 1838 2044 1878 Nempe
2068 1838 2264 1876 Guiuelmo‚
2288 1837 2403 1869 marito

1327 1892 1387 1912 suo
1412 1882 1569 1921 secundo,
1593 1882 1767 1922 Margareta
1795 1881 1968 1913 Comitissa
1996 1882 2161 1913 Flandriae
2183 1881 2294 1923 genuit
2324 1881 2404 1913 Gui-

1327 1926 1457 1965 donem,
1481 1926 1538 1967 qui
1562 1926 1719 1958 successit.
1743 1926 1859 1957 Filiam
1881 1926 1932 1958 hic
1955 1926 2067 1957 habuit
2089 1927 2330 1968 Margaretam,
2347 1935 2402 1957 an-

1327 1980 1370 2001 no
1400 1971 1480 2012 1273
1506 1977 1642 2011 nuptam
1664 1971 1775 2001 Ioanni
1799 1971 1811 2001 I
1835 1970 1918 2002 Duci
1941 1970 2137 2002 Brabantiae.
2162 1970 2247 2002 Hinc
2273 1970 2404 2001 alteram

1327 2025 1385 2055 pro
1410 2014 1515 2055 priore
1538 2014 1669 2046 fortasse
1693 2025 1839 2056 accepere
1855 2016 2065 2056 Margaretam
2079 2015 2188 2046 minus
2204 2014 2314 2046 attenti
2328 2014 2402 2046 scri-

1350 2066 1444 2090 tores.

1326 2070 1347 2100 p
1394 2103 1448 2135 IV.
1474 2102 1653 2134 Censuram
1676 2113 1768 2134 suam
1786 2103 1819 2134 in
1835 2103 1898 2134 hoc
1913 2103 2120 2144 Opusculum
2133 2103 2183 2134 his
2198 2102 2302 2134 verbis
2317 2112 2402 2134 exer-

1327 2154 1375 2179 cet
1399 2148 1445 2179 Io.
1469 2148 1660 2179 Ambrosius
1683 2148 1874 2179 Barbavara:
1902 2161 1918 2177 «
1931 2147 2137 2189 Opusculum
2155 2147 2228 2179 XXI
2247 2147 2299 2178 De
2315 2147 2401 2188 regi·

1329 2205 1344 2220 »
1366 2193 1453 2223 mine
1475 2192 1672 2223 Iudaeorum
1697 2192 1830 2223 credunt
1851 2192 1950 2233 aliqui
1973 2192 2082 2233 magni
2111 2191 2193 2223 inter
2214 2190 2401 2223 Themista

1329 2250 1344 2265 »
1367 2236 1507 2267 nominis
1531 2237 1570 2267 ab
1594 2237 1753 2278 Aquinate
1776 2237 1880 2268 adhuc
1903 2236 2028 2268 iuniore
2051 2236 2185 2275 editum,
2201 2245 2277 2267 cum
2291 2235 2335 2267 ibi
2354 2235 2399 2267 di-

1328 2294 1343 2310 »
1367 2288 1471 2320 catur,
1495 2281 1636 2312 Iudaeos
1664 2282 1777 2313 merito
1806 2291 1886 2312 suae
1908 2281 2023 2322 culpae
2045 2286 2226 2322 perpetuae
2253 2281 2402 2312 servituti

1328 2338 1343 2353 ι
1365 2326 1526 2357 addictos:
1548 2326 1693 2367 adeoque
1716 2331 1880 2357 terrarum
1904 2325 2063 2357 Dominos
2079 2335 2177 2366 posse
2199 2334 2253 2356 res
2275 2334 2399 2363 eorum,

1328 2382 1342 2398 ›
1365 2375 1529 2411 tamquam
1552 2380 1631 2401 suas
1653 2371 1812 2411 accipere;
1827 2370 1917 2411 quod
1933 2370 2055 2401 dictum
2069 2369 2115 2401 illi
2131 2369 2240 2400 minus
2254 2369 2402 2410 probant.

1327 2426 1342 2442 »
1363 2416 1409 2446 At
1432 2414 1539 2445 nescio
1563 2425 1619 2446 cur
1647 2421 1811 2456 tantopere
1834 2414 2016 2453 turbentur,
2041 2424 2117 2446 cum
2140 2413 2233 2444 divus
2256 2413 2402 2445 Thomas

1327 2471 1342 2487 »
1365 2459 1512 2491 eamdem
1535 2459 1724 2490 sententiam
1747 2466 1867 2500 repetat
1889 2459 1963 2490 alibi
1986 2458 2122 2500 saepius:
2147 2457 2332 2499 praesertim
2346 2467 2401 2488 ve·

1326 2515 1341 2531 ι
1364 2513 1400 2534 ro
1425 2503 1466 2534 11⁸
1491 2503 1557 2541 11²2,
1577 2514 1608 2545 q.
1627 2514 1658 2542 x,
1678 2510 1734 2535 art.
1754 2513 1811 2542 ιιι,
1831 2510 1862 2535 et
1886 2503 1926 2534 111
1951 2514 1995 2544 p.‚
2019 2513 2050 2544 q.
2067 2512 2178 2542 vam,
2197 2509 2254 2534 art.
2273 2512 2294 2532 x
2311 2502 2353 2533 ad
2369 2511 2400 2533 2.

1326 2560 1340 2575 »
1363 2549 1438 2579 Non
1462 2554 1509 2578 est
1533 2558 1619 2588 ergo,
1643 2548 1733 2590 quod
1755 2547 1848 2579 aetati
1871 2547 1986 2579 vitium
2008 2547 2099 2587 illud,
2119 2547 2145 2578 si
2168 2546 2269 2578 modo
2285 2545 2401 2578 vitium

1325 2604 1340 2619 »
1363 2592 1414 2630 sit,
1438 2592 1626 2623 adscribant.
1646 2605 1661 2620 ›

1390 2637 1476 2667 Loca
1499 2636 1617 2667 indicat
1645 2636 1838 2675 Barbavara‚
1868 2646 1951 2677 quae
1980 2635 2112 2666 minime
2139 2635 2255 2666 favent.
2279 2634 2331 2666 Sic
2353 2633 2397 2665 ait

1321 2680 1466 2711 Thomas
1490 2680 1530 2710 111
1551 2691 1596 2720 p.‚
1616 2690 1647 2721 q.
1667 2690 1776 2719 vam,
1796 2687 1852 2711 art.
1870 2690 1891 2710 x
1910 2680 1950 2710 ad
1971 2687 2005 2710 2:
2025 2678 2217 2716 Dicendum,
2237 2678 2323 2719 quod
2340 2677 2396 2709 Iu-

1320 2724 1394 2755 daei
1416 2729 1492 2755 sunt
1514 2725 1601 2755 serui
1622 2725 1808 2765 Principum
1839 2725 1993 2755 servitute
2016 2724 2120 2761 civili,
2144 2732 2228 2764 quae
2251 2732 2314 2753 non
2338 2731 2395 2753 ex-

1322 2768 1422 2799 cludit
1440 2768 1584 2799 ordinem
1605 2769 1687 2799 iuris
1710 2769 1873 2799 naturalis
1891 2768 1942 2799 vel
1959 2767 2069 2798 divini.
2094 2767 2216 2798 Eadem
2239 2766 2396 2798 habentur

1320 2813 1415 2843 verba
1431 2812 1472 2842 11²
1487 2812 1552 2851 11¹⁶,
1568 2822 1599 2853 q.
1616 2822 1647 2851 x,
1667 2818 1723 2843 art.
1738 2822 1783 2843 111
1799 2813 1839 2843 ad
1858 2813 1887 2850 3,
1905 2818 1936 2843 et
1950 2811 2102 2849 Quodlib.
2119 2811 2158 2850 11,
2173 2821 2204 2852 q.
2220 2820 2265 2850 tv,
2282 2817 2338 2842 art.
2349 2820 2395 2842 vu

1321 2857 1362 2887 ad
1387 2857 1421 2895 3,
1445 2867 1526 2898 quae
1551 2867 1626 2888 cum
1650 2856 1831 2897 diligentius
1854 2855 2037 2898 expenderit
2058 2855 2243 2887 Franciscus
2268 2854 2395 2896 Sylvius

1320 2901 1394 2932 loco
1418 2900 1513 2932 citato
1538 2901 1580 2931 11·
1612 2901 1668 2931 11¹¹e
1691 2901 1839 2932 adnotat:
1865 2900 2072 2932 S.Thomam
2094 2901 2233 2932 sensisse
2254 2899 2396 2930 Iudaeos

1321 2956 1384 2977 non
1409 2955 1478 2977 esse
1501 2955 1578 2977 vera
1609 2947 1788 2986 mancipia,
1812 2946 1870 2977 sed
1891 2954 2002 2976 servos
2027 2944 2226 2976 tributarios.
2251 2943 2395 2975 Invectae

1321 2989 1524 3029 difficultatis,
1549 2990 1574 3020 si
1597 3000 1662 3031 qua
1685 2996 1742 3029 est,
1765 3000 1873 3021 veram
1892 2989 2017 3021 exhibet
2030 2988 2227 3020 solutionem
2241 2988 2309 3029 ipse
2325 2987 2395 3030 Syl-

1320 3034 1391 3065 vius
1402 3035 1443 3065 111
1454 3045 1498 3075 p.‚
1515 3044 1546 3076 q.
1563 3044 1673 3073 vanr,
1689 3041 1774 3066 art.x
1796 3035 1829 3065 in
1845 3033 1924 3065 fine:
1950 3047 1965 3062 α
1977 3034 2052 3064 Non
2076 3033 2184 3064 asserit
2226 3030 2393 3075 inquiens)

1322 3091 1337 3106 »
1361 3079 1494 3110 Iudaeos
1518 3089 1585 3110 esse
1608 3089 1714 3110 servos
1731 3078 1804 3121 (vel
1819 3079 1978 3120 mancipia
1994 3079 2026 3109 in
2046 3077 2209 3119 Opusculo
2235 3085 2247 3108 .·
2262 3077 2318 3108 sed
2333 3076 2393 3108 sub

1322 3135 1337 3150 »
1360 3123 1572 3154 disiunctione
1587 3123 1673 3162 dicit,
1681 3124 1771 3155 Licet
1786 3123 1902 3155 Iudaei
1916 3123 2030 3154 merito
2045 3122 2160 3163 culpae
2168 3131 2249 3154 suae
2261 3122 2327 3153 sint
2342 3121 2393 3153 vel

1322 3179 1336 3195 2
1360 3173 1465 3199 essent
1473 3173 1652 3209 perpetuae
1665 3169 1813 3199 servituti
1830 3167 1964 3206 addicti;
1979 3167 2055 3209 quia
2069 3166 2186 3198 scilicet
2201 3166 2244 3197 ob
2264 3165 2392 3207 culpam

1323 3224 1337 3239 »
1359 3212 1392 3243 in
1416 3212 1582 3244 Christum
1605 3212 1811 3243 commissam
1835 3212 1921 3252 digni
1936 3218 2010 3243 sunt
2025 3211 2102 3251 iugo
2116 3210 2284 3242 servitutis.
2301 3209 2392 3248 Quo·

1321 3269 1336 3284 »
1359 3257 1458 3287 modo
1482 3256 1578 3288 etiam
1596 3256 1818 3297 intelligendus
1837 3263 1884 3288 est
1903 3255 2106 3287 Innocentius
2126 3255 2167 3286 111
2189 3264 2215 3286 c.
2239 3254 2312 3285 Etsi
2333 3253 2390 3285 Iu-

1321 3313 1335 3328 »
1357 3301 1465 3339 daeos,
1490 3301 1536 3332 tit.
1561 3301 1600 3332 de
1624 3300 1756 3332 Iudaeis.
1780 3313 1795 3329 »
1821 3300 1983 3332 Pontificis
2005 3300 2100 3331 verba
2127 3305 2218 3331 sunt:
2242 3298 2316 3329 Etsi
2334 3297 2389 3329 Iu-

1317 3345 1433 3384 daeos,
1463 3355 1543 3386 quos
1560 3346 1697 3386 propria
1730 3346 1825 3386 culpa
1848 3345 1993 3377 submisit
2017 3349 2196 3385 perpetuae
2222 3342 2387 3379 seruituti,

1311 3391 1419 3430 pietas
1442 3390 1618 3421 christiana
1642 3395 1779 3431 receptet
1808 3395 1838 3421 et
1863 3390 2021 3421 sustineat
2050 3388 2312 3420 cohabitationem
2338 3395 2393 3417 eo·-

1317 3444 1389 3465 rum
1415 3441 1472 3465 etc.
1498 3434 1589 3465 Hanc
1613 3434 1787 3466 innocendi
1811 3433 1999 3465 sententiam
2023 3442 2084 3464 suo
2105 3432 2139 3463 in
2153 3429 2321 3472 opusculo
2338 3439 2387 3460 ex-

196 3493 210 3507 »
233 3481 312 3520 lum,
333 3483 513 3523 inquientis,
534 3491 592 3511 nec
611 3479 801 3511 methodum
815 3479 914 3510 sancti
929 3478 1087 3510 Thomae.
1109 3478 1262 3510 Attribui-
1316 3478 1428 3519 pressit
1451 3478 1605 3520 Aquinas,
1625 3479 1689 3510 sive
1713 3478 1820 3510 iunior
1838 3477 1995 3520 scripserit
2010 3477 2091 3508 illud
2113 3476 2177 3508 sive
2198 3480 2297 3506 aetate
2314 3484 2387 3514 pro-

197 3537 212 3552 »
235 3531 285 3556 tur
308 3533 415 3557 autem
430 3536 448 3557 a
463 3524 754 3557 nomenclatoribus
773 3524 963 3564 scriptorum
979 3522 1262 3555 ecclesiasticorum
1315 3529 1432 3554 vectus.
