2548 4192
2270 293 2370 324 CCXV*

757 626 762 631 ,
812 559 1454 626 DISSERTATIO
1511 564 1709 626 XVI.

266 726 333 767 De
361 725 616 776 praecipuis
647 725 861 766 Summae
887 724 1191 777 Theologicae
1221 728 1505 777 editionibus,
1535 741 1635 769 cum
1662 731 1923 771 mendorum
1948 731 2244 772 correctione:

446 797 588 847 deque
617 797 814 847 genuino
843 797 1046 838 eiusdem
1073 801 1204 838 textu
1237 811 1465 849 nunquam
1493 803 1539 840 et
1566 801 1776 851 nuspiam
1804 803 2067 851 depravato.

558 1201 757 1238 CAPUT
792 1203 818 1238 1.

156 1297 358 1333 Typographiae
377 1298 472 1332 menda
491 1297 592 1330 aliaque
616 1298 642 1322 id
660 1305 743 1330 genus
763 1298 919 1328 indicantur,
941 1305 1008 1331 quae
1027 1298 1052 1322 in
1068 1302 1184 1322 vetustas
1204 1305 1233 1322 ac

230 1335 376 1361 Romanam
387 1333 449 1358 anni
468 1332 534 1366 1570
549 1333 674 1358 editiones
689 1333 856 1366 irrepserunt.
870 1333 898 1358 ln
912 1341 943 1358 ea
957 1333 1058 1358 mendis
1069 1333 1233 1366 expurganda

158 1379 183 1383 ‘⁷
200 1377 211 1381 ⁷
228 1369 356 1395 Francisci
371 1369 478 1394 Garciae
493 1369 621 1393 studium:
637 1368 810 1401 eiusdemque
823 1369 884 1393 vitia
900 1370 1032 1394 nonnulla.
1047 1369 1174 1393 Dominici
1189 1368 1232 1393 Ni-

228 1405 305 1431 colini
319 1403 473 1438 typographi
488 1404 580 1429 Veneti
594 1404 741 1429 oscitantia:
757 1404 887 1437 diligentia
896 1412 960 1429 vero
975 1405 1087 1430 Cosmae
1101 1405 1232 1429 Morelles.

365 1523 386 1543 .·
407 1511 556 1573 ‘Nyaud
579 1521 694 1551 operae
718 1511 922 1552 dispendium
945 1511 1059 1549 ullum,
1087 1511 1141 1541 sed
1165 1521 1232 1551 pre-

396 1559 405 1572 '‘
448 1553 479 1597 §f
492 1556 575 1586 tium
599 1555 709 1596 utique
729 1555 834 1594 fuerit,
856 1556 1067 1596 Theologicae
1083 1565 1100 1585 a
1123 1562 1232 1586 sancto

379 1634 388 1642 “
448 1599 623 1631 Thoma
653 1599 813 1640 Aquinate
852 1600 1052 1630 elucubratae
1081 1600 1235 1630 Summae

449 1635 480 1683 Σὲ
494 1643 678 1685 praecipuas
698 1644 862 1682 editiones,
880 1654 962 1685 quae
986 1643 1173 1684 prodierunt
1186 1654 1232 1674 re-

449 1657 639 1753 chenserffi
659 1688 775 1718 menda
791 1688 886 1719 etiam
901 1688 1049 1727 indicare,
1066 1698 1147 1730 quae
1168 1688 1232 1719 sive

454 1740 481 1778 ,1
495 1732 584 1773 prelo
600 1739 720 1763 errante
743 1733 807 1763 sive
831 1732 1031 1763 librariorum
1051 1732 1233 1771 oscitantia,

494 1777 528 1807 in
548 1777 651 1818 operis
675 1776 934 1817 praestantissimi
955 1783 1076 1807 textum
1102 1776 1231 1816 irrepse-

160 1830 249 1863 runt;
269 1829 364 1864 atque
379 1822 512 1852 demum
531 1820 727 1862 frequentius
743 1821 897 1851 adhibitas
914 1831 931 1851 a
946 1820 1020 1851 viris
1036 1820 1232 1861 peritissimis

159 1868 267 1910 palam
290 1866 392 1897 facere
408 1865 638 1905 castigationes,
658 1864 737 1906 quin
753 1865 827 1895 inde
843 1865 966 1905 opponi
983 1865 1149 1906 quidpiam
1164 1865 1231 1896 iure

161 1917 266 1954 queat,
291 1910 380 1952 quod
395 1910 536 1940 invectae
554 1909 807 1949 interpolationis
832 1909 1109 1950 corruptionisque
1131 1909 1232 1950 suspi—

160 1955 287 1995 cionem
309 1954 410 1985 ullam
425 1954 554 1994 ingerat.
571 1953 754 1984 Nonnullos
779 1963 854 1994 ergo
877 1964 978 1984 vanos
1002 1953 1159 1992 homines,
1177 1953 1233 1994 qui

160 2006 343 2041 corruptam
358 1998 564 2039 vitiatamque
580 1998 646 2029 divi
666 1998 806 2028 Thomae
821 1998 999 2036 Summam,
1012 2008 1110 2039 quam
1127 2008 1232 2028 recen-

157 2044 254 2077 tiores
277 2043 462 2085 praesertim
484 2042 631 2073 exhibent
646 2042 810 2080 editiones,
828 2049 883 2073 aut
899 2042 1005 2083 palam
1021 2042 1158 2073 clamant
1179 2049 1233 2073 aut

157 2089 241 2121 clam
251 2088 429 2127 mussitant,
442 2087 636 2118 cohibendos
647 2087 827 2127 adgreditur
834 2087 910 2118 haec
921 2093 1029 2118 nostra
1036 2087 1230 2118 Dissertatio.

225 2133 276 2164 Ab
300 2132 373 2163 artis
393 2131 639 2173 typographicae
661 2131 861 2162 incunabulis
882 2131 1036 2171 plurimae
1064 2141 1099 2162 ac
1115 2131 1233 2162 fermae

158 2178 343 2209 innumerae
366 2176 553 2217 prodierunt
568 2175 681 2216 Operis
701 2175 939 2216 praeclarissimi
964 2175 1136 2217 editiones3
1155 2186 1233 2217 qua-

159 2232 233 2253 rum
256 2221 334 2252 aliae
357 2230 413 2261 per
427 2227 541 2260 partes,
558 2219 717 2260 integrum
740 2220 820 2251 illud
839 2219 999 2261 simulque
1015 2227 1122 2251 totum
1145 2230 1232 2260 prae-

160 2272 243 2297 stant
252 2265 341 2296 aliae.
351 2265 539 2306 Praecipuas
554 2270 693 2295 recenset
703 2264 960 2305 diligentissimus
975 2265 1108 2295 Iacobus
1117 2265 1234 2295 Echar-

159 2310 231 2349 dus,
254 2308 439 2340 nominibus
463 2308 712 2350 typothetarum,
729 2309 871 2350 locisque
886 2316 916 2340 et
940 2309 1030 2340 annis
1056 2309 1234 2340 editionum

159 2365 196 2386 ac
224 2352 430 2385 voluminum
453 2353 564 2384 formis
597 2353 771 2392 adnotatis;
796 2353 960 2395 doctisque
992 2353 1065 2384 viris
1094 2363 1234 2384 comme-

162 2398 304 2437 moratis,
321 2398 377 2439 qui
393 2398 520 2428 easdem
543 2397 650 2428 labore
673 2397 776 2428 multo
801 2408 994 2439 summoque
1018 2398 1124 2428 studio
1144 2408 1234 2428 accu-

161 2449 280 2474 rarunt.
296 2443 374 2473 Post
395 2448 533 2472 vetustas
557 2442 773 2483 quamplures,
795 2442 860 2472 sive
883 2442 989 2473 nitidis
1013 2442 1077 2472 sive
1100 2442 1234 2482 gothicis

161 2485 213 2530 (ut
228 2485 330 2529 aiunt)
342 2486 570 2516 characteribus
586 2486 738 2526 vulgatas,
749 2487 896 2516 Romana
912 2486 1030 2526 prodiit
1045 2496 1129 2516 anno
1152 2487 1233 2527 1570

161 2537 232 2562 tum
255 2530 407 2561 Summae
443 2530 674 2571 Theologicae,
699 2537 770 2560 tum
799 2530 948 2561 omnium
981 2537 1011 2561 et
1034 2530 1234 2570 singulorum

159 2574 302 2616 Angelici
319 2573 466 2605 Doctoris
483 2574 628 2614 Operum
645 2574 740 2605 editio
757 2574 790 2604 in
814 2574 904 2614 folio,
922 2574 1018 2605 tomis
1042 2574 1128 2605 XVII
1147 2585 1234 2605 com-

160 2618 326 2661 prehensa,
343 2619 431 2649 iussu
448 2618 495 2648 Pii
509 2619 538 2649 V
555 2618 716 2649 Pontificis
732 2618 881 2649 Maximi:
902 2629 1034 2659 operam
1050 2629 1142 2649 suam
1159 2629 1234 2649 con-

159 2663 351 2702 ferentibus,
384 2668 420 2693 ut
451 2668 636 2704 expurgata
666 2663 807 2703 undique
831 2673 1034 2704 prorsusque
1064 2663 1232 2703 splendida

161 2707 362 2745 redderetur,
379 2707 547 2738 Vincentio
573 2706 746 2737 Iustiniano
762 2714 793 2738 et
811 2707 940 2738 Thoma
962 2707 1155 2748 Manriques,
1173 2707 1233 2738 exi-

161 2752 234 2783 miis
256 2751 514 2782 Praedicatorum
537 2751 666 2782 Ordinis
689 2751 821 2782 alumni.

228 2796 321 2828 Votis
344 2795 490 2837 curisque
514 2795 659 2826 adhibitis
683 2795 769 2826 haud
791 2796 872 2826 bene
896 2795 997 2834 cessit,
1026 2806 1100 2827 cum
1124 2796 1235 2826 eadem

162 2846 278 2872 scateat
300 2850 367 2871 non
383 2840 494 2880 paucis
516 2840 640 2870 mendis
654 2841 801 2870 Romana
817 2840 931 2879 editio,
952 2840 1159 2881 purioresque
1175 2840 1235 2871 fer—

163 2895 216 2915 me
239 2884 312 2923 sint,
329 2894 410 2925 quae
433 2884 498 2914 iam
521 2890 612 2915 antea
635 2884 825 2925 prodierant.
843 2884 958 2915 Menda
982 2894 1098 2925 nempe
1121 2884 1234 2915 intelli-

164 2938 222 2969 go,
247 2938 328 2968 quae
350 2928 402 2958 vel
431 2928 586 2959 incuriam
616 2929 855 2969 typothetarum
874 2929 924 2959 vel
948 2938 1062 2959 eorum
1089 2929 1144 2969 qui
1168 2939 1235 2959 ma-

165 2971 343 3012 nuscriptos
377 2972 500 3003 codices
533 2973 780 3003 transcribebant
802 2972 1001 3003 oscitantiam
1031 2979 1086 3004 aut
1108 2973 1235 3013 imperi-

163 3016 243 3047 tiam
264 3025 393 3046 causam
420 3016 545 3046 habent.
572 3017 654 3047 Rem
686 3016 850 3047 nonnullis
878 3017 1052 3057 patefacere
1085 3017 1236 3057 exemplis

165 3060 266 3098 liceat,
283 3060 429 3090 Romana
452 3060 603 3090 Summae
626 3060 840 3100 Theologicae
864 3061 1001 3091 editione
1025 3061 1139 3092 collata
1162 3071 1237 3091 cum

165 3110 290 3134 vetusto
315 3103 495 3143 exemplari,
511 3104 600 3144 quod
623 3111 748 3144 praesto
772 3111 829 3143 est,
845 3105 980 3145 gothicis
1009 3105 1236 3136 characteribus

172 3148 308 3179 Venetiis
330 3147 485 3187 impresso
502 3157 566 3187 per
588 3148 761 3179 Antonium
790 3149 830 3179 de
852 3149 963 3180 Strata
987 3150 1027 3180 de
1056 3149 1235 3188 Cremona,

167 3202 254 3223 anno
277 3191 317 3222 ab
347 3191 578 3222 Incarnatione
600 3191 686 3234 1489
711 3192 763 3223 die
785 3198 827 3230 24
857 3193 1041 3224 decembris.
1068 3193 1235 3231 Quaestio-

168 3247 208 3267 ne
231 3247 253 3275 1,
269 3235 354 3266 artic.
380 3246 401 3265 v
423 3235 456 3265 in
480 3245 507 3266 c.
526 3235 640 3275 legitur
671 3236 704 3266 in
726 3237 890 3267 Romana:
909 3238 1131 3268 Practicarum
1161 3247 1236 3268 vero

167 3281 375 3312 scientiarum
392 3280 448 3310 illa
470 3279 602 3320 dignior
617 3285 673 3317 est,
693 3290 776 3321 quae
798 3281 842 3311 ad
864 3282 1048 3312 ulteriorem
1055 3281 1160 3322 finem
1183 3291 1236 3311 or-

168 3325 312 3356 dinatur.
330 3323 482 3364 Sphalma
503 3323 627 3354 videtur
650 3333 732 3363 esse,
755 3334 822 3365 quo
846 3331 929 3356 caret
951 3325 1091 3363 Veneta,
1116 3325 1150 3355 in
1173 3335 1237 3365 qua

168 3369 299 3409 legitur:
319 3368 411 3405 Quae
420 3368 463 3398 ad
473 3367 657 3398 ulteriorem
657 3368 762 3409 finem
774 3378 837 3398 non
853 3369 1034 3399 ordinatur.
1047 3369 1175 3406 Quaest.
1192 3379 1236 3407 111,

169 3420 224 3444 art.
241 3422 300 3443 v111
324 3413 357 3442 in
381 3422 406 3443 c.
424 3412 468 3442 sic
484 3411 578 3442 habet
592 3411 645 3442 illa
667 3412 700 3442 in
723 3411 786 3442 fine
802 3412 957 3443 secundae
974 3412 1122 3443 rationis:
1146 3412 1238 3442 Unde

167 3458 259 3488 Deus
275 3462 382 3497 potest
405 3466 472 3487 esse
496 3465 579 3496 pars
610 3456 748 3486 alicuius
771 3457 935 3496 compositi
941 3463 955 3494 ,⁶
974 3462 1004 3486 at
1026 3466 1102 3486 vero
1135 3462 1166 3486 et
1189 3466 1237 3486 ca-

167 3501 288 3532 tholico
305 3511 399 3532 sensu
423 3501 560 3532 Veneta:
583 3500 676 3530 Unde
690 3500 780 3530 Deus
796 3509 859 3530 non
876 3505 984 3540 potest
999 3509 1067 3530 esse
1076 3509 1160 3540 pars
1178 3499 1237 3529 ali-

169 3546 261 3576 cuius
277 3546 449 3586 compositi.
467 3545 501 3575 In
519 3544 583 3583 illa,
598 3554 629 3585 q.
644 3554 688 3583 iv,
705 3551 761 3575 art.
778 3554 800 3583 1,
818 3554 882 3584 arg.
904 3555 914 3574 1
939 3543 982 3574 sic
998 3543 1146 3574 habetur:
1163 3543 1237 3573 Non

169 3591 316 3620 convenit
338 3599 406 3621 esse
415 3589 559 3630 factum,
579 3589 636 3619 sed
653 3589 724 3619 Deo
730 3596 743 3626 ;
761 3588 794 3619 in
810 3588 885 3619 ista:
906 3588 970 3618 Sed
987 3588 1058 3618 Deo
1078 3597 1140 3618 non
1165 3597 1237 3618 con-

170 3634 256 3664 venit
278 3643 347 3665 esse
360 3633 502 3675 factum,
520 3633 658 3674 genuina
681 3632 797 3664 scilicet
819 3632 989 3663 verborum
1014 3638 1169 3663 structura
1191 3642 1237 3662 re-

1286 1208 1380 1232 tenta.
1399 1202 1439 1239 Q.
1457 1212 1487 1240 v,
1505 1209 1560 1233 art.
1577 1213 1608 1241 v,
1625 1203 1664 1232 ad
1690 1212 1706 1232 2
1733 1211 1913 1244 corruptam
1937 1205 2105 1236 lectionem
2134 1214 2268 1246 praestat
2291 1209 2356 1238 Ro-

1287 1253 1397 1276 mana:
1418 1246 1509 1276 Sicut
1530 1246 1642 1277 albedo
1666 1257 1730 1277 non
1760 1247 1879 1278 dicitur
1902 1259 1968 1286 ens,
1995 1251 2070 1290 quia
2095 1251 2163 1290 ipsa
2187 1252 2219 1281 in
2243 1252 2353 1292 aliquo

1286 1291 1346 1321 sit:
1364 1290 1421 1321 sed
1443 1292 1518 1331 quia
1543 1292 1612 1331 ipsa
1636 1291 1759 1332 aliquid
1782 1297 1829 1323 est
1850 1293 2025 1324 secundum
2057 1294 2143 1334 quid,
2169 1301 2204 1326 ut
2226 1296 2356 1334 album,·

1287 1341 1318 1364 at
1340 1344 1490 1374 germana
1505 1335 1599 1365 lectio
1619 1335 1755 1366 occurrit
1777 1335 1810 1366 in
1834 1337 1970 1367 Veneta:
1991 1338 2081 1369 Sicut
2098 1339 2210 1369 albedo
2230 1350 2291 1370 non
2308 1340 2356 1371 di-

1287 1379 1372 1409 citur
1395 1389 1462 1417 ens,
1479 1380 1554 1420 quia
1572 1381 1640 1420 ipsa
1664 1380 1772 1420 aliquo
1795 1382 1855 1412 sit:
1873 1381 1930 1412 sed
1945 1391 2002 1412 ens
2025 1380 2180 1426 (dicitur)
2197 1385 2271 1424 quia
2288 1385 2356 1424 ipsa

1286 1423 1410 1463 aliquid
1433 1429 1480 1454 est
1501 1424 1676 1456 secundum
1701 1424 1788 1465 quid,
1805 1430 1840 1455 ut
1863 1426 1981 1457 album.
1999 1427 2034 1456 In
2058 1427 2161 1467 priore
2186 1429 2356 1467 sententiae

1286 1468 1443 1507 membro,
1461 1478 1640 1508 pronomen
1659 1469 1727 1508 ipsa
1751 1468 1784 1498 in
1807 1476 1892 1500 recto
1912 1471 2133 1511 accipiendum
2156 1479 2212 1510 est,
2229 1472 2262 1502 in
2278 1473 2357 1503 obli-

1286 1522 1352 1552 quo
1377 1519 1408 1543 et
1430 1512 1567 1543 ablativo
1592 1522 1665 1543 casu
1689 1512 1722 1543 in
1746 1514 1930 1553 posteriore.
1949 1515 1988 1552 Q.
2006 1526 2064 1553 vn,
2081 1523 2137 1546 art.
2155 1526 2197 1554 rv,
2213 1516 2246 1546 in
2270 1527 2295 1547 c.
2315 1517 2358 1548 sic

1286 1556 1380 1586 habet
1403 1557 1568 1587 Romana:
1591 1557 1675 1594 Quia
1694 1563 1904 1598 augmentum
1922 1560 2136 1590 multitudinis
2153 1561 2359 1601 consequitur

1286 1601 1473 1631 divisionem
1505 1601 1720 1632 multitudinis
1726 1609 1739 1639 ;
1758 1602 1933 1641 sphalmate
1957 1603 2093 1643 reiecto,
2120 1605 2163 1636 sic
2186 1605 2300 1645 legitur
2323 1605 2356 1636 in

1286 1645 1423 1675 Veneta:
1448 1645 1534 1682 Quia
1550 1651 1759 1686 augmentum
1777 1647 1991 1678 multitudinis
2007 1650 2212 1690 consequitur
2229 1649 2356 1680 divisio-

1286 1699 1357 1719 nem
1382 1689 1617 1730 magnitudinis

1353 1733 1493 1764 Plurima
1509 1733 1627 1773 passim
1643 1742 1812 1766 occurrunt
1827 1735 1858 1765 id
1875 1746 1974 1776 genus
1999 1743 2116 1775 errata;
2136 1747 2277 1778 quorum
2292 1738 2356 1779 ple-

1286 1777 1402 1818 risque,
1418 1787 1484 1808 non
1501 1777 1662 1817 omnibus,
1680 1786 1784 1809 carent
1800 1779 1919 1819 priores
1935 1787 2076 1812 vetustae
2091 1781 2260 1812 editiones:
2277 1782 2358 1813 inter

1286 1832 1365 1862 quas
1389 1831 1567 1852 memorare
1591 1822 1686 1853 etiam
1710 1823 1810 1862 liceat,
1827 1834 1908 1865 quae
1925 1825 2008 1866 typis
2032 1826 2149 1865 prodiit
2165 1836 2229 1866 per
2252 1828 2356 1868 magi-

1285 1871 1389 1897 strum
1412 1866 1578 1897 Albertum
1611 1867 1652 1897 de
1674 1867 1826 1898 Stendael
1857 1879 1944 1899 anno
1975 1870 2108 1900 Domini
2137 1870 2223 1910 1473
2251 1870 2303 1901 die
2335 1871 2359 1901 5

1286 1911 1404 1941 mensis
1427 1910 1573 1941 octobris.
1600 1911 1742 1942 Laudata
1765 1912 1884 1943 Veneta
1917 1914 2061 1953 superior
2093 1914 2188 1944 editio
2218 1914 2356 1955 reliquas

1291 1955 1502 1996 Theologicae
1525 1955 1677 1986 Summae
1695 1962 1798 1996 partes
1821 1957 1966 1997 gothicis,
1985 1965 2019 1988 ut
2035 1958 2268 1996 adnotavimus,
2286 1959 2358 1989 cha-

1286 1999 1456 2030 racteribus
1479 2006 1629 2040 praestat:
1650 2010 1717 2030 non
1741 2001 1854 2031 eodem
1870 2007 1976 2032 tamen
1999 2012 2084 2032 anno
2104 2002 2282 2042 impressas,
2299 2013 2357 2034 nec

1287 2043 1402 2074 eodem
1436 2043 1649 2085 typographo.
1682 2044 1756 2074 Pars
1779 2045 1885 2075 Prima
1918 2046 2081 2077 Secundae
2110 2047 2205 2087 partis
2239 2047 2357 2087 prodiit

1280 2098 1344 2128 per
1367 2088 1522 2118 Ioannem
1538 2088 1683 2119 Rubeum
1707 2089 1947 2128 Vercellensem,
1965 2101 2051 2121 anno
2067 2091 2107 2121 ab
2126 2091 2357 2122 Incarnatione

1285 2133 1419 2163 Domini
1450 2138 1534 2174 1497
1555 2133 1607 2163 die
1637 2133 1748 2164 ultimo
1773 2134 1852 2164 iulii.
1878 2135 1971 2165 Liber
2003 2135 2159 2165 secundus
2183 2135 2278 2175 partis
2301 2136 2356 2166 Se-

1287 2177 1420 2215 cundae,
1447 2176 1590 2208 eiusdem
1613 2177 1748 2208 Ioannis
1770 2178 1873 2208 Rubei
1901 2179 2108 2210 Vercellensis
2131 2189 2210 2210 cura
2234 2190 2254 2209 v
2283 2179 2356 2211 idus

1286 2222 1417 2252 sextiles
1441 2220 1536 2263 1496.
1553 2222 1660 2252 Tertia
1684 2222 1819 2262 denique
1843 2233 1914 2262 pars
1937 2232 2012 2253 cum
2035 2223 2276 2263 Supplemento,
2292 2234 2357 2264 per

1287 2266 1467 2306 Philippum
1506 2266 1651 2307 Pinzium
1690 2272 1901 2296 mantuanum
1942 2277 2028 2298 anno
2060 2267 2174 2298 salutis
2210 2267 2355 2299 Domini-

1288 2320 1345 2341 cae
1368 2310 1456 2351 1493
1479 2310 1530 2340 die
1553 2319 1587 2340 12
1609 2311 1804 2350 septembris.

1357 2355 1394 2385 II.
1414 2355 1505 2385 Hanc
1528 2355 1709 2385 Romanam
1733 2354 1920 2394 editionem,
1945 2366 1985 2386 ne
2009 2355 2120 2386 fucum
2142 2356 2211 2396 ipsa
2232 2356 2356 2387 lectori·

1288 2399 1348 2429 bus
1372 2398 1486 2429 faceret
1508 2409 1543 2429 ac
1571 2398 1782 2439 imposterum
1805 2398 1938 2430 Summa
1967 2400 2158 2442 Ilieologica
2175 2406 2211 2431 ut
2233 2400 2356 2431 mendis

1289 2449 1459 2484 expurgata
1482 2442 1640 2483 prodiret,
1668 2443 1886 2483 corrigendam
1909 2444 2073 2484 adgressus
2097 2451 2143 2475 est
2171 2445 2355 2475 Franciscus

1289 2487 1433 2525 Garcias,
1463 2487 1591 2517 natione
1620 2487 1805 2518 castellanus
1829 2487 1862 2518 in
1885 2488 2059 2529 Hispania,
2084 2488 2281 2529 professione
2304 2499 2356 2519 va-

1287 2531 1426 2562 lentinus
1456 2531 1488 2561 in
1520 2531 1686 2562 Provincia
1715 2532 1893 2572 Aragoniae
1926 2532 2054 2564 Ordinis
2089 2533 2354 2564 Praedicatorum.

1288 2576 1448 2606 Libellum
1485 2576 1693 2606 Tarraconae
1715 2576 1803 2616 apud
1833 2577 2013 2617 Philippum
2046 2578 2129 2618 Mey·
2155 2587 2242 2608 anno
2273 2576 2360 2617 1578

1286 2620 1436 2660 vulgavit,
1459 2620 1602 2650 Antonio
1634 2620 1816 2660 Augustino
1849 2621 2097 2662 Archiepiscopo
2128 2621 2357 2652 Tarraconensi

1288 2665 1438 2703 dicatum,
1466 2664 1517 2694 cui
1541 2664 1666 2695 titulus:
1695 2665 1887 2696 Emendatio
1911 2675 2021 2696 eorum
2046 2671 2249 2704 erratorum,
2272 2675 2355 2706 quae

1289 2709 1496 2739 librariorum
1520 2714 1577 2739 aut
1599 2709 1877 2750 typographorum
1903 2711 2029 2740 incuria
2046 2711 2078 2740 in
2098 2710 2230 2740 Summa
2259 2710 2356 2740 Theo-

1289 2754 1396 2794 logica
1419 2763 1446 2784 s.
1477 2753 1616 2783 Thomae
1638 2753 1792 2784 hactenus
1815 2753 1956 2784 admissa
1989 2755 2241 2794 reperiebantur.
2269 2753 2356 2790 Quid

1289 2798 1356 2838 ipse
1380 2797 1567 2838 praestiterit
1589 2797 1743 2837 quibusve
1772 2798 1918 2828 subsidiis
1942 2798 2172 2838 optatissimam
2195 2797 2357 2838 perfecerit

1290 2841 1563 2879 emendationem,
1585 2841 1617 2871 in
1640 2842 1779 2881 Prologo
1802 2849 1906 2873 narrat
1928 2842 1976 2872 his
2007 2842 2124 2872 verbis:
2149 2855 2164 2870 α
2182 2842 2357 2882 Selegimus

1293 2899 1307 2914 »
1331 2896 1406 2926 ergo
1430 2896 1466 2916 ex
1490 2885 1639 2916 omnibus
1663 2886 1893 2926 exemplaribus
1923 2886 2018 2925 illud,
2043 2887 2131 2927 quod
2161 2886 2356 2916 emendatius

1293 2943 1308 2958 »
1331 2937 1494 2970 reputatur
1514 2936 1544 2960 et
1567 2930 1710 2970 profecto
1742 2937 1803 2961 est:
1823 2930 1902 2960 illud
1925 2931 2050 2968 scilicet,
2068 2930 2156 2971 quod
2179 2930 2271 2960 modo
2293 2930 2356 2960 Ro-

1294 2988 1308 3003 »
1331 2985 1403 3005 mae
1426 2972 1525 3016 (anno
1555 2972 1651 3016 1570)
1676 2974 1736 3004 fuit
1759 2982 1927 3012 excusum3
1954 2981 1989 3005 ut
2019 2975 2074 3004 illo
2099 2974 2224 3014 penitus
2247 2984 2356 3014 repur—

1293 3032 1308 3047 »
1330 3025 1415 3059 gato,
1432 3018 1472 3048 ad
1494 3018 1579 3048 illius
1602 3018 1821 3048 rectitudinem
1845 3025 1875 3048 et
1897 3029 2044 3048 normam
2067 3018 2127 3048 alia
2158 3025 2288 3058 possent
2310 3028 2356 3049 re—

1293 3076 1307 3090 »
1330 3062 1457 3103 purgari
1477 3062 1594 3092 omnia.
1613 3063 1648 3092 ln
1671 3062 1730 3092 ista
1746 3062 1966 3093 emendatione
1989 3063 2069 3092 hanc
2085 3062 2241 3093 rationem
2257 3062 2356 3093 secuti

1293 3119 1308 3134 ›
1331 3117 1452 3137 sumus.
1469 3106 1656 3136 Docti-inam
1674 3106 1820 3136 traditam
1842 3106 1876 3136 in
1899 3106 1972 3137 divo
1989 3106 2118 3137 Thoma
2141 3104 2228 3147 prius
2252 3113 2356 3137 exacte

1293 3163 1308 3178 s
1330 3151 1566 3190 intelligendam
1589 3150 1810 3181 curabamus...
1835 3151 1876 3181 Et
1898 3150 1998 3181 sicubi
2021 3151 2205 3190 obscuritas,
2220 3157 2275 3181 aut
2297 3151 2355 3181 im-

1294 3208 1308 3223 »
1331 3194 1515 3235 proprietas,
1532 3200 1588 3224 aut
1610 3194 1812 3232 dissonantia,
1829 3204 1910 3235 quae
1934 3205 1952 3224 a
1974 3204 2049 3225 vero
2074 3202 2104 3225 et
2132 3205 2283 3234 germano
2307 3195 2356 3225 lit-

1294 3252 1309 3266 »
1332 3246 1414 3270 terae
1438 3248 1532 3268 sensu
1554 3244 1584 3268 et
1612 3248 1630 3267 a
1653 3249 1677 3269 s.
1694 3238 1841 3269 Doctoris
1860 3239 2018 3278 praeclaro
2035 3239 2163 3279 ingenio
2187 3239 2354 3269 abhorrere

1293 3296 1308 3310 »
1330 3283 1496 3320 videretur,
1508 3282 1700 3320 occurrebat;
1715 3282 1820 3313 statim
1835 3283 2022 3323 exemplaria
2038 3283 2157 3313 diversa
2172 3282 2355 3313 consuleba-

1293 3340 1308 3354 »
1331 3337 1414 3364 mus,
1441 3325 1623 3366 praesertim
1645 3327 1802 3366 quaedam
1825 3326 2056 3367 manuscripta,
2082 3337 2163 3367 quae
2192 3328 2224 3356 in
2249 3326 2356 3356 biblio-

1293 3382 1308 3397 »
1331 3371 1421 3400 theca
1457 3369 1693 3400 Tarraconensi
1723 3377 1844 3410 reperta
1867 3377 1960 3409 sunt,
1985 3370 2202 3411 antiquissima
2225 3370 2356 3410 quidem

1294 3427 1309 3441 )>
1331 3414 1394 3452 illa,
1412 3420 1442 3443 et
1457 3423 1539 3453 quae
1563 3413 1601 3443 de
1617 3413 1727 3454 primis
1742 3414 1917 3455 archetypis
1934 3424 1999 3444 esse
2015 3414 2210 3444 videbantur.
2229 3414 2264 3443 In
2281 3424 2355 3444 con-

1294 3470 1309 3484 »
1332 3457 1535 3498 sultationem
1558 3467 1688 3498 quoque
1706 3457 1943 3496 adhibebantur,
1960 3458 2119 3488 interdum
2139 3458 2260 3488 Tabula
2276 3458 2356 3488 Ber-

1295 3513 1309 3528 »
1331 3502 1431 3542 gomi,
1448 3501 1640 3541 Pantologia
1655 3501 1803 3531 Rainerii
1825 3501 2024 3542 aliorumque
2045 3508 2188 3532 veterum
2202 3501 2283 3540 libri,
2300 3501 2356 3542 qui

1295 3557 1310 3572 ι»
1332 3545 1465 3575 verbum
1489 3554 1506 3574 e
1521 3545 1617 3575 verbo
1641 3555 1678 3575 ex
1694 3545 1851 3585 Operibus
1875 3545 1938 3575 divi
1955 3545 2102 3576 Thomae
2117 3546 2236 3586 sumpti
2252 3545 2354 3576 fuere:

1296 3601 1310 3615 >v
1332 3589 1365 3619 in
1389 3589 1504 3629 quibus
1528 3588 1699 3629 aliquando
1723 3589 1828 3619 lucem
1855 3589 1995 3630 aliquam
2017 3589 2217 3620 inveniebam
2240 3590 2279 3620 ad
2301 3599 2356 3620 ve-

1296 3645 1311 3660 »
1333 3643 1401 3663 ram
1415 3639 1446 3663 et
1460 3642 1643 3673 germanam
1652 3633 1821 3664 lectionem
1835 3634 2096 3674 reperiendam...
2109 3634 2182 3664 1111·
2197 3634 2251 3664 11²0
2266 3643 2358 3675 prae-
