2788 4204
235 901 301 936 Ἐπ

241 1124 288 1157 Τό

1105 294 1216 331 CAP.
1246 295 1298 341 X,
1328 295 1478 332 LECT.
1509 295 1561 331 IX

992 556 1356 616 LECTIO
1409 561 1669 615 NONA

338 697 618 740 PROPTER
652 696 800 748 QUID
834 695 1071 738 POTEST
1105 696 1520 738 MANIFESTARI
1551 697 1612 737 IN
1647 696 1947 749 QUATUOR
1981 698 2321 747 GENERIBUS

1159 771 1500 812 CAUSARUM

306 905 332 934 εὶ
357 897 395 933 δὲ
420 898 629 933 ἐπίστασθαι
647 897 787 942 οἰόμεθα
813 897 896 930 ὅταν
921 894 999 930 εἰδῶ
1028 909 1061 929 εν
1087 897 1150 934 την
1174 898 1304 936 αἰτίαν,

309 947 422 978 αἰτίαι
446 943 483 977 δὲ
508 944 689 988 τέτταρες,
708 945 768 987 μία
793 943 853 986 μέν
871 942 912 975 τὸ
937 945 970 976 τί
996 954 1036 980 ην
1064 939 1162 983 εἶναι,
1183 944 1244 985 μία
1269 939 1307 973 δὲ

308 991 350 1023 τὸ
377 992 475 1021 τίνων
500 989 607 1021 ὄντων
635 988 765 1032 ἀνάγκη
793 988 890 1018 τοῦτ’
919 985 1018 1028 εἶναι,
1045 986 1146 1029 ἑτέρα
1171 983 1208 1018 δέ
1233 984 1254 1022 ἥ
1272 997 1306 1018 τι

308 1036 441 1080 πρῶτον
467 1035 610 1075 ἐκίνησε,
630 1034 782 1077 τετάρτη
809 1028 846 1063 δὲ
871 1031 912 1063 τὸ
939 1034 1027 1069 τίνος
1058 1030 1168 1072 ἕνεκα,
1196 1030 1306 1062 πᾶσαι

309 1080 418 1112 αὗται
442 1074 502 1110 διαὶ
526 1079 588 1111 τοῦ
613 1077 716 1122 μέσου
741 1073 946 1108 δείκνυνται.

313 1136 351 1156 τε
375 1124 441 1169 γαῖρ
474 1122 512 1154 οὗ
539 1122 635 1159 ὄντος
661 1118 737 1155 τοδὶ
764 1120 895 1166 ἀνάγκη
923 1117 1007 1151 εἶναι
1039 1120 1117 1163 μιᾶς
1143 1118 1202 1162 μὲν
1228 1129 1306 1160 προ-

309 1167 439 1205 τάσεως
466 1165 645 1210 ληφθείσης
673 1167 732 1198 οὐκ
758 1164 854 1205 ἐστι,
881 1160 971 1196 δυοῖν
997 1160 1034 1195 δέ
1059 1162 1305 1207 τούλάχιστον·

308 1213 416 1244 τοῦτο
442 1207 471 1242 δ’
500 1209 606 1252 ἐστίν,
635 1210 719 1243 ὅταν
745 1210 778 1241 ἓν
803 1208 904 1253 μέσον
931 1209 1062 1252 ἔχωσιν.
1091 1206 1224 1238 Τούτου
1251 1203 1306 1237 οὖν

309 1256 379 1293 ἐνὸς
402 1254 587 1299 ληφθέντος
612 1255 654 1288 τὸ
678 1252 906 1298 συμπέρασμα
933 1251 1064 1297 ἀνάγκη
1091 1247 1189 1282 εἶναι.
1238 1254 1253 1256 ”

241 1301 349 1338 Δῆλον
374 1296 411 1332 δὲ
434 1301 493 1331 καὶ
518 1295 596 1332 ὦδε.
622 1298 684 1330 Διοὶ
709 1301 742 1331 τί
762 1295 778 1330 ὁ
799 1296 841 1334 Ori
860 1298 880 1334 ἡ
900 1297 932 1328 ἐν
950 1297 1151 1338 ἧμικυκλίῳ;
1178 1293 1198 1331 ἦ
1217 1297 1306 1331 τίνος

309 1343 407 1382 ὄντος
433 1343 531 1386 ὀρθῆ;
559 1343 648 1375 ἔστω
670 1339 712 1379 δή
739 1343 774 1386 ὀρ
798 1342 818 1386 ἢ
846 1339 893 1385 ἐφ’
922 1339 960 1378 ἦς
987 1341 1025 1381 Α,
1053 1341 1191 1384 ἡμίσεια
1217 1335 1306 1370 δυοῖν

309 1388 497 1435 ὅρθαῖνγέᾅ
522 1387 564 1425 ἧς
589 1389 626 1428 Β,
653 1388 673 1423 ἡ
700 1387 732 1419 ἐν
763 1385 946 1429 ἡμικυκλίῳ
973 1384 1020 1428 ἐφ’
1049 1384 1087 1423 ἧς
1112 1387 1146 1415 Γ.
1174 1385 1239 1415 Τοῦ
1264 1380 1308 1420 δή

305 1428 408 1466 '‘i-671
425 1432 490 1469 τήν
516 1431 614 1475 ὀρθ-ἠν
640 1430 805 1475 ὑπάρχειν
831 1430 879 1470 τῷ
897 1430 918 1459 Γ
938 1431 982 1472 τῇ
1002 1427 1034 1462 ἐν
1054 1431 1101 1471 τῷ
1125 1429 1307 1472 ’ἡμικυκλίῳ

308 1480 420 1510 αἴτιον
448 1477 489 1508 vd
513 1478 551 1506 B·
579 1475 670 1513 αὕτη
701 1477 760 1518 μὲν
793 1474 857 1520 γοὶρ
889 1474 933 1515 τῇ
960 1479 984 1506 A
1008 1477 1081 1515 ἴση,
1109 1475 1130 1510 ν’)
1156 1473 1194 1507 δὲ
1219 1474 1260 1505 τό
1286 1475 1307 1504 Γ

307 1523 353 1565 τῇ
377 1523 415 1552 Β·
441 1516 503 1552 δύο
527 1520 592 1565 γάρ
612 1520 713 1562 ὀρθῶν
731 1521 881 1562 ἡμίσεια.
909 1519 976 1551 Τοῦ
991 1521 1015 1550 Β
1036 1517 1092 1551 οὖν
1117 1519 1214 1557 ὄντος
1233 1519 1310 1562 ἠμί-

307 1578 382 1603 σεος
407 1561 467 1597 δύο
494 1565 596 1608 ὀρθῶν
623 1564 664 1596 τὸ
690 1565 715 1595 Α
735 1566 781 1605 τῷ
799 1565 820 1594 Γ
839 1561 997 1606 ὑπάρχει·
1019 1565 1126 1595 τοῦτο
1147 1560 1177 1596 δ’
1206 1561 1247 1600 ἦν
1266 1563 1307 1594 vd

309 1611 341 1644 ἐν
360 1611 544 1653 ἡμικυκλίῳ
571 1609 669 1654 ὀρθήν
688 1605 784 1640 εἶναι.
812 1608 922 1639 Τοῦτο
946 1608 983 1642 δὲ
1002 1607 1133 1640 ταύτόν
1160 1609 1234 1640 ἐστι
1261 1610 1307 1648 τῷ

309 1658 343 1688 τί
368 1654 408 1692 ἦν
434 1652 534 1697 εἶναι,
563 1657 610 1696 τῷ
637 1654 743 1686 τοῦτο
773 1654 946 1696 σημαίνειν
974 1653 1033 1685 τὸν
1057 1653 1171 1699 λόγον.

235 1744 345 1778 Ἀλλά
361 1742 427 1789 μὴν
444 1746 502 1775 καὶ
529 1743 570 1776 τὰ
593 1746 626 1775 τί
645 1741 685 1781 ἦν
703 1738 789 1773 εἶναι
808 1743 919 1773 αἴτιον
937 1737 1112 1774 δέδεικται
1131 1742 1171 1774 τὸ
1189 1741 1304 1786 μέσον.

240 1834 287 1867 Τὰ

311 1829 349 1865 δὲ
372 1828 432 1865 διαὶ
455 1834 489 1864 τί
508 1833 524 1864 ὁ
542 1827 690 1869 Μηδικὸς
708 1829 854 1873 πόλεμος
876 1829 1012 1875 ἐγένετο
1028 1829 1236 1870 Ἀθηναίοις;
1258 1834 1308 1868 τίς

310 1879 411 1911 αἰτία
436 1877 499 1908 τοῦ
524 1874 746 1920 ’πολεμεῖσθαι
771 1873 987 1916 Ἀθηναίους;
1019 1874 1075 1907 ὅτι
1101 1875 1145 1912 εἰς
1172 1871 1309 1919 Σάρδεις

308 1923 385 1967 μετ’
409 1921 605 1966 Ἐρετριέων
642 1919 814 1960 ἐνέβαλον·
844 1921 952 1951 τοῦτο
976 1920 1041 1966 γοίρ
1068 1920 1197 1957 ἐκίνησε
1224 1922 1310 1964 πρῶ-

309 1978 382 2000 τον.
409 1967 558 2009 Πόλεμος
580 1964 625 2010 ἐφ’
648 1964 686 1997 οὗ
707 1966 744 2004 Α,
768 1964 949 2008 προτέρους
974 1964 1144 2004 εἰσβαλεῖν
1161 1965 1309 2006 Β,Ἀθη-

308 2016 398 2043 ναῖοι
422 2012 464 2044 vd
482 2013 516 2042 Γ.
540 2009 704 2055 ’Υπάρχει
721 2005 764 2045 δή
785 2008 826 2039 τὸ
845 2010 868 2039 Β
887 2010 934 2050 τῷ
953 2010 988 2050 Γ,
1010 2009 1050 2042 τὸ
1069 2007 1232 2053 πρότερον
1252 2008 1308 2054 ἐμ-

308 2056 425 2097 βαλεῖν
444 2060 515 2093 τοῖς
533 2054 738 2095 “Αθηναίοις,
758 2052 799 2084 τὸ
817 2049 854 2085 δὲ
872 2053 897 2083 A
916 2054 962 2094 τῷ
985 2055 1021 2084 Β·
1042 2056 1226 2095 πολεμοῦσι
1243 2055 1308 2100 γάρ

310 2105 380 2138 τοῖς
410 2099 574 2145 πρότερον
602 2095 816 2135 ἀδικήσασιν.
845 2097 1013 2143 Ὑπάρχει’
1037 2098 1101 2142 ἄρα
1127 2100 1175 2140 τῷ
1201 2098 1259 2142 μὲν
1284 2100 1308 2129 Β

310 2145 352 2177 τὰ
377 2146 416 2186 A,
443 2144 485 2177 'ed
510 2142 731 2188 πολεμεῖσθαι
751 2147 820 2180 τοῖς
846 2141 1011 2185 πρότερον
1038 2143 1172 2186 ἄρξασι·
1200 2144 1307 2175 τοῦτο

310 2185 348 2222 δέ
375 2190 416 2222 τὸ
439 2191 465 2220 Β
491 2190 539 2231 τῷ
558 2190 580 2219 Γ
603 2193 673 2226 τοῖς
692 2187 897 2224 Ἀθηναίοις·
924 2186 1088 2232 πρότερον
1105 2187 1169 2234 γάρ
1188 2186 1305 2231 ἦρξαν.

308 2233 418 2266 Μέσον
447 2234 513 2280 ἄρα
544 2234 603 2265 καὶ
633 2231 785 2265 ἐνταῦθα
819 2231 860 2263 τὸ
892 2233 1003 2264 αἴτιον
1030 2233 1071 2264 τὸ
1102 2234 1236 2276 πρῶτον
1260 2244 1308 2263 κι-

309 2290 429 2315 νησαν.

233 2323 343 2356 Ὃσων
364 2319 394 2355 δ’
424 2325 535 2354 αἴτιον
563 2321 604 2354 τό
630 2321 730 2354 ἕνεκά
753 2331 857 2359 τινος,
877 2320 945 2351 οἷον
971 2315 1031 2352 διαὶ
1055 2322 1088 2352 τί
1106 2323 1306 2364 περιπατεῖς

248 3078 287 3109 Αἱ

311 2366 400 2405 ὅπως
427 2368 576 2413 ὖγιαίνγγ
595 2362 654 2398 διαὶ
671 2368 704 2397 τί
726 2366 815 2397 οἰκία
838 2364 948 2404 ἐστίν;
976 2363 1064 2402 ὅπως
1090 2365 1242 2408 σώζηται
1261 2365 1309 2397 τοὶ

310 2412 428 2455 σκεύῃ·
454 2411 495 2443 τὸ
520 2411 579 2455 μέν
606 2410 704 2442 ἕνεκα
730 2411 792 2442 τοῦ
818 2410 993 2454 ὑγιαίνειν,
1017 2410 1058 2441 το
1079 2405 1107 2441 δ’
1129 2408 1227 2442 ἕνεκα
1246 2411 1308 2442 τοῦ

310 2455 487 2499 σώζεσθαι.
522 2455 584 2488 Διοὶ
616 2457 649 2486 τί
675 2451 712 2487 δὲ
739 2454 808 2487 ἀπὸ
838 2454 973 2489 δείπνου
1004 2449 1056 2485 δεῖ
1086 2458 1307 2497 περιπατεῖν,

309 2503 367 2533 καὶ
393 2500 493 2533 ἕνεκα
515 2502 603 2538 τίνος
629 2495 692 2540 δεῖ,
715 2495 812 2531 οὐδέν
839 2497 1001 2542 διαφέρει.
1025 2500 1216 2540 Περίπατος
1240 2499 1309 2531 ἀπὸ

310 2541 447 2578 δείπνου
471 2546 514 2586 Γ,
542 2545 583 2576 vd
609 2543 655 2587 μή
682 2544 902 2589 ἐπιπολάζειν
931 2542 978 2575 τοὶ
1001 2545 1097 2575 σιτία
1128 2544 1174 2588 ἐφ’
1204 2544 1241 2575 οὖ
1265 2546 1308 2585 Β,

311 2590 354 2622 τὸ
379 2591 539 2635 ὑγιαίνειν
566 2587 611 2633 ἐφ’
641 2588 681 2620 οὗ
698 2590 734 2620 A.
747 2589 861 2622 Ἔστω
880 2583 923 2623 δή
944 2587 990 2628 τῷ
1010 2587 1079 2620 ἀπὸ
1097 2583 1233 2620 δείπνου
1252 2601 1309 2620 πε-

310 2638 467 2679 ριπατεῖν
489 2632 642 2678 ὑπάρχον
662 2633 703 2664 τὸ
725 2637 831 2665 ποιεῖν
848 2631 894 2678 μή
913 2632 1132 2674 ἐπιπολάζειν
1151 2633 1199 2665 τά
1214 2635 1310 2664 σιτία

311 2679 392 2724 πρὸς
418 2679 466 2719 τῷ
491 2677 645 2722 στόματι
671 2679 733 2715 τῆς
758 2680 905 2717 κοιλίας,
931 2678 990 2709 καὶ
1017 2679 1124 2709 τοῦτο
1150 2676 1306 2723 ὑγιεινόν.

311 2724 410 2755 Δοκεῖ
422 2722 488 2769 γάρ
506 2722 669 2767 ὑπάρχειν
694 2723 741 2763 τῷ
767 2725 969 2766 περιπατεῖν
996 2723 1044 2763 τῷ
1062 2723 1083 2752 Γ
1102 2721 1143 2753 τὸ
1160 2723 1184 2752 Β
1203 2722 1244 2753 τὸ
1262 2722 1310 2765 μή

311 2766 534 2809 ἐπιπολάζειν
560 2769 607 2800 τοὶ
631 2768 740 2806 σιτία,
766 2767 880 2809 τούτῳ
905 2761 942 2798 δέ
968 2766 1009 2797 τό
1034 2767 1060 2797 A
1085 2766 1126 2798 τό
1153 2765 1308 2812 ὑγιεινόν.

312 2813 350 2843 Τί
377 2808 432 2844 οὖν
455 2814 566 2844 α’ίτιον
586 2812 634 2852 τῷ
652 2812 673 2841 Γ
693 2811 755 2842 τοῦ
774 2813 815 2844 vd
837 2814 861 2844 A
879 2809 1042 2855 ὑπάρχειν
1069 2810 1110 2842 τό
1138 2810 1175 2842 οὖ
1193 2810 1309 2850 ’ένεκα;

314 2856 356 2888 τὸ
384 2858 409 2887 Β
443 2856 485 2887 τὸ
517 2856 564 2900 μὴ
601 2854 834 2899 ἐπιπολάζειν.
868 2856 981 2888 Τοῦτο
1011 2850 1041 2886 δ’
1074 2854 1167 2887 ἐστὶν
1199 2854 1310 2899 ὥσπερ

315 2902 441 2932 ἐκείνου
468 2899 584 2946 λόγος·
612 2900 654 2932 τὸ
678 2900 743 2945 γάρ
769 2903 793 2931 Α
818 2901 925 2938 οὕτως
953 2894 1222 2935 ἀποδοθήσεται.
1250 2899 1313 2931 Διά

316 2948 350 2976 τί
376 2944 417 2976 τὸ
441 2946 466 2975 Β
493 2946 539 2985 τῷ
565 2946 586 2975 Γ
613 2945 729 2983 ἐστίν;
757 2944 811 2976 ὅτι
843 2942 940 2977 τοῦτ’
970 2943 1043 2975 ἐστι
1071 2943 1111 2975 τό
1134 2945 1309 2990 ὑγιαίνειν,

315 2988 356 3021 τό
383 2988 490 3025 οὕτως
513 2989 612 3033 ἔχειν.
634 2989 689 3020 Δεῖ
712 2986 750 3021 δὲ
772 2987 1053 3032 μεταλαμβάνειν
1075 2988 1155 3025 τους
1175 2988 1309 3034 λόγους,

313 3034 372 3065 καὶ
399 3031 506 3069 οὕτως
533 3034 662 3076 μᾶλλον
689 3032 823 3065 ἕκαστα
848 3038 1020 3075 φανεῖται.

311 3072 351 3109 δὲ
373 3075 518 3122 γενέσεις
538 3076 708 3110 ἀνάπαλιν
735 3076 887 3110 ἐνταῦθα
906 3079 964 3109 καὶ
983 3077 1038 3109 ἐπὶ
1064 3077 1129 3109 τῶν
1153 3075 1250 3109 κατά
1264 3079 1312 3107 κί-

315 3132 407 3158 νησιν
438 3122 569 3153 αἰτίων·
604 3122 672 3153 ἐκεῖ
699 3121 759 3164 μὲν
789 3121 853 3167 γάρ
880 3122 920 3154 τό
952 3121 1052 3165 μέσον
1081 3116 1134 3152 δεῖ
1156 3120 1312 3166 γενέσθαι

314 3166 470 3242 Ξτρῶτον,
498 3164 650 3198 ἐνταῦθα
674 3162 712 3198 δέ
738 3165 779 3199 τὸ
803 3168 825 3197 Γ
851 3166 892 3198 τὸ
917 3165 1079 3211 ἔσχατον·
1114 3167 1312 3197 τελευταῖον

339 3210 353 3242 ε’
377 3210 419 3243 τὰ
443 3209 482 3242 οὗ
506 3210 618 3242 ἕνεκα.

240 3249 446 3300 Ἐνδέχεται
476 3250 514 3286 δὲ
545 3255 587 3286 τὸ
619 3254 707 3286 αὐτὸ
735 3256 794 3286 καὶ
811 3252 927 3286 ’ἕνεκά
957 3265 1046 3291 τινος
1081 3250 1166 3284 εἶναι
1195 3255 1254 3284 καὶ
1280 3252 1313 3293 ἐξ

375 3298 383 3308 ,

318 3299 482 3343 ἀνάγκης,
517 3299 585 3330 οἷον
610 3293 670 3330 διαὶ
693 3299 756 3330 τοῦ
779 3299 982 3342 λαμπτῆρος
1006 3298 1046 3331 τὸ
1071 3298 1149 3341 φῶς·
1174 3299 1233 3328 καὶ
1250 3297 1314 3342 γάρ

317 3344 352 3384 ἐξ
379 3342 529 3388 ἀνάγκης
558 3339 732 3387 διέρχεται
766 3341 806 3373 τὸ
839 3342 1133 3386 μικρομερέστερον
1165 3337 1224 3373 διαὶ
1250 3342 1315 3374 τῶν

318 3387 477 3432 μειζόνων
504 3386 627 3429 πόρων,
654 3388 745 3431 εἴπερ
770 3386 835 3430 φῶς
859 3389 992 3431 γίνεται
1018 3388 1066 3427 τῷ
1090 3381 1231 3426 διιέναι,
1256 3387 1315 3417 καὶ

318 3431 417 3465 ἕνεκά
449 3444 559 3472 τινος,
593 3430 682 3468 ὅπως
707 3430 754 3473 μή
781 3433 970 3473 πταίωμεν.
996 3429 1067 3473 ‘Ap’
1097 3428 1154 3461 οὖν
1179 3430 1207 3461 εὶ
1231 3426 1316 3461 εἶναι

319 3473 510 3522 ἐνδέχεται,
529 3478 586 3507 καὶ
606 3474 758 3521 γίνεσθαι
776 3471 849 3507 ἐνδέ
877 3485 974 3513 εται;
1001 3474 1111 3516 ὥσπερ
1136 3474 1164 3505 εἰ
1190 3474 1317 3517 βροντᾷ

321 3520 613 3565 ἀποσβεννυμένου
632 3532 670 3553 τε
688 3520 751 3552 τοῦ
777 3531 878 3561 πυρος
905 3519 1034 3565 ἀνάγκη
1053 3519 1154 3561 σίζειν
1177 3519 1236 3550 καὶ
1260 3517 1319 3561 ψο-

318 3569 403 3609 φεῖν,
428 3567 487 3597 καὶ
512 3566 540 3597 εὶ
565 3566 606 3602 ὡς
633 3566 662 3596 οἱ
688 3563 905 3610 Πυθαγόρειοί
926 3563 1193 3606 φασιν-ἀπειλῆς
1219 3561 1318 3594 ἕνεκα

319 3614 390 3648 τοῖς
417 3611 450 3642 ἒν
477 3611 524 3652 τῷ
550 3608 724 3654 ταρτάρῳ,
752 3607 840 3647 ὅπως
867 3609 1051 3652 φοβῶνται.

1359 900 1376 919 *
1386 901 1550 937 Quoniam
1564 908 1671 931 autem
1687 902 1763 932 scire
1782 902 1951 941 opinamur
1965 913 2038 933 cum
2052 903 2186 934 sciamus
2201 913 2420 942 causam,cau-

1359 1120 1401 1150 Et

1427 954 1479 974 sae
1501 951 1608 975 autem
1632 952 1770 985 quatuor
1793 953 1880 983 sunt,
1911 956 1975 977 una
1998 947 2127 987 quidem
2151 948 2239 988 quod
2258 948 2336 988 quid
2356 954 2422 978 erat

1427 998 1508 1026 esse,
1537 999 1601 1019 una
1627 999 1718 1027 vero,
1747 999 1822 1019 cum
1845 990 1921 1020 haec
1948 990 2005 1028 sit,⁴
2025 1001 2149 1021 necesse
2178 998 2223 1022 est
2250 992 2312 1022 hoc
2335 1001 2419 1031 esse,

1427 1032 1522 1062 altera
1553 1040 1660 1063 autem
1683 1043 1764 1073 quae
1787 1033 1907 1073 aliquid
1935 1035 2038 1073 primo
2063 1042 2184 1073 movet,
2212 1042 2322 1075 quarta
2345 1046 2419 1066 vero

1428 1086 1521 1106 causa
1536 1076 1626 1106 cuius
1640 1077 1753 1116 gratia3
1769 1087 1880 1107 omnes
1896 1078 1955 1108 hae
1971 1088 2026 1118 per
2038 1080 2180 1109 medium
2195 1086 2418 1110 monstrantur.

1427 1120 1489 1149 hoc
1517 1121 1602 1150 enim
1629 1121 1718 1160 quod
1745 1131 1819 1151 cum
1848 1121 1900 1158 sit,
1930 1122 1991 1152 hoc
2019 1133 2143 1153 necesse
2171 1130 2217 1153 est
2244 1133 2329 1161 esse,
2357 1134 2421 1154 una

1428 1163 1558 1204 quidem
1585 1164 1803 1203 propositione
1831 1172 1956 1205 accepta
1983 1176 2048 1196 non
2076 1174 2135 1206 est,
2166 1168 2287 1198 duabus
2315 1176 2420 1200 autem

1428 1208 1467 1237 ad
1490 1207 1606 1238 minus.
1632 1209 1704 1238 Hoc
1727 1215 1833 1239 autern
1850 1216 1895 1239 est
1910 1221 1984 1241 cum
2001 1222 2102 1242 unum
2118 1212 2260 1244 medium
2276 1213 2419 1245 habeant.

1428 1252 1500 1281 Hoc
1523 1251 1617 1290 igitur
1640 1262 1706 1282 uno
1731 1261 1870 1294 accepto,
1888 1256 2125 1287 conclusionem
2141 1268 2265 1289 necesse
2282 1266 2327 1289 est
2343 1269 2419 1289 esse.

1361 1295 1566 1327 Manifestum
1589 1303 1696 1326 autem
1715 1304 1761 1328 est
1785 1305 1815 1328 et
1838 1299 1894 1330 sic:
1919 1307 2048 1340 propter
2070 1301 2148 1341 quid
2168 1310 2250 1333 recta
2265 1303 2297 1332 in
2314 1303 2420 1333 medio

1429 1339 1565 1371 circulo?
1581 1352 1648 1382 quo
1665 1341 1812 1374 existente
1828 1351 1911 1374 recta
1921 1342 1983 1375 est?
1999 1345 2045 1375 Sit
2059 1345 2153 1384 igitur
2166 1353 2248 1377 recta
2261 1347 2294 1377 in
2304 1358 2370 1388 quo
2380 1350 2420 1385 A,

1428 1385 1533 1415 media
1555 1387 1695 1416 duorum
1711 1393 1869 1418 rectorum
1892 1388 1925 1418 in
1941 1399 2007 1429 quo
2027 1389 2069 1427 B,
2091 1399 2172 1429 quae
2196 1398 2241 1421 est
2261 1391 2294 1421 in
2315 1392 2421 1422 medio

1431 1429 1548 1460 circulo
1572 1430 1606 1460 in
1629 1439 1695 1470 quo
1717 1430 1754 1461 C.
1772 1433 1802 1461 A
1824 1431 1919 1471 igitur
1942 1440 2058 1463 rectam
2081 1443 2147 1463 esse
2162 1434 2196 1464 in
2212 1435 2254 1472 C,
2272 1445 2353 1475 quae
2376 1442 2423 1466 est

1429 1473 1461 1503 in
1478 1474 1584 1503 medio
1608 1474 1736 1514 circulo,
1754 1485 1847 1505 causa
1866 1477 1891 1506 B
1910 1483 1966 1515 est,
1983 1477 2044 1508 hoc
2068 1478 2152 1508 enim
2168 1478 2228 1518 ipsi
2243 1481 2272 1509 A
2291 1479 2422 1521 aequale

1430 1524 1490 1555 est;
1506 1519 1594 1558 quod
1610 1529 1685 1549 vero
1702 1527 1748 1550 est
1764 1520 1790 1550 C
1807 1520 1867 1560 ipsi
1880 1522 1917 1558 B,
1929 1522 2067 1552 duorum
2084 1522 2168 1552 enim
2185 1529 2342 1554 rectorum
2358 1533 2423 1554 rne-

1429 1562 1519 1592 dium
1535 1569 1589 1593 est.
1607 1563 1766 1595 Existente
1781 1565 1876 1604 igitur
1890 1566 1915 1595 B
1932 1566 2038 1596 medio
2055 1566 2194 1597 duorum
2209 1574 2379 1607 rectorum,
2394 1571 2424 1599 A

1429 1607 1462 1637 in
1485 1606 1511 1637 C
1537 1614 1596 1645 est,
1620 1608 1682 1638 hoc
1706 1617 1812 1641 autem
1836 1617 1900 1641 erat
1922 1611 1955 1640 in
1979 1612 2176 1642 semicirculo
2206 1619 2322 1643 rectam
2345 1623 2422 1644 esse.

1429 1653 1513 1684 Huic
1536 1659 1643 1682 autem
1666 1655 1751 1686 idem
1774 1663 1820 1686 est
1842 1657 1930 1697 quod
1958 1655 2036 1696 quid
2059 1663 2123 1687 erat
2150 1666 2231 1695 esse,
2260 1666 2335 1687 cum
2361 1658 2423 1690 hoc

1429 1697 1581 1737 significet
1604 1699 1693 1730 ratio.

1362 1745 1406 1773 At
1427 1751 1502 1772 vero
1526 1749 1557 1772 et
1579 1743 1678 1783 ipsius
1701 1748 1790 1785 quod
1814 1748 1891 1788 quid
1912 1754 1976 1778 erat
1991 1757 2057 1778 esse
2073 1756 2166 1778 causa
2189 1753 2361 1778 monstrata
2377 1754 2423 1779 est

1429 1787 1543 1818 media.

1362 1833 1495 1872 Propter
1510 1834 1588 1872 quid
1602 1841 1708 1864 autern
1724 1835 1894 1866 Medorum
1910 1837 2029 1867 bellum
2051 1836 2168 1868 facturn
2189 1844 2235 1867 est
2253 1837 2422 1867 Athenien-

1430 1877 1532 1916 sibus,
1556 1888 1637 1919 quae
1654 1889 1747 1909 causa
1761 1887 1807 1911 est
1822 1882 1963 1921 praeliari
1982 1880 2206 1912 Athenienses?
2221 1882 2374 1922 quoniam
2389 1881 2423 1911 in

1429 1921 1540 1952 Sardes
1569 1933 1643 1953 cum
1665 1924 1792 1954 Eretriis
1825 1926 2061 1957 commiserunt.
2094 1927 2226 1967 Propter
2248 1927 2310 1957 hoc
2337 1927 2423 1957 enim

1428 1973 1555 1996 motum
1579 1974 1625 1997 est
1648 1967 1796 2007 primurn.
1822 1969 1868 2000 Sit
1891 1972 2010 2001 bellum
2028 1971 2060 2001 in
2085 1981 2150 2011 quo
2166 1974 2212 2009 Α;
2229 1971 2315 2011 prius
2336 1981 2423 2002 com-

1429 2010 1525 2041 mittit
1539 2011 1580 2049 B;
1598 2012 1804 2043 Athenienses
1820 2013 1857 2045 C.
1882 2015 1939 2046 Est
1953 2015 2048 2055 igitur
2070 2016 2095 2046 B
2118 2016 2150 2045 in
2170 2015 2208 2054 C,
2228 2016 2314 2055 prius
2338 2015 2424 2046 enirn

1430 2061 1477 2085 est
1495 2055 1691 2087 committere
1711 2057 1969 2097 Atheniensibus;
1993 2061 2021 2089 A
2045 2067 2152 2090 autem
2171 2059 2204 2089 in
2222 2060 2260 2097 B,
2277 2059 2424 2090 debellari

1431 2099 1517 2130 enim
1536 2100 1624 2139 prius
1645 2101 1788 2132 iniustos.
1810 2102 1866 2133 Est
1881 2103 1986 2144 itaque
2009 2103 2041 2134 in
2064 2104 2090 2135 B
2106 2107 2146 2143 A,
2166 2104 2312 2134 debellari
2336 2104 2423 2144 prius

1429 2144 1634 2184 incipientes;
1657 2145 1682 2175 B
1706 2152 1812 2176 autern
1828 2147 1861 2177 in
1885 2147 1923 2185 C,
1939 2148 2002 2178 sive
2018 2148 2049 2178 in
2065 2148 2319 2186 Atheniensibus,
2335 2149 2424 2188 prius

1430 2188 1515 2219 enim
1538 2189 1730 2229 inceperunt.
1748 2190 1891 2221 Medium
1914 2191 2020 2232 itaque
2042 2192 2094 2223 hic
2110 2202 2203 2223 causa
2217 2199 2263 2222 est
2281 2192 2423 2233 primum

1430 2243 1572 2264 movens.

1363 2322 1641 2363 Quorumcunque
1664 2328 1771 2352 autem
1795 2333 1887 2354 causa
1911 2330 1956 2354 est
1979 2330 2107 2364 propter
2134 2323 2268 2364 aliquid,
2292 2331 2328 2354 ut
2350 2334 2424 2364 pro-

1429 2375 1498 2408 pter
1521 2367 1599 2407 quid
1622 2366 1782 2398 ambulat?
1804 2374 1840 2398 ut
1864 2378 1958 2398 sanus
1980 2368 2049 2406 fiat;
2073 2375 2104 2398 et
2126 2374 2255 2408 propter
2278 2368 2355 2408 quid
2379 2375 2426 2399 est

1430 2410 1564 2442 domus?
1589 2419 1625 2442 ut
1648 2413 1745 2442 salvet
1766 2422 1849 2442 vasa.
1875 2413 1947 2443 Hoc
1970 2422 2044 2452 ergo
2069 2419 2105 2443 ut
2127 2419 2228 2450 sanet,
2253 2412 2331 2442 illud
2348 2422 2423 2442 vero

1430 2464 1560 2496 propter
1573 2456 1607 2486 id
1621 2457 1710 2497 quod
1725 2456 1836 2487 salvet:
1854 2464 1982 2496 propter
2000 2457 2078 2497 quid
2092 2463 2166 2496 post
2181 2466 2314 2487 coenam
2330 2466 2424 2495 opor-

1430 2507 1475 2531 tet
1497 2501 1668 2539 ambulare,
1689 2507 1719 2531 et
1742 2501 1831 2532 cuius
1850 2501 1948 2541 gratia
1964 2507 2100 2541 oportet,
2121 2501 2199 2531 nihil
2222 2500 2332 2530 differt.
2348 2502 2424 2530 Am—

2346 295 2423 342 359

2447 908 2458 918 '⁸
2473 907 2529 934 Cap.
2543 914 2569 929 x.

2446 933 2514 955 Text.
2530 939 2556 955 n.

1431 2545 1540 2575 bulare
1563 2551 1636 2584 post
1660 2555 1793 2575 coenam
1816 2545 1848 2575 in
1871 2555 1938 2586 quo
1962 2545 2005 2583 C;
2029 2555 2096 2575 non
2119 2545 2255 2575 eminere
2279 2544 2365 2574 cibos
2393 2544 2426 2574 in
2456 2555 2459 2557 ·

1431 2599 1498 2629 quo
1521 2589 1563 2627 B;
1588 2589 1687 2619 sanari
1717 2589 1749 2619 in
1777 2599 1843 2629 quo
1868 2591 1906 2620 A.
1931 2589 1977 2620 Sit
2004 2589 2099 2629 igitur
2121 2589 2153 2619 in
2177 2599 2215 2619 eo
2243 2589 2331 2628 quod
2354 2594 2427 2628 post

1432 2642 1565 2664 coenam
1595 2633 1736 2663 ambulat
1765 2643 1831 2663 esse
1859 2633 1958 2663 facere
1986 2643 2052 2663 non
2081 2633 2311 2673 supereminere
2340 2632 2426 2662 cibos

1430 2678 1517 2708 iuxta
1536 2688 1572 2707 os
1590 2677 1716 2716 ventris,
1728 2684 1758 2708 et
1773 2677 1834 2708 hoc
1853 2687 1919 2708 esse
1935 2687 2058 2708 sanum.
2078 2678 2210 2708 Videtur
2228 2677 2312 2707 enim
2327 2677 2427 2706 inesse

1432 2722 1493 2762 ipsi
1516 2722 1694 2759 ambulare,
1719 2722 1808 2761 quod
1836 2729 1882 2752 est
1905 2721 1948 2759 C,
1971 2722 1997 2752 B
2021 2722 2109 2763 quod
2132 2729 2178 2752 est
2200 2732 2266 2751 non
2289 2721 2426 2750 eminere

1433 2766 1537 2804 cibos;
1553 2766 1587 2796 in
1606 2765 1667 2796 hoc
1686 2772 1793 2796 autem
1805 2768 1834 2796 A
1852 2766 1941 2806 quod
1957 2767 2133 2797 sanativum
2149 2773 2203 2796 est.
2222 2766 2312 2802 Quae
2331 2765 2426 2804 igitur

1433 2820 1528 2841 causa
1559 2816 1605 2840 est
1627 2809 1660 2839 in
1684 2809 1711 2840 C
1735 2810 1875 2850 quodA
1899 2810 1947 2848 sit,
1971 2818 2099 2850 propter
2122 2807 2216 2850 quid?
2239 2816 2284 2839 est
2306 2810 2343 2847 B,
2360 2819 2426 2839 non

1433 2855 1571 2885 eminere
1590 2854 1686 2885 cibos.
1707 2855 1780 2884 Hoc
1801 2860 1907 2884 autem
1923 2860 1969 2884 est
1987 2854 2067 2885 sicut
2085 2854 2167 2884 illius
2184 2853 2271 2883 ratio.
2292 2855 2321 2882 A
2339 2853 2426 2882 enim

1433 2899 1477 2929 sic
1496 2898 1770 2929 demonstrabitur.
1795 2898 1926 2937 Propter
1942 2898 2016 2938 quid
2040 2899 2065 2928 B
2088 2898 2121 2928 in
2141 2898 2167 2928 C
2187 2895 2250 2928 est?
2272 2897 2426 2937 quoniam

1433 2944 1495 2973 hoc
1519 2949 1566 2973 est
1588 2943 1689 2973 sanari
1717 2942 1778 2972 hoc
1802 2942 1845 2971 sic
1867 2941 1989 2972 habere.
2006 2942 2023 2961 *
2046 2942 2180 2982 Oportet
2210 2948 2316 2971 autem
2339 2951 2425 2971 com-

1434 2994 1556 3018 mutare
1579 2986 1730 3025 rationes,
1755 2993 1785 3016 et
1808 2985 1851 3016 sic
1874 2986 1973 3025 magis
1997 2986 2206 3026 unaquaeque
2229 2985 2398 3025 apparebit.

1367 3075 1592 3107 Generationes
1616 3081 1722 3105 autem
1739 3084 1755 3103 e
1771 3073 1927 3104 contrario
1950 3073 2000 3104 hic
2024 3080 2053 3104 et
2076 3073 2109 3103 in
2133 3071 2232 3104 causis
2253 3074 2427 3104 secundum

1434 3126 1570 3150 motum.
1589 3119 1634 3149 Ibi
1650 3119 1780 3159 quidem
1796 3118 1880 3148 enirn
1896 3118 2037 3148 medium
2054 3124 2178 3158 oportet
2192 3116 2333 3156 primum
2349 3117 2427 3157 fieri,

1434 3164 1485 3194 hic
1508 3169 1615 3193 autem
1638 3163 1744 3202 ipsum
1760 3162 1787 3193 C
1803 3162 1962 3193 ultimum.
1987 3162 2144 3193 Ultimum
2167 3170 2273 3193 autem
2295 3168 2341 3192 est
2355 3171 2428 3202 pro-

1435 3215 1504 3248 pter
1526 3207 1604 3247 quid
1623 3214 1678 3237 est.

1370 3252 1535 3291 Contingit
1563 3258 1670 3282 autern
1696 3251 1782 3281 idem
1806 3257 1837 3281 et
1859 3261 1961 3282 unum
1985 3258 2015 3282 et
2042 3258 2170 3291 propter
2197 3249 2273 3290 quid
2296 3260 2373 3288 esse,
2398 3257 2428 3281 et

1437 3305 1473 3326 ex
1496 3295 1687 3332 necessitate,
1703 3301 1739 3324 ut
1762 3305 1817 3335 per
1839 3295 1983 3325 lucernae
2006 3295 2121 3335 pellem
2144 3295 2263 3325 lumen.
2283 3295 2324 3324 Et
2339 3304 2427 3324 nam-

1437 3350 1499 3380 que
1515 3349 1551 3370 ex
1571 3339 1751 3369 necessitate
1775 3339 1945 3378 digreditur
1968 3340 2055 3379 quod
2075 3339 2108 3368 in
2124 3349 2218 3379 parva
2234 3345 2280 3368 est
2301 3338 2428 3378 partibi-

1437 3384 1498 3414 lius
1513 3394 1568 3423 per
1582 3383 1716 3413 maiores
1727 3393 1835 3422 poros,
1853 3383 1877 3413 si
1894 3383 2024 3423 quidem
2033 3383 2142 3413 lumen
2158 3382 2193 3412 fit
2208 3382 2427 3422 digrediendo;

1438 3435 1468 3458 et
1491 3434 1620 3468 propter
1643 3427 1777 3467 aliquid,
1801 3433 1837 3456 ut
1859 3437 1925 3457 non
1948 3427 2153 3457 offendamus.
2183 3427 2291 3466 Itaque
2314 3426 2338 3456 si
2361 3436 2428 3456 esse

1438 3472 1601 3512 contingit,
1619 3478 1650 3502 et
1672 3471 1737 3501 fieri
1754 3471 1916 3510 contingit,
1936 3470 2016 3501 sicut
2034 3470 2060 3500 si
2083 3477 2172 3500 tonat
2195 3470 2329 3500 extincto
2345 3470 2428 3509 igne,

1437 3526 1562 3546 necesse
1587 3522 1633 3546 est
1653 3515 1740 3546 sizire
1764 3522 1794 3546 et
1817 3525 1942 3552 sonare,
1967 3521 1997 3545 et
2020 3514 2045 3544 si
2069 3521 2131 3552 est,
2156 3514 2430 3554 quemadmodum

1436 3560 1635 3601 Pythagorici
1658 3560 1777 3597 dicunt,
1793 3559 1952 3590 minarum
1971 3569 2063 3590 causa
2080 3558 2128 3589 his
2152 3558 2209 3599 qui
2227 3564 2301 3589 sunt
2315 3557 2348 3588 in
2371 3560 2429 3589 tar-2

1438 3611 1521 3643 taro,
1545 3611 1701 3645 quatenus
1724 3604 1865 3635 timeant.

2451 2952 2461 2960 '¹
2475 2950 2543 2972 Text.
2554 2956 2584 2972 ιε.
