2788 4204
626 303 799 338 ostquam
824 292 1086 336 Philosophus&
1106 290 1250 323 distinxit
1277 300 1378 321 enun-

596 343 805 385 'fciationes
819 342 851 373 in
865 340 983 385 quibus
1000 339 1170 372 subiicitur
1184 348 1306 370 nomen
1331 336 1380 368 in*

645 391 776 424 finitum
797 401 865 422 non
890 387 1114 421 universaliter
1131 394 1312 429 sumptum,
1327 385 1380 418 hic

577 456 585 464 ⁸
603 460 609 464 .
648 438 787 472 intendit
820 438 1018 479 distinguere
1050 435 1296 468 enunciationes
1311 459 1319 474 ,
1345 435 1379 466 in

631 500 632 504 ¹
647 487 765 531 quibus
779 486 948 518 subiicitur
964 495 1087 516 nomen
1107 483 1237 516 finitum
1250 483 1380 515 univer-

600 554 634 588 Q
647 536 754 568 saliter
771 543 951 578 sumptum.
973 534 1014 566 Et
1029 534 1112 565 circa
1129 531 1192 564 hoc
1213 533 1272 564 tria
1288 531 1379 564 facit:

646 585 765 628 primo,
775 584 870 626 ponit
878 581 1125 614 similitudinem
1137 582 1272 614 istarum
1281 593 1381 614 enun-

76 641 143 689 mffl.
159 647 183 662 c.-
204 640 286 668 indefi-
317 633 494 665 ciationurn
515 632 554 664 ad
579 631 720 664 infinitas
740 632 755 648 *
772 643 869 675 supra
894 631 1032 674 positas;
1057 630 1214 669 secundo,
1239 630 1382 664 ostendit

74 694 198 720 ·Num.4.
317 679 614 714 dissimilitudinem
634 679 839 719 earumdem
865 679 923 712 ibi:
942 679 997 712 Sed
1020 691 1079 712 non
1101 679 1237 713 similiter
1257 681 1274 700 *
1299 688 1382 720 etc.;

317 730 423 769 tertio,
436 729 600 762 concludit
613 740 787 761 numerum
799 729 1050 772 oppositionum
1067 729 1149 760 inter
1164 727 1264 760 dictas
1280 740 1382 761 enun-

77 796 84 803 ·
95 794 166 815 Num.
177 793 199 814 8.
318 778 489 816 ciationes;
506 778 565 810 ibi:
582 778 652 810 Hae
668 778 745 810 duae
759 778 877 820 igitur*
888 786 947 809 etc.
965 777 1054 810 Dicit
1072 788 1150 820 ergo
1167 777 1274 821 primo
1292 777 1390 822 quod>

318 825 439 859 similes
460 836 536 859 sunt
554 827 820 867 enunciafiones,
838 827 870 858 in
889 825 1007 870 quibus
1026 835 1075 858 est
1094 827 1238 859 nominis
1256 827 1384 859 univer-

318 873 425 907 saliter
443 876 565 919 sumpti
585 874 768 908 affirmatio.

385 933 414 955 2.
434 923 557 963 Quoad
574 925 718 968 primum
740 924 923 958 notandum
947 933 996 957 est
1020 925 1109 970 quod
1130 925 1163 957 in
1183 925 1384 958 enunciatio-

81 990 87 996 ·
103 988 154 1009 Lib.
165 987 193 1013 11,
204 988 255 1008 lect.
267 993 289 1011 ιι,
318 971 413 1004 nibus
431 972 606 1006 indefinitis
623 985 722 1017 supra
739 974 854 1017 positis
870 973 885 990 *
902 983 993 1007 erant
1009 974 1092 1007 duae
1109 975 1336 1018 oppositiones
1353 982 1386 1006 et

80 1021 134 1042 ¹¹·5·
319 1029 459 1064 quatuor
484 1023 742 1062 mundationes,
764 1031 795 1055 et
820 1022 1029 1056 affirmativae
1060 1023 1240 1056 inferebant
1263 1023 1385 1066 negati-

318 1081 386 1109 vaS,
404 1078 436 1102 et
458 1082 527 1103 non
551 1071 770 1104 inferebantur
793 1071 832 1104 ab
857 1073 914 1112 eis,
932 1081 967 1105 ut
991 1081 1079 1116 patet
1109 1082 1175 1105 tam
1199 1073 1232 1105 in
1256 1073 1386 1116 exposi-

319 1118 408 1151 tione
432 1119 614 1161 Ammonii,
632 1132 731 1164 quam
756 1120 942 1164 Porphyrii.
964 1122 1012 1154 Ita
1039 1122 1073 1153 in
1101 1121 1386 1154 enunciationibus

319 1167 352 1199 in
370 1166 487 1210 quibus
505 1167 674 1201 subiicitur
689 1179 814 1201 nomen
830 1168 960 1202 finitum
977 1170 1201 1203 universaliter
1217 1179 1387 1214 sumptum

320 1215 532 1248 inveniuntur
556 1215 638 1249 duae
661 1218 888 1261 oppositiones
913 1227 944 1251 et
961 1228 1102 1263 quatuor
1125 1220 1387 1253 enunciationes:

321 1271 353 1296 et
376 1263 586 1297 affirmativae
610 1265 753 1298 inferunt
775 1268 941 1310 negativas
965 1276 998 1300 et
1016 1280 1084 1301 non
1109 1280 1126 1301 e
1151 1277 1273 1301 contra.
1291 1268 1388 1302 Unde

321 1312 469 1346 similiter
493 1325 527 1346 se
543 1313 664 1347 habent
688 1317 934 1349 enunciationes
959 1317 1173 1360 supradictae,
1190 1318 1217 1356 si
1245 1318 1389 1350 nominis

322 1361 355 1393 in
372 1361 519 1394 subiecto
536 1363 658 1407 sumpti
678 1363 733 1396 fiat
749 1363 921 1398 affirmatio
939 1366 1173 1399 universaliter.
1191 1366 1285 1399 Fient
1301 1366 1390 1398 enim

322 1418 400 1443 tunc
425 1421 566 1455 quatuor
597 1414 860 1447 enunciationes:
886 1414 968 1448 duae
996 1414 1036 1448 de
1060 1414 1246 1458 praedicato
1277 1414 1391 1454 finito,

323 1459 444 1493 scilicet
467 1461 562 1493 omnis
593 1461 677 1494 homo
709 1469 750 1495 est
772 1464 883 1504 iustus,
908 1473 940 1496 et
964 1465 1033 1497 eius
1061 1465 1192 1507 negatio
1217 1476 1300 1508 quae
1324 1473 1391 1505 est,

323 1520 383 1541 non
406 1510 502 1542 omnis
525 1510 609 1543 homo
640 1517 680 1543 est
704 1512 820 1552 iustus;
846 1521 878 1545 et
901 1512 983 1545 duae
1012 1512 1052 1546 de
1076 1513 1262 1556 praedicato
1286 1513 1392 1546 infini-

323 1566 375 1598 to,
400 1557 522 1591 scilicet
541 1560 637 1592 omnis
652 1559 736 1594 homo
760 1567 800 1594 est
815 1573 875 1594 non
891 1562 997 1602 iustus,
1016 1570 1048 1595 et
1067 1563 1136 1595 eius
1161 1562 1292 1606 negatio
1309 1574 1392 1607 quae

325 1616 384 1647 est,
401 1619 461 1640 non
485 1608 579 1640 omnis
599 1608 683 1641 homo
707 1615 748 1642 est
763 1621 822 1642 non
843 1610 948 1643 iustus.
967 1611 1008 1643 Et
1024 1612 1100 1655 quia
1125 1611 1287 1655 quaelibet
1310 1611 1394 1644 affir-

325 1656 427 1688 matio
451 1667 527 1688 cum
556 1668 614 1689 sua
638 1658 813 1700 negatione
837 1670 937 1691 unam
966 1659 1104 1704 integrat
1127 1661 1394 1705 oppositionem,

326 1704 408 1738 duae
433 1703 618 1738 efficiuntur
649 1708 897 1750 oppositiones,
921 1709 1006 1742 sicut
1029 1718 1061 1742 et
1085 1709 1124 1743 de
1148 1709 1325 1744 indefinitis
1349 1710 1395 1744 di-

325 1762 414 1786 ctum
439 1762 497 1786 est.
514 1754 585 1787 Nec
609 1754 717 1788 obstat
733 1755 823 1800 quod
840 1756 879 1790 de
900 1759 1185 1792 enunciationibus
1207 1759 1395 1793 universali-

325 1802 385 1835 bus
417 1803 555 1847 loquens
587 1804 796 1848 particulares
828 1807 982 1848 inseruit;
1008 1810 1165 1853 quoniam
1189 1811 1273 1843 sicut
1297 1821 1396 1854 supra

325 1851 365 1885 de
397 1852 572 1885 indefinitis
603 1862 635 1886 et
665 1855 733 1886 suis
763 1856 993 1899 negationibus
1017 1869 1204 1893 sermonem
1235 1859 1327 1900 fecit,
1352 1860 1396 1892 ita

326 1913 414 1934 nunc
439 1901 478 1935 de
506 1901 778 1937 affirmationibus
802 1906 1040 1940 universalibus
1068 1919 1256 1941 sermonem
1275 1907 1396 1941 faciens

328 1950 367 1984 de
392 1962 504 1984 earum
527 1950 762 1995 negationibus*
782 1963 830 1987 est
854 1964 986 1988 coactus
1010 1955 1114 2001 loqui.
1129 1957 1271 2000 Negatio
1295 1957 1396 2001 siqui—

327 1999 403 2033 dem
427 1999 623 2033 universatis
642 1999 852 2036 affirmativae
868 2006 936 2037 non
953 2013 1002 2038 est
1018 2005 1209 2039 universalis
1233 2006 1395 2050 negativa,

328 2049 384 2082 sed
408 2049 609 2093 particularis
634 2053 795 2096 negativa,
812 2062 848 2086 ut
872 2054 905 2086 in
930 2054 945 2087 Ι
965 2053 1048 2087 libro
1072 2054 1220 2088 habitum
1244 2065 1293 2089 est
1306 2057 1333 2088 *-

397 2109 425 2140 3.
441 2098 544 2138 Quod
557 2108 666 2133 autem
680 2101 794 2134 similis
807 2103 848 2135 sit
864 2105 1098 2148 consequentia
1113 2105 1146 2137 in
1159 2105 1228 2138 istis
1241 2114 1273 2138 et
1285 2117 1397 2149 supra-

328 2146 421 2180 dictis
437 2147 613 2181 indefinitis
629 2158 718 2193 patet
734 2151 970 2195 exemplariter.
988 2154 1029 2186 Et
1045 2166 1086 2187 ne
1102 2154 1204 2188 multa
1229 2154 1397 2199 loquendo

329 2207 380 2229 res
405 2196 489 2230 clara
512 2197 696 2241 prolixitate
721 2199 962 2242 obtenebretur,
978 2202 1139 2237 formetur
1162 2205 1270 2248 primo
1293 2203 1397 2248 figura

93 2258 101 2267 ·
112 2256 304 2287 Ed.c.·q24amsu-
331 2242 370 2278 de
395 2245 582 2287 indefinitis,
600 2259 683 2292 quae
705 2260 803 2294 supra
820 2251 927 2294 posita
944 2260 993 2285 est
1010 2251 1025 2269 *
1042 2253 1076 2286 in
1092 2254 1298 2297 expositione
1318 2254 1398 2287 Por-

108 2289 153 2337 ᾎῗρ
167 2288 278 2337 ⁰yi-¹1‘1i⁷s'f¹‘⁸'
331 2293 452 2338 phyrii,
469 2295 591 2330 scilicet
614 2309 653 2330 ex
677 2309 742 2331 una
766 2308 856 2343 parte
873 2310 1015 2344 ponatur
1038 2301 1229 2336 affirmativa
1245 2302 1347 2343 finita,
1367 2312 1399 2336 et

332 2343 392 2376 sub
417 2356 454 2377 ea
478 2346 627 2388 negativa
659 2346 802 2389 infinita,
826 2357 858 2381 et
881 2349 942 2382 sub
965 2351 1026 2383 ista
1050 2352 1200 2395 negativa
1231 2353 1398 2396 privativa.

334 2392 382 2441 Ex
406 2393 504 2427 altera
527 2404 617 2438 parte
641 2397 749 2439 primo
774 2399 924 2441 negativa
940 2398 1042 2439 finita,
1059 2410 1091 2434 et
1114 2400 1174 2434 sub
1199 2413 1236 2434 ea
1260 2400 1400 2435 affirma-

334 2441 399 2474 tiva
423 2442 559 2484 infinita,
583 2453 616 2477 et
639 2445 698 2478 sub
723 2457 761 2479 ea
785 2447 976 2482 affirmativa
1000 2451 1170 2494 privativa.
1187 2450 1315 2485 Deinde
1339 2450 1400 2484 sub

335 2491 389 2524 illa
405 2491 508 2535 figura
526 2492 685 2527 formetur
699 2494 760 2528 alia
773 2495 876 2539 figura
890 2497 1005 2530 similis
1026 2497 1070 2531 illi
1088 2499 1329 2533 universaliter:
1345 2512 1403 2545 po-

334 2550 430 2574 natur
447 2541 568 2574 scilicet
584 2554 623 2575 ex
644 2554 708 2576 una
722 2553 812 2588 parte
828 2545 1019 2580 universalis
1043 2547 1234 2583 affirmativa
1250 2549 1290 2584 de
1314 2562 1403 2595 prae-

336 2589 442 2624 dicato
461 2587 566 2632 finito,
587 2600 620 2624 et
638 2592 698 2626 sub
719 2605 756 2626 ea
773 2593 975 2638 particularis
995 2598 1145 2641 negativa
1161 2597 1200 2631 de
1215 2598 1402 2642 praedicato

335 2637 476 2680 infinito,
493 2649 525 2673 et
537 2639 577 2673 ad
590 2641 871 2686 complementum
883 2644 1104 2679 similitudinis
1117 2646 1177 2680 sub
1191 2648 1250 2680 ista
1263 2648 1402 2691 particu—

335 2688 411 2721 laris
427 2690 577 2732 negativa
594 2690 633 2724 de
650 2690 835 2735 praedicato
851 2694 1029 2736 privativo;
1049 2705 1087 2728 ex
1103 2695 1201 2729 altera
1217 2708 1296 2729 vero
1313 2706 1402 2741 parte

338 2745 480 2782 ponatur
494 2739 602 2783 primo
618 2740 820 2784 particularis
836 2743 986 2786 negativa
1003 2743 1043 2777 de
1060 2744 1245 2788 praedicato
1262 2745 1403 2786 infinito,

338 2795 370 2820 et
394 2788 456 2822 sub
479 2799 516 2820 ea
539 2789 731 2823 universalis
755 2789 947 2825 affirmativa
971 2792 1010 2826 de
1034 2793 1220 2838 praedicato
1242 2793 1348 2834 finito,
1372 2804 1405 2828 et

324 2835 399 2891 -.⁵¹³b
424 2837 699 2919 istaduniversalis
724 2838 915 2873 affirmativa
940 2840 979 2874 de
1008 2841 1193 2886 praedicato
1225 2844 1404 2887 privativo,

338 2885 403 2919 hoc
426 2897 482 2919 mo
507 2895 542 2919 o:

79 1120 230 1142 Ammonius.

80 1147 230 1175 Porphyrius.

90 2062 170 2084 ’Lech
186 2068 220 2086 xi.
236 2068 259 2083 n.
275 2068 299 2089 ς,

90 2095 140 2116 seq.

662 2963 795 3005 Figura
818 2964 1085 2998 indefinitarum

413 3036 500 3061 Homo
519 3043 559 3062 est
577 3037 661 3062 iustus

414 3072 501 3097 Homo
520 3081 571 3097 non
591 3079 631 3098 est
649 3082 701 3099 non
720 3075 804 3100 iustus

414 3109 501 3133 Homo
520 3112 573 3134 non
592 3113 632 3134 est
650 3110 761 3135 iniustus

977 3041 1064 3066 Homo
1083 3049 1135 3066 non
1155 3048 1194 3067 est
1213 3042 1296 3068 iustus

978 3077 1065 3102 Homo
1084 3082 1124 3102 est
1143 3085 1195 3102 non
1214 3079 1298 3104 iustus

974 3113 1062 3138 Homo
1081 3117 1121 3138 est
1138 3111 1250 3139 iniustus

672 3190 805 3232 Figura
828 3191 1085 3224 universalium

348 3260 442 3285 Omnis
462 3261 541 3287 homo
560 3267 600 3287 est
618 3262 702 3287 iustus
866 3278 897 3281 —
919 3264 976 3288 Non
995 3264 1082 3288 omnis
1101 3264 1181 3289 homo
1200 3270 1240 3290 est
1258 3272 1309 3290 non
1329 3266 1413 3290 iustus

350 3295 407 3320 Non
425 3297 511 3322 omnis
530 3297 610 3322 homo
625 3303 664 3322 est
683 3305 736 3322 non
755 3298 840 3323 iustus
867 3313 899 3317 —-
920 3299 1014 3324 Omnis
1029 3298 1109 3324 homo
1129 3305 1168 3324 est
1182 3300 1266 3325 iustus

349 3331 408 3356 Non
427 3332 513 3357 omnis
532 3332 612 3358 homo
631 3339 671 3358 est
690 3333 810 3358 iniustus.
866 3349 898 3353 -
920 3334 1014 3360 Om'nis
1033 3333 1114 3360 homo
1133 3341 1174 3360 est
1192 3335 1302 3361 iniustus

405 3446 432 3481 α)
444 3447 586 3480 Postquam
597 3448 778 3481 Philosophus.
788 3449 844 3474 Hoc
855 3450 1067 3482 supplementum
1077 3450 1109 3474 ad
1123 3450 1308 3475 commentaria
1321 3449 1415 3475 uffho-

354 3489 410 3506 mae
430 3482 455 3506 in
474 3483 618 3507 secundum
638 3483 731 3508 librum
756 3483 812 3508 Peri
832 3484 1007 3516 hermeneias‚
1027 3485 1097 3518 quod
1117 3485 1253 3510 Caietanus
1277 3485 1416 3518 complevit

355 3524 421 3540 anno
445 3517 523 3550 1496,
548 3518 703 3550 impressum
725 3524 765 3543 est
783 3520 876 3544 eodem
895 3528 963 3544 anno
982 3520 1007 3544 in
1027 3521 1067 3545 ed.
1082 3520 1181 3545 Veneta
1200 3528 1215 3546 c
1234 3520 1296 3545 Peri
1315 3521 1415 3546 herme-

356 3552 428 3576 neias
442 3555 467 3576 et
483 3553 662 3578 Foster-iorum
682 3554 889 3587 analyticorum.
910 3555 1035 3585 Quocirca
1050 3555 1082 3580 ad
1095 3555 1170 3580 istam
1189 3556 1321 3588 exegimus
1341 3562 1415 3589 pne—

1060 214 1179 250 PERl
1210 210 1557 248 HERMENEIAS
1597 210 1690 246 LIB.
1722 210 1753 245 11

1434 286 1566 326 Quibus
1591 287 1634 320 ita
1655 286 1833 331 dispositis,
1851 295 2036 319 exerceatur
2061 287 2295 330 consequentia
2319 298 2448 330 semper
2469 287 2502 319 in

1433 335 1493 368 ista
1517 336 1666 380 proxima
1681 335 1796 379 figura,
1807 336 1898 368 *sicut
1917 346 2018 379 supra.
2032 336 2066 368 in
2083 334 2259 368 indefinitis
2276 336 2414 368 exercita
2433 343 2500 367 est:

1434 385 1502 417 sive
1519 385 1688 429 sequendo
1705 385 1956 429 expositionem*
1971 385 2154 423 Ammonii,
2171 393 2207 416 ut
2224 383 2367 417 infinitae
2392 396 2425 416 se
2450 383 2503 417 ha-

1434 432 1530 466 beant
1543 433 1583 467 ad
1599 433 1718 473 finitas,
1736 435 1819 466 sicut
1839 434 2016 477 privativae
2033 445 2067 466 se
2081 433 2200 466 habent
2218 433 2257 466 ad
2274 434 2360 477 ipsas
2376 432 2502 473 finitas;

1433 482 1543 516 finitae
1560 491 1671 516 autem
1687 494 1756 516 non
1773 494 1807 515 se
1823 482 1963 515 habeant
1979 482 2019 515 ad
2032 482 2173 515 infinitas
2191 482 2326 522 medias,
2340 483 2424 515 sicut
2440 483 2502 526 pri-

1434 531 1561 564 vativae
1585 543 1619 564 se
1643 531 1763 564 habent
1787 531 1827 564 ad
1851 532 1937 575 ipsas
1962 531 2120 564 infinitas:
2139 532 2207 564 sive
2224 531 2380 565 sectando
2404 543 2504 575 expo-

1435 580 1589 613 sitionem
1614 580 1800 624 Porphyrii,
1818 589 1854 613 ut
1877 580 2087 613 affirmatiVae
2110 579 2248 613 inferant
2271 582 2448 624 negativas,
2474 590 2506 614 et

1435 638 1504 660 non
1529 640 1546 661 e
1563 636 1687 661 contra.
1705 629 1845 673 Utrique
1862 630 1952 662 enim
1968 630 2166 674 expositioni
2190 631 2428 674 suprascriptae
2453 629 2505 663 de-

1436 678 1582 710 serviunt
1605 677 1747 721 figurae,
1773 687 1810 710 ut
1842 687 1932 722 patet
1954 678 2125 722 diligenter
2148 679 2324 722 indaganti.
2351 679 2506 712 Similiter

1437 737 1515 769 ergo
1540 738 1574 759 se
1598 726 1718 759 habent
1741 727 1990 760 enunciationes
2022 728 2101 760 istae
2125 728 2325 761 universales
2354 728 2394 762 ad
2418 728 2507 761 inde-

1436 773 1543 807 finitas
1567 775 1601 807 in
1618 775 1731 816 tribus,
1749 775 1872 808 scilicet
1888 776 1922 808 in
1939 787 2078 809 numero
2103 778 2383 820 propositionum,
2400 786 2431 810 et
2447 789 2507 810 nu-

1437 834 1529 856 mero
1554 825 1816 868 oppositionum,
1834 834 1866 857 et
1889 824 1994 857 modo
2020 827 2285 869 consequentiae.

1505 882 1536 914 4.
1553 872 1682 906 Deinde
1696 884 1771 906 cum
1785 873 1872 907 dicit:
1892 873 1947 907 Sed
1958 885 2018 907 non
2031 874 2168 907 similiter
2183 874 2343 917 angulares
2363 883 2436 915 etc.,
2450 887 2511 919 po—

1438 921 1486 953 nit
1517 919 1816 955 dissimilitudinem
1847 923 1932 955 inter
1962 923 2038 955 istas
2070 923 2270 956 universales
2300 932 2332 956 et
2363 924 2511 968 supradi-

1440 978 1506 1002 ctas
1531 969 1732 1011 indefinitas,
1749 971 1783 1003 in
1800 970 1864 1003 hoc
1881 970 1971 1015 quod
1988 970 2159 1014 angulares
2176 983 2245 1004 non
2269 971 2417 1005 similiter
2433 983 2511 1005 con-

1439 1018 1536 1061 tingit
1558 1030 1650 1051 veras
1675 1031 1755 1052 esse.
1775 1020 1871 1060 Quae
1896 1020 1993 1053 verba
2013 1020 2120 1064 primo
2138 1020 2331 1064 exponenda
2355 1030 2432 1054 sunt
2463 1033 2511 1054 se-

1441 1067 1586 1100 cundum
1618 1080 1709 1107 eam,
1734 1080 1833 1113 quam
1865 1068 2028 1102 credimus
2059 1080 2130 1102 esse
2162 1069 2202 1103 ad
2225 1079 2370 1103 mentem
2387 1071 2511 1103 Aristo-

1441 1116 1532 1156 telis,
1561 1118 1820 1160 expositionem;
1852 1118 1969 1151 deinde
1998 1118 2180 1152 secundum
2212 1119 2303 1152 alios.
2329 1119 2511 1163 Angulares

1442 1166 1688 1199 enunciationes
1720 1168 1753 1199 in
1782 1176 1919 1212 utraque
1946 1167 2051 1211 figura
2082 1169 2300 1212 suprascripta
2331 1177 2428 1201 vocat
2458 1180 2512 1201 eas

1443 1226 1525 1259 quae
1550 1223 1627 1248 sunt
1658 1214 1887 1249 diametraliter
1918 1218 2108 1260 oppositae,
2133 1217 2256 1250 scilicet
2287 1217 2513 1251 affirmativam

1442 1263 1567 1296 finitam
1599 1276 1638 1297 ex
1670 1276 1737 1297 uno
1769 1265 1910 1309 angulo,
1935 1275 1966 1299 et
1997 1265 2223 1299 affirmativam
2255 1266 2414 1300 infinitam
2446 1268 2514 1300 sive

1443 1313 1637 1357 privativam
1668 1325 1707 1346 ex
1731 1313 1795 1347 alio
1820 1315 1962 1358 angulo:
1988 1325 2019 1349 et
2047 1315 2195 1349 similiter
2226 1317 2412 1360 negativam
2442 1315 2514 1348 fini-

1444 1369 1511 1393 tam
1535 1372 1575 1394 ex
1598 1372 1667 1395 uno
1697 1362 1839 1406 angulo,
1862 1372 1896 1397 et
1918 1365 2102 1408 negativam
2126 1364 2286 1398 infinitam
2309 1365 2361 1398 vel
2385 1365 2516 1409 privati-

1424 1421 1520 1442 'vam
1544 1421 1584 1443 ex
1607 1410 1670 1443 alio
1695 1411 1830 1455 angulo.

1514 1468 1544 1500 5.
1569 1459 1825 1493 Enunciationes
1849 1473 1930 1505 ergo
1955 1463 1989 1494 in
2014 1462 2168 1506 qualitate
2192 1462 2315 1495 similes
2344 1461 2516 1505 angulares

1444 1516 1594 1547 vocatae,
1615 1519 1656 1541 eo
1681 1508 1771 1553 quod
1795 1509 1990 1553 angulareS,
2014 1510 2097 1543 idest
2123 1510 2353 1544 diametraliter
2379 1509 2515 1550 distant,

1448 1555 1613 1589 dissimilis
1641 1558 1785 1590 veritatis
1810 1567 1887 1591 sunt
1918 1558 2005 1602 apud
2036 1559 2220 1592 indefinitas
2245 1568 2277 1592 et
2305 1558 2515 1592 universales.

1449 1604 1632 1648 Angulares
1657 1606 1746 1638 enim
1769 1605 1956 1640 indefinitae
1989 1615 2055 1640 tam
2079 1608 2113 1640 in
2137 1607 2297 1640 diametro
2329 1606 2516 1640 affirmatio-

1449 1665 1541 1694 num,
1563 1666 1663 1699 quam
1686 1655 1720 1687 in
1744 1654 1904 1688 diametro
1929 1656 2146 1699 negationum
2170 1664 2311 1700 possunt
2330 1667 2402 1689 esse
2418 1655 2518 1689 simul

1449 1713 1564 1743 verae,
1590 1711 1627 1736 ut
1650 1712 1740 1748 patet
1766 1704 1800 1737 in
1825 1706 2043 1749 suprascripta
2066 1704 2171 1749 figura
2194 1704 2447 1739 indefinitarum.
2476 1705 2518 1738 Et

1451 1751 1515 1784 hoc
1543 1751 1687 1796 intellige
1711 1754 1744 1785 in
1768 1754 1903 1786 materia
1927 1755 2141 1797 contingenti.
2174 1754 2356 1798 Angulares
2380 1765 2460 1787 vero
2483 1755 2517 1787 in

1450 1800 1555 1844 figura
1579 1801 1813 1834 universalium
1845 1813 1914 1835 non
1938 1803 1984 1835 sic
2013 1814 2047 1836 se
2071 1802 2209 1843 habent,
2235 1804 2393 1847 quoniam
2416 1814 2518 1847 angu-

1451 1848 1533 1882 lares
1558 1850 1740 1884 secundum
1765 1849 1961 1884 diametrum
1978 1851 2233 1885 affirmationum
2250 1851 2454 1896 impossibile
2469 1861 2519 1885 est

1452 1910 1522 1932 esse
1547 1899 1646 1934 simul
1669 1908 1761 1933 veras
1789 1900 1823 1932 in
1847 1911 2055 1945 quacumque
2079 1901 2224 1934 materia.
2253 1901 2436 1945 Angulares
2465 1913 2519 1934 au—

1452 1955 1519 1980 tem
1543 1947 1725 1982 secundum
1743 1947 1945 1993 *diametrum
1973 1950 2188 1993 negationum
2220 1949 2418 1995 quandoque
2442 1961 2518 1994 pos-

1452 2004 1529 2030 sunt
1552 2007 1623 2030 esse
1647 1996 1749 2030 simul
1769 2003 1883 2038 verae,
1908 1998 2043 2042 quando,
2069 1998 2192 2032 scilicet
2219 1999 2304 2033 fiunt
2327 2000 2365 2032 irr
2384 2000 2519 2033 materia

1453 2046 1673 2090 contingenti:
1690 2047 1724 2079 in
1736 2047 1870 2080 materia
1886 2048 1975 2080 enim
1991 2049 2171 2081 necessaria
2188 2057 2220 2081 et
2235 2051 2387 2082 remota*
2399 2050 2521 2093 impos-

1453 2094 1545 2128 sibile
1562 2104 1611 2128 est
1627 2106 1697 2128 esse
1714 2094 1825 2128 ambas
1840 2107 1944 2130 veras,
1962 2097 2052 2129 Haec
2073 2105 2122 2130 est
2136 2097 2277 2137 Boethii,
2294 2109 2393 2142 quam
2408 2109 2520 2132 veram

1454 2143 1635 2184 credimus,
1658 2145 1831 2188 expositio.

1521 2195 1551 2226 6.
1577 2193 1757 2226 Herminus
1778 2193 1794 2210 *
1813 2202 1936 2234 autem,
1952 2194 2092 2228 Boethio
2118 2194 2289 2236 referente,
2309 2195 2401 2229 aliter
2425 2206 2523 2240 expo-

1454 2244 1513 2276 nit.
1530 2244 1623 2277 Licet
1646 2244 1735 2277 enim
1758 2253 1861 2288 ponat
1884 2243 2134 2279 similitudinem
2159 2245 2243 2278 inter
2266 2245 2466 2279 universales
2490 2253 2523 2279 et

1454 2291 1639 2326 indefinitas
1661 2292 1772 2337 quoad
1791 2304 1969 2326 numerum
1993 2294 2265 2328 enunciationum
2289 2302 2322 2327 et
2342 2295 2524 2338 oppositio-

1456 2353 1554 2382 num,
1579 2342 1807 2386 oppositiones
1837 2351 1947 2379 tamen
1972 2341 2064 2375 aliter
2087 2343 2261 2387 accipit-in
2285 2343 2522 2377 universalibus

1457 2400 1489 2424 et
1518 2390 1609 2424 aliter
1633 2391 1666 2424 in
1690 2390 1876 2424 indefinitis.
1908 2390 2152 2436 Oppositiones
2181 2391 2343 2436 siquidem
2375 2391 2523 2426 indefini-

1456 2451 1564 2475 tarum
1595 2451 1746 2476 numerat
1769 2443 1854 2476 sicut
1877 2451 1910 2476 et
1932 2453 1995 2476 nos
2019 2444 2284 2485 numeravimus,
2305 2443 2439 2478 alteram
2462 2444 2524 2478 sci-

1457 2490 1533 2524 licet
1560 2491 1643 2524 inter
1666 2491 1773 2525 finitas
1798 2491 2027 2525 affirmativam
2050 2501 2083 2526 et
2105 2493 2310 2536 negativam,
2334 2501 2366 2526 et
2389 2492 2524 2528 alteram

1458 2541 1541 2573 inter
1571 2539 1713 2573 infinitas
1744 2539 1972 2574 affirmativam
2004 2550 2036 2574 et
2070 2542 2278 2585 negativam,
2310 2541 2524 2586 quemadmo-

1458 2588 1537 2622 dum
1569 2601 1630 2622 uos
1661 2588 1810 2622 fecimus.
1842 2588 2089 2623 Universalium
2119 2601 2199 2623 vero
2230 2601 2299 2623 non
2330 2591 2376 2623 sic
2409 2601 2524 2623 nume-

1457 2646 1506 2671 rat
1529 2637 1777 2682 oppositioneS,
1809 2636 1867 2671 sed
1898 2637 2032 2671 alteram
2060 2638 2160 2671 sumit
2191 2639 2275 2672 inter
2306 2638 2525 2672 universalem

1459 2685 1686 2720 affirmativam
1709 2685 1834 2719 finitam
1858 2695 1891 2719 et
1912 2685 2141 2730 particularem
2168 2687 2353 2731 negativam
2384 2686 2526 2727 finitam,

1460 2735 1582 2768 scilicet
1611 2735 1707 2768 omnis
1730 2734 1815 2768 homo
1837 2741 1879 2768 est
1900 2735 2014 2776 iustu,
2039 2745 2100 2770 non
2127 2736 2223 2769 omnis
2246 2735 2330 2769 homo
2354 2742 2395 2769 est
2409 2736 2524 2776 iustus,

1460 2793 1493 2818 et
1516 2783 1650 2817 alteram
1680 2784 1763 2818 inter
1786 2783 1937 2817 eamdem
1966 2784 2184 2818 universalem
2207 2784 2435 2818 affirmativam
2457 2783 2529 2818 fini-

1451 2842 1527 2867 .tam
1552 2841 1583 2866 et
1603 2832 1821 2866 universalem
1841 2831 2067 2867 affirmativam
2090 2833 2267 2873 infinitam,
2288 2834 2411 2867 scilicet
2433 2834 2530 2868 omnis

1462 2883 1547 2916 bomo
1570 2888 1611 2915 est
1632 2882 1739 2922 iustus,
1763 2882 1859 2915 omnis
1882 2882 1966 2916 homo
1991 2889 2032 2916 est
2053 2893 2115 2916 non
2136 2884 2242 2916 iustus.
2260 2884 2349 2917 Inter
2365 2882 2424 2916 h‘as
2441 2883 2530 2923 enim

1462 2940 1510 2965 est
1530 2932 1751 2971 contrarietas,
1768 2931 1852 2964 inter
1868 2930 1939 2964 illas
1955 2943 2035 2965 vero
2052 2930 2278 2966 contradictio.
2288 2950 2302 2957 ·
2318 2932 2530 2966 Dissimilitu-

1463 2980 1574 3014 dinem
1598 2981 1696 3013 etiam
1714 2979 1947 3013 universalium
1964 2979 2004 3013 ad
2022 2979 2205 3014 indefinitas
2222 2980 2315 3014 aliter
2329 2981 2434 3026 ponit.
2449 2981 2531 3015 Non

1464 3030 1553 3063 enim
1579 3027 1753 3062 nobiscum
1777 3027 1890 3062 fundat
1922 3028 2221 3063 dissimilitudinem
2253 3030 2336 3063 inter
2359 3029 2531 3075 angulares

1465 3077 1698 3112 universalium
1716 3086 1748 3111 et
1775 3077 2018 3112 indefinitarum
2045 3090 2143 3123 supra
2166 3077 2348 3113 differentia
2372 3091 2456 3125 quae
2481 3087 2533 3114 est

1465 3128 1549 3161 inter
1568 3126 1739 3171 angulares
1756 3127 1990 3161 universalium
2008 3127 2216 3162 affirmativas
2233 3137 2265 3162 et
2280 3129 2459 3172 negativas,
2475 3126 2533 3162 sed

1466 3187 1566 3221 supra
1589 3173 1770 3210 differentia
1800 3187 1884 3221 quae
1914 3185 1963 3209 est
1990 3177 2073 3210 inter
2101 3177 2188 3221 ipsas
2221 3175 2455 3210 universalium
2477 3187 2533 3210 an·

1467 3225 1595 3270 gulares
1618 3225 1703 3258 inter
1726 3236 1760 3258 se
1784 3236 1824 3258 ex
1839 3233 1976 3269 utraque
2000 3234 2100 3270 parte.
2118 3225 2252 3259 Format
2268 3237 2411 3270 namque
2435 3224 2532 3258 talem

1468 3275 1626 3320 figuram,
1650 3275 1682 3308 in
1706 3285 1771 3319 qua
1793 3286 1834 3309 ex
1856 3285 1922 3308 una
1945 3282 2036 3318 parte
2059 3274 2120 3309 sub
2144 3274 2320 3313 universali
2343 3274 2534 3309 affirmativa

1469 3324 1570 3366 finita,
1587 3323 1779 3357 universalis
1794 3322 1986 3358 affirmativa
2008 3323 2134 3358 infinita
2151 3333 2218 3364 est;
2241 3333 2274 3358 et
2296 3336 2336 3358 ex
2358 3323 2420 3357 alia
2442 3330 2533 3368 parte

1468 3450 1542 3482 cipue
1561 3449 1626 3475 hanc
1645 3455 1760 3475 nostram
1779 3449 1896 3481 eiusdem
1915 3449 2090 3483 supplementi
2107 3449 2255 3476 editione--
2266 3462 2286 3467 -
2298 3447 2383 3474 Editio
2396 3446 2507 3488 praefata
2518 3454 2536 3487 ρ

1469 3485 1571 3518 incipit:
1588 3495 1601 3508 ι
1621 3484 1725 3510 Deinde
1743 3492 1803 3511 cum
1828 3484 1908 3511 dreit.-
1927 3485 2059 3510 Si'milirer
2082 3488 2171 3510 autem
2190 3491 2218 3510 κ
2236 3484 2333 3510 habent
2352 3487 2409 3513 etc„
2429 3482 2536 3507 intendit

1471 3529 1485 3543 ι
1501 3521 1658 3553 distinguere
1675 3521 1868 3546 enunciationes
1887 3521 1912 3545 in
1937 3521 2033 3554 quibus
2047 3520 2180 3546 subiicitur
2199 3525 2296 3544 nornen
2305 3516 2410 3543 finitum
2433 3517 2536 3542 univer-

1472 3566 1484 3578 »
1501 3556 1587 3581 saliter
1605 3561 1752 3589 sumptum,
1771 3561 1797 3581 et
1815 3555 1881 3581 circa
1899 3556 1950 3580 hoc
1961 3555 2008 3581 tria
2026 3555 2086 3580 fucit
2101 3565 2116 3578 ι
2133 3559 2197 3580 cm·

2531 388 2680 410 Ammonius.

2532 591 2681 618 Porphyrius.

2548 2053 2556 2061 ·
2567 2051 2604 2074 ef.
2614 2051 2655 2073 lib.
2666 2051 2692 2079 1,
2707 2052 2761 2074 lect.

2547 2083 2600 2105 xm,
2615 2084 2638 2100 u.
2649 2084 2670 2106 3.

2549 2117 2667 2140 Boethius.

2550 2210 2764 2266 inefff'mfii‘ffli',

2550 2269 2602 2291 lect.
2613 2274 2643 2296 n,
2659 2271 2709 2291 not.
2723 2263 2746 2291 0.
