2548 4192
207 278 373 304 CCCXXXII

207 347 394 387 opinionem
422 345 499 376 haec
532 345 667 376 obiectio
691 345 867 384 reducitur,
898 345 953 386 qui
977 354 1104 382 vocem,
1130 348 1231 378 mn&
1258 353 1276 373 a

206 391 430 431 coniugatione
454 390 509 420 lcal
531 396 712 426 removent,
743 397 920 430 putantque
950 388 1105 428 pertinere
1129 388 1169 418 ad
1201 398 1275 418 con-

207 436 403 476 iugationem
421 435 512 475 pihel
539 435 589 464 vel
612 434 726 473 hiphil:
756 434 992 474 genuinamque
1015 432 1186 462 lectionem
1209 441 1276 463 esse

206 481 257 511 vel
279 480 404 510 haaiieh
429 479 479 509 vel
502 479 612 508 haieh:
640 478 784 518 adeoque
808 478 995 507 mendosam
1023 477 1276 507 Masoretharum

207 525 447 565 punctationem
472 528 581 558 wrm,
606 522 694 552 ehieh
718 522 750 551 in
775 521 997 561 coniugatione
1026 521 1081 551 kal
1111 531 1185 551 cum
1217 521 1276 551 du-

207 569 281 610 plici
305 569 417 609 saegol
440 569 498 599 sub
522 567 629 597 litteris
647 573 672 601 N
698 572 727 596 et
745 571 757 594 ³
776 572 806 595 et
822 576 895 596 cum
909 566 1023 596 scheva
1044 566 1102 596 sub
1121 565 1222 596 littera
1239 569 1275 599 Π.

208 613 340 644 Addunt
362 622 447 650 vero,
478 611 735 650 coniugationem
758 610 790 639 in
814 610 869 640 kal
892 610 976 640 verbi
1002 614 1072 643 ΠἾΠ
1096 610 1276 640 absolutam

209 668 286 695 esse,
311 667 345 687 ac
361 656 588 687 intransitivam
608 662 638 685 et
657 654 901 684 substantivam:
926 654 1075 695 idemque
1091 656 1224 685 verbum
1243 655 1276 685 in

208 701 429 742 coniugatione
447 701 537 740 pihel
560 707 590 730 et
614 699 713 738 hiphil
736 697 1000 738 significationem
1023 699 1137 729 habere
1162 699 1276 729 transi-

208 747 304 778 tivam
327 746 534 785 activamque.
561 744 653 775 Unde
677 753 801 773 sacrum
825 743 961 783 denique
976 750 1096 774 textum
1116 744 1159 774 sic
1180 753 1276 783 expo-

208 798 305 821 nunt:
330 790 402 830 Ego
429 799 499 819 sum
529 789 584 828 qui
606 788 647 818 do
680 797 748 818 esse
770 787 819 817 vel
840 787 933 829 facio
964 796 1051 826 esse,·
1075 788 1276 828 similemque

208 845 336 865 sensum
360 833 497 864 activum
521 833 706 863 obtrudunt.

274 880 342 909 Hac
366 878 405 908 de
428 888 460 908 re
483 877 547 917 agit
570 876 780 907 eruditissime
803 876 982 916 Stephanus
1014 876 1181 908 Soucietus
1205 877 1236 908 S.
1253 877 1275 908 Ι.

207 924 239 954 in
264 922 480 953 dissertatione
504 921 608 952 critica
629 931 688 952 sur
707 922 737 951 le
756 931 829 951 nom
853 921 893 952 de
917 921 1001 952 Dieu
1026 926 1111 955 ΠῚΠἿ
1145 922 1274 959 Iehova,

208 968 308 1007 capite
331 978 374 997 111.
399 967 503 997 Pauca
527 965 663 996 delibare
687 973 831 1005 praestat.
857 966 938 995 Eam
961 966 1065 1006 primo
1090 967 1185 997 affero
1209 966 1276 996 ani-

207 1012 479 1049 madversionem,
504 1020 602 1051 quam
625 1010 745 1050 promit
767 1010 814 1040 vir
837 1010 1037 1041 doctissimus
1061 1021 1098 1041 ex
1121 1021 1276 1051 gramma-

207 1057 342 1087 ticorum
367 1055 582 1086 documentis:
607 1055 740 1085 verbum
764 1059 846 1093 ΠἻΠ,
871 1061 926 1085 aut
952 1060 1024 1088 ΠἸΠ
1044 1061 1193 1087 neutrum
1210 1065 1276 1086 esse

208 1111 243 1132 ac
267 1100 516 1137 intransitivum,
548 1099 795 1139 absolutumque
820 1106 851 1130 et
873 1100 1106 1130 substantivum
1132 1107 1276 1131 tantum:

207 1146 240 1175 in
265 1155 367 1185 eoque
392 1144 656 1184 coniugationum
679 1144 711 1174 in
737 1144 828 1184 pihel
851 1151 881 1174 et
904 1145 1021 1185 hiphil,
1054 1155 1136 1186 quae
1160 1145 1277 1176 activae

208 1197 301 1227 sunt,
330 1189 499 1229 vestigium
530 1188 657 1219 nullum
686 1188 719 1218 in
749 1195 815 1218 tota
843 1198 928 1219 sacra
952 1189 1111 1229 Scriptura
1139 1189 1276 1229 reperiri.

207 1234 460 1265 Masoretharum
490 1233 653 1273 punctatio
685 1232 813 1270 deinde,
844 1233 961 1264 scilicet
984 1235 1093 1271 ehieh,
1126 1244 1208 1274 quae
1238 1234 1277 1263 ad

209 1279 353 1309 futurum
376 1285 502 1318 tempus
527 1277 758 1317 coniugationis
782 1277 815 1307 in
839 1278 895 1308 kal
913 1278 1057 1317 pertinet,
1075 1279 1113 1308 ab
1133 1279 1208 1318 ipsis
1228 1288 1277 1308 ex-

208 1323 343 1362 cogitata
366 1333 432 1352 non
456 1322 531 1359 fuit;
561 1322 615 1352 sed
639 1322 817 1352 remotioris
846 1322 1140 1363 remotissimaeque
1171 1322 1278 1353 aetatis

208 1375 352 1398 auctores
371 1367 464 1397 habet
481 1367 566 1397 LXX
580 1366 774 1406 interpretes,
791 1372 839 1396 tot
855 1374 925 1397 ante
950 1366 1113 1397 Christum
1135 1367 1277 1404 saeculis,

208 1423 243 1442 ac
262 1412 354 1442 illum
378 1412 433 1452 qui
457 1412 490 1441 in
514 1410 648 1441 exordiis
672 1410 828 1440 Ecclesiae
854 1410 1038 1441 christianae
1061 1411 1191 1441 latinam
1210 1412 1278 1442 vul-

207 1462 338 1497 gatam,
364 1456 428 1486 sive
451 1456 561 1486 italam
586 1454 764 1486 versionem
795 1454 946 1492 confecit,
978 1465 1013 1485 ac
1037 1456 1277 1496 Hieronymum

208 1501 263 1542 qui
287 1501 379 1531 novis
407 1501 488 1531 curis
517 1500 612 1530 latine
635 1499 726 1529 vertit
753 1509 789 1528 ex
812 1499 948 1529 hebraeo
980 1510 1065 1530 sacra
1088 1500 1199 1530 Biblia.
1235 1500 1279 1530 Ita

207 1545 339 1586 quidem
362 1545 395 1575 in
419 1545 580 1583 Targum,
605 1544 668 1574 sive
692 1543 873 1583 paraphrasi
898 1544 1158 1584 lerosolymitana
1182 1554 1278 1584 expo-

208 1590 293 1620 nitur
317 1599 443 1620 comma
466 1589 578 1626 Exodi,
598 1590 636 1618 de
653 1598 719 1627 quo
744 1587 882 1627 agimus:
898 1588 960 1618 Ille
976 1589 1031 1628 qui
1047 1589 1167 1619 mundo
1185 1589 1277 1626 dixit,

208 1639 284 1671 esto,
310 1644 349 1664 ac
364 1633 452 1675 fuit:
475 1640 506 1664 at
529 1633 624 1663 simul
640 1632 735 1662 etiarn
750 1631 809 1661 alia
826 1632 1028 1671 subiungitur
1043 1633 1277 1673 interpretatio:

207 1679 281 1719 Ego
306 1679 370 1715 ille,
395 1679 451 1718 qui
472 1688 543 1708 sum
569 1682 598 1707 et
614 1677 755 1718 futurus
770 1685 854 1713 sum,
872 1678 958 1707 misit
971 1687 1022 1708 me
1044 1678 1088 1708 ad
1111 1687 1176 1708 vos.
1202 1680 1278 1708 Ara-

207 1723 276 1753 bica
299 1722 400 1753 versio
421 1722 453 1752 in
471 1721 659 1762 Polyglottis
682 1721 827 1751 Waltoni
852 1721 895 1751 sic
918 1721 1026 1752 habet:
1050 1723 1210 1753 Aeternus
1225 1723 1280 1763 qui

210 1777 272 1798 non
301 1768 469 1807 praeterit.
500 1763 609 1803 Quid?
639 1766 727 1806 quod
760 1766 892 1795 demuin
923 1766 948 1796 si
971 1767 1058 1797 Deus
1082 1767 1134 1797 ille
1164 1767 1203 1797 sit
1225 1767 1280 1807 qui

208 1812 265 1842 dat
288 1821 371 1849 esse,
398 1811 496 1841 dubio
522 1810 635 1851 procul
659 1809 749 1840 omni
773 1816 901 1849 oportet
923 1817 958 1841 ut
974 1811 1065 1841 illum
1083 1811 1188 1851 primo
1205 1821 1280 1841 con-

210 1857 364 1896 cipiamus
389 1865 466 1893 esse,
493 1857 547 1896 qui
571 1860 626 1885 est.
652 1854 723 1885 Alia
743 1854 865 1884 disserit
888 1854 966 1885 scitu
991 1855 1174 1895 dignissima
1199 1856 1279 1886 Sou-

209 1901 307 1932 cietus
332 1900 431 1941 capite
455 1911 488 1930 111
512 1900 606 1930 citato
639 1906 670 1930 et
697 1899 902 1939 sequentibus
930 1899 1101 1939 capitibus:
1126 1910 1162 1930 ac
1186 1900 1280 1931 etiam

209 1946 349 1976 evincere
371 1945 494 1975 videtur
517 1945 624 1985 ipsum
647 1953 778 1984 quoque
802 1953 921 1974 nornen
943 1944 1002 1974 Dei
1026 1945 1280 1985 Tetragramma-

209 1997 265 2021 ton
290 1991 407 2020 Iehova
431 1999 522 2020 suam
550 1999 586 2019 ex
620 1988 843 2028 coniugatione
866 1988 951 2018 verbi
976 1992 1047 2022 ΠἾΠ
1071 1989 1103 2019 ἰη
1133 1990 1190 2020 kal
1219 1989 1279 2020 ori-

208 2034 315 2074 ginem
332 2035 455 2065 ducere.
481 2033 609 2065 Cadunt
632 2033 697 2063 iam
712 2043 788 2063 vero
804 2032 931 2063 Ioannis
954 2032 1086 2064 Fabricii
1104 2034 1279 2074 oppositio-

209 2086 279 2109 nes:
304 2089 425 2120 quaeve
449 2085 558 2109 contra
581 2078 688 2117 ipsum
705 2076 964 2108 doctissimorum
978 2077 1120 2108 virorum
1145 2078 1281 2109 rationes

209 2124 319 2154 allatae
343 2130 436 2161 sunt,
467 2123 565 2153 sancti
588 2122 736 2152 Thomae
760 2121 927 2162 Aquinatis
951 2122 1128 2153 doctrinam
1151 2122 1281 2154 mirifice

210 2167 407 2199 confirmant.

277 2213 328 2243 111.
355 2212 499 2243 Sumitur
522 2212 590 2252 ipsa
610 2221 645 2242 ex
662 2211 732 2251 ipso
750 2221 838 2242 sacro
858 2218 943 2242 textu
959 2212 1107 2250 hebraeo,
1124 2212 1280 2243 eiusdem-

209 2267 272 2298 que
299 2257 375 2287 sacri
399 2264 500 2287 textus
525 2256 751 2297 antiquissimis
775 2263 847 2286 ante
872 2257 1123 2287 Masoretharum
1148 2264 1281 2288 aetatem

209 2301 427 2338 versionibus,
459 2311 585 2341 graeca,
617 2301 723 2337 latina,
753 2300 949 2339 chaldaica„
962 2301 1101 2339 arabica,
1127 2311 1161 2332 ac
1186 2302 1281 2332 etiarn

210 2346 364 2387 sequioris
379 2345 446 2376 aevi
471 2345 779 2386 interpretationibus
795 2345 900 2375 omnis
924 2345 1061 2386 linguae.
1087 2346 1282 2386 ipsissimam

209 2391 310 2431 graeci
335 2398 365 2421 et
387 2390 474 2421 latini
491 2391 596 2421 Patres
613 2400 676 2420 una
692 2400 769 2420 voce
785 2389 961 2420 doctrinam
977 2390 1181 2421 tradiderunt.
1201 2391 1281 2421 Gre-

209 2436 298 2476 gorii
322 2435 520 2476 Nazianzeni
543 2440 574 2465 et
593 2434 726 2465 Ioannis
742 2435 938 2465 Damasceni
953 2440 982 2465 et
998 2436 1175 2475 Augustini
1188 2436 1282 2466 verba

211 2479 434 2519 descripsimus
451 2489 540 2509 num.
564 2490 589 2510 1.
603 2479 735 2509 Sanctus
752 2479 904 2509 Hilarius
923 2479 1003 2510 libro
1022 2480 1031 2509 1
1052 2480 1100 2510 De
1115 2479 1281 2516 Trinitate‚

210 2534 300 2554 num.
320 2525 335 2554 5
363 2524 438 2554 haec
455 2524 564 2554 habet:
593 2537 607 2551 «ι
626 2524 698 2564 Ego
714 2533 784 2554 sum
800 2525 854 2564 qui
872 2533 977 2554 sum...
1002 2525 1076 2554 Non
1094 2524 1180 2554 enim
1196 2524 1282 2554 aliud

213 2581 228 2596 »
247 2567 413 2608 proprium
447 2567 546 2608 magis
571 2568 659 2606 Deo,
684 2577 783 2608 quam
807 2577 894 2606 esse,
919 2568 1117 2608 intelligitur:
1153 2568 1228 2610 quia
1251 2569 1283 2598 id

213 2612 353 2652 »ipsum
376 2613 462 2653 quod
484 2617 542 2650 est,
566 2622 670 2653 neque
695 2612 864 2642 desinentis
893 2619 939 2642 est
963 2613 1153 2652 aliquando,
1178 2623 1282 2653 neque

213 2669 228 2684 »
249 2657 367 2697 coepti:
392 2657 447 2687 sed
470 2656 513 2694 id,
538 2657 627 2698 quod
651 2666 726 2687 cum
749 2656 950 2697 incorruptae
974 2657 1177 2687 beatitudinis
1192 2664 1282 2697 pote-

214 2713 228 2728 »
249 2709 326 2732 state
350 2708 542 2742 perpetuum
566 2708 628 2738 est,
660 2711 724 2731 non
749 2701 854 2740 potuit
885 2708 939 2731 aut
969 2701 1084 2740 poterit
1111 2701 1283 2742 aliquando

214 2758 228 2773 »
249 2757 315 2777 non
340 2753 422 2776 esse:
447 2745 523 2786 quia
556 2745 700 2776 divinum
724 2755 820 2775 omne
845 2755 949 2786 neque
973 2745 1155 2783 abolitioni,
1180 2755 1284 2786 neque

213 2803 228 2818 s
249 2790 378 2821 exordio
403 2790 580 2821 obnoxium
603 2797 659 2820 est.
673 2802 687 2816 ν
715 2789 956 2829 Elegantissima
975 2789 1173 2830 Hieronymi
1191 2790 1285 2820 verba

211 2842 285 2866 sunt
301 2835 333 2865 in
350 2842 445 2875 caput
468 2845 501 2865 111
516 2835 556 2864 ad
572 2834 728 2874 Ephesios
745 2833 790 2875 (v.
806 2833 874 2875 15):
903 2847 916 2862 α
930 2834 1004 2875 Ego
1023 2844 1093 2865 sum
1111 2835 1166 2874 qui
1177 2843 1282 2865 sum...

214 2892 229 2908 »
249 2880 417 2921 quomodo
447 2889 566 2909 nomen
601 2889 775 2909 commune
806 2878 998 2909 substantiae
1033 2878 1091 2908 sibi
1117 2878 1283 2918 proprium

214 2937 229 2952 »
248 2924 386 2955 vindicat
401 2922 505 2954 Deus?
523 2924 588 2961 Illa,
606 2930 642 2954 ut
656 2923 804 2961 diximus,
820 2933 924 2961 causa,
942 2923 1016 2964 quia
1034 2930 1152 2954 caetera
1171 2930 1207 2954 ut
1223 2923 1284 2953 sint

215 2982 230 2997 »
250 2969 308 2999 Dei
332 2978 494 3008 sumpsere
518 2966 686 2999 beneficio:
712 2968 799 2999 Deus
823 2977 909 3003 vero,
930 2967 986 3008 qui
1005 2977 1129 3007 semper
1153 2975 1209 3005 est,
1226 2977 1283 2998 nec

216 3026 230 3041 2·
250 3013 342 3044 habet
366 3013 492 3044 aliunde
519 3012 711 3053 principium
735 3019 765 3043 et
789 3012 856 3052 ipse
881 3011 930 3042 sui
960 3011 1051 3052 origo
1076 3019 1122 3042 est
1145 3021 1283 3053 suaeque

215 3070 230 3085 »
251 3068 343 3088 causa
372 3057 580 3095 substantiae,
610 3067 675 3087 non
711 3063 816 3097 potest
852 3056 983 3097 intelligi
1012 3056 1140 3087 aliunde
1169 3057 1283 3087 habere

217 3114 231 3130 »
250 3102 338 3142 quod
362 3102 510 3133 subsistit.
525 3115 539 3129 »
567 3101 657 3132 Alios
672 3101 830 3132 Ecclesiae
849 3101 963 3132 latinae
982 3101 1087 3132 Patres
1107 3110 1284 3141 eorumque

214 3146 381 3177 sententias
405 3146 491 3177 affert
513 3147 693 3187 Dionysius
707 3147 858 3176 Petavius
879 3146 987 3176 libroI
1013 3146 1051 3176 de
1075 3146 1145 3176 Deo
1161 3145 1284 3186 Deique

214 3190 469 3230 proprietatibus,
494 3191 594 3231 capite
617 3201 658 3221 v1.
683 3191 795 3231 Neque
811 3191 998 3221 Ambrosius
1017 3190 1208 3227 adversatur,
1228 3189 1284 3230 qui

214 3235 247 3265 in
264 3235 426 3265 Psalmum
442 3246 526 3272 xum,
543 3245 632 3266 num.
655 3246 690 3275 19
708 3235 752 3265 sic
776 3235 832 3265 ait:
862 3248 876 3262 e<
895 3235 1056 3275 Moyses...
1081 3234 1285 3273 interrogavit

218 3293 232 3308 »
250 3280 335 3320 quod
349 3285 395 3310 est
410 3289 523 3310 nomen
548 3285 637 3310 tuum
650 3279 699 3311 P...
716 3279 922 3319 Cognoscens
946 3286 1085 3309 mentem
1102 3279 1169 3310 eius
1186 3279 1283 3317 Deus,

218 3337 233 3352 »
253 3334 318 3354 non
343 3323 505 3364 respondit
538 3334 668 3361 nomen,
694 3324 749 3354 sed
772 3325 955 3364 negotium,-
978 3323 1040 3354 hoc
1064 3330 1111 3354 est
1142 3333 1210 3354 rem
1233 3332 1283 3353 ex-

218 3381 233 3395 »
253 3368 374 3408 pressit,
399 3378 464 3398 non
489 3368 746 3408 appellationem,
771 3368 897 3399 dicens:
922 3368 995 3409 Ego
1013 3378 1097 3405 sum,
1122 3369 1177 3408 qui
1199 3377 1282 3405 sum,

219 3425 233 3439 ›
252 3413 328 3453 quia
350 3412 430 3443 nihil
452 3420 517 3443 tam
541 3413 707 3454 proprium
730 3412 800 3449 Dei,
825 3423 923 3454 quam
947 3422 1071 3453 semper
1095 3422 1198 3443 esse.»
1226 3412 1284 3443 Le-

217 3457 343 3487 vissima
366 3456 532 3488 difficultas
556 3465 611 3495 est,
636 3467 718 3499 quae
743 3457 832 3487 nullo
853 3457 952 3488 modo
970 3456 1102 3488 Fabricii
1120 3466 1285 3487 censuram

218 3500 315 3532 fulcit.
341 3501 420 3532 Satis
444 3512 582 3542 namque
607 3509 653 3533 est
685 3503 790 3543 Moysi
814 3512 932 3532 nomen
956 3501 1159 3541 interroganti
1183 3501 1285 3531 aDeo

219 3554 285 3575 rem
310 3545 410 3584 ipsam
434 3556 618 3586 expressam
644 3555 725 3577 esse:
751 3557 885 3588 eamque
909 3546 1153 3586 expressionem,
1178 3545 1203 3576 si
1227 3555 1285 3586 pro

219 3588 348 3620 nomine
376 3590 563 3621 Ambrosius
597 3602 663 3622 non
692 3591 824 3630 habeat,
853 3592 892 3622 ab
921 3591 989 3622 aliis
1012 3590 1157 3621 Patribus
1189 3589 1286 3621 veluti

221 3643 339 3666 nomen
363 3642 522 3674 acceptam
547 3645 623 3666 esse.

932 263 1393 303 DISSERTATIONES
1424 266 1671 303 CRITICAE

1399 345 1481 375 Inter
1504 355 1632 385 graecos
1655 346 1761 376 Patres
1792 347 1898 387 accipe
1925 348 2119 380 Clementem
2143 350 2404 383 Alexandrinum

1329 388 1438 419 libroI
1462 390 1651 430 Paedagogi,
1676 390 1776 430 capite
1799 399 1869 422 vm:
1895 392 1934 423 In
1954 394 2068 433 quibus
2091 395 2194 426 tribus
2212 398 2408 436 temporibus

1331 431 1400 475 (qui
1425 433 1485 464 fuit
1508 441 1539 464 et
1562 441 1608 464 est
1631 441 1661 465 et
1686 433 1767 477 erit),
1788 437 1923 475 ponitur
1946 447 2047 468 unum
2068 449 2194 477 nomen,
2215 450 2328 481 nempe
2350 443 2408 482 qui

1330 483 1377 508 est
1393 476 1510 520 (Exodi
1529 489 1573 516 111,
1595 476 1657 520 14),
1676 489 1795 509 nomen
1819 480 1878 511 Dei
1898 481 2023 520 scilicet,
2042 483 2097 523 qui
2117 484 2204 514 solus
2222 491 2277 515 est.
2304 486 2407 516 Verba

1330 529 1404 552 sunt
1427 522 1600 562 Epiphanii
1631 522 1663 552 in
1691 523 1811 554 haeresi
1834 535 1904 555 Lx1x
1927 526 2132 565 Arianorum,
2154 538 2244 559 num.
2263 537 2321 571 70:
2346 530 2407 560 Est

1330 567 1433 606 igitur
1455 567 1680 598 substantia...
1706 568 1788 599 illud
1818 570 1940 609 ipsum,
1965 570 2050 610 quod
2072 577 2140 602 est:
2166 574 2249 604 sicut
2271 575 2407 614 Moyses

1329 611 1430 647 dixit,
1455 612 1510 651 qui
1533 617 1579 642 est
1603 613 1687 642 misit
1707 622 1757 642 me
1775 613 1819 643 ad
1831 614 1926 654 filios
1948 615 2063 645 Israel.
2089 616 2203 657 Itaque
2227 617 2243 648 ὀ
2264 616 2308 648 ὤν
2329 617 2404 649 ἐστι

1331 652 1372 686 τὸ
1399 653 1452 695 ὅν,
1478 657 1532 696 qui
1555 661 1616 693 est,
1642 666 1699 687 ens
1723 662 1779 687 est.
1805 657 1876 688 Alia
1906 659 2122 700 Nazianzeni,
2155 671 2253 702 quem
2277 673 2366 694 num.
2389 673 2399 693 1

1329 699 1550 738 laudavimus,
1583 701 1677 731 verba
1710 701 1838 740 profero
1866 702 1900 732 in
1926 703 2080 734 Oratione
2107 713 2217 736 xxxw:
2247 707 2321 738 Non
2345 708 2405 738 hoc

1330 744 1434 774 solum
1460 745 1588 774 nomine
1604 743 1682 786 (qui
1699 744 1767 788 est)
1793 744 1984 788 (appellatur
1998 747 2111 790 Deus),
2132 750 2218 790 quod
2234 752 2310 791 ipse,
2329 762 2402 782 cum

1330 789 1442 828 Moysi
1465 789 1497 818 in
1522 794 1630 819 monte
1659 791 1828 820 oraculum
1859 791 1986 822 ederet.
2002 815 2009 822 .
2025 815 2032 822 .
2062 794 2107 823 ita
2132 795 2270 834 seipsum
2295 797 2403 836 appel-

1331 833 1442 863 lavit...
1466 832 1523 862 sed
1546 834 1641 863 etiam
1659 835 1734 873 quia
1750 843 1862 864 nomen
1880 836 1962 866 illud
1979 834 2177 880 κυριώτερον
2201 841 2309 880 magis
2326 850 2404 881 pro-

1326 877 1436 916 prium
1462 886 1531 907 esse
1553 878 1777 917 comperimus.
1811 878 1862 908 En
1885 889 1960 909 vero
1991 888 2072 920 quot
2095 882 2233 922 insignes
2262 884 2405 915 doctissi-

1331 931 1467 961 mosque
1491 931 1567 951 suae
1590 922 1751 952 doctrinae
1774 923 1869 953 vades
1893 923 2007 954 habeat
2030 932 2156 956 sanctus
2175 927 2331 967 Thomas,
2346 929 2406 959 Ec·

1331 965 1442 996 clesiae
1467 965 1652 996 christianae
1674 966 1789 997 latinos
1814 973 1845 997 et
1867 977 1996 1007 graecos
2019 969 2135 1000 Patres.

1399 1009 1614 1041 Consentiunt
1636 1011 1847 1041 hebraeorum
1864 1012 2014 1052 magistri.
2041 1014 2144 1044 Verba
2159 1021 2233 1045 sunt
2247 1016 2407 1046 Maiemo-

1332 1055 1415 1085 nidis
1438 1055 1524 1094 apud
1547 1055 1712 1085 Petavium
1736 1062 1823 1086 sexto
1848 1056 1964 1096 capite,
1995 1067 2084 1088 num.
2106 1060 2138 1088 5:
2163 1059 2263 1090 «Hoc
2286 1070 2407 1091 nomen

1334 1112 1348 1126 »
1369 1099 1544 1130 derivatum
1568 1106 1614 1130 est
1637 1110 1655 1129 a
1676 1100 1774 1130 verbo
1804 1100 1918 1138 haiah,
1949 1102 2039 1142 quod
2070 1103 2266 1134 existentiam
2290 1104 2406 1145 signifi-

1335 1157 1349 1171 »
1369 1150 1434 1174 cat:
1449 1154 1524 1174 nam
1539 1144 1636 1174 haiah
1653 1144 1807 1184 significat
1821 1146 1992 1176 existere...
2021 1147 2146 1177 Totum
2162 1158 2272 1179 vero...
2290 1156 2407 1190 myste-

1334 1200 1348 1215 »
1370 1187 1454 1218 rium
1477 1188 1619 1228 positum
1642 1195 1689 1219 est
1711 1189 1743 1219 in
1768 1199 1818 1226 eo,
1843 1190 1933 1230 quod
1956 1191 2100 1230 repetivit
2123 1193 2270 1223 eamdem
2294 1194 2406 1224 dictio-

1335 1245 1349 1260 »
1368 1243 1453 1270 nem,
1464 1243 1546 1273 quae
1561 1234 1763 1263 existentiam
1784 1233 1947 1273 significat,
1962 1245 2019 1274 per
2037 1236 2174 1266 modum
2193 1237 2406 1268 attributionis

1334 1289 1348 1304 »
1368 1277 1417 1307 vel
1432 1277 1682 1317 praedicationis.
1699 1278 1782 1308 Nam
1799 1288 1980 1318 pronomen
1996 1280 2172 1319 relativum,
2183 1282 2249 1321 qui,
2266 1282 2409 1314 continet

1334 1333 1348 1348 »
1369 1321 1401 1351 in
1421 1331 1454 1351 se
1469 1322 1666 1352 mentionem
1682 1322 1820 1353 attributi
1840 1322 1973 1353 alicuius
1987 1323 2177 1355 inhaerentis
2192 1325 2266 1356 sibi:
2286 1327 2406 1367 quippe

1335 1378 1350 1394 »
1368 1366 1457 1406 quod
1481 1376 1601 1397 nomen
1625 1367 1664 1397 sit
1687 1366 1910 1406 imperfectum
1933 1375 1963 1398 et
1987 1368 2174 1400 adiunctum
2205 1370 2263 1400 sibi
2287 1381 2407 1402 nornen

1335 1423 1349 1437 »
1370 1410 1456 1440 aliud
1486 1410 1625 1451 requirit.
1664 1411 1704 1441 Et
1735 1411 1878 1451 positum
1912 1419 1958 1442 est
1981 1423 2100 1443 nornen
2125 1414 2286 1454 primum,
2318 1415 2408 1456 quod

1336 1467 1351 1482 »
1368 1454 1499 1485 subiecti
1521 1455 1624 1485 vicem
1648 1455 1791 1493 sustinet,
1812 1456 1911 1492 ehieh,
1937 1466 2003 1494 ere,
2021 1464 2052 1488 et
2075 1467 2194 1488 nomen
2219 1460 2408 1499 secundum,

1337 1511 1351 1526 »
1371 1499 1460 1539 quod
1483 1499 1672 1529 attributum
1698 1499 1765 1530 eius
1789 1507 1853 1538 est,
1883 1500 1994 1531 itidem
2025 1509 2156 1533 vocatur
2179 1503 2280 1542 ehieh,
2305 1513 2410 1535 er0...

1336 1555 1351 1570 ιν
1371 1543 1461 1583 quasi
1478 1543 1644 1573 ostendere
1659 1543 1752 1574 vellet
1769 1544 1949 1575 subiectum
1964 1545 2072 1585 ipsum
2086 1546 2172 1577 idem
2187 1547 2221 1578 in
2236 1548 2410 1579 substantia

1336 1599 1351 1614 »
1370 1597 1437 1618 esse
1454 1597 1529 1618 cum
1545 1587 1706 1618 attributo.
1725 1588 1767 1618 Ut
1780 1588 1858 1619 haec
1872 1589 1970 1620 totius
1986 1590 2030 1620 rei
2046 1591 2215 1622 declaratio
2230 1591 2287 1623 sit:
2304 1593 2412 1624 Deum

1337 1645 1352 1660 ι»
1373 1632 1513 1669 existere,
1529 1632 1583 1662 sed
1607 1641 1674 1662 non
1698 1642 1754 1671 per
1778 1632 1983 1664 existentiam.
2009 1634 2116 1671 Quare
2133 1635 2299 1675 explicatio
2314 1643 2346 1667 et
2360 1646 2411 1668 ex-

1337 1689 1351 1703 »
1371 1676 1489 1716 positio
1505 1675 1590 1706 illius
1606 1683 1669 1707 est:
1686 1677 1850 1714 Existens,
1868 1679 1923 1717 qui
1938 1683 1986 1708 est
2004 1679 2162 1710 existens:
2177 1680 2268 1720 quasi
2280 1680 2412 1712 diceret:

1337 1733 1364 1747 »·
1376 1721 1440 1758 Qui
1454 1721 1634 1751 necessario
1649 1721 1760 1751 existit.
1773 1733 1787 1748 ›
1808 1721 1846 1752 R.
1866 1722 2033 1753 Chisclziae
2048 1723 2158 1754 locum
2174 1724 2320 1765 superius
2339 1735 2371 1756 n.
2390 1735 2408 1756 2

1335 1765 1528 1805 descriptum
1551 1765 1657 1795 habes.
1682 1765 1878 1796 Sententiam
1901 1767 1985 1797 addo
2009 1767 2159 1806 doctoris,
2179 1779 2278 1810 quem
2294 1769 2412 1810 Fagius

1335 1810 1586 1840 Nehemanidem
1607 1810 1755 1849 appellat,
1775 1810 2015 1842 Gerundensem
2032 1812 2199 1844 Vatablus:
2229 1826 2243 1841 ‹
2261 1814 2348 1845 Deus
2363 1820 2410 1846 est

1338 1868 1352 1882 ι
1373 1854 1426 1884 illa
1455 1854 1616 1885 existentia
1640 1854 1691 1884 vel
1723 1855 1940 1894 subsistentia,
1965 1866 2047 1896 quae
2071 1866 2129 1887 nec
2152 1858 2326 1898 praeteriit,
2351 1867 2410 1890 nec

1338 1913 1352 1928 a>
1373 1899 1578 1940 praeteribit..
1590 1922 1597 1929 .
1615 1899 1671 1930 Est
1686 1899 1774 1930 Deus
1793 1909 1928 1940 semper,
1953 1900 2008 1941 qui
2025 1910 2204 1942 numquam
2220 1902 2336 1943 coepit,
2351 1912 2409 1934 nec

1338 1957 1353 1972 »
1373 1954 1531 1985 umquam
1555 1943 1679 1980 desinit,
1704 1943 1759 1974 sed
1781 1944 1973 1975 transcendit
1996 1955 2128 1976 omnem
2151 1946 2308 1977 rationem
2329 1953 2410 1978 tem-

1339 2001 1353 2016 »
1374 1988 1478 2028 poris:
1503 1995 1535 2019 et
1553 1987 1608 2029 qui
1625 1987 1713 2018 solus
1735 1987 1837 2018 dicere
1856 1995 1977 2029 potest:
1995 1989 2073 2020 Sum
2091 1990 2142 2020 vel
2155 1990 2234 2022 Ero.
2252 1991 2309 2022 Est
2323 1991 2410 2022 enim

1339 2033 1441 2073 »ipse
1472 2032 1577 2063 omnis
1606 2031 1758 2063 essentiae
1790 2039 1886 2073 atque
1913 2033 1995 2064 vitae
2026 2033 2098 2064 fons
2122 2041 2153 2065 et
2174 2035 2362 2075 plenitudo:
2393 2045 2412 2066 a

1339 2091 1353 2105 »
1372 2087 1439 2118 quo
1464 2077 1592 2114 omnia,
1625 2086 1708 2117 quae
1732 2083 1825 2115 sunt,
1853 2077 1971 2108 habent
1999 2087 2066 2109 esse
2094 2079 2183 2119 quod
2207 2086 2291 2110 sunt.
2326 2079 2412 2118 Quia

1339 2135 1353 2150 »
1373 2122 1468 2162 igitur
1490 2121 1655 2152 aeternitas
1680 2121 1774 2152 nullis
1793 2120 1909 2152 finibus
1926 2123 2217 2162 comprehenditur,
2232 2123 2306 2154 ideo
2320 2124 2411 2155 nullo

1339 2179 1353 2194 ιι
1373 2174 1518 2206 tempore
1542 2165 1675 2196 describi
1698 2172 1813 2206 potest.
1844 2166 1920 2203 Quo
1944 2165 1996 2204 fit,
2021 2173 2057 2198 ut
2080 2173 2162 2198 recte
2184 2175 2333 2207 vocetur,
2356 2169 2413 2210 qui

1339 2224 1353 2239 »
1372 2217 1429 2249 est,
1454 2212 1509 2252 qui
1523 2210 1605 2252 fuit,
1625 2211 1680 2251 qui
1703 2211 1784 2241 erit:
1806 2220 1881 2241 nam
1897 2211 2007 2241 omnia
2022 2218 2179 2252 tempora,
2195 2222 2270 2243 cum
2286 2212 2325 2244 de
2340 2213 2411 2244 Deo

1339 2269 1353 2284 2
1372 2255 1556 2296 loquimur,
1582 2254 1833 2286 confunduntur.
1849 2267 1863 2283 ι
1890 2255 2113 2287 Hebraeorum
2135 2256 2304 2297 magistros
2332 2257 2412 2288 alios

1337 2307 1510 2341 praetereo.

1405 2346 1513 2383 Quam
1536 2354 1612 2384 ergo
1635 2344 1795 2375 subtiliter
1817 2344 1960 2385 quidem,
1984 2345 2039 2375 sed
2058 2344 2154 2376 etiam
2166 2345 2269 2376 solide
2291 2355 2412 2377 nomen

1337 2389 1396 2420 Dei
1420 2388 1618 2429 explicaverit
1640 2389 1796 2426 Thomas,
1820 2389 1910 2429 quod
1934 2396 1998 2427 est,
2021 2389 2100 2420 Sum
2117 2391 2173 2430 qui
2189 2399 2262 2421 sum
2277 2390 2328 2421 vel
2346 2390 2413 2428 Qui

1338 2439 1395 2471 est,
1420 2434 1484 2464 iam
1508 2440 1604 2474 patet.
1629 2433 1679 2464 Ab
1703 2433 1766 2464 hoc
1789 2433 1920 2464 nomine
1944 2433 2108 2474 distinguit
2129 2434 2220 2473 illud,
2244 2435 2334 2475 quod
2353 2434 2411 2466 Te-

1337 2483 1599 2520 tragrammaton
1623 2484 1773 2515 vocatur,
1806 2477 1887 2508 idest
1909 2478 2070 2516 Iehovah,
2100 2478 2199 2510 sancti
2222 2478 2413 2521 Hieronymi

1339 2523 1559 2558 auctoritatem
1583 2529 1738 2563 sequutus
1762 2521 1794 2552 in
1818 2522 1952 2562 epistola
1976 2522 2068 2554 citata
2091 2523 2131 2553 ad
2145 2523 2338 2555 Marcellam.
2363 2523 2413 2555 De

1338 2567 1396 2598 hac
1421 2567 1636 2605 distinctione,
1670 2576 1770 2607 quam
1797 2566 1848 2597 alii
1873 2573 2007 2606 negant,
2035 2566 2176 2608 itemque
2205 2567 2244 2598 de
2274 2567 2414 2599 nominis

1339 2612 1480 2642 eiusdem
1505 2611 1625 2651 origine
1650 2621 1686 2642 ac
1709 2610 1740 2641 vi
1763 2611 1894 2641 consule
1917 2611 2083 2642 laudatum
2112 2611 2296 2643 Soucietum
2321 2611 2414 2643 alios-

1339 2666 1402 2696 que
1426 2656 1583 2686 doctores.
1615 2655 1695 2686 Satis
1719 2662 1766 2686 est
1789 2655 1958 2686 discrimen
1979 2655 2128 2693 indicare,
2160 2656 2250 2696 quod
2273 2656 2354 2686 inter
2377 2665 2415 2686 ea

1339 2700 1406 2730 duo
1430 2699 1562 2730 nomina
1585 2699 1727 2738 adsignat
1742 2699 1896 2739 Aquinas,
1916 2699 1942 2729 si
1958 2699 2048 2739 quod
2063 2699 2186 2730 admitti
2202 2700 2323 2738 debeat,
2338 2699 2412 2730 loco

1340 2743 1434 2775 citato
1457 2744 1498 2774 ad
1527 2750 1557 2774 1:
1592 2756 1606 2771 ‹
1626 2743 1806 2773 Dicendum
1829 2743 1918 2782 quod
1942 2743 2004 2774 hoc
2030 2753 2165 2781 nomen,
2193 2744 2258 2781 Qui
2280 2749 2342 2782 est,
2367 2749 2414 2775 est

1342 2800 1356 2815 »
1377 2788 1477 2828 magis
1501 2787 1669 2828 proprium
1693 2796 1812 2817 nomen
1835 2786 1928 2818 Dei...
1945 2794 2104 2827 quantum
2127 2787 2167 2818 ad
2183 2787 2226 2825 id,
2242 2798 2263 2818 a
2277 2797 2340 2829 quo
2355 2789 2411 2819 im-

1341 2844 1356 2859 »
1370 2834 1516 2873 ponitur,
1541 2831 1657 2862 scilicet
1679 2831 1720 2861 ab
1743 2840 1828 2869 esse,
1854 2837 1886 2862 et
1904 2838 2062 2872 quantum
2080 2831 2120 2862 ad
2139 2832 2268 2863 modum
2286 2832 2411 2874 signifi-

1341 2889 1355 2904 >
1374 2877 1469 2908 candi
1492 2883 1522 2907 et
1545 2875 1855 2916 consignficandi...
1880 2875 1942 2906 Sed
1965 2882 2124 2916 quantum
2146 2877 2187 2906 ad
2210 2876 2243 2906 id
2266 2877 2310 2907 ad
2327 2876 2412 2917 quod

1342 2933 1356 2948 »
1376 2922 1551 2961 imponitur
1574 2930 1694 2950 nomen
1709 2920 1752 2951 ad
1765 2919 2049 2961 significandum...
2066 2926 2113 2951 est
2127 2920 2227 2961 magis
2242 2920 2411 2961 proprium

1341 2977 1355 2992 ν
1376 2975 1495 2996 nomen
1524 2965 1847 3005 Tetragrammaton:
1870 2964 1959 3005 quod
1983 2971 2030 2995 est
2047 2964 2236 3004 impositum
2252 2966 2292 2996 ad
2315 2964 2410 3006 signi-

1341 3022 1356 3037 »
1374 3009 1530 3040 ficandam
1554 3009 1656 3049 ipsam
1679 3008 1738 3039 Dei
1762 3008 1970 3041 substantiam
1992 3008 2347 3047 incommunicabilem,
2378 3015 2411 3041 et

1341 3066 1355 3081 ι»
1375 3053 1424 3096 (ut
1448 3054 1490 3085 sic
1514 3053 1604 3084 liceat
1627 3051 1731 3095 loqui)
1752 3053 1954 3094 singularem.
1967 3065 1982 3080 »
2005 3053 2087 3084 Rem
2102 3053 2184 3085 hanc
2198 3052 2346 3095 penitiori
2360 3053 2410 3085 in-

1339 3098 1450 3139 dagine
1474 3097 1603 3129 scrutari
1626 3097 1765 3138 pretium
1788 3107 1903 3138 operae
1927 3107 1993 3128 non
2016 3104 2072 3128 est.

1719 3193 1918 3231 CAPUT
1953 3193 2027 3230 111.

1338 3280 1426 3306 Unum
1444 3280 1544 3314 potius,
1564 3287 1644 3313 quam
1668 3279 1797 3313 primum,
1816 3279 1902 3304 vocari
1921 3279 1989 3304 diem
2013 3278 2148 3310 debuisse,
2167 3278 2193 3303 in
2211 3285 2266 3312 quo
2283 3278 2326 3304 lux
2342 3276 2411 3303 saeta

1409 3321 1463 3347 est,
1482 3316 1624 3341 rationibus
1648 3315 1760 3340 ostendit
1778 3314 1894 3348 Aquinas
1919 3322 1950 3340 ex
1973 3319 2062 3340 sancto
2086 3314 2182 3340 Basilio
2206 3313 2331 3348 sumptio:
2350 3312 2411 3338 hine

1409 3359 1473 3376 vero
1492 3351 1585 3377 iniusta
1603 3356 1644 3376 est
1662 3350 1763 3376 Ioannis
1783 3350 1891 3376 Fabricii
1911 3358 2028 3376 censura.
2053 3350 2160 3375 Fallitur
2177 3349 2317 3383 Diony-iu·
2335 3347 2410 3374 Pen-

1409 3386 1475 3418 vius,
1495 3387 1539 3420 qui
1559 3387 1669 3412 rationes
1689 3386 1830 3420 praedictas
1847 3386 1926 3411 reiicit
1945 3386 2025 3411 veluti
2045 3385 2167 3419 mysticae
2181 3382 2410 3419 interpretationes.

1409 3424 1450 3448 An
1469 3430 1578 3456 vespere
1596 3421 1765 3456 praecesserit
1783 3429 1859 3447 mane
1878 3421 1933 3447 sive
1951 3421 2050 3453 lucem,
2074 3428 2107 3446 an
2125 3420 2182 3446 vice
2198 3427 2283 3446 vena.
2301 3418 2410 3444 loannes

1410 3459 1518 3485 clericus
1537 3465 1648 3485 notatus.

1342 3543 1365 3573 1.
1388 3533 1576 3616 Tertiam
1601 3541 1718 3579 refero,
1742 3550 1841 3582 quam
1865 3539 1924 3571 fert
1946 3539 2080 3570 loannes
2103 3534 2274 3572 Fabricius,
2298 3544 2409 3565 censu-

1466 3596 1535 3616 ram
1562 3585 1595 3616 in
1626 3592 1771 3616 sanctum
1793 3585 1958 3615 'rhomam
1980 3582 2191 3624 Aquinatem:
2219 3579 2336 3609 «Parte
2359 3588 2409 3609 ea-

1324 3644 1326 3647 ’
1345 3643 1359 3658 »
1379 3631 1453 3662 dem
1477 3629 1626 3672 (prima),
1650 3635 1771 3671 quaest.
1790 3638 1893 3667 Lxxxv,
1916 3634 1973 3658 art.
1988 3636 2023 3657 m
2045 3625 2158 3656 dicitur
2181 3632 2268 3654 unus
2287 3623 2355 3654 dies
2376 3622 2411 3654 in
