2548 4192
215 317 306 342 CCXC

214 395 330 415 meum.
355 385 443 415 Paria
467 392 541 416 sunt
565 385 682 415 Irenaei
705 386 798 415 verba
822 385 902 415 libro
921 385 962 415 IV
987 385 1107 415 Contra
1130 385 1285 420 haereses,

215 430 315 469 capite
338 440 423 467 xvm,
445 430 484 460 al.
506 440 606 465 xxxiv,
627 440 716 460 num.
738 437 777 468 4:
802 429 902 459 Hanc
925 429 1114 459 oblationem
1139 429 1285 463 Ecclesia

213 475 283 504 sola
301 485 422 514 puram
447 474 542 514 offert
556 474 765 514 fabricatori,
791 473 931 513 offerens
955 475 984 503 ei
1007 483 1078 503 cum
1098 476 1284 515 gratiarum

214 521 339 549 actione
362 529 403 549 ex
426 524 576 549 creatura
601 519 714 548 eius....
743 517 909 554 Quomodo
933 523 1040 547 autem
1065 520 1222 550 constabit
1240 523 1285 554 eis

214 561 350 604 (Iudaeis
375 570 405 593 et
428 560 613 604 Haereticis)
638 572 708 591 eum
727 571 866 601 panem,
893 563 924 591 in
949 571 1011 602 quo
1034 565 1165 604 gratiae
1194 573 1286 598 actae

213 609 287 644 sint,
312 608 437 647 Corpus
459 616 527 637 esse
549 607 681 636 Domini
699 606 751 636 sui
774 611 804 635 et
823 606 953 636 calicem
979 607 1159 648 Sanguinis
1183 614 1252 643 eius
1268 613 1286 643 ,9

212 652 331 682 Panem
348 658 377 681 et
392 651 521 681 calicem
543 651 636 680 docet
659 660 683 680 s·
704 650 795 680 Pater
823 651 997 681 consecrari
1028 660 1058 683 et
1074 653 1139 685 fieri
1158 656 1285 697 Corpus

214 703 244 725 et
266 695 459 735 Sanguinem
482 694 625 731 Domini,
651 704 687 724 ex
710 704 776 735 quo
801 694 833 724 in
858 694 901 724 eis
932 703 1069 736 aguntur
1092 701 1217 739 gratiae.
1243 705 1285 733 At

212 740 306 770 huius
330 739 500 778 gratiarum
524 738 656 769 actionis
687 748 743 769 seu
768 739 996 770 benedictionis
1020 751 1141 782 partem
1165 747 1284 786 praeci-

211 794 309 824 puam
332 783 364 812 in
388 783 448 814 illis
469 783 636 813 consistere
660 783 772 821 verbis,
789 784 864 814 Hoc
879 791 924 815 est
947 785 1072 828 Corpus
1095 800 1199 821 meum
1225 799 1282 824 etc,

211 827 410 857 disertissime
421 828 514 858 tradit
529 828 614 858 idem
625 828 770 858 Irenaeus
787 828 887 868 capite
902 840 978 867 xvn,
991 833 1030 862 al.
1041 843 1137 873 xxxii,
1149 847 1238 867 num.
1254 839 1282 869 5:

210 872 274 902 Sed
296 877 327 902 et
348 873 416 902 suis
438 873 603 912 discipulis
631 872 714 903 dans
745 874 912 904 consilium
937 878 1103 915 primitias
1134 881 1204 912 Deo
1233 882 1282 921 of-

200 916 299 957 ferre
322 926 364 946 ex
385 918 454 947 suis
477 918 669 947 creaturis...
695 927 779 954 eum,
804 920 860 958 qui
883 929 924 950 ex
940 928 1092 953 creatura
1102 927 1201 965 panis
1217 917 1279 965 est,

208 962 329 1000 accepit
345 966 375 991 et
389 963 518 1002 gratias
542 963 619 1002 egit,
644 962 765 992 dicens:
787 963 863 994 Hoc
884 971 931 995 est
950 966 1076 1007 Corpus
1099 981 1204 1002 meum
1222 979 1279 1003 etc.

207 1005 288 1035 Ecce
312 1006 556 1036 consecrationis
580 1007 674 1037 verba
693 1007 873 1045 coniuncta,
890 1017 926 1040 ut
945 1012 1112 1052 Aquinatis
1129 1017 1281 1048 sententia

207 1056 263 1089 est,
289 1060 363 1080 cum
386 1050 454 1091 ipsa
477 1050 648 1091 gratiarum
671 1051 795 1082 actione
811 1059 841 1082 et
857 1055 1085 1089 benedictione.
1103 1060 1197 1092 Addo
1213 1072 1280 1092 ver-

207 1095 256 1132 ba,
274 1105 355 1135 quae
372 1095 528 1126 habentur
543 1096 575 1126 in
589 1096 722 1126 homilia
737 1107 757 1126 v
778 1095 838 1138 (de
853 1100 1003 1142 Pascha)
1025 1113 1080 1133 seu
1091 1105 1123 1135 in
1135 1115 1280 1137 sermone

206 1139 258 1169 De
279 1139 423 1180 Corpore
439 1146 468 1171 et
483 1141 652 1182 Sanguine
674 1142 817 1179 Domini,
835 1154 932 1184 quem
953 1146 1004 1176 alii
1019 1148 1159 1180 Eusebio
1175 1151 1278 1182 Emis-

207 1193 296 1221 seno,
314 1184 435 1214 Isidoro
459 1185 639 1225 Hispalensi
656 1186 800 1216 tribuunt
815 1188 883 1219 alii:
904 1203 919 1217 α
939 1191 1104 1224 invisibilis
1128 1195 1280 1226 Sacerdos

209 1241 223 1255 »
243 1228 380 1259 visibiles
397 1237 551 1260 creaturas
568 1230 601 1260 in
617 1230 825 1260 substantiam
842 1233 995 1274 Corporis
1006 1244 1036 1267 et
1046 1238 1214 1278 Sanguinis
1231 1241 1279 1271 sui

208 1285 222 1298 »
244 1273 338 1304 verbo
361 1283 438 1311 suo,
464 1282 581 1305 secreta
604 1281 758 1315 potestate
783 1280 946 1317 convertit,
971 1281 1013 1311 ita
1037 1283 1163 1314 dicens:
1187 1286 1277 1316 Acci-

208 1329 221 1343 »
239 1319 309 1357 pite
333 1323 363 1348 et
387 1318 478 1356 edite,
503 1319 562 1349 hoc
585 1325 632 1350 est
655 1320 738 1350 enim
756 1330 860 1352 meum
882 1323 1019 1365 Corpus.
1038 1327 1079 1358 Et
1097 1330 1278 1371 sanctifica-

208 1373 221 1387 »
243 1363 329 1392 tione
352 1363 500 1403 repetita:
526 1365 667 1404 Accipite
683 1370 713 1395 et
732 1364 834 1404 bibite,
859 1368 911 1398 hic
929 1375 976 1400 est
995 1370 1139 1413 Sanguis
1155 1384 1277 1406 meus...

207 1418 222 1433 ιν
245 1407 384 1444 Quando
408 1407 641 1439 benedicendae
663 1410 765 1440 verbis
790 1412 974 1444 caelestibus
999 1424 1156 1449 creaturae
1186 1419 1279 1450 sacris

207 1463 220 1477 >›
241 1451 389 1482 altaribus
413 1452 635 1492 imponuntur,
659 1461 830 1496 antequam
855 1458 1054 1492 invocatione
1078 1463 1195 1493 summi
1212 1464 1279 1494 Nu-

206 1507 220 1521 »
242 1496 336 1526 minis
360 1503 597 1535 consecrentur,
623 1499 796 1531 substantia
819 1501 882 1532 illic
902 1510 948 1534 est
963 1506 1053 1544 panis
1071 1514 1101 1538 et
1116 1507 1192 1538 vini:
1205 1514 1280 1548 post

206 1551 220 1566 ³·
242 1541 337 1571 verba
361 1547 467 1572 autem
505 1542 625 1573 Christi
657 1543 784 1584 Corpus
823 1553 854 1577 et
877 1547 1010 1587 Sanguis
1035 1558 1081 1582 est
1111 1551 1239 1584 Christi.
1260 1566 1274 1581 »

203 1584 315 1615 Verbis
339 1596 413 1626 ergo
438 1586 555 1617 Christi
579 1588 684 1628 peragi
709 1592 980 1623 consecrationem
1004 1606 1020 1625 a
1042 1597 1276 1635 sacerdotibus,

204 1637 427 1671 peractamque
450 1631 547 1662 fuisse
571 1643 589 1662 a
613 1633 682 1663 Iesu
707 1634 835 1666 Christo
866 1637 899 1667 in
923 1637 990 1678 ipsa
1015 1640 1207 1672 Sacramenti
1231 1642 1277 1672 in-

203 1673 376 1713 stitutione,
401 1676 531 1707 Patrum
555 1679 708 1709 sententia
737 1686 799 1710 est:
831 1681 886 1721 qui
911 1684 1026 1722 pariter
1049 1687 1160 1717 eadem
1182 1687 1277 1718 verba

202 1726 318 1749 vocant
341 1721 570 1751 invocationem
595 1724 738 1763 supremi
754 1725 915 1764 Numinis,
937 1727 1168 1762 elementorum
1185 1732 1276 1762 bene-

202 1763 370 1795 dictionem
395 1771 425 1796 et
446 1766 743 1806 sanctificationem,
768 1769 835 1800 imo
860 1778 890 1801 et
912 1775 1098 1812 gratiarum
1119 1777 1274 1807 actionem

202 1817 297 1848 super
321 1810 493 1841 elementis.
519 1810 586 1842 Cur
608 1810 673 1843 ita?
697 1813 782 1850 Quia
805 1825 932 1856 nempe,
949 1828 1030 1859 quae
1054 1820 1112 1851 Dei
1132 1821 1241 1852 laudes
1259 1832 1276 1851 a

202 1851 329 1884 Christo
354 1855 524 1885 celebratae
549 1863 632 1894 sunt,
657 1867 738 1898 quae
758 1859 873 1897 gratiae
889 1869 986 1898 actae,
1003 1874 1085 1905 quae
1102 1865 1190 1896 fusae
1206 1877 1275 1906 pre-

202 1906 263 1935 ceS,
288 1909 369 1939 quae
394 1900 534 1940 supremi
557 1901 707 1932 Numinis
730 1902 947 1937 invocationes
964 1907 1073 1946 factae,
1090 1920 1211 1951 quaeve
1227 1911 1275 1941 his

201 1941 318 1973 similes
343 1944 381 1973 ad
405 1944 588 1984 exemplum
613 1947 682 1977 Iesu
707 1946 823 1980 Christi
848 1950 1044 1984 celebrantur
1060 1961 1090 1985 et
1105 1962 1243 1994 aguntur
1259 1966 1276 1986 a

200 1988 414 2018 sacerdotibus
437 1989 562 2029 laudes,
587 1991 758 2031 gratiarum
782 1994 932 2031 actiones,
965 2008 1072 2038 preces
1097 2006 1127 2030 et
1149 2000 1275 2031 invoca-

202 2033 304 2064 tiones
322 2035 523 2074 complentur
542 2046 654 2066 omnes
674 2037 775 2067 verbis
792 2039 865 2076 illis,
879 2041 954 2072 Hoc
969 2048 1016 2073 est
1032 2044 1158 2084 Corpus
1174 2055 1274 2080 meus,

201 2078 253 2109 hic
276 2085 322 2110 est
346 2080 433 2110 calix
456 2079 635 2122 Sanguinis
659 2082 736 2118 mei,
762 2083 878 2124 quibus
903 2086 1066 2119 benedicta
1090 2095 1120 2119 et
1142 2089 1274 2120 sanctifi-

202 2130 270 2154 cata
288 2124 370 2156 fiunt
385 2124 551 2162 elementa,
569 2126 755 2156 eorumdem
773 2131 1036 2163 transmutatione
1052 2133 1084 2163 in
1102 2134 1230 2175 Corpus
1247 2141 1277 2165 et

203 2169 397 2209 Sanguinem
422 2170 563 2201 Domini.

270 2215 357 2245 Haec
381 2215 518 2254 genuina
542 2222 588 2246 est
612 2225 635 2245 s·
661 2215 808 2248 Thomae
833 2229 934 2256 mens,
951 2221 1005 2262 qui
1022 2222 1115 2254 docet
1130 2230 1275 2254 constan-

202 2260 321 2290 tissime
350 2260 444 2290 verba
468 2269 486 2289 a
510 2259 637 2291 Christo
670 2262 810 2300 prolata,
835 2264 951 2304 quibus
985 2268 1180 2298 consecratio
1204 2279 1273 2308 per-

202 2304 314 2344 agitur,
339 2304 493 2345 pertinere
517 2305 556 2334 ad
580 2305 833 2338 benedictionem
857 2309 1106 2342 elementorum:
1132 2313 1276 2350 adeoque

202 2349 324 2388 prolata
348 2349 458 2379 eadem
482 2349 578 2380 fuisse
601 2354 677 2379 ante
699 2349 886 2383 fractionem
915 2355 1005 2394 panis
1030 2363 1060 2387 et
1084 2357 1276 2388 distributio-

202 2403 277 2423 nem
301 2394 403 2424 calicis
426 2394 476 2423 vel
500 2395 751 2427 concomitanter
774 2407 847 2428 cum
873 2399 981 2429 eadem
1003 2400 1154 2432 fractione
1178 2409 1209 2433 et
1230 2403 1276 2432 di-

202 2438 398 2468 stributione.
426 2439 510 2468 Loca
527 2439 592 2468 duo
611 2448 646 2468 ex
664 2438 910 2473 Commentariis
928 2444 959 2474 in
975 2446 1171 2477 Matthaeum
1197 2454 1227 2478 et
1242 2447 1275 2478 in

202 2483 397 2523 Apostolum
412 2483 549 2513 Paulum
564 2482 669 2513 affero.
682 2486 730 2515 Ad
747 2487 895 2518 Matthaei
908 2499 976 2527 cap.
986 2501 1070 2526 xxvr,
1081 2501 1160 2522 vers.
1172 2492 1224 2527 26,
1235 2502 1274 2528 27

202 2527 246 2557 sic
270 2527 372 2557 habet:
401 2540 414 2554 «ι
433 2527 546 2557 Melius
571 2527 704 2565 dicitur,
729 2531 817 2571 quod
852 2534 948 2563 semel
976 2534 1052 2565 dixit
1077 2542 1107 2566 et
1132 2546 1197 2566 non
1228 2536 1275 2567 bis

205 2584 219 2599 >
241 2571 318 2613 (illa
336 2572 442 2608 verba,
459 2571 533 2602 Hoc
552 2577 598 2602 est
616 2571 742 2613 Corpus
757 2575 895 2617 meum),
916 2584 946 2608 et
969 2579 1001 2609 in
1018 2579 1066 2609 his
1082 2580 1183 2610 verbis
1200 2591 1275 2611 con-

205 2630 219 2644 »
240 2617 379 2647 secravit.
405 2616 497 2647 Unde
521 2616 613 2646 debet
636 2616 678 2647 ita
702 2619 780 2658 legi,
814 2622 903 2661 quod
927 2622 1005 2653 illud
1030 2624 1118 2664 quod
1143 2624 1273 2663 dicitur,

205 2675 219 2690 »
240 2663 312 2699 Ait,
338 2662 471 2701 accipite
495 2668 552 2691 etc.
577 2660 727 2693 referatur
751 2664 790 2693 ad
815 2667 1035 2705 praecedentia
1060 2667 1124 2708 (ad
1147 2669 1273 2699 benedi-

206 2719 220 2734 »
241 2708 374 2737 ctionem
399 2711 429 2736 et
444 2705 706 2747 fractionem)....
732 2708 775 2739 Et
790 2711 952 2750 accipiens
977 2713 1119 2748 calicem,
1145 2715 1274 2752 gratias

206 2764 219 2779 »
241 2753 306 2793 egit
330 2748 480 2792 (scilicet)
505 2750 543 2780 de
567 2750 765 2782 institutione
789 2753 884 2785 huius
906 2757 1102 2789 sacramenti.
1120 2757 1194 2797 quia
1214 2757 1273 2787 vir-

204 2808 218 2823 »
238 2803 305 2827 tute
329 2795 434 2826 divina
458 2795 519 2826 hoc
543 2795 719 2827 faciebat....
745 2798 824 2829 Item
847 2801 976 2840 gratias
994 2802 1065 2841 agit
1089 2801 1127 2831 de
1151 2801 1272 2837 effectu,

204 2854 218 2868 »
239 2841 314 2882 quia
338 2840 464 2871 effectus
489 2846 535 2870 est
558 2840 642 2870 salus
665 2842 763 2872 totius
788 2844 899 2874 mundi
924 2851 954 2875 et
977 2845 1038 2875 hoc
1057 2855 1122 2875 non
1152 2853 1274 2885 poterat

203 2899 217 2914 »
239 2886 337 2916 iacere
362 2885 421 2915 nisi
445 2895 481 2915 ex
505 2884 676 2916 divinitate.
696 2899 710 2913 »
739 2888 774 2918 In
799 2887 1040 2919 Commentario
1064 2890 1103 2919 ad
1128 2897 1223 2930 caput
1241 2901 1272 2921 xt

200 2931 361 2971 Epistolae
379 2931 389 2960 1
408 2930 447 2960 ad
463 2929 622 2967 Corinth„
638 2940 718 2962 vers.
738 2933 790 2969 23,
808 2942 860 2972 24,
879 2935 936 2967 25:
958 2947 971 2962 «
986 2934 1115 2974 Accepit
1135 2945 1270 2974 panem,

204 2988 218 3003 »
238 2981 267 3006 et
282 2976 411 3016 gratias
434 2984 536 3015 agens
557 2973 701 3016 fregit...
722 2976 757 3007 In
777 2987 843 3018 quo
861 2978 952 3008 datur
975 2979 1067 3008 nobis
1092 2979 1273 3018 exemplum

204 3034 217 3048 ιο
236 3020 348 3060 gratias
373 3019 485 3060 agendi
510 3019 548 3050 de
572 3019 734 3057 omnibus,
751 3032 832 3062 quae
850 3023 941 3053 nobis
958 3023 1108 3053 divinitus
1125 3023 1271 3054 dantur...

204 3078 218 3092 2>
237 3066 279 3095 Et
301 3064 393 3101 dixit,
419 3065 552 3105 accipite
576 3071 632 3094 etc.
658 3065 731 3095 Non
757 3073 803 3096 est
820 3067 1013 3098 sumendum
1031 3074 1270 3108 consequenter,

204 3122 217 3137 1,
238 3109 327 3150 quasi
352 3109 496 3140 Christus
520 3109 673 3149 acceperit
696 3121 810 3150 panem
836 3118 866 3142 et
890 3112 1001 3150 gratias
1023 3122 1117 3148 agens
1137 3112 1272 3149 fregerit,

204 3167 218 3182 »
239 3161 269 3184 et
292 3160 402 3194 postea
426 3153 535 3184 dixerit
558 3153 662 3191 verba,
682 3165 764 3195 quae
783 3163 969 3196 sequuntur:
988 3157 1041 3187 sed
1057 3158 1271 3188 concomitan-

204 3213 218 3228 »
238 3204 298 3236 ter,
323 3198 411 3239 quod
436 3198 514 3229 dum
538 3199 657 3237 accepit
680 3210 735 3239 per
758 3210 790 3230 se
815 3211 941 3240 panem,
962 3201 1074 3240 gratias
1091 3211 1196 3237 agens⁹
1214 3201 1272 3232 fre-

205 3258 219 3272 »
239 3244 283 3284 git
315 3250 346 3274 et
378 3242 464 3274 dixit.
503 3243 544 3273 Et
571 3242 644 3273 ideo
677 3254 750 3275 cum
780 3245 889 3276 Matth.
915 3256 985 3276 xxvi
1024 3245 1144 3276 dicatur
1183 3247 1271 3286 quod

204 3304 218 3318 »
239 3289 323 3319 Iesus
354 3289 476 3327 accepit
495 3296 612 3328 panem
638 3293 667 3318 et
695 3289 856 3320 benedixit
879 3300 919 3320 ac
939 3290 1069 3331 fregit,
1095 3290 1271 3330 Apostolus

204 3348 218 3362 >›
238 3343 303 3363 non
328 3332 447 3363 curavit
470 3332 519 3362 hic
544 3331 582 3362 de
611 3332 827 3364 benedictione
857 3334 956 3364 facere
986 3335 1198 3370 mentionem,
1223 3335 1270 3365 in-

203 3392 216 3406 »
238 3378 378 3417 telligens
410 3376 488 3407 nihil
520 3375 605 3406 aliud
634 3387 699 3408 esse
733 3378 820 3408 illam
848 3379 1101 3410 benedictionem
1143 3378 1163 3417 (
1166 3379 1272 3420 quoad

202 3436 216 3449 »
230 3423 439 3463 praecipuam
450 3419 607 3462 partem),
619 3433 717 3462 quam
736 3423 798 3454 hoc
814 3424 902 3464 quod
919 3424 1078 3454 Dominus
1095 3424 1181 3460 dixit,
1198 3424 1273 3455 Hoc

205 3482 218 3494 >›
238 3473 283 3497 est
310 3467 434 3506 Corpus
457 3475 571 3496 meum.
587 3480 600 3494 »
625 3467 731 3498 Dictas
752 3478 769 3497 a
789 3468 949 3498 Salvatore
973 3468 1081 3499 laudes
1101 3468 1178 3505 Dei,
1204 3478 1270 3507 gra-

200 3511 257 3541 tias
281 3518 362 3541 actas
394 3511 542 3551 fusasque
566 3511 800 3542 benedictiones
829 3513 958 3551 agnovit
982 3513 1135 3554 Aquinas,
1156 3523 1271 3553 easque

201 3555 363 3595 patefacit;
388 3555 542 3595 docetque
567 3555 646 3586 inter
661 3556 729 3586 illas
746 3557 855 3587 locum
875 3557 1021 3587 habuisse
1036 3558 1130 3588 ve-ba
1159 3567 1271 3588 conse-

202 3599 343 3635 cratoria,
360 3600 433 3629 Hoc
449 3604 494 3628 est
507 3598 632 3640 Corpus
646 3611 762 3634 meum.
775 3602 826 3631 hic
841 3606 886 3631 est
897 3602 984 3631 calix
1003 3602 1182 3641 Sanguinis
1198 3602 1268 3632 mei.

260 3643 378 3672 Eadem
391 3650 435 3673 est
446 3643 587 3673 doctrina
603 3645 723 3684 Synodi
740 3645 955 3677 Tridentinae.
968 3645 1057 3675 cuius
1074 3646 1167 3675 verba
1179 3652 1268 3676 sunt:

202 3687 276 3717 Hoc
291 3692 355 3717 tam
372 3687 560 3717 admirabile
577 3688 820 3719 Sacramentum
838 3690 870 3719 in
889 3690 1001 3720 ultima
1022 3699 1120 3720 coena
1137 3690 1270 3720 Redem-

938 304 1397 342 DISSERTATIONES
1428 306 1677 345 CRITICAE

1337 390 1416 424 ptor
1432 392 1541 417 noster
1556 388 1704 425 instituit,
1721 399 1792 419 cum
1805 396 1879 430 post
1892 392 1991 431 panis
2008 392 2136 432 vinique
2157 392 2416 431 benedictionem,

1342 438 1377 459 se
1391 439 1485 460 suum
1506 432 1606 471 ipsius
1625 432 1751 473 Corpus
1774 435 1839 465 illis
1856 436 2016 475 praebere
2038 446 2079 467 ac
2092 446 2187 467 suum
2203 437 2416 478 Sanguinem,

1342 473 1471 505 disertis
1487 485 1526 506 ac
1537 478 1720 517 perspicuis
1745 479 1849 509 verbis
1873 485 2007 510 testatus
2030 486 2085 511 est.
2111 481 2243 512 Perinde
2268 489 2314 512 est
2338 492 2373 512 ac
2392 482 2418 512 si

1343 518 1475 549 dixerint
1498 520 1604 551 Patres
1630 522 1735 552 lesum
1760 522 1934 560 Christum,
1959 525 2053 555 verba
2076 525 2144 563 illa,
2168 526 2244 556 Hoc
2266 532 2314 556 est
2339 526 2417 557 Cor-

1336 572 1401 602 pus
1424 574 1547 602 meum,
1573 566 1806 605 proferentem,
1831 574 1980 599 testatum
2009 579 2075 599 esse
2103 580 2136 600 se
2160 570 2322 610 discipulis
2351 571 2416 601 suis

1342 607 1414 637 dare
1441 608 1567 649 Corpus
1585 618 1699 641 suum:
1726 611 1759 641 id
1782 612 1943 649 videlicet,
1961 614 2050 653 quod
2074 621 2148 654 post
2162 616 2257 645 verba
2272 615 2325 645 illa
2341 625 2415 655 pro-

1339 651 1418 689 lata,
1449 652 1481 682 in
1506 654 1622 694 quibus
1653 656 1744 695 panis
1777 657 1954 687 benedictio
1979 664 2009 688 et
2037 659 2231 689 consecratio
2255 659 2414 698 consistit,

1340 696 1427 726 haud
1450 698 1587 737 amplius
1611 707 1676 730 erat
1699 701 1873 731 substantia
1897 701 2005 741 panis,
2026 703 2080 732 sed
2101 702 2228 743 Corpus
2252 714 2358 734 suum.
2377 704 2413 734 In

1339 740 1408 777 ipsa
1440 749 1599 781 praeterea
1637 744 1856 775 benedictione
1887 746 1912 776 si
1943 746 2117 786 distinguas
2149 747 2262 787 gratias
2295 748 2365 778 Deo
2396 758 2415 778 a

1341 784 1468 815 Christo
1500 794 1583 817 actas
1620 787 1770 829 fusasque
1800 799 1908 829 preces
1931 800 2026 830 super
2050 801 2131 830 pane
2153 793 2413 830 transmutando,

1339 839 1375 859 ac
1403 830 1536 860 demum
1564 832 1768 872 praecipuam
1799 840 1830 864 et
1859 834 2005 864 ultimam
2033 836 2261 866 benedictionis
2291 844 2414 876 partem

1338 873 1371 903 in
1394 874 1496 904 verbis
1520 877 1759 907 consecratoriis
1782 878 1938 917 positam,
1963 889 2074 909 sensus
2098 880 2220 910 elicitur
2242 891 2261 910 a
2284 881 2414 911 Thoma

1338 925 1369 948 et
1392 919 1430 948 ab
1459 919 1616 950 Ecclesiae
1645 921 1792 952 Patribus
1824 922 2026 953 disertissime
2054 923 2186 954 traditus
2216 934 2252 954 ac
2280 924 2412 965 Synodo

1338 963 1543 994 Tridentinae
1570 965 1713 1005 apprime
1733 966 1941 996 conveniens:
1958 977 2074 1007 nempe
2090 968 2339 1008 Redemptorem
2354 979 2413 999 no-

1337 1014 1449 1045 strum,
1473 1015 1646 1049 postquam
1669 1010 1782 1050 gratias
1806 1011 1869 1050 egit
1892 1011 1961 1041 Deo
1985 1021 2020 1041 ac
2044 1012 2124 1042 bene
2152 1012 2227 1052 pani
2255 1019 2413 1043 transmu-

1339 1052 1433 1082 tando
1452 1060 1595 1092 precatus
1611 1061 1667 1091 est,
1685 1056 1778 1085 verba
1795 1055 1858 1092 illa,
1874 1056 1950 1086 Hoc
1965 1061 2012 1086 est
2027 1056 2153 1096 Corpus
2169 1066 2285 1094 meum,
2298 1064 2412 1101 protu-

1335 1096 1408 1126 lisse
1431 1097 1481 1127 vel
1504 1105 1576 1128 ante
1601 1098 1787 1130 fractionem
1811 1100 1861 1130 vel
1885 1100 2135 1131 concomitanter
2150 1111 2224 1132 cum
2247 1101 2411 1140 fractione,

1336 1140 1508 1182 ipsumque
1532 1143 1726 1174 elementum
1751 1154 1958 1175 consecrasse.
1984 1145 2164 1185 Pugnantes
2189 1153 2299 1176 contra
2321 1146 2412 1176 Tho-

1336 1195 1423 1216 mam
1447 1187 1602 1218 adducere
1621 1188 1826 1219 Tridentinos
1845 1189 1951 1219 Patres
1967 1189 2088 1220 insania
2103 1197 2158 1220 est.
2177 1190 2259 1220 Rem
2275 1190 2412 1231 denique

1336 1230 1502 1262 confirmat
1518 1231 1738 1263 Catechismus
1753 1233 1840 1263 iussu
1857 1233 1905 1263 Pii
1922 1234 1949 1264 V
1964 1243 2002 1264 ex
2017 1234 2117 1273 ipsius
2134 1234 2338 1265 Tridentinae
2353 1235 2410 1275 Sy—

1335 1274 1411 1305 nodi
1428 1276 1571 1306 doctrina
1587 1277 1761 1314 confectus,
1780 1278 1818 1308 de
1833 1278 2036 1308 Sacramento
2054 1278 2268 1309 Eucharistiae
2286 1289 2355 1319 cap.
2365 1289 2408 1316 1v,

1335 1329 1424 1360 num.
1443 1328 1496 1360 19:
1512 1334 1526 1348 α
1540 1321 1626 1351 Cum
1643 1329 1750 1352 autem
1765 1322 1841 1352 haec
1856 1323 1950 1353 verba
1967 1322 2058 1364 (Hoc
2071 1328 2118 1354 est
2140 1323 2266 1363 Corpus
2282 1322 2410 1365 meum)

1338 1376 1352 1390 »
1372 1363 1404 1393 id
1427 1365 1517 1405 quod
1535 1365 1571 1396 fit
1594 1366 1770 1406 significent
1786 1377 1821 1397 ac
1845 1367 2013 1403 declarent,
2030 1367 2092 1398 hoc
2110 1374 2156 1398 est
2171 1368 2262 1407 panis
2278 1377 2410 1398 conver-

1338 1420 1352 1435 »
1372 1408 1496 1439 sionem
1510 1409 1543 1439 in
1558 1420 1668 1441 verum
1685 1411 1817 1441 Domini
1834 1412 1933 1442 nostri
1950 1412 2093 1452 Corpus,
2110 1411 2253 1452 sequitur
2269 1411 2408 1443 formam

1338 1465 1352 1479 »
1372 1452 1405 1482 in
1428 1453 1489 1483 illis
1513 1454 1588 1494 ipsis
1609 1455 1710 1485 verbis
1735 1455 1990 1486 constituendam
2006 1463 2088 1486 esse:
2113 1457 2147 1486 in
2163 1466 2262 1497 quam
2286 1463 2410 1487 senten·

1337 1508 1351 1523 »
1371 1496 1448 1527 tiam
1465 1498 1553 1538 quod
1570 1499 1608 1528 ab
1628 1499 1827 1539 Evangelista
1843 1500 1964 1531 dictum
1983 1508 2049 1537 est,
2070 1501 2248 1538 benedixit,
2266 1501 2339 1531 licet
2359 1511 2410 1532 ac·

1337 1553 1351 1568 »
1371 1541 1484 1581 cipere.
1500 1542 1633 1573 Perinde
1649 1544 1735 1574 enim
1751 1544 1875 1575 videtur
1891 1545 2133 1584 intelligendum
2156 1555 2194 1576 ac
2217 1545 2242 1575 si
2266 1545 2408 1576 dixisset:

1336 1598 1350 1612 »
1369 1585 1525 1626 accipiens
1542 1597 1658 1627 panem
1677 1588 1838 1619 benedixit
1854 1588 1972 1624 dicens,
1982 1589 2058 1620 Hoc
2067 1595 2114 1620 est
2126 1589 2253 1630 Corpus
2269 1599 2406 1620 meum.»

1401 1631 1453 1661 lV.
1479 1631 1570 1662 Hanc
1594 1642 1711 1663 coenae
1736 1633 1915 1663 dominicae
1933 1633 2178 1670 institutionem,
2194 1633 2308 1674 gratias
2324 1641 2410 1664 actas

1333 1681 1363 1705 et
1386 1675 1495 1706 laudes
1519 1676 1578 1706 Dei
1603 1683 1633 1707 et
1656 1677 1892 1708 benedictiones
1921 1678 2051 1708 derivari
2076 1687 2113 1708 ex
2140 1677 2273 1708 iudaicis
2297 1677 2408 1709 ritibus

1332 1729 1426 1759 posse
1450 1719 1592 1761 plerique
1616 1729 1700 1757 sunt,
1725 1722 1780 1762 qui
1805 1722 2012 1752 contendunt.
2038 1722 2141 1752 Verba
2164 1722 2303 1762 proferre
2319 1731 2408 1763 prae-

1332 1771 1391 1794 stat
1415 1763 1636 1804 Christophori
1661 1766 1811 1796 Matthaei
1834 1766 1935 1796 Pfaffii
1956 1766 1988 1797 in
2009 1766 2226 1797 dissertatione
2250 1767 2298 1798 De
2321 1766 2408 1798 obla-

1332 1808 1419 1838 tione
1443 1816 1586 1840 veterum
1603 1810 1818 1847 eucharistica,
1836 1811 1863 1851 5.
1882 1819 1919 1850 4:
1941 1824 1955 1838 α
1976 1811 2120 1842 Primum
2137 1811 2245 1852 itaque
2263 1810 2410 1843 Christus

1335 1865 1349 1879 »
1370 1853 1443 1893 pani
1469 1853 1640 1892 benedixit,
1666 1865 1701 1885 ac
1727 1865 1822 1895 super
1845 1865 1884 1885 eo
1907 1857 2036 1896 gratias
2059 1857 2135 1896 egit.
2149 1878 2156 1886 .
2170 1878 2198 1886 ..
2223 1856 2296 1893 Qua
2319 1855 2353 1886 in
2376 1865 2409 1886 re

1335 1910 1350 1924 x·
1369 1898 1427 1928 ista
1451 1897 1592 1943 εὐλογίαι
1608 1907 1662 1930 aut
1685 1897 1890 1944 εὐχαριστία
1915 1899 2088 1931 constiterit
2111 1910 2130 1930 a
2148 1900 2272 1930 ludaeis
2287 1900 2409 1932 discen-

1335 1954 1349 1969 >
1373 1942 1452 1973 dum
1481 1950 1536 1974 est.
1571 1945 1756 1976 Absolvitur
1782 1952 1890 1975 autem
1920 1954 1956 1975 ea
1986 1944 2071 1975 iuxta
2102 1944 2163 1975 hos
2203 1944 2409 1985 sequentibus

1335 1999 1348 2013 »
1367 1988 1480 2018 verbis:
1503 1988 1698 2020 Benedictus
1720 1990 1765 2019 sis
1788 1989 1928 2020 Domine
1943 1989 2035 2019 Deus
2054 1994 2173 2026 noster,
2190 1989 2262 2019 Rex
2283 1987 2407 2027 mundi,

1334 2043 1348 2057 ³·
1368 2033 1424 2072 qui
1442 2033 1599 2072 producis
1609 2044 1728 2074 panem
1747 2043 1764 2064 e
1779 2039 1879 2064 terra.
1895 2031 2016 2075 (Misna
2033 2034 2102 2064 cod.
2120 2033 2260 2064 Brachos
2283 2043 2351 2074 cap.
2363 2042 2408 2071 νι,

1335 2088 1349 2102 »
1369 2076 1397 2116 5.
1424 2075 1487 2119 ι)...
1513 2078 1579 2108 Nec
1602 2078 1738 2108 dubium
1763 2084 1808 2108 est
1841 2077 2006 2109 Christum
2029 2078 2087 2108 hac
2116 2075 2258 2122 εὐλογία
2282 2077 2408 2118 saepius

1334 2132 1348 2147 »
1369 2131 1465 2151 usum
1490 2121 1595 2159 fuisse,
1621 2132 1695 2153 cum
1714 2123 1789 2163 pani
1815 2122 2011 2153 benediceret
2035 2121 2162 2164 (Matth.
2188 2132 2250 2161 xiv,
2281 2132 2331 2162 19,
2354 2132 2408 2161 xv,

1334 2177 1349 2192 w
1373 2166 1431 2203 363
1454 2166 1551 2197 Marci
1575 2177 1622 2204 vi,
1646 2174 1705 2206 4ι;
1731 2168 1807 2198 Luc.
1829 2177 1870 2203 ix,
1893 2167 1947 2205 16;
1972 2167 2058 2197 loan.
2076 2177 2119 2204 vi,
2142 2164 2227 2208 ιι)...
2252 2167 2327 2197 Non
2350 2176 2407 2198 au-

1335 2222 1349 2237 »
1372 2217 1438 2241 tem
1462 2211 1548 2251 apud
1582 2212 1716 2242 ludaeos
1745 2212 1919 2242 benedictio
1951 2218 2076 2251 poterat
2098 2210 2323 2251 pronunciari,
2347 2210 2409 2242 nisi

1335 2267 1349 2282 a>
1369 2256 1568 2295 apprehenso
1594 2256 1681 2296 prius
1706 2266 1787 2296 pane
1810 2256 2037 2286 benedicendo:
2062 2256 2148 2286 unde
2170 2252 2299 2294 λα’βων,
2325 2256 2408 2287 aeci-

1335 2312 1349 2327 »
1362 2301 1468 2340 piens,
1493 2308 1566 2331 ante
1589 2311 1713 2337 vocem,
1738 2301 1909 2337 benedixit,
1927 2301 1977 2331 vel
1991 2301 2120 2341 gratias
2143 2301 2220 2341 egit,
2241 2307 2324 2331 extat
2342 2298 2408 2343 (ita

1335 2357 1349 2372 »
1372 2344 1405 2375 in
1423 2345 1558 2376 Lefuscb
1577 2345 1774 2376 Hattechelet
1791 2355 1881 2376 num.
1904 2346 1974 2386 167,
1991 2343 2100 2387 §.⁷3)...
2121 2344 2409 2382 Quemadmodum

1335 2402 1348 2415 »
1369 2396 1476 2420 autem
1488 2389 1562 2430 pani
1578 2389 1636 2421 fuit
1647 2390 1861 2426 benedictum,
1873 2389 1915 2420 ita
1926 2397 1956 2420 et
1973 2389 2092 2420 vino....
2105 2389 2288 2420 Benedictio
2300 2395 2408 2420 autem

1335 2446 1349 2461 x·
1370 2434 1478 2474 poculi
1507 2435 1584 2465 haec
1608 2442 1670 2465 est:
1695 2434 1889 2465 Benedictus
1916 2435 1961 2465 sis
1997 2434 2136 2464 Domine
2165 2434 2257 2464 Deus
2280 2438 2407 2471 noster,

1334 2491 1349 2505 ιι
1368 2479 1442 2509 Rex
1464 2480 1587 2516 mundi,
1613 2489 1729 2510 creans
1744 2479 1896 2520 fructum
1921 2480 2003 2510 vitis.
2025 2491 2039 2506 n
2066 2477 2170 2518 Pergit
2193 2478 2246 2508 ille
2261 2477 2290 2519 5.
2310 2479 2326 2509 5
2353 2487 2409 2509 eu-

1332 2523 1509 2554 charisticas
1534 2524 1674 2554 actiones
1698 2524 1808 2554 ritibus
1831 2523 1965 2554 iudaicis
1988 2532 2156 2563 exponere,
2176 2530 2227 2553 ac:
2258 2533 2284 2553 1.
2307 2522 2408 2554 Beue-

1332 2567 1470 2598 dictione
1494 2575 1637 2608 peracta,
1663 2568 1826 2599 Christum
1860 2568 1987 2607 fregisse
2011 2577 2145 2608 panem,
2177 2566 2408 2598 consuetudine

1331 2611 1389 2642 hac
1420 2613 1534 2652 pariter
1567 2624 1584 2643 a
1609 2613 1732 2643 ludaeis
1756 2613 1939 2652 desumpta:
1967 2622 1995 2643 2.
2022 2612 2119 2652 Apud
2150 2612 2281 2642 eosdem
2310 2610 2343 2642 in
2367 2619 2408 2648 eo

1331 2665 1464 2687 coenam
1489 2657 1669 2696 paschalem
1694 2658 1732 2687 ab
1756 2657 1825 2687 aliis
1849 2656 2002 2686 conviviis
2026 2655 2163 2691 differre,
2186 2655 2276 2695 quod
2298 2655 2331 2686 in
2355 2664 2406 2686 ea-

1330 2701 1403 2731 dem
1427 2701 1518 2740 panis
1542 2701 1735 2740 frangeretur
1759 2708 1830 2731 ante
1854 2700 2124 2730 benedictionem:
2147 2700 2175 2730 3.
2191 2698 2288 2739 Sequi
2303 2697 2406 2730 distri·-

1328 2745 1495 2776 butionem
1518 2745 1614 2781 illius,
1638 2745 1830 2785 quibusdam
1853 2744 1955 2774 verbis
1978 2743 2103 2780 additis,
2126 2753 2156 2774 v.
2172 2752 2199 2782 g.
2222 2743 2290 2774 Hic
2306 2744 2406 2783 panis

1329 2790 1536 2831 afflictionis,
1561 2799 1653 2830 quem
1686 2789 1965 2819 manducaverunt
1987 2793 2101 2828 patres
2130 2788 2232 2818 nostri
2255 2788 2287 2818 in
2312 2792 2403 2818 terra

1329 2835 1485 2875 Aegypti:
1507 2835 1611 2864 omnis
1634 2835 1779 2864 esuriens
1803 2834 1911 2863 veniat
1925 2838 1955 2863 et
1969 2832 2156 2863 manducet:
2171 2841 2202 2871 4.
2219 2830 2289 2862 Pari
2303 2831 2404 2863 modo

1330 2879 1476 2919 symbola
1499 2878 1702 2908 eucharistica
1727 2888 1744 2908 a
1768 2877 1896 2908 Christo
1920 2883 2099 2907 consecrata
2119 2886 2154 2907 ac
2175 2883 2285 2916 postea
2301 2875 2404 2907 distri·

1330 2925 1406 2954 buta
1429 2933 1503 2954 cum
1528 2922 1682 2953 adiunctis
1703 2922 1763 2952 illis
1786 2921 1899 2958 verbis,
1916 2921 1991 2952 Hoc
2013 2926 2060 2952 est
2078 2920 2204 2961 Corpus
2219 2929 2336 2958 meum,
2353 2921 2406 2952 laic

1331 2974 1377 2999 est
1394 2968 1538 3009 Sanguis
1554 2975 1662 2998 meus:
1680 2969 1707 2998 5.
1726 2969 1856 3006 Agnum
1871 2965 2051 3006 paschalem
2067 2975 2186 3003 assum,
2203 2964 2301 3006 inque
2315 2974 2406 2996 men-

1330 3023 1363 3043 sa
1387 3013 1541 3053 positum,
1566 3012 1645 3042 olim
1662 3012 1783 3042 dictum
1800 3021 1817 3041 a
1835 3010 1957 3041 ludaeis
1981 3019 2098 3050 corpus
2111 3010 2290 3050 paschatis:
2308 3008 2407 3050 idque

1330 3057 1438 3088 adludi
1462 3067 1480 3087 a
1504 3057 1644 3093 Christo,
1669 3063 1704 3087 ut
1727 3056 1872 3086 innueret
1896 3054 2070 3095 discipulos
2095 3054 2226 3095 quidem
2249 3063 2326 3086 suos
2349 3053 2405 3085 hn-

1330 3109 1439 3132 ctenus
1463 3112 1579 3142 corpus
1596 3101 1752 3142 paschatis
1775 3099 1961 3135 comedisse,
1978 3107 2091 3140 typum
2116 3097 2271 3138 Corporis
2295 3097 2345 3129 sui
2369 3097 2404 3129 in

1330 3154 1467 3177 mortem
1482 3157 1557 3176 mox
1573 3145 1726 3182 tradendi;
1737 3154 1822 3175 nunc
1837 3154 1912 3175 vero
1929 3153 1962 3174 se
1976 3143 2052 3184 ipsis
2069 3143 2141 3173 dare
2151 3152 2263 3173 verum
2275 3141 2404 3183 Corpu-

1329 3201 1436 3228 suum,
1453 3191 1485 3221 in
1502 3191 1611 3221 locum
1627 3197 1780 3231 typorum
1790 3189 1902 3219 veteris
1916 3187 2124 3226 Testamenti,
2135 3194 2301 3228 tamquam
2315 3195 2403 3219 com-

1328 3237 1527 3276 plementum
1547 3244 1777 3266 successurum.
2302 3243 2310 3249 ν

1395 3280 1520 3311 Ritibus
1543 3279 1575 3310 id
1600 3289 1710 3318 genus,
1727 3288 1809 3319 quos
1834 3277 1978 3308 Christus
1995 3275 2184 3312 adhibuerit,
2200 3275 2226 3306 si
2241 3274 2403 3316 quispiam

1328 3325 1498 3356 contendat
1529 3334 1553 3355 s,
1578 3325 1726 3355 Thomae
1742 3329 1988 3362 sanctorumque
2004 3321 2135 3351 Petrum
2152 3319 2339 3351 sententiam
2354 3318 2402 3349 in·

1327 3369 1455 3403 firmari.
1480 3376 1548 3400 toto
1573 3375 1653 3399 errat
1676 3367 1769 3398 ostio.
1795 3367 1958 3397 Admonet
1976 3365 2044 3406 ipse
2060 3364 2189 3396 Pfaffius
2205 3364 2238 3395 in
2262 3362 2345 3394 nous
2361 3362 2402 3393 ad

1326 3415 1354 3455 5.
1375 3422 1410 3454 4:
1433 3414 1543 3445 Totam
1572 3413 1692 3444 Christi
1715 3411 1961 3442 benedictionem
1986 3411 2018 3440 in
2035 3410 2105 3440 sola
2129 3408 2325 3439 Iudaeorum
2348 3407 2400 3437 be-

1327 3460 1505 3490 nedictione
1528 3468 1591 3489 non
1615 3458 1805 3488 constitisse:
1828 3464 1951 3495 proque
1975 3461 2060 3485 certo
2083 3453 2177 3484 hebet
2200 3452 2232 3483 in
2254 3450 2315 3482 alia
2339 3451 2401 3501 dis-

1327 3504 1495 3535 sertatione
1519 3503 1566 3533 De
1591 3501 1826 3533 consecratione
1849 3506 1992 3530 veterum
2016 3496 2220 3528 eucharistica
2243 3495 2270 3536 5.
2301 3505 2310 3525 1
2341 3495 2402 3526 alia

1327 3548 1484 3590 quaedam
1507 3548 1602 3577 verba
1619 3545 1774 3576 addidisse
1790 3544 1951 3584 optimum
1967 3542 2172 3576 salvatorem,
2188 3549 2270 3580 quae
2285 3549 2401 3579 nempe

1326 3594 1365 3623 ad
1390 3593 1628 3623 Sacramentum
1653 3588 1866 3620 Eucharistiae
1890 3586 2121 3618 instituendum
2144 3584 2259 3615 idonea
2283 3583 2398 3632 forent.

1327 3638 1494 3674 Quaenam
1518 3645 1592 3666 vero
1617 3634 1717 3673 magis
1741 3633 1780 3663 ad
1805 3633 1889 3662 hunc
1913 3630 2010 3661 finem
2029 3629 2144 3660 idonea
2160 3629 2253 3659 verba
2270 3627 2397 3665 fuerint,

1302 3686 1306 3691 ”
1327 3691 1424 3721 quam
1448 3680 1511 3718 illa,
1527 3679 1602 3710 Hoc
1625 3683 1671 3709 est
1697 3677 1822 3718 Corpus
1839 3685 1955 3712 meum,
1971 3675 2023 3704 hic
2037 3678 2084 3704 est
2107 3673 2195 3704 calix
2218 3672 2400 3714 Sanguinis
