2548 4192
851 273 1336 312 DISSERTATIONUM
1365 276 1437 313 ET
1467 276 1719 316 CAPITUM.

622 349 728 371 CAPUT
741 349 781 371 111.

159 385 245 411 Dubia
258 389 425 419 promuntur,
440 393 509 418 quae
527 386 705 419 posteriorum
724 386 852 411 librorum
873 391 1007 412 auctorem
1026 387 1140 412 indicant
1159 388 1243 413 diver-

213 429 275 446 sum
294 429 309 446 a
327 421 482 447 Ptolomaeo
501 422 623 446 Lucensi.
643 422 788 448 casimirus
808 422 932 448 Oudinus
951 423 1092 454 refellitur,
1107 423 1153 456 qui
1173 432 1242 456 opus

154 457 157 460 '
211 457 344 490 integrum
362 457 478 483 attribuit
495 457 606 490 Aegidio
625 458 658 482 de
677 458 808 483 Columna
827 476 1014 484 .....
1046 466 1114 493 pag.

620 500 726 523 CAPUT
740 501 782 523 lv.

157 529 218 555 Non
237 534 278 555 est
295 529 434 562 Aquinatis
449 529 617 562 Opusculum
637 529 675 555 De
694 530 840 555 eruditione
855 530 1014 563 Principum.
1030 530 1174 556 Guillelmo
1193 531 1242 556 Pe-

211 565 286 590 raldo
304 565 458 590 restituitur.
478 565 617 590 Genuinus
636 565 757 591 Thomae
775 566 862 591 foetus
881 571 922 591 est
941 566 1110 599 Opusculum
1130 567 1241 592 alterum

211 601 252 626 De
270 601 397 634 regimine
415 601 572 626 ludaeorum
590 602 623 626 ad
642 602 812 627 comitissam
831 602 976 627 Flandriae.
991 602 1125 628 Ambrosii
1146 603 1241 627 Barba-

213 644 276 662 vara
294 644 405 662 censura
425 637 579 670 expenditur
620 655 1032 664 ..........
1071 647 1086 662 »
1143 646 1241 664 ccavm

1165 467 1243 485 CCLVI

420 700 651 726 DISSERTATIO
669 700 972 727 VICESIMATERTIA.

156 762 199 788 De
219 762 427 789 Commentariis
455 762 483 788 in
507 762 661 788 Aristotelis
679 763 762 789 libros
787 764 901 797 aliisque
921 764 1117 798 Philosophicis
1144 765 1239 798 Operi-

211 798 285 824 ribus
298 799 332 824 ab
350 798 486 832 Aquittate
504 799 676 824 elucubratis.

626 849 732 872 CAPUT
747 850 766 872 1.

155 889 245 923 Opera
263 888 448 921 Philosophica
466 893 636 913 recensentur
650 889 682 914 ab
701 889 833 922 Aquinate
851 890 1017 915 elucubrata:
1040 891 1187 924 eademque
1205 891 1241 922 ab,

209 925 269 958 ipso
279 924 404 954 confecta,
415 929 537 957 provecta
551 924 602 949 iam
617 930 708 950 aetate.
724 925 838 956 Latinae,
849 933 917 958 quae
932 926 1016 958 ipsius
1036 934 1101 951 aevo
1120 926 1238 952 fereban-

208 965 260 992 tur,
274 960 423 986 Aristotelis
441 960 578 985 versiones
1161 969 1238 988 ccux

621 1002 727 1025 CAPUT
741 1003 770 1025 11.

154 1031 257 1058 Novam
280 1031 447 1062 Aristotelis,
474 1036 586 1064 urgente
608 1032 756 1065 Aquinate,
778 1032 884 1057 latinam
902 1031 1053 1057 versionem
1073 1040 1127 1057 non
1148 1033 1238 1058 elucu-

208 1068 293 1093 bravit
314 1067 433 1092 Thomas
458 1067 700 1100 Cantimpratensis.
731 1069 755 1093 ls
780 1073 821 1093 est
845 1068 1005 1093 Guillelmus
1037 1069 1070 1093 de
1098 1069 1237 1094 Morbeka:

164 1127 167 1130 ,
208 1104 328 1129 eiusdem
342 1103 390 1128 viri
400 1103 491 1136 peritia
505 1108 531 1128 et
550 1103 697 1135 dignitates.
717 1103 857 1128 Morbekae
871 1111 981 1136 operam
996 1104 1128 1129 adiuvisse
1147 1104 1237 1129 viden-

207 1144 252 1164 tur
264 1139 306 1164 alii
325 1138 374 1164 viri
391 1139 462 1164 docti
479 1144 510 1164 ut
527 1146 559 1164 ex
572 1139 663 1164 codice
677 1139 808 1172 colligitur
826 1139 942 1164 Venetae
965 1139 1113 1165 sa.loannis
1128 1144 1155 1165 et
1163 1140 1237 1165 Pauli

208 1174 380 1200 bibliothecae
386 1192 1024 1200 ...............
1062 1184 1077 1199 ι

152 1230 412 1273 Commentariorum
431 1253 548 1275 examen,
563 1216 774 1278 quofiA'f‘huol-mliils‘
786 1246 948 1271 elucubravit
966 1246 992 1271 in
1007 1247 1101 1273 Libros
1118 1247 1237 1272 Periher-

205 1282 317 1312 monias,
331 1281 512 1307 Posteriorum
526 1281 735 1314 Analyticorum,
745 1282 928 1315 Physicorum,
938 1282 979 1307 De
992 1284 1066 1309 caelo
1085 1287 1111 1308 et
1125 1284 1235 1314 mundo,

204 1317 247 1344 De
265 1317 435 1351 mention·
450 1322 482 1342 et
496 1317 678 1350 corruptione,
698 1318 892 1350 Meteororum‚
907 1318 947 1344 De
965 1319 1069 1350 anima,
1090 1318 1130 1344 De
1148 1320 1236 1352 parvis

155 1364 169 1371 γ·
199 1352 378 1379 *mnf-atibus.
391 1353 536 1385 Accedunt,
546 1353 674 1386 expositio
684 1354 711 1379 in
725 1354 822 1379 librum
832 1354 871 1379 De
887 1354 983 1385 causis,
994 1355 1060 1380 liber
1078 1355 1118 1380 De
1132 1360 1192 1380 ente
1211 1360 1237 1381 et

1171 1183 1238 1201 ceu:

205 1389 329 1421 nentia,
338 1389 527 1415 Commentarii
542 1390 570 1415 in
588 1389 669 1415 libros
680 1389 833 1415 Ethicorum
843 1394 870 1415 et
879 1391 1057 1416 Politicorum.
1070 1401 1083 1415 ›
1149 1398 1236 1417 ccam

409 1469 640 1495 DISSERTATIO
659 1469 976 1501 VICESIMAQUARTA.

296 1531 341 1558 De
358 1531 493 1565 musculis
511 1531 704 1564 Philosophicis
718 1531 843 1564 genuinis
857 1534 885 1557 et
901 1531 1089 1564 supposititiis.

166 1582 169 1586 ’
620 1583 727 1607 CAPUT
744 1583 763 1606 1.

149 1614 188 1656 Ῐᾷ,
201 1621 335 1651 Ambrosii
354 1622 501 1648 Barbavara
520 1630 647 1648 censurae
666 1622 692 1647 in
710 1622 756 1647 ΧΠ
779 1622 916 1655 Opuscula
935 1622 1135 1656 Philosophia,
1150 1623 1234 1657 Aqui-

152 1656 156 1657 ⁷
205 1657 274 1685 aaa·
293 1658 401 1685 nomine
419 1662 584 1693 praenotata:
600 1658 841 1684 animadversiones
851 1676 1038 1685 .....
1077 1668 1091 1683 »
1139 1666 1233 1685 ccmv

617 1701 723 1724 CAPUT
736 1701 766 1724 11.

149 1729 279 1757 Eusdem
301 1731 448 1761 Barbavara
471 1738 583 1756 censura
606 1731 632 1756 in
656 1731 706 1756 alia
729 1735 863 1764 postrema
881 1730 941 1756 xlv
960 1730 1097 1764 Opuscula
1111 1731 1232 1757 Philoso-

204 1766 282 1803 phiea
304 1775 365 1793 cum
379 1767 658 1794 animadversionibus.
678 1767 753 1792 Aliae
771 1766 914 1792 nonnullae
933 1767 1093 1793 adulterinae
1112 1768 1232 1793 lucubra-

203 1802 294 1849 tbnea.
313 1820 1040 1830 .................
1079 1814 1092 1826 »
1149 1811 1233 1830 cmxv

411 1881 643 1908 DISSERTATIO
662 1881 967 1913 VICESIMAQUINTA.

148 1936 193 1975 ne
209 1943 338 1974 unsaris,
353 1950 422 1978 quae
435 1943 550 1969 Parisiis
563 1947 590 1969 et
607 1943 711 1969 oxonii
724 1943 798 1969 tatae
809 1943 944 1978 seruntur
956 1943 1087 1970 adversus
1102 1946 1231 1972 nomana

202 1984 225 2007 a.
241 1979 538 2042 nomfgeacthggg'iz
556 1979 976 2042 gnpzzfflpp'heifigcasszgzata:
997 1980 1081 2014 deque
1106 1981 1231 2008 vindiciis

618 2066 761 2090 CAPUTL

146 2105 278 2134 'nntium
290 2113 426 2138 censurae,
436 2113 484 2140 per
497 2105 644 2139 Episcopos
654 2105 825 2137 parisienses,
839 2106 1014 2132 Guillelmum
1033 2111 1059 2132 et
1068 2107 1231 2141 Stephanum

187 2142 325 2176 'Tmpier
347 2142 432 2172 latae,
451 2140 673 2175 confirmataeque
691 2150 707 2167 a
725 2142 843 2167 Roberto
866 2143 899 2168 de
917 2143 1078 2168 Kildwardbi
1096 2143 1231 2178 Archiepi-

311 2178 492 2204 Cannar-lensi
507 2177 544 2202 .in
567 2177 663 2211 Anglia
688 2183 868 2203 recensentur.
893 2178 1027 2204 Nonnulla
1055 2180 1188 2206 doctrinae
1216 2188 1230 2205 a

197 2221 221 2240 a.
267 2214 269 2217 “
335 2214 444 2239 traditae
457 2213 541 2247 capita
554 2221 602 2247 per
615 2214 723 2239 easdem
737 2214 820 2239 notari
830 2214 914 2240 audax
928 2219 955 2240 et
968 2215 1088 2248 imperita
1101 2224 1231 2249 quorum-

199 2250 261 2276 ὼω
279 2250 383 2284 opinio:
402 2249 535 2284 praecipui
555 2250 607 2275 divi
624 2249 745 2275 Tliomae
766 2250 897 2282 vindices,
912 2258 946 2275 an
960 2251 1038 2277 etiam
1051 2252 1178 2284 Aegidius
1198 2253 1231 2278 de

199 2285 338 2312 Columna.
357 2285 496 2320 Specimen
515 2285 612 2319 Operis
637 2286 710 2319 quod
729 2286 878 2312 inscribitur
904 2287 1106 2314 Correctorium
1129 2288 1229 2313 Corru-

193 2321 290 2356 Μ
1058 2332 1072 2348 ι
1115 2331 1229 2350 ccuvm

611 2363 718 2386 CAPUT
731 2363 761 2386 n.

144 2392 328 2427 Depoculiari
354 2392 470 2418 thesium
498 2393 583 2425 agitur
607 2400 736 2424 censura,
756 2400 838 2426 quam
862 2393 921 2419 tulit
947 2393 1080 2419 Roberms
1105 2394 1138 2419 de
1157 2395 1230 2420 Kild-

197 2428 308 2460 wardbi,
321 2427 539 2462 confirmavitque
553 2433 580 2453 et
597 2429 668 2454 auxit
682 2429 793 2454 loannes
813 2429 944 2454 Pekamus
958 2430 985 2455 in
1005 2431 1096 2455 sedem
1116 2431 1228 2456 Cantua-

198 2464 315 2490 riensem
334 2463 468 2490 suffectus.
484 2464 614 2490 Recentes
633 2464 675 2489 alii
695 2465 827 2490 doctrinae
841 2465 872 2490 ab
891 2466 1024 2499 Aquinate
1042 2466 1149 2492 traditae
1168 2474 1229 2492 cen-

198 2507 276 2525 ames
308 2499 421 2534 eiusque
442 2500 568 2525 vindices.
588 2500 838 2526 Animadversiones
858 2502 995 2533 generales
1014 2501 1042 2526 in
1069 2502 1228 2528 Censorium

198 2533 325 2569 Stephani
343 2535 469 2569 Tempier
486 2536 616 2561 Antistitis
631 2536 787 2562 parisiensis
803 2536 937 2562 iudicium.
974 2555 982 2562 .
1019 2555 1026 2562 .
1065 2546 1080 2561 »
1146 2545 1229 2564 ceux

335 2339 1020 2349 ················

607 2577 712 2600 CAPUT
726 2578 766 2600 m.

144 2607 269 2642 Stephani
288 2607 414 2640 Tempier
432 2606 557 2632 iudicium
576 2607 608 2632 ab
628 2608 710 2632 altero
730 2607 862 2640 Stephano
882 2608 914 2633 de
933 2609 1072 2633 Bourretto
1095 2609 1228 2643 Episcopo

199 2642 340 2669 Parisiensi
359 2643 527 2675 abrogatum,
552 2648 682 2677 quatenus
699 2643 844 2669 doctrinam
863 2644 949 2669 Sancti
969 2644 1088 2670 Thomae
1107 2646 1229 2678 tangebat

199 2683 245 2705 aut
257 2683 364 2711 tangere
377 2679 553 2705 adserebatur.
569 2679 754 2705 Revocatoriae
773 2680 919 2712 praedictae
939 2681 1039 2706 litterae
1059 2686 1122 2706 sunt
1137 2683 1228 2715 genui-

198 2722 249 2742 nae
261 2719 289 2740 et
305 2714 470 2740 vindicantur
479 2733 1025 2742 .............
1064 2727 1078 2741 »
1125 2726 1228 2745 ccum

605 2758 711 2781 CAPUT
724 2759 766 2782 IV.

145 2787 267 2814 Cenum
289 2787 420 2821 quaedam
438 2791 590 2812 recensetur
608 2788 635 2813 in
653 2788 757 2821 triginta
776 2793 881 2814 et'octo
900 2797 931 2814 ex
949 2789 1058 2814 Alberto
1078 2790 1174 2823 Magno
1202 2797 1228 2817 et

200 2823 306 2849 Thoma
333 2823 465 2856 Aquinate
484 2823 619 2856 decerptas
647 2823 754 2855 theses,
775 2832 844 2857 quae
864 2826 971 2850 saeculo
989 2833 1032 2851 xtv
1055 2827 1105 2852 lata
1126 2827 1226 2859 dicitur,

199 2859 307 2885 nomine
321 2859 429 2884 Roberti
443 2859 476 2884 de
490 2859 582 2884 Bai-dis
596 2860 728 2894 inscripta.
743 2860 880 2886 Reiicitur:
895 2860 1075 2895 refelliturque
1089 2862 1226 2896 Philippus

198 2894 331 2920 villanius
355 2913 1036 2924 ................
1075 2907 1090 2922 »
1127 2906 1228 2925 ccaxxv

418 2965 648 2991 DlSSERTATlO
673 2965 959 2992 VlCESlMASEXTA.

148 3025 192 3052 De
211 3025 327 3051 innoxia
349 3026 437 3051 sancti
454 3026 571 3051 nomae
583 3027 728 3059 Aquinatis
751 3027 884 3057 doctrina,
899 3035 968 3061 quae
982 3027 1178 3054 Parisiensibus
1200 3031 1228 3054 et

175 3062 179 3066 ”
205 3060 403 3086 Oxoniensibus
420 3062 540 3087 censui-Is
553 3069 714 3095 perperam,
730 3062 854 3095 imperite
871 3067 899 3089 et
911 3071 966 3096 per
983 3064 1112 3089 iniuriam
1131 3067 1228 3089 notata

204 3096 312 3122 dicitur.
1171 3110 1174 3113 .

616 3140 722 3162 CAPUT
740 3140 759 3162 1.

148 3177 267 3203 Censura
285 3176 404 3201 immune
428 3177 574 3202 ostenditur
598 3177 776 3211 theologicum
796 3179 892 3212 dogma
911 3179 944 3204 de
971 3179 1134 3205 affluentiore
1153 3180 1224 3205 dono

202 3212 299 3246 gratiae
318 3212 373 3237 aliis
388 3216 414 3237 et
427 3212 483 3237 aliis
498 3213 607 3245 Angelis
622 3221 758 3245 concesso,
773 3222 822 3247 pro
836 3219 944 3240 naturae
962 3223 1055 3240 eorum
1070 3215 1227 3241 discrimine.

202 3249 322 3281 Itemque
340 3248 372 3272 de
391 3247 507 3280 potentia
525 3248 581 3279 Dei,
596 3256 664 3282 quae
682 3250 714 3274 ad
732 3258 816 3275 unum
836 3251 882 3283 qui
900 3250 1021 3275 conditus
1040 3256 1089 3282 est,
1103 3252 1227 3277 coarctari

202 3284 333 3309 mundum
351 3283 455 3308 videtur
468 3301 1015 3312 .............
1054 3297 1068 3310 ›
1106 3294 1227 3312 ccmvn

613 3327 719 3349 CAPUT
732 3328 762 3350 11.

147 3355 282 3381 vindiciae
300 3354 407 3380 theseos
427 3355 460 3380 de
474 3355 540 3386 sola,
555 3363 623 3388 quae
641 3357 775 3381 numerica
787 3357 924 3388 vocitatur,
938 3357 1005 3382 inter
1022 3357 1140 3390 Angelos
1155 3357 1228 3383 diffe-

140 3390 148 3398 '
202 3391 285 3416 rentia
303 3391 335 3416 ab
354 3391 484 3423 Aquinate
502 3390 602 3416 reiecta.
617 3391 709 3424 Deque
727 3393 830 3417 adserta
848 3393 1011 3425 Angelorum
1031 3393 1177 3425 praesentia
1195 3394 1228 3418 ad

203 3428 292 3452 locum
312 3434 359 3460 per
372 3426 566 3460 operationem:
586 3434 654 3459 quae
668 3427 815 3452 cuiusmodi
831 3428 872 3458 sit,
887 3429 1048 3460 explanatur.
1062 3429 1100 3453 Ac
1120 3429 1228 3453 demum

204 3463 238 3487 de
255 3462 387 3487 rationalis
407 3462 509 3487 animae
533 3466 578 3486 aut
596 3462 692 3487 mentis
711 3462 853 3493 humanae,
875 3464 947 3487 salva
971 3463 1070 3488 unitate
1089 3462 1226 3496 specifica,

204 3498 307 3523 diversa
325 3497 497 3531 perfectione:
512 3498 686 3530 eiusdemque
705 3498 859 3522 diversitatis
878 3498 979 3530 origine
1002 3516 1008 3523 .
1047 3508 1060 3521 ›

151 3569 259 3594 Roberti
278 3570 311 3594 de
329 3569 489 3594 Kildwardbi
515 3574 541 3594 et
558 3569 662 3594 Ioannis
682 3568 805 3600 Pekami,
826 3568 1092 3602 Archiepiscoporum
1116 3569 1227 3594 Cantua-

205 3604 346 3637 densium,
369 3613 479 3630 censura
497 3605 524 3630 in
542 3605 638 3630 thesim
657 3605 691 3629 de
708 3612 762 3629 una
780 3604 806 3629 in
825 3604 933 3629 homine
951 3604 1035 3629 forma
1054 3604 1227 3630 substantiali.

205 3640 342 3666 Resellitur
1058 3650 1072 3663 ι
1110 3647 1228 3665 ccaxxxn

1099 3505 1228 3523 ccnxxvm

386 3658 1019 3666 ---------------

2322 297 2383 322 Lm

1553 356 1784 383 DISSERTATIO
1808 358 2128 385 VICESIMASEPTIMA.

1300 413 1342 438 De
1361 422 1432 439 vana
1452 423 1485 441 ac
1504 415 1604 441 iniusta
1622 417 1745 450 corrupti
1762 417 1879 450 Operum
1898 418 1986 444 sancti
2003 418 2119 445 Thomae
2127 420 2272 453 Aquinatis
2287 425 2381 449 textus

1351 451 1501 483 suspicione
1519 459 1573 484 per
1591 452 1708 478 invectas
1726 457 1776 478 aut
1787 454 1885 488 falsas,
1905 457 1955 479 aut
1972 454 2075 480 alienas
2093 462 2111 480 a
2129 457 2265 482 communi
2282 464 2378 488 sensu,

1353 489 1402 511 aut
1420 487 1564 513 damnatas
1583 488 1730 520 opiniones.

1770 531 1875 554 CAPUT
1894 533 1912 554 1.

1298 565 1402 591 Ioannis
1416 567 1547 600 Baptistae
1562 568 1647 594 Pozae
1670 569 1795 594 iudicium
1817 569 1944 595 refutatur
1963 571 1995 596 de
2019 571 2153 597 nonnullis
2168 572 2296 604 thesibus,
2310 581 2378 607 quae

1351 602 1378 627 in
1406 603 1486 628 sancti
1510 603 1630 629 Thomae
1652 605 1791 638 Aquinatis
1822 606 1955 639 Operibus
1983 606 2113 632 habentur
2139 615 2168 633 ac
2198 606 2308 634 censura
2339 610 2376 635 di-

1350 646 1418 671 gnae
1444 639 1597 664 iudicantur.
1622 640 1754 666 Catholica
1778 640 1844 666 fides
1870 642 1902 666 de
1930 650 1984 667 uno
2008 642 2034 667 in
2062 643 2227 669 sanctissima
2251 644 2378 671 Trinitate

1349 675 1392 699 vel
1412 675 1516 700 duobus
1541 676 1722 708 spiratoribus.
1742 677 1819 702 Varia
1837 677 1975 711 Aquinatis
2000 678 2080 710 dicta,
2102 687 2149 712 per
2172 687 2232 705 sese
2256 680 2377 712 innoxia,

1349 710 1526 736 conciliantur.
1546 711 1639 736 Critica
1663 712 1782 746 Dionysii
1804 713 1899 738 Petavii
1924 714 2116 739 animadversio
2140 715 2172 740 ad
2198 723 2308 741 examen
2330 724 2376 741 vo-

1350 751 1406 770 cata
2147 758 2215 784 pag.
2253 759 2378 777 ccaxxxrv

1433 764 2115 775 ················

1294 817 1409 849 Thesis,
1430 826 1499 851 quae
1517 818 1634 844 Verbum
1659 791 1923 846 divinunffAgriJuInclilat
1946 821 2129 854 adsumpsisse
2148 821 2300 854 hominem,
2321 831 2376 857 quo

1348 861 1430 878 sensu
1449 853 1576 879 catholice
1594 855 1675 880 dicta:
1699 863 1787 888 quove
1805 864 1896 887 sensu,
1912 865 1960 890 pro
1978 857 2049 882 varia
2068 857 2219 891 hypostasis
2240 863 2265 883 et
2283 866 2376 892 perso-

1348 897 1397 914 nae
1411 890 1569 923 acceptione,
1585 895 1630 915 aut
1648 890 1776 916 haeretica
1799 896 1844 916 aut
1862 900 1971 917 erronea
1989 892 2116 918 habenda.
2131 893 2332 919 Animadversio
2347 894 2373 919 in

1349 925 1445 950 Petavii
1465 926 1630 951 sententiam.
1645 926 1713 952 Nota
1732 927 1851 952 censoria
1865 927 1897 952 ab
1916 927 2047 961 Aquinate
2063 928 2158 954 inusta.
2197 938 2212 953 »
2250 937 2374 955 CCLxxxw

1293 994 1333 1020 De
1351 995 1532 1021 benedictione
1551 997 1627 1029 panis
1647 968 1867 1022 Eucharisstlictiug
1876 969 1987 1027 Ιὲιῖἰείε,
2009 1006 2042 1023 an
2061 998 2118 1031 ipsa
2136 998 2214 1024 fuerit
2238 1007 2374 1025 consecra-

1347 1031 1396 1061 tio,
1421 1032 1558 1064 multiplex
1577 1032 1715 1057 doctorurn
1734 1033 1832 1065 opinio.
1857 1033 1977 1058 Genuina
1996 1038 2022 1058 et
2041 1039 2164 1059 constans
2185 1035 2236 1060 divi
2254 1035 2374 1061 Thomae

1347 1066 1486 1099 Aquinatis
1497 1075 1582 1092 mens.
1596 1068 1784 1102 Aequivocatio
1799 1069 1899 1093 tollitur
1908 1069 1934 1093 in
1944 1069 2074 1094 vocabulo
2089 1070 2284 1096 benedictionis.
2300 1071 2374 1096 Chri-

1348 1102 1466 1135 stophori
1485 1102 1606 1128 Matthaei
1626 1103 1710 1128 Pfassi
1729 1104 1845 1137 opinatio
1879 1122 2156 1131 .......
2195 1114 2209 1130 ι
2238 1114 2374 1132 cel-mvn

1755 1146 1860 1168 CAPUT
1874 1147 1915 1169 1v.

1292 1173 1481 1206 Episcopatum
1500 1182 1561 1199 esse
1584 1175 1712 1200 Ordinem
1732 1183 1746 1200 a
1765 1176 1946 1209 presbyteratu
1972 1176 2122 1201 distinctum
2142 1177 2218 1202 docet
2242 1178 2369 1211 Aquinas.

1346 1209 1504 1235 Distinctum
1529 1210 1606 1235 etiam
1636 1211 1684 1236 dici
1713 1211 1808 1236 debere
1827 1212 2023 1237 Sacramentum
2045 1211 2179 1238 inficiatur.
2204 1213 2371 1239 Consectaria

1346 1250 1373 1270 et
1391 1245 1640 1277 animadversiones,
1655 1247 1752 1280 quibus
1771 1248 1889 1279 Angelici
1909 1247 2029 1272 Doctoris
2050 1256 2126 1273 mens
2149 1248 2300 1274 illustratur.
2315 1249 2372 1274 Tri-

1347 1281 1452 1306 dentina
1470 1282 1603 1315 Synodus,
1619 1290 1647 1307 ac
1667 1283 1775 1308 Patrum
1795 1283 1925 1316 dogmata,
1941 1288 1967 1308 et
1981 1284 2102 1308 Canones
2122 1292 2175 1309 non
2194 1285 2373 1310 adversantur.

1347 1317 1385 1342 Ea
1394 1317 1427 1342 ad
1437 1325 1546 1343 examen
1560 1319 1737 1351 quorumdam
1752 1318 1842 1352 opinio
1857 1324 1973 1350 vocatur,
1985 1320 2030 1352 qui
2045 1324 2137 1352 putant
2156 1320 2280 1345 diaconos
2299 1320 2372 1351 olim,

1346 1354 1534 1386 praetermisso
1544 1354 1751 1388 praesbyteram,
1761 1355 1896 1380 ordinatos
1911 1354 1993 1380 fuisse
2003 1355 2149 1389 Episcopos
2169 1373 2176 1380 .
2215 1366 2229 1379 ι
2297 1363 2373 1382 ccxcr

1551 1432 1782 1458 DISSERTATIO
1801 1432 2116 1458 VlCESlMAOCTAVA.

1292 1502 1335 1528 De
1348 1503 1550 1536 imperitissima
1563 1511 1596 1530 ac
1610 1504 1703 1537 iniqua
1716 1505 1848 1539 anonymi
1865 1505 1934 1538 galli
1955 1512 2077 1534 censura,
2096 1508 2219 1531 sanctum
2243 1505 2371 1531 Thomam

1344 1540 1506 1572 Aquinatem
1535 1540 1687 1572 imperitiae
1713 1541 1866 1567 accusoenn's
1884 1541 1911 1566 in
1940 1548 1990 1571 ea,
2019 1548 2088 1574 quae
2112 1541 2256 1566 remotiore
2284 1541 2372 1575 viguit

1343 1582 1420 1606 aevo,
1440 1576 1628 1602 Ecclesiastica
1647 1577 1726 1602 varia
1745 1577 1896 1610 disciplina.

1758 1634 1863 1659 CAPUT
1881 1637 1900 1659 1.

1288 1672 1387 1706 Nuperi
1405 1674 1524 1699 censoris
1543 1674 1604 1707 galli
1619 1674 1744 1699 iudicium
1762 1675 1796 1699 de
1818 1674 1900 1700 sancti
1919 1674 2039 1699 Thomae
2058 1674 2196 1707 Aquinatis
2215 1674 2369 1700 eruditione.

1341 1709 1422 1734 Falso
1447 1717 1478 1735 ac
1501 1710 1594 1735 iniuria
1612 1710 1704 1735 horam
1723 1710 1860 1743 ignorasse
1888 1710 1994 1741 dicitur,
2015 1718 2069 1743 qua
2091 1715 2208 1741 veteres,
2229 1709 2369 1735 refectione

1341 1750 1455 1779 sumpta,
1471 1745 1597 1771 ieiunium
1616 1746 1760 1771 solvebant.
1777 1746 1870 1771 Peritia
1883 1745 2004 1771 Thomae
2018 1746 2045 1771 in
2058 1745 2151 1771 ritibus
2165 1746 2192 1771 in
2208 1745 2304 1771 ieiunio
2328 1754 2370 1772 ec-

1341 1781 1487 1806 clesiastico
1506 1782 1615 1807 servatis
1618 1799 2165 1807 .............
2204 1790 2218 1805 »
2275 1789 2370 1807 ccxmx

1288 1850 1379 1878 Varios
1398 1858 1518 1878 vetustos
1537 1853 1603 1879 ritus
1618 1854 1700 1887 probe
1719 1824 1964 1887 nogggffithxuinas
1983 1854 2010 1879 in
2025 1853 2184 1879 Sacramenti
2200 1852 2368 1886 Baptismatis

1339 1888 1572 1921 administratione,
1586 1895 1613 1915 et
1631 1889 1852 1920 Confirmationis,
1867 1895 1894 1915 et
1911 1889 2088 1915 Eucharistiae
2129 1907 2136 1915 .
2174 1907 2181 1915 .
2220 1898 2234 1913 ι
2317 1896 2369 1914 ccc

1285 1960 1399 1992 Variam,
1413 1968 1482 1994 quae
1499 1961 1630 1994 viguerat,
1646 1931 1853 1986 canebatclggffg
1867 1932 1989 1994 1quuinas
2009 1959 2173 1993 disciplinam
2188 1960 2214 1985 in
2229 1959 2368 1986 Poeniten-

1339 1997 1389 2022 tiae
1404 1997 1635 2028 administratione,
1650 1997 1766 2030 itemque
1784 1997 1811 2022 in
1830 2002 1944 2022 extrema
1964 1995 2099 2027 Unctione,
2115 2001 2141 2021 et
2159 1996 2185 2020 in
2200 2003 2273 2021 sacra
2291 1996 2367 2021 mini-

1339 2038 1455 2058 strorum
1475 2033 1654 2064 Ordinatione,
1669 2041 1698 2058 ac
1717 2033 1826 2058 demum
1845 2032 2029 2058 Matrimonio.
2067 2050 2074 2057 .
2112 2049 2119 2057 .
2157 2049 2164 2056 .
2204 2042 2216 2055 ι
2291 2039 2364 2057 cccu

1569 2123 1800 2149 DISSERTATIO
1819 2122 2086 2149 VlCESlMANONA.

1284 2195 1422 2222 Adversus
1449 2195 1525 2222 Petri
1549 2196 1656 2225 Zornii,
1682 2195 1896 2229 Hamburgensis
1924 2194 2103 2224 heterodoxi,
2128 2201 2310 2228 programma
2331 2194 2364 2220 de

1339 2232 1418 2257 varia
1435 2232 1524 2258 sancti
1546 2231 1662 2257 nomae
1684 2231 1828 2265 Aquinatis
1839 2232 1957 2266 sortuna
1976 2231 2003 2256 in
2031 2230 2128 2256 scholis
2142 2230 2361 2264 fflntificiorum,

1334 2268 1498 2300 praesertim
1521 2268 1680 2293 Gallorum.-
1701 2267 1807 2301 aliaque
1824 2270 1975 2292 commenta
1994 2269 2021 2292 et
2035 2266 2149 2292 dicteria
2166 2266 2268 2291 Adami
2289 2266 2366 2291 Trib—

1339 2303 1465 2333 bechovii,
1480 2303 1644 2329 heterodoxi
1663 2303 1886 2329 Saxo-Gothani.

1753 2353 1859 2376 CAPUT
1877 2353 1896 2375 1.

1283 2391 1401 2416 Partium
1419 2391 1507 2416 studio
1521 2391 1548 2416 in
1569 2399 1620 2416 suo
1633 2395 1829 2424 programmate
1848 2390 1949 2416 laborat
1961 2390 2084 2415 Zornius.
2106 2390 2181 2415 Bona
2205 2397 2234 2415 ac
2252 2390 2364 2423 propitia

1338 2433 1430 2452 sancto
1444 2427 1563 2452 Thomae
1583 2427 1722 2460 Aquinati,
1743 2427 1806 2452 dum
1825 2427 1935 2458 viveret,
1955 2425 2040 2451 arrisit
2067 2433 2116 2459 pro
2134 2425 2233 2451 meritis
2253 2426 2364 2451 fortuna.

1337 2463 1446 2488 Sinistra
1475 2463 1547 2488 nulla
1575 2471 1670 2496 passus
1690 2467 1730 2488 est
1758 2462 1863 2488 Parisiis
1891 2462 2030 2487 occasione
2048 2469 2176 2487 censurae
2196 2470 2211 2487 a
2231 2461 2364 2495 Stephano

1337 2498 1462 2532 Tempier
1481 2499 1613 2532 Episcopo
1633 2499 1707 2524 latae.
2286 2505 2365 2523 cccxv

1283 2570 1311 2594 ln
1331 2571 1437 2604 negotio
1456 2570 1560 2596 loannis
1580 2571 1612 2596 de
1636 2541 1900 2601 Montesssaurgffl.
1907 2570 2038 2595 doctrinae
2058 2569 2140 2595 sancti
2155 2568 2274 2594 Thomae
2289 2569 2364 2594 dero-

1337 2612 1436 2639 gatum.
1460 2607 1582 2640 Imperita
1601 2607 1670 2632 Petri
1694 2606 1840 2631 Aliacensis
1866 2613 1985 2631 censura.
2005 2605 2124 2638 Aquinas
2144 2610 2281 2630 tractatum
2300 2605 2364 2630 scri-

1337 2643 1390 2676 psit
1408 2650 1544 2676 nunquam
1563 2643 1603 2667 De
1621 2642 1805 2668 concordantia
1824 2642 1952 2667 dictorum
1972 2649 2091 2666 suorum.
2106 2641 2228 2666 Vindices
2243 2640 2362 2665 Thomae

1336 2678 1428 2704 inscite
1443 2683 1572 2703 memorat
1585 2679 1707 2703 Zornius.
1731 2678 1863 2703 Germana
1887 2678 2005 2702 eiusdem
2019 2677 2108 2710 Opera
2122 2684 2259 2710 perperam
2279 2684 2363 2710 pauca

1337 2719 1458 2740 numerat
1472 2722 1501 2739 ac
1520 2714 1749 2747 impudentissime
1767 2718 1889 2747 corrupta
1908 2713 2021 2738 adserit.
2058 2730 2066 2738 .
2104 2730 2111 2737 .
2149 2730 2156 2737 .
2195 2723 2208 2736 »
2283 2719 2362 2737 cccvt

1743 2755 1848 2778 CAPUT
1861 2755 1902 2777 111.

1284 2786 1439 2811 Rectissime
1466 2785 1585 2811 Thomas
1614 2790 1703 2810 contra
1722 2785 1876 2817 Pelagianos
1903 2784 2022 2817 aliosque
2040 2783 2213 2808 heterodoxos
2233 2790 2293 2808 cum
2313 2783 2362 2807 Ec-

1336 2822 1416 2847 clesia
1435 2821 1568 2847 Catholica
1587 2821 1677 2846 sensit.
1702 2821 1839 2846 Calumnia
1857 2825 1896 2845 est
1916 2820 2004 2853 ipsum
2024 2819 2145 2844 docuisse
2172 2818 2306 2843 hominem
2334 2819 2361 2843 in

1285 2872 1291 2879 -
1337 2858 1443 2890 negotio
1471 2857 1651 2883 conversionis
1680 2857 1785 2890 passive
1807 2864 1836 2882 se
1860 2856 1966 2881 habere.
1994 2854 2126 2879 Vindiciae
2155 2854 2258 2879 Ioannis
2286 2854 2361 2879 Duns

1337 2894 1407 2919 Scoti
1427 2907 2154 2919 .................
2193 2899 2207 2913 »
2264 2897 2362 2914 cccvm

1743 2933 1847 2956 CAPUT
1861 2933 1902 2955 IV.

1281 2965 1322 2990 De
1340 2964 1431 2990 schola
1455 2964 1648 2995 Nominalium,
1669 2971 1738 2996 quos
1757 2971 1772 2988 a
1791 2962 1936 2988 Thomistis
1965 2962 2034 2986 male
2054 2961 2155 2985 habitos
2181 2960 2215 2985 ait
2239 2960 2361 2985 Zornius.

1335 3001 1460 3026 loannem
1478 3000 1632 3025 Wesselum
1657 2999 1792 3024 confundit
1810 3007 1871 3023 cum
1890 2999 1985 3023 Ioanne
2011 2997 2043 3021 de
2060 2996 2205 3021 Wessalia:
2225 2996 2300 3021 cuius
2319 3004 2359 3021 er-

1335 3044 1426 3061 rorum
1440 3036 1597 3069 proscriptio
1611 3035 1679 3060 iusta
1693 3034 1847 3060 ostenditur.
1862 3033 1946 3058 Verae
1962 3041 1991 3058 ac
2001 3033 2100 3057 solidae
2109 3031 2247 3065 Aquinatis
2259 3032 2359 3057 laudes.

1334 3072 1447 3098 Dicteria
1464 3071 1552 3097 Zornii
1567 3072 1593 3096 in
1608 3071 1752 3096 Ecclesiam
1771 3071 1927 3095 Romanam.
1951 3069 2042 3101 Iniqua
2061 3068 2265 3093 lansenistarum
2284 3075 2356 3092 com-

1334 3108 1434 3142 paratio
1453 3115 1515 3133 cum
1534 3106 1712 3132 Dominicanis
1750 3120 2161 3130 ..........
2200 3112 2214 3127 »
2280 3110 2358 3129 cccxx

1280 3179 1375 3204 Adami
1394 3178 1590 3209 Tribbechovii,
1605 3147 1977 3206 heterodonZxUJ-gdthani,
1998 3175 2095 3200 deliria.
2117 3173 2222 3199 lnficeta
2240 3174 2359 3199 eiusdem

1336 3216 1447 3240 censura
1473 3215 1498 3239 in
1517 3222 1561 3239 eas
1579 3221 1659 3238 voces
1678 3213 1786 3246 Seraph,
1801 3212 1937 3245 Seraphim
1951 3217 1977 3237 et
1995 3210 2134 3244 Seraphin,
2154 3210 2271 3242 itemque
2290 3209 2357 3234 Che-

1335 3251 1394 3282 rub,
1410 3250 1551 3275 Cherubim
1566 3254 1593 3275 et
1606 3249 1738 3274 Cherubin
1758 3263 2170 3273 ..........
2208 3254 2222 3269 »
2283 3252 2360 3270 cccx1

1602 3329 1832 3355 DISSERTATIO
1852 3328 2045 3353 TRICESIMA.

1283 3393 1326 3418 De
1350 3396 1469 3425 quatuor
1496 3391 1616 3417 censuris
1648 3390 1774 3416 Casimiri
1802 3390 1902 3415 Oudini
1937 3389 2056 3414 auctoris
2088 3388 2216 3413 historiae
2246 3387 2358 3412 criticae

1330 3428 1526 3461 philosophiae,
1544 3426 1633 3452 Iacobi
1652 3426 1783 3451 Bruckeri
1805 3433 1838 3450 ac
1859 3425 1965 3450 demum
1979 3424 2105 3449 Auctoris
2128 3423 2263 3448 examinis
2280 3422 2357 3448 vitio-

1337 3471 1398 3488 rum
1424 3463 1590 3495 theologiae:
1611 3462 1694 3494 deque
1719 3461 1842 3486 vindiciis
1869 3460 1956 3485 sancti
1977 3460 2107 3488 Thomae,
2126 3459 2217 3491 quoad
2235 3458 2359 3490 plurima

1336 3506 1405 3531 quae
1424 3498 1532 3530 scripsit
1549 3497 1668 3530 genuina
1690 3496 1792 3528 Opera,
1814 3496 1956 3520 dictionem
1975 3495 2031 3520 eius
2049 3502 2082 3519 ac
2100 3495 2216 3527 stylum,
2231 3501 2359 3527 graecam

1336 3533 1524 3561 eruditionem,
1539 3532 1660 3557 lectionis
1678 3532 1782 3563 copiam
1801 3535 1828 3556 et
1845 3531 1945 3559 crisim,
1960 3530 2075 3555 solidam
2095 3530 2299 3568 Scripturarum
2319 3529 2360 3554 in-

1337 3568 1566 3601 terpretationem,
1582 3567 1757 3600 theologicam
1776 3566 1948 3599 gravitatem,
1964 3566 1990 3590 in
2015 3573 2063 3590 usu
2082 3565 2269 3598 philosophiae
2283 3565 2358 3590 Peri-

1331 3604 1470 3637 pateticae
1493 3603 1641 3631 consilium,
1655 3606 1842 3635 servatumque
1861 3601 2013 3627 methodum
2034 3601 2060 3626 in
2081 3604 2195 3634 utraque
2213 3600 2358 3634 theologia,

1336 3640 1457 3665 revelata
1470 3646 1503 3665 ae
1522 3638 1649 3668 naturali,
1665 3638 1808 3663 tradenda.
