2788 4204
1100 247 1211 284 CAP.
1241 249 1365 296 XXII,
1396 250 1547 288 LECT.
1577 252 1722 289 XXXV

2424 260 2494 296 281

846 425 1148 482 LECTIO
1187 428 1851 511 TRIGESIMAQUIN
1854 435 1970 491 TA

655 549 1049 594 OSTENDITUR
1078 555 1431 598 ANALYTICE
1461 559 1635 611 QUOD
1665 562 1726 602 IN
1754 563 2160 606 PRAEDICATIS

521 619 651 660 NON
685 620 801 661 EST
838 622 900 662 IN
932 623 1250 666 INFINITUM
1281 627 1668 680 PROCEDERE‚
1699 633 1911 685 NEQUE
1939 634 2000 674 IN
2036 634 2285 677 SURSUM

1089 695 1302 747 NEQUE
1330 697 1391 737 IN
1424 699 1724 742 DEORSUM

304 811 532 849 Ἀναλυτικῶς
555 807 594 843 δέ
618 807 678 844 διά
705 808 810 845 τῶνδε
842 815 982 859 φανερὸν
1015 817 1290 864 συντομώτερον,
1324 819 1378 852 ὅτι

379 856 449 890 οὔτ’
479 857 535 889 ἐπὶ
560 856 602 888 τὸ
629 856 696 889 ἄνω
722 857 796 890 οὔτ’
826 858 882 891 ἐπὶ
908 860 948 891 τὸ
973 861 1069 894 κάτω
1101 862 1223 906 ἄπειρα
1248 865 1296 897 τά
1318 877 1380 897 κα-

378 900 613 948 τηγορούμενα
638 896 816 946 ἐνδέχεται
846 900 932 936 εἶναι
958 905 990 937 ἐν
1017 911 1092 945 ταῖς
1121 904 1377 947 ἀποδεικτικαῖς

378 946 599 989 ἐπιστήμαις,
626 948 698 989 περὶ
724 947 766 978 ὧν
792 947 813 984 ἡ
838 948 949 992 σκέψις
974 948 1078 983 ἐστίν.

307 992 349 1022 Ἦ
373 991 432 1034 μὲν
457 991 521 1037 γάρ
548 985 720 1032 ἀπόδειξίς
745 992 818 1025 ἔστι
843 994 909 1025 τῶν
929 992 992 1026 ὅσα
1019 995 1164 1041 ὑπάρχει
1180 995 1255 1028 καθ’
1285 997 1380 1030 αὑτοὶ

378 1039 450 1073 τοῖς
475 1035 685 1082 πράγμασιν.

309 1077 394 1112 Καθ’
423 1081 518 1114 αὑτοὶ
540 1078 578 1114 δὲ
602 1076 741 1118 διττῶς·
767 1079 830 1113 ὅσα
847 1094 886 1113 τε
908 1082 972 1127 γάρ
993 1081 1024 1115 ἑν
1044 1084 1178 1122 ἐκείνοις
1197 1085 1377 1130 ἐνυπάρχει

377 1122 411 1156 ἐν
436 1126 485 1167 τῷ
510 1129 543 1159 τί
569 1123 656 1166 ἔστι,
681 1127 739 1157 καὶ
765 1126 812 1163 οἷς
842 1126 937 1158 αὐτοὶ
960 1127 994 1159 ἑν
1020 1129 1067 1170 τῷ
1093 1131 1126 1161 τί
1153 1127 1245 1162 ἐστιν
1271 1130 1377 1173 ὑπάρ-

374 1180 491 1214 χουσιν
513 1169 645 1211 αὑτοῖς,
673 1170 740 1201 οἷον
766 1171 814 1212 τῷ
841 1169 966 1216 ἀριθιιῷ
984 1172 1025 1205 τὸ
1043 1173 1216 1216 περιττόν,
1238 1174 1254 1205 ὃ
1272 1174 1375 1218 ὑπάρ-

324 1220 328 1221 ’
373 1224 427 1258 χει
452 1214 512 1258 μὲν
539 1213 677 1260 ἀριθμῷ,
704 1212 886 1261 ἐνυπάρχει
907 1201 936 1248 d'
959 1217 1066 1255 αὐτὸς
1086 1219 1101 1248 ὁ
1122 1216 1258 1262 ἀριθμὸς
1278 1219 1310 1250 ἐν
1329 1219 1376 1260 τῷ

374 1257 464 1304 λόγῳ
489 1258 612 1301 αὑτοῦ,
629 1262 687 1291 καὶ
709 1259 811 1292 πάλιν
837 1261 964 1299 πλῆθος
990 1260 1010 1299 ἦ
1029 1262 1071 1294 τό
1088 1257 1259 1306 διαιρετὸν
1278 1263 1311 1295 ἑν
1330 1264 1376 1304 τῷ

373 1301 463 1349 λόγῳ
489 1306 551 1336 τοῦ
579 1302 718 1349 ἀριθμοῦ
745 1302 937 1351 ἐνυπάρχει.

308 1346 446 1380 Τούτων
471 1342 499 1381 δ’
521 1345 686 1394 οὐδέτερα
712 1343 891 1395 ἐνδέχεται
911 1350 1034 1394 ἄπειρα
1059 1347 1158 1392 εἶναι,
1178 1350 1246 1383 οὗθ’
1275 1353 1316 1389 ὠς
1336 1352 1376 1384 τὰ

315 1402 319 1403 ’
375 1392 537 1435 περιττόν
562 1395 626 1426 τοῦ
645 1391 800 1437 ἀριθμοῦ·
827 1394 929 1427 πάλιν
953 1395 1017 1441 γάρ
1038 1394 1076 1427 ἂν
1103 1393 1135 1427 ἐν
1153 1397 1201 1437 τῷ
1228 1398 1376 1441 περιττῷ

375 1436 459 1469 ἄλλο
484 1439 548 1479 εἴη,
575 1438 599 1480 ᾧ
625 1438 809 1483 ἑνυπῆρχεν
836 1440 1038 1484 ὑπάρχοντι·
1064 1440 1171 1472 τοῦτο
1195 1437 1262 1472 δἐἰ
1288 1441 1375 1482 ἔστι,

374 1482 508 1536 πρῶτον
535 1484 552 1515 ὀ
578 1481 714 1527 ἀριθμὸς
743 1483 921 1526 ἐνυπάρξει
953 1484 1161 1529 ὑπάρχουσιν
1194 1486 1303 1527 αὑτῷ.
1339 1487 1376 1518 Εἰ

376 1537 432 1558 ουν
457 1526 503 1571 μῆ
527 1522 710 1572 ἐνδέχεται
742 1528 867 1571 ἄπειρα
899 1530 1052 1561 τοιαῦτα
1078 1529 1242 1574 ὑπάρχειν
1267 1530 1300 1562 ἑν
1326 1532 1374 1572 τῷ

374 1571 433 1612 ἑνί,
462 1566 533 1603 οὐδ’
563 1573 618 1604 ἐπὶ
643 1572 685 1604 τᾶ
713 1571 779 1604 ἄνω
806 1573 904 1606 ἔσται
932 1573 1068 1618 ἄπειρα.

301 1614 411 1648 'And
434 1615 500 1660 μήν
528 1616 659 1663 ἀνάγκη
684 1629 723 1662 γε
749 1616 867 1650 πάντα
893 1617 1056 1662 ὑπάρχειν
1081 1618 1129 1659 τῷ
1156 1617 1289 1661 πρώτῳ,
1307 1620 1374 1651 οἷον

373 1661 421 1702 τῷ
457 1660 582 1704 ἀριθμῷ
605 1661 771 1700 κάκείνοις
801 1661 862 1694 τὸν
896 1661 1051 1706 ἀριθμόν,
1085 1661 1164 1695 ὥστ’
1200 1663 1378 1708 ἀντιστρέ-

373 1715 484 1747 φοντα
509 1704 622 1745 ἔσται,
650 1705 723 1738 ἀλλ’
753 1706 790 1738 οὑ
846 1707 1104 1751 ὑπερτείνοντα.

305 1743 392 1780 Οὐδὲ
417 1749 483 1793 μην
515 1749 579 1782 ὅσα
611 1750 645 1782 ἐν
670 1750 719 1791 τῷ
743 1752 777 1783 τί
804 1762 895 1783 εστιν
921 1751 1122 1797 ἐνυπάρχει,
1152 1746 1232 1783 οὐδὲ
1257 1753 1375 1785 ταῦτα

375 1792 512 1838 ἄπειρα·
540 1789 618 1827 οὐδὲ
642 1794 706 1840 γάρ
735 1794 772 1827 ὀὲν
797 1797 846 1833 εἴη
866 1795 1053 1839 ὁρίσασθαι.
1075 1795 1168 1828 ''Qu-‘r'
1198 1797 1226 1827 εἰ
1251 1797 1299 1829 τά
1315 1797 1374 1840 μὲν

372 1838 657 1884 κατηγορούμενα
687 1839 761 1871 καθ’
798 1841 893 1873 αὑτά
917 1840 1035 1874 πάντα
1066 1840 1222 1885 λέγεται,
1254 1842 1374 1874 ταῦτα

371 1878 410 1915 δὲ
434 1885 482 1928 μὴ
509 1884 645 1928 ἄπειρα,
667 1883 810 1917 ’ἰσταιτο
838 1884 876 1917 ἀῖν
902 1886 950 1918 τά
974 1886 1029 1918 ἐπὶ
1048 1885 1089 1918 τὸ·
1110 1886 1192 1926 ἄνω,
1211 1884 1298 1918 ὥστε
1315 1887 1374 1918 καὶ

373 1927 428 1960 ἐπὶ
453 1927 495 1961 τὸ
519 1927 630 1961 κάτω.

304 1971 342 2004 Εἰ
366 1966 396 2003 δ’
425 1972 530 2014 οὕτω,
555 1974 614 2005 καὶ
640 1971 689 2004 τοὶ
713 1971 746 2004 ἐν
773 1972 822 2013 τῷ
846 1972 981 2015 μεταξὺ
1005 1967 1067 2004 δύο
1093 1971 1174 2017 ὅρων
1202 1974 1252 2006 ἀεὶ
1271 1986 1375 2006 πεπε-

371 2017 537 2062 ρασμένα..

303 2061 342 2093 Εἰ
358 2056 396 2093 δὲ
413 2063 534 2103 τοῦτο,
553 2056 656 2097 ’δῆλον
682 2054 748 2097 ἤδη
765 2063 823 2092 καὶ
849 2062 915 2094 τῶν
944 2055 1149 2102 ἀποδείξεων
1169 2060 1222 2094 ὅτι
1242 2061 1372 2108 ἀνάγκη

372 2106 479 2151 ἀρχάς
505 2118 543 2139 τε
561 2102 660 2145 εἶναι,
678 2106 737 2137 καὶ
754 2105 801 2149 μή
820 2106 959 2138 πάντων
977 2103 1063 2138 εἶναι
1083 2102 1271 2147 ἀπόδειξιν,
1292 2106 1372 2152 ὅπερ

371 2151 496 2196 ἔφαμέν
523 2161 619 2188 τινας
635 2147 673 2180 λε’
699 2162 744 2182 ειν
762 2151 843 2183 κατ’
876 2150 995 2196 ἀρχάς.
1014 2151 1053 2181 Εἰ
1069 2151 1134 2195 γάρ
1153 2151 1232 2182 εἰσιν
1254 2152 1370 2197 ἀρχαί,

372 2196 451 2228 οὔτε
477 2194 581 2228 πάντ’
613 2161 807 2227 &augeam-d
838 2195 912 2228 οὔτ’
941 2196 986 2233 εἰς
1013 2195 1149 2238 ἄπειρον
1175 2195 1286 2228 οἷόντε
1313 2197 1375 2236 βα-

369 2235 483 2283 δίζειν·
511 2239 553 2272 τό
577 2240 625 2286 γά
667 2237 753 2272 εἶναι
774 2239 907 2272 τούτων
928 2241 1152 2282 ὁποτερονοῦν
1172 2236 1267 2272 οὐδὲν
1289 2241 1371 2273 ἄλλο

369 2285 461 2318 ἐστὶν
487 2283 508 2321 ἦ
533 2285 576 2316 τὸ
601 2296 687 2320 ειναι
709 2280 814 2329 μηδὲν
838 2280 1016 2328 διάστημα.
1043 2285 1167 2328 ἄμεσον
1183 2287 1240 2316 καὶ
1261 2280 1371 2317 ἀδιαί-

369 2342 480 2375 ρετον,
501 2328 592 2362 ἀλλά
607 2329 727 2363 πάντα
743 2324 912 2373 διαιρετά.
940 2330 993 2370 Τῷ
1009 2329 1074 2375 γάρ
1092 2330 1187 2367 ἐντός
1206 2329 1370 2374 ἐμβάλλε-

369 2373 447 2407 σθαι
473 2373 561 2416 ὅρον,
591 2375 664 2406 ἀλλ’
696 2374 733 2406 οὑ
758 2375 806 2415 τῷ
825 2373 1148 2418 προσλαμβάνεσθαι
1175 2369 1373 2406 ἀποδείκνυ-

370 2431 430 2452 ται
455 2419 496 2452 vd
523 2415 819 2463 ἀποδεικνύμενον.
845 2418 942 2451 ”Ωστ’
970 2419 998 2449 εἰ
1024 2419 1120 2451 τοῦτ’
1155 2419 1198 2456 εἱς
1234 2419 1370 2464 ἄπειρον

369 2459 444 2496 ὲνδέ
472 2475 548 2496 εται
572 2463 673 2506 ἰε’ναι,
700 2457 865 2507 ἐνδέχοιτ’
897 2462 936 2495 ἂν
961 2458 1022 2494 δύο
1050 2462 1130 2505 ὅρων
1158 2463 1281 2507 ἄπειρα
1314 2476 1369 2508 με-

369 2507 459 2549 ταξυ
483 2505 569 2540 εἶναι
587 2508 688 2551 με’σα.
710 2508 819 2540 Ἀλλά
835 2506 933 2540 τοῦτ’
956 2503 1141 2546 ἀδύνατον,
1160 2508 1187 2539 εἰ
1201 2508 1369 2541 ἵστανται

370 2556 405 2585 αἱ
429 2565 563 2600 κατηγο
585 2555 635 2585 ίαι
666 2554 720 2586 ἐπὶ
754 2552 795 2586 τὰ
830 2552 896 2584 ἄνω
927 2554 985 2585 καὶ
1018 2552 1059 2585 τὸ
1088 2551 1196 2585 κάτω.
1223 2551 1301 2585 ’Ότι
1332 2547 1369 2584 ’δὲ

364 2597 545 2674 stragi-oet,
567 2564 745 2631 Ξέδεικται
768 2598 909 2644 λογικῶς
933 2597 993 2642 μὲν
1012 2597 1187 2641 πρότερον,
1208 2597 1370 2629 ἀναλυτι-

367 2643 431 2680 κῶς
480 2643 589 2676 ἐνῧν.

361 2739 510 2777 δηοξειε.
524 2755 558 2759 -—
575 2748 598 2767 1.
613 2739 826 2776 Argumentum
842 2738 982 2766 lectionis.
994 2755 1013 2759 -
1024 2745 1051 2766 2.
1065 2737 1225 2774 Analytica‚
1237 2747 1311 2774 quae
1326 2744 1368 2766 est

300 2787 368 2815 pars
388 2778 512 2815 logicae,
534 2788 595 2806 non
617 2778 780 2807 considerat
807 2778 862 2806 nisi
889 2778 1117 2815 praedicationes
1134 2787 1192 2815 per
1212 2787 1243 2806 se
1250 2788 1261 2812 ;
1281 2784 1368 2814 atque

301 2817 368 2846 ideo
389 2825 432 2846 est
451 2818 498 2846 via
519 2818 678 2855 expeditior
697 2819 735 2846 ad
756 2819 1015 2846 demonstrandum
1037 2819 1117 2855 quod
1135 2818 1164 2845 in
1179 2817 1367 2854 praedicatio-

300 2857 386 2886 nibus
407 2867 468 2886 non
490 2857 525 2886 sit
552 2858 631 2886 abire
652 2858 682 2886 in
707 2858 862 2886 infinitum.
879 2875 899 2879 —
918 2858 943 2886 3.
959 2857 1175 2886 Demonstratio
1203 2864 1245 2885 est
1272 2858 1367 2885 solum

301 2897 376 2926 circa
396 2897 445 2925 illa
465 2907 540 2934 quae
560 2907 613 2934 per
633 2907 663 2926 se
684 2898 783 2926 insunt
803 2899 902 2932 rebus;
925 2904 952 2926 et
967 2898 1033 2926 ideo
1054 2897 1173 2926 scientia
1187 2898 1367 2925 demonstra-

300 2936 359 2965 tiva
372 2937 418 2965 via
431 2937 572 2973 analytica
584 2937 682 2966 utitur.
693 2948 747 2973 -4.
758 2939 825 2966 Duo
840 2937 926 2974 primi
940 2937 1021 2965 modi
1035 2937 1219 2974 praedicandi
1234 2946 1284 2974 per
1299 2946 1337 2965 se.
1349 2953 1368 2958 -

303 2977 330 3004 5.
344 2976 460 3004 Thesis:
481 2978 513 3004 ln
526 2984 650 3014 utroque
671 2978 762 3005 modo
784 2976 1005 3014 praedicationis
1027 2987 1087 3005 non
1109 2983 1151 3005 est
1172 2977 1251 3005 abire
1273 2977 1302 3004 in
1323 2977 1367 3004 in-

301 3015 424 3051 finitum,
446 3017 497 3044 sed
518 3017 651 3044 standum
674 3024 716 3045 est
737 3017 766 3044 in
788 3017 886 3054 aliquo
907 3017 1019 3045 ultimo.
1032 3018 1087 3044 -6.
1105 3018 1248 3045 Probatur
1269 3017 1368 3053 quoad

301 3056 461 3084 secundum
482 3057 604 3084 modum
626 3056 740 3084 dicendi
760 3066 812 3093 per
832 3066 878 3084 se:
901 3056 997 3084 Prima
1019 3056 1092 3084 ratio
1114 3063 1171 3091 est,
1191 3056 1260 3093 quia
1281 3056 1310 3084 id
1331 3056 1367 3083 de

302 3104 361 3132 quo
383 3095 492 3132 aliquid
519 3095 699 3138 praedicatur
726 3105 778 3133 per
805 3105 835 3124 se
862 3096 912 3124 tali
939 3097 1046 3131 modo,
1070 3102 1113 3124 est
1136 3097 1171 3124 de
1199 3095 1366 3124 definitione

1433 821 1451 840 *
1469 823 1633 864 Analytice
1657 831 1764 855 autern
1787 826 1991 858 manifestum
2021 836 2067 860 est
2089 840 2144 869 per
2166 830 2228 860 hoc
2250 831 2391 862 velocius
2409 833 2498 873 quod

1501 877 1605 917 neque
1634 868 1667 898 in
1696 879 1822 900 sursum
1852 881 1956 912 neque
1988 872 2021 903 in
2054 874 2204 904 deorsum
2233 874 2354 906 infinita
2377 877 2497 916 praedi-

1501 919 1602 942 canna
1620 913 1772 953 contingit
1791 923 1857 944 esse
1880 916 1912 945 in
1938 916 2188 949 demonstrativis
2208 919 2353 959 scientiis,
2373 921 2411 951 de
2428 921 2497 961 qui-

1500 955 1559 985 bus
1582 955 1715 987 intentio
1740 964 1795 988 est.

1434 998 1670 1030 Demonstratio
1701 1001 1831 1041 quidem
1862 1003 1947 1033 enim
1970 1011 2035 1043 est,
2066 1016 2274 1047 quaecunque
2297 1007 2365 1048 ipsa
2388 1008 2497 1040 insunt

1502 1045 1679 1074 secundum
1702 1045 1803 1085 seipsa
1826 1047 1928 1077 rebus.

1434 1087 1618 1118 Secundum
1642 1089 1743 1128 seipsa
1766 1097 1873 1120 autem
1897 1091 2078 1131 dupliciter:
2103 1103 2311 1135 quaecunque
2332 1096 2416 1126 enim
2435 1097 2496 1127 illis

1500 1131 1609 1162 insunt
1624 1132 1656 1162 in
1674 1142 1712 1162 eo
1735 1135 1823 1173 quod
1840 1136 1917 1175 quid
1934 1143 1989 1174 est,
2006 1143 2035 1166 et
2049 1137 2081 1166 in
2096 1138 2211 1178 quibus
2226 1138 2293 1178 ipsa
2307 1140 2339 1169 in
2354 1150 2392 1170 eo
2407 1142 2496 1181 quod

1500 1175 1578 1216 quid
1609 1184 1655 1207 est
1684 1177 1792 1208 insunt
1823 1178 1915 1218 ipsis:
1942 1187 1976 1210 ut
2001 1190 2134 1212 numero
2159 1182 2278 1222 impar,
2305 1185 2394 1224 quod
2416 1185 2496 1217 inest

1500 1220 1631 1269 guidem
1656 1231 1807 1260 numero,
1841 1230 1887 1253 est
1918 1231 2024 1254 autem
2049 1225 2116 1265 ipse
2145 1236 2295 1257 numerus
2322 1228 2355 1258 in
2375 1229 2495 1260 ratione

1499 1264 1615 1315 ipsius;
1640 1272 1670 1295 et
1693 1265 1808 1296 iterum
1822 1267 1995 1299 multitudo
2012 1276 2066 1300 aut
2081 1270 2235 1301 divisibile
2251 1271 2283 1301 in
2300 1273 2419 1303 ratione
2435 1284 2495 1304 nu-

1499 1319 1577 1339 mer1
1602 1316 1657 1340 est.

1433 1353 1561 1383 Horum
1582 1360 1690 1384 autem
1712 1361 1822 1385 neutra
1846 1356 1999 1396 contingit
2021 1367 2087 1388 esse
2103 1357 2239 1396 infinita,
2264 1369 2320 1390 nec
2342 1368 2378 1391 ut
2392 1361 2494 1402 impar

1500 1398 1641 1428 numeri:
1666 1398 1781 1429 iterum
1812 1400 1898 1437 enim
1921 1401 1946 1431 si
1970 1401 2083 1441 impari
2107 1402 2193 1433 aliud
2215 1403 2304 1441 insit,
2329 1405 2379 1435 cui
2398 1405 2496 1436 inerat

1500 1442 1658 1481 existenti;
1682 1443 1743 1474 hoc
1760 1451 1867 1474 autem
1883 1445 1909 1475 si
1925 1452 1981 1484 est,
1998 1446 2138 1485 primum
2155 1457 2306 1478 numerus
2333 1449 2424 1480 inerit
2446 1450 2495 1480 his

1500 1497 1581 1527 quae
1597 1487 1705 1518 insunt
1720 1487 1790 1528 ipsi.
1815 1489 1847 1519 Si
1870 1489 1964 1529 igitur
1987 1500 2053 1520 non
2073 1491 2225 1531 contingit
2243 1492 2364 1523 infinita
2386 1494 2494 1524 huius-

1499 1531 1588 1562 modi
1607 1541 1674 1562 esse
1692 1532 1726 1562 in
1745 1543 1823 1572 uno,
1843 1544 1947 1575 neque
1965 1534 1998 1564 in
2018 1545 2144 1566 sursum
2163 1543 2255 1567 erunt
2273 1536 2404 1568 infinita.

1430 1621 1474 1649 At
1496 1629 1571 1650 vero
1595 1629 1721 1651 necesse
1750 1628 1797 1652 est
1820 1621 1929 1652 omnia
1955 1622 2057 1653 inesse
2080 1623 2205 1663 primo,
2230 1631 2265 1654 ut
2288 1635 2439 1665 numero,
2465 1633 2495 1657 et

1497 1663 1530 1694 in
1552 1663 1612 1694 illis
1637 1673 1821 1696 numerum:
1854 1676 1950 1707 quare
1975 1668 2189 1699 convertibilia
2212 1675 2323 1708 erunt„
2349 1671 2404 1700 sed
2427 1681 2494 1700 non

1497 1709 1685 1740 excedentia.

1430 1752 1542 1793 Neque
1558 1753 1653 1783 etiarn
1669 1763 1878 1795 quaecunque
1893 1762 1967 1785 sunt
1982 1755 2014 1785 in
2031 1765 2070 1786 eo
2086 1756 2174 1796 quod
2185 1756 2262 1796 quid
2278 1764 2334 1795 est,
2346 1768 2402 1788 nec
2416 1758 2493 1789 haec

1497 1797 1618 1828 infinita
1642 1805 1729 1828 sunt:
1755 1809 1811 1829 nec
1835 1799 1920 1829 enim
1949 1806 2030 1830 esset
2057 1799 2195 1830 definire.
2227 1801 2332 1838 Quare
2356 1802 2381 1832 si
2405 1803 2492 1842 prae-

1497 1842 1631 1872 dicantia
1659 1842 1789 1883 quidem
1817 1854 1873 1884 per
1901 1853 1933 1873 se
1956 1844 2064 1874 omnia
2088 1844 2250 1883 dicuntur,
2280 1846 2356 1876 haec
2385 1838 2492 1877 aute'm

1497 1896 1563 1916 non
1586 1885 1708 1917 infinita
1731 1894 1815 1927 sunt,
1836 1888 1962 1919 stabunt
1985 1889 2094 1929 utique
2117 1889 2150 1919 in
2174 1898 2316 1929 sursum;
2340 1901 2436 1931 quare
2462 1898 2492 1922 et

1497 1931 1529 1961 in
1553 1931 1713 1961 deorsum.

1430 1974 1462 2005 Si
1485 1983 1592 2006 autem
1616 1976 1659 2005 sic
1676 1982 1731 2014 est,
1752 1983 1782 2007 et
1805 1986 1886 2017 quae
1910 1983 1984 2007 sunt
2006 1977 2038 2007 in
2055 1977 2160 2007 medio
2185 1977 2324 2008 duorum
2339 1978 2491 2009 termino-

1496 2030 1569 2050 rum
1593 2029 1716 2060 semper
1739 2027 1813 2051 sunt
1835 2020 1933 2052 finita.

1429 2063 1461 2094 Si
1484 2074 1559 2094 vero
1583 2065 1645 2094 hoc
1669 2071 1725 2103 est,
1749 2064 1953 2095 manifestum
1975 2064 2039 2095 iam
2062 2072 2108 2096 est
2131 2072 2161 2096 et
2185 2065 2492 2097 demonstrationum

1496 2109 1584 2150 quod
1607 2119 1733 2139 necesse
1756 2116 1802 2140 est
1825 2109 1978 2150 principia
2002 2119 2083 2147 esse,
2113 2116 2143 2140 et
2166 2120 2231 2140 non
2255 2110 2401 2140 omnium
2425 2121 2491 2141 esse

1496 2153 1818 2191 demonstrationem,
1842 2155 1930 2194 quod
1953 2163 2025 2184 vere
2049 2154 2185 2184 diximus
2209 2155 2366 2194 quosdam
2390 2155 2490 2185 dicere

1494 2198 1580 2228 iuxta
1603 2198 1805 2238 principium.
1835 2198 1867 2228 Si
1891 2198 1975 2228 enirn
1999 2198 2263 2238 sunt'principia,
2292 2209 2358 2228 non
2382 2200 2491 2229 omnia

1495 2249 1569 2273 sunt
1598 2242 1872 2280 demonstrabilia,
1897 2252 2000 2282 neque
2027 2242 2059 2272 in
2088 2242 2247 2272 infinitum
2271 2250 2406 2282 possunt
2428 2243 2488 2273 ire:

1495 2297 1561 2317 esse
1586 2287 1671 2317 enim
1690 2287 1806 2317 horum
1829 2286 1994 2326 quodlibet
2017 2286 2095 2316 nihil
2118 2286 2204 2316 aliud
2226 2293 2281 2324 est,
2306 2297 2403 2327 quam
2423 2297 2489 2317 esse

1495 2331 1621 2362 nullum
1645 2331 1782 2371 spatium
1808 2331 1874 2361 sine
1898 2330 2004 2361 medio
2029 2337 2059 2360 et
2081 2331 2279 2368 indivisibile,
2304 2332 2358 2361 sed
2381 2332 2490 2361 omnia

1494 2375 1668 2406 divisibilia.
1702 2376 1788 2405 Intus
1813 2375 1898 2405 enim
1921 2374 2108 2405 immitendo
2131 2375 2320 2413 terminum,
2345 2376 2399 2405 sed
2423 2386 2489 2405 non

1493 2420 1696 2458 assumendO,
1713 2420 1946 2450 demonstratur
1961 2419 1994 2449 id
2009 2419 2098 2460 quod
2118 2420 2359 2450 demonstratur.
2384 2420 2490 2456 Quare

1493 2464 1518 2494 si
1538 2465 1599 2495 hoc
1618 2464 1650 2494 in
1670 2463 1830 2494 infinitum
1854 2463 2008 2503 contingit
2028 2463 2083 2501 ire,
2100 2463 2261 2503 continget
2279 2463 2389 2503 utique
2409 2464 2488 2494 duo-

1492 2519 1565 2539 rum
1589 2508 1798 2539 terminorum
1821 2508 1942 2538 infinita
1966 2517 2032 2538 esse
2055 2508 2184 2538 interius
2208 2508 2322 2538 media.
2343 2507 2404 2538 Sed
2427 2508 2488 2538 hoc

1491 2553 1687 2593 impossibile
1711 2560 1776 2590 est,
1805 2553 1830 2582 si
1855 2552 2106 2592 praedicamenta
2130 2552 2268 2582 steterint
2292 2552 2435 2591 superius
2459 2558 2489 2582 et

1491 2598 1631 2628 inferius.
1657 2597 1755 2635 Quod
1786 2603 1893 2627 autem
1916 2603 2013 2634 stent,
2037 2597 2289 2627 demonstratum
2313 2603 2359 2626 est
2388 2596 2488 2635 logice

1492 2642 1599 2682 prim,
1623 2641 1776 2682 analytice
1798 2651 1873 2671 vero
1898 2650 1992 2671 nunc.

1421 2737 1607 2774 praedicandi
1635 2738 1726 2765 modo
1751 2736 1916 2773 praedicata
1940 2745 1992 2773 per
2022 2736 2155 2764 ordinem
2180 2742 2297 2771 accepta
2324 2735 2363 2763 ita
2389 2735 2488 2764 insunt

1422 2777 1517 2814 primo
1539 2777 1668 2805 subiecto
1690 2783 1722 2804 ut
1742 2776 1867 2805 vicissim
1893 2776 2054 2804 subiectum
2079 2775 2214 2804 omnibus
2236 2775 2289 2803 illis
2310 2774 2393 2810 insit;
2415 2784 2487 2803 con-

1422 2824 1575 2854 sequenter
1601 2816 1798 2845 convertibilia
1826 2823 1910 2844 erunt
1935 2815 2095 2844 subiectum
2117 2822 2144 2843 et
2170 2815 2349 2851 praedicata,
2371 2821 2399 2842 et
2426 2824 2487 2842 non

1422 2858 1475 2885 erit
1489 2857 1617 2893 accipere
1639 2857 1798 2885 seeundum
1820 2857 1897 2884 hunc
1918 2856 2039 2883 modum
2062 2855 2172 2883 infinita
2191 2854 2352 2890 praedicata
2373 2854 2402 2881 in
2424 2863 2486 2882 sur-

1422 2907 1486 2925 sum
1508 2897 1552 2925 vel
1573 2897 1603 2924 in
1625 2897 1771 2924 deorsum.
1792 2913 1811 2917 -
1830 2897 1857 2924 8.
1880 2897 2021 2923 Probatur
2041 2894 2128 2922 thesis
2155 2895 2252 2930 quoad
2274 2894 2399 2930 primum
2421 2903 2485 2921 mo-

1422 2938 1492 2965 dum
1507 2936 1621 2965 dicendi
1635 2946 1687 2973 per
1700 2946 1745 2964 se:
1762 2935 1838 2970 Quia
1852 2945 1925 2972 quae
1940 2934 2139 2971 praedicantur
2153 2935 2210 2962 hoc
2224 2933 2486 2971 mod0‚fponuntur

1421 2977 1451 3004 in
1472 2976 1640 3004 definitione
1666 2975 1800 3010 subiecti;
1822 2984 1883 3003 non
1904 2981 2000 3003 autem
2028 2973 2168 3010 contingit
2192 2973 2270 3001 abire
2290 2972 2320 3000 in
2341 2972 2484 3000 infinitum

1421 3017 1451 3044 in
1466 3016 1682 3044 definitionibus
1703 3015 1732 3043 in
1754 3025 1877 3049 sursum,
1893 3023 1987 3051 neque
2002 3014 2088 3042 etiam
2103 3013 2132 3040 in
2148 3014 2293 3040 deorsum.
2305 3029 2324 3033 —
2337 3021 2363 3048 9.
2380 3012 2483 3040 Corol-

1421 3056 1524 3084 larium
1546 3056 1685 3092 primum:
1709 3055 1785 3089 Quia
1806 3061 1933 3082 extrema
1954 3060 2020 3081 sunt
2041 3052 2241 3087 determinata,
2263 3061 2324 3080 non
2345 3051 2485 3088 contingit

1422 3096 1518 3123 media
1539 3105 1601 3123 esse
1622 3094 1742 3123 infinita.
1759 3111 1777 3115 —
1802 3103 1844 3122 10.
1867 3093 2061 3122 Corollarium
2082 3093 2220 3120 alterum:
2243 3093 2278 3119 Et
2299 3091 2367 3127 quia
2388 3091 2484 3119 media

2525 842 2646 871 'Seq.ca
2666 849 2731 865 ,ιιιι

2524 873 2546 891 et
2560 873 2616 891 text.
2630 875 2642 898 3
2661 885 2667 891 .

2568 909 2588 922 l

302 3135 363 3163 eius
391 3136 471 3172 quod
498 3135 694 3172 praedicatur;
719 3137 769 3163 sed
797 3145 871 3172 quae
895 3142 961 3164 sunt
990 3137 1026 3164 de
1056 3135 1224 3164 definitione
1247 3135 1366 3163 alicuius
1391 3125 1395 3160 Ι
1421 3145 1481 3163 non
1496 3141 1563 3162 sunt
1583 3134 1710 3169 infinita,
1732 3134 1762 3162 in
1783 3133 2077 3162 demonstrationibus
2103 3142 2163 3160 non
2184 3131 2348 3168 proceditur
2368 3131 2398 3158 in
2418 3130 2483 3158 infi-

301 3184 362 3203 non
383 3181 450 3203 sunt
470 3174 596 3210 infinita3
619 3184 687 3212 ergo
709 3185 770 3203 non
794 3182 836 3203 est
858 3175 888 3203 in
913 3175 1080 3203 huiusmodi
1103 3175 1366 3212 praedicationibus
1420 3175 1527 3209 nitum;
1549 3175 1599 3202 sed
1620 3183 1737 3202 necesse
1757 3180 1799 3201 est
1820 3183 1882 3201 esse
1903 3173 1998 3210 aliqua
2018 3172 2158 3209 principia
2183 3180 2256 3208 quae
2277 3180 2338 3199 non
2361 3171 2483 3198 demon-

301 3214 380 3243 abire
403 3215 434 3243 in
455 3215 610 3243 infinitum.
625 3232 644 3237 -
659 3225 686 3252 7.
708 3215 806 3243 Altera
833 3215 906 3243 ratio
930 3222 986 3251 est,
1014 3215 1082 3252 quIa
1102 3215 1132 3242 in
1153 3216 1209 3243 hoc
1237 3214 1365 3242 secundo
1421 3221 1554 3242 strantur.

443 3334 454 3346 .
476 3316 738 3357 ⁴¹·‚.*ostquam
754 3308 1009 3356 Philosophus
1025 3307 1188 3344 ostendit
1201 3307 1319 3355 logice
1337 3308 1356 3328 *
1413 3306 1512 3343 ditur
1539 3305 1578 3342 in
1607 3305 1701 3342 duas
1728 3311 1869 3353 partes:
1899 3304 1937 3340 in
1965 3303 2089 3352 prima
2115 3303 2134 3324 '¹‘
2162 3301 2323 3339 ostendit
2346 3301 2482 3350 prInci-
2510 3330 2519 3339 .
2536 3329 2611 3351 Codd-
2627 3341 2638 3346 ,

532 3369 540 3373 “
562 3361 666 3410 quod
681 3373 759 3398 non
774 3361 820 3398 sit
833 3361 1041 3410 procedere
1057 3360 1094 3397 in
1115 3360 1304 3397 infinitum
1320 3360 1358 3397 in
1413 3359 1498 3407 pale
1531 3357 1794 3406 propositum;
1830 3357 1868 3393 in
1900 3356 2066 3393 secunda
2103 3356 2211 3392 infert
2239 3356 2259 3375 ⁴*
2292 3355 2481 3403 quaedam
2505 3358 2721 3408 4⁷⁷issffl‘2200n-

508 3416 520 3434 ⁴¹
561 3414 784 3463 praedicatis
803 3414 842 3451 in
871 3426 1021 3451 sursum
1047 3421 1111 3449 aut
1130 3413 1310 3450 deorsum
1325 3419 1359 3459 α,
1416 3411 1613 3448 corollaria
1639 3411 1658 3431 *
1686 3422 1732 3446 ex
1766 3409 1887 3455 dictis;
1917 3409 1988 3445 ibi:
2017 3408 2240 3445 Monstratis
2273 3413 2398 3444 autem
2426 3408 2482 3444 his
2508 3408 2725 3457 Shffiftbmww„

446 3464 452 3471 ‘
499 3454 548 3498 ›v'
561 3468 622 3505 hic
650 3467 812 3504 ostendit
839 3467 942 3504 idem
971 3466 1165 3514 analytice.
1191 3467 1240 3502 Et
1269 3465 1362 3502 divi·
1417 3465 1655 3512 manifestum
1673 3463 1693 3484 *
1712 3470 1779 3499 etc.
1803 3462 1912 3498 Circa
1929 3462 2097 3510 primum
2118 3461 2194 3498 duo
2216 3460 2317 3497 facit:
2342 3460 2479 3509 primo,
2508 3488 2593 3509 ‚Lm
2609 3494 2659 3515 ,eq-

60 3325 258 3349 'maialectice'
310 3321 338 3345 l·
392 3325 394 3327 ’
2655 3330 2723 3351 »εἰη

356 3589 383 3626 α)
402 3591 431 3616 In
446 3598 551 3616 sursum
567 3595 634 3615 etc.-
644 3590 733 3620 Codd.‚
747 3598 800 3615 exc.
811 3590 863 3615 H.-
872 3590 891 3614 P
904 3597 956 3614 om.
968 3590 1009 3619 in,·
1021 3590 1058 3614 H:
1070 3596 1152 3622 neque
1162 3589 1187 3613 in
1201 3596 1334 3613 sursum.-
1343 3588 1379 3612 D:
1393 3590 1441 3612 aut
1455 3590 1481 3612 et
1491 3587 1628 3615 deorsum
1638 3586 1673 3610 H:
1685 3592 1766 3618 neque
1779 3585 1916 3614 dem-sum,-
1927 3585 1949 3608 1:
1961 3585 2000 3609 vel
2014 3584 2040 3608 in
2053 3584 2192 3614 deorsum‚·
2205 3583 2242 3608 M:
2254 3586 2302 3608 aut
2312 3584 2338 3608 in
2349 3584 2481 3608 deorsum.

284 3648 297 3653 “
443 3644 512 3677 Opp.
532 3644 562 3668 D.
577 3643 691 3668 Tuomst:
710 3642 742 3667 Τ.
762 3643 779 3667 1.
2282 3634 2313 3660 36
2325 3635 2338 3650 ¹*
