2548 4192
206 278 333 304 CCXLVl

211 359 227 374 »
248 346 406 377 salutaris
435 350 482 376 est
505 350 535 375 et
565 345 730 386 incognita
755 344 937 385 periculum
969 344 1089 384 ingerit
1116 343 1278 373 humanae

210 403 226 418 2»
248 390 357 428 saluti,
377 389 549 420 admodum
574 390 652 419 utile
667 394 714 419 est
730 390 894 419 veritatem
910 388 1119 428 investigare:
1133 387 1203 417 ideo
1219 393 1276 418 etc.

210 447 225 462 ι»
248 434 340 473 Quis,
364 443 454 474 rogo,
479 440 544 464 tam
567 439 716 473 argutum
739 439 898 463 oratorem
917 438 947 462 et
970 438 1036 462 tam
1059 431 1139 461 belle
1164 431 1213 461 sui
1231 431 1277 461 in-

208 491 225 507 »
247 478 347 510 stituti
371 488 499 509 causam
527 477 710 507 reddentem
733 475 814 518 (non
837 473 998 518 irrideat)?
1025 475 1129 513 Utile,
1153 475 1277 516 inquit,

209 535 224 550 ι»
248 528 295 554 est
318 524 482 554 veritatem
508 522 705 562 investigare
727 522 759 550 in
785 521 824 550 iis
846 520 961 556 dubiis,
977 529 1113 560 quorum
1138 521 1278 561 cognitio

211 580 227 595 »
250 572 297 598 est
320 567 417 597 utilis.
442 565 531 596 Ordo
555 564 618 595 fere
641 564 748 595 nullus
775 570 844 594 toto
868 564 901 593 in
925 573 963 593 eo
991 563 1099 594 libello
1123 564 1277 604 conspici-

211 624 227 639 »
249 618 316 642 tur:
342 611 420 640 dum
444 616 474 640 et
497 608 683 639 commiscet
706 608 871 638 materiam
893 607 933 638 de
956 609 1066 638 usuris
1081 617 1156 638 cum
1172 608 1226 638 illa
1239 608 1280 639 de

211 667 226 683 >v
249 653 474 690 contractibus,
500 659 530 683 et
549 662 624 683 cum
647 652 680 682 in
704 659 791 692 parte
814 651 917 692 prima
947 651 1142 692 quaestionis
1166 652 1279 692 egisset

212 713 227 727 »
249 700 289 730 de
311 698 447 728 materia
472 698 540 727 vitii
563 706 693 734 usurae,
719 696 822 737 deque
845 696 980 726 diversis
999 696 1101 727 modis
1117 701 1147 727 et
1161 698 1279 736 specie-

212 756 228 771 »
250 744 308 773 bus
331 743 431 782 ipsius
437 748 451 778 ,²
473 740 506 770 in
530 740 622 771 tertio
645 747 753 771 tamen
777 740 878 780 capite
901 740 1013 780 repetit
1035 740 1131 770 nullis
1154 741 1278 771 interie-

211 799 226 815 ιο
251 786 321 817 ctis:
338 787 389 815 An
414 794 515 815 usura
531 785 646 815 habeat
662 785 766 815 locum
784 790 908 815 tantum
925 786 957 815 in
975 786 1105 822 mutuis,
1123 795 1165 815 an
1183 786 1278 815 etiam

211 843 228 859 s
250 833 283 861 in
307 831 381 860 aliis
403 829 581 860 actionibus
604 827 719 871 (capite
743 839 796 859 vm
821 835 851 859 et
873 827 930 871 lx),
955 829 1171 860 contractibus
1194 839 1280 860 nem-

212 888 227 903 »
243 885 297 916 pe.
322 875 356 904 In
380 873 484 914 primo
510 873 610 914 capite
634 871 744 915 (partis
767 872 902 915 primae)
931 883 1062 904 usuram
1084 874 1280 914 distinguens

211 931 226 946 ›
248 919 281 949 in
306 928 386 957 eam,
410 927 492 958 quae
515 917 643 958 proprie
673 924 704 948 et
728 928 809 958 quae
840 918 1056 958 metaphorice
1073 918 1196 957 dicitur,
1211 928 1279 949 ver-

211 976 226 991 »
248 963 296 994 bis
319 962 361 993 ita
384 962 514 993 remotis
533 968 563 992 et
578 962 673 1002 longe
693 962 798 1002 petitis
813 962 922 1002 utitur,
938 969 974 993 ut
989 962 1226 993 vaticinandum
1241 963 1280 994 sit

212 1020 226 1035 »
249 1008 282 1038 in
306 1017 399 1037 sensu
423 1007 593 1037 amborum
616 1007 773 1037 habendo.
802 1006 906 1044 Quia,
936 1006 1054 1047 inquit,
1082 1007 1279 1047 superabun-

211 1065 226 1079 ιν
249 1052 360 1083 dantia
385 1049 507 1094 (quam
531 1050 686 1091 significat
713 1061 834 1081 nomen
858 1050 995 1093 usurae)
1019 1052 1194 1092 aliquando
1217 1053 1280 1082 ori-

211 1109 227 1124 »
250 1102 304 1127 tur
327 1105 369 1126 ex
392 1105 452 1126 usu
477 1100 589 1126 contra
614 1095 730 1136 legem,
755 1095 931 1136 aliquando
955 1105 1030 1126 vero
1054 1105 1096 1126 ex
1114 1106 1174 1127 usu
1190 1097 1280 1137 lega-

211 1153 226 1168 ,
249 1141 333 1178 liter,
346 1140 426 1170 idest
439 1139 537 1178 licito;
548 1139 618 1170 ideo
633 1145 664 1170 et
678 1149 792 1170 nomen
809 1150 929 1171 usurae
943 1141 975 1170 in
987 1140 1164 1181 Scripturis
1177 1142 1281 1172 sacris

212 1198 228 1213 2>
250 1184 471 1224 multipliciter
492 1185 650 1224 accipitur
678 1191 735 1215 etc.
760 1184 823 1215 Sed
846 1194 882 1214 ea
904 1184 1047 1224 graviora
1070 1191 1163 1223 sunt,
1192 1186 1280 1226 quod

213 1242 228 1257 »
252 1229 352 1269 capite
368 1238 410 1258 vn
427 1228 570 1259 eiusdem
585 1228 681 1268 partis
704 1228 824 1268 primae
848 1228 1045 1259 conditiones
1061 1229 1216 1270 quasdam
1232 1240 1279 1260 as-

213 1286 229 1301 »
252 1274 369 1314 signat,
393 1283 476 1314 quae
498 1273 673 1304 secundum
699 1274 772 1303 iura
797 1282 916 1303 usuras
939 1283 1098 1304 excusare
1120 1274 1279 1305 videntur.

210 1331 226 1346 a
249 1318 396 1355 Quarum
419 1317 521 1357 prima
545 1324 591 1348 est
613 1317 719 1347 cultus
741 1317 916 1357 disparitas
939 1324 969 1348 et
992 1318 1130 1348 secunda
1146 1324 1193 1349 est
1207 1329 1279 1349 con-

211 1375 227 1390 »
249 1363 339 1400 ditio,
363 1371 447 1402 quae
459 1361 549 1402 facit
571 1362 690 1392 hostem
714 1361 850 1402 dignum
874 1367 993 1392 morte:
1008 1368 1039 1392 et
1052 1362 1134 1393 hanc
1148 1362 1280 1402 quidem

211 1419 226 1434 ι
249 1416 282 1437 se
306 1406 451 1446 colligere
475 1412 565 1446 putat
588 1415 624 1436 ex
647 1405 781 1445 vulgatis
811 1405 1004 1446 quibusdam
1026 1406 1187 1437 Ambrosii
1210 1416 1278 1437 ver-

211 1463 227 1478 »
250 1451 315 1489 bis,
340 1460 506 1491 perperam
529 1450 567 1480 ab
591 1460 630 1480 eo
654 1449 817 1480 intellectis
846 1447 910 1490 (Ab
933 1450 989 1480 illo
1012 1451 1109 1491 exige
1131 1460 1277 1489 usuram,

211 1507 227 1522 ν
249 1496 302 1526 cui
324 1496 438 1526 merito
471 1503 586 1525 nocere
617 1494 800 1531 desideras,
835 1494 888 1525 cui
910 1495 982 1524 iure
1012 1493 1202 1535 inferuntur
1223 1505 1278 1526 ar-

211 1552 227 1567 »
250 1549 302 1570 ma
327 1539 413 1581 etc.).
439 1539 530 1575 Quae
553 1538 579 1568 si
602 1548 674 1568 vere
697 1538 912 1578 assignantur,
937 1548 1135 1579 consequens
1159 1546 1206 1570 est
1231 1539 1278 1569 vi-

211 1596 226 1611 >
249 1594 322 1614 rum
346 1583 550 1614 christianum
573 1582 655 1613 licite
679 1582 832 1613 foenerari
856 1592 951 1622 posse
973 1582 1098 1613 iudaeo:
1114 1582 1191 1614 item
1206 1583 1277 1623 illis,

211 1640 226 1655 »
250 1634 359 1659 contra
388 1637 469 1668 quos
497 1626 618 1657 bellum
647 1626 769 1656 iustum
791 1637 810 1657 a
833 1626 978 1667 Principe
1007 1634 1192 1667 susceptum
1221 1634 1276 1659 est.

211 1685 227 1699 »
250 1673 349 1710 Quod
372 1678 476 1712 aperte
500 1677 621 1711 pugnat
644 1680 718 1700 cum
733 1671 875 1702 doctrina
891 1671 955 1701 divi
971 1671 1139 1712 Aquinatis
1155 1673 1197 1702 11³
1211 1672 1277 1710 11⁸⁶,

211 1728 226 1742 ²
249 1727 279 1758 q.
300 1726 424 1753 Lxxvrn,
444 1722 499 1745 art.
520 1725 540 1753 1,
565 1715 619 1745 ubi
643 1715 750 1755 palam
773 1722 904 1746 testatur
925 1716 965 1746 ad
988 1725 1006 1746 2
1029 1725 1133 1757 neque
1155 1717 1279 1747 Iudaeis

211 1772 226 1787 »
248 1761 324 1801 ipsis
347 1760 446 1791 licitas
477 1759 648 1799 aliquando
673 1759 768 1790 fuisse
793 1767 924 1798 usuras;
955 1760 1028 1791 licet
1053 1760 1225 1801 aliquando
1249 1767 1280 1792 et

211 1817 225 1832 »
249 1815 320 1845 erga
344 1804 468 1845 aliquos
491 1803 567 1843 ipsis
584 1804 766 1845 permissae
778 1803 913 1845 fuerint
936 1811 1066 1845 propter
1085 1804 1279 1845 profundam

211 1862 226 1877 «
250 1859 360 1880 eorum
398 1849 581 1879 auaritiam.
615 1848 699 1878 Nam
736 1858 772 1878 ex
804 1849 875 1889 ipso
913 1855 998 1880 textu
1036 1849 1279 1880 Deuteronomii

210 1906 225 1920 »
249 1904 316 1934 cap.
340 1903 414 1923 xxm
437 1892 522 1931 satis,
546 1891 660 1933 inquit,
685 1899 827 1923 constare
851 1899 956 1933 potest
979 1903 1030 1924 eas
1053 1903 1222 1934 nunquam
1243 1894 1279 1924 li-

211 1950 226 1965 »
249 1938 323 1969 citas
338 1937 444 1968 fuisse.
458 1937 542 1967 Nam
557 1936 711 1977 scripturn
726 1943 787 1967 est:
804 1937 877 1968 Non
885 1937 1078 1978 foenerabis
1087 1937 1197 1979 fratri
1212 1944 1281 1976 tuo,·

210 1994 224 2009 ›
248 1982 381 2023 quilibet
403 1988 510 2012 autem
534 1980 634 2011 homo
658 1981 731 2012 loco
746 1980 847 2012 fratris
862 1981 1026 2012 habendus
1041 1989 1087 2013 est
1102 1983 1279 2013 secundum

210 2039 225 2054 2
248 2026 369 2067 regulas
401 2025 544 2056 caritatis.
579 2025 724 2067 Denique
757 2026 858 2066 capite
881 2036 901 2055 v
924 2026 984 2064 ait,
1017 2027 1107 2067 quod
1129 2027 1202 2058 licet
1224 2037 1280 2068 per

209 2083 224 2098 2»
247 2081 358 2102 usuras
382 2080 448 2100 non
472 2069 675 2100 transferatur
707 2070 890 2100 dominium
913 2080 949 2101 ex
977 2070 1007 2100 vi
1038 2071 1114 2101 iuris
1147 2077 1277 2102 naturae

209 2127 224 2142 >
247 2114 339 2158 (legis
363 2114 496 2152 divinae,
521 2114 563 2144 ita
587 2113 703 2144 scilicet
722 2120 758 2144 ut
773 2124 886 2145 usurae
903 2115 1026 2145 solutae
1040 2125 1106 2146 non
1121 2122 1280 2147 transeant

210 2172 224 2187 γ»
248 2160 280 2190 in
306 2158 487 2189 dominium
510 2156 713 2200 recipientis),
738 2158 922 2189 transfertur
944 2165 1050 2190 tamen
1074 2170 1111 2190 ex
1133 2160 1202 2200 lege
1221 2160 1279 2191 hu-

210 2217 224 2231 »
247 2213 351 2234 mana.
377 2203 423 2233 Ex
447 2212 513 2243 quo
545 2202 672 2233 deducit
702 2212 767 2233 non
797 2213 863 2233 esse
895 2204 1041 2234 eamdem
1070 2203 1226 2235 rationem
1250 2211 1281 2236 et

210 2260 225 2275 ›
249 2257 376 2279 causam
400 2246 582 2277 restituendi
607 2256 658 2285 ea,
683 2256 765 2287 quae
789 2247 938 2286 foenore,
963 2254 993 2278 et
1016 2258 1098 2289 quae
1121 2248 1207 2280 furto
1230 2249 1280 2280 vel

211 2306 226 2320 ›
249 2292 357 2333 rapina
380 2291 451 2332 quis
484 2290 656 2322 abstulerit.
680 2291 771 2329 Quae
800 2291 943 2323 doctrina
975 2302 1041 2322 non
1070 2292 1143 2323 satis
1166 2293 1280 2324 arridet

210 2350 225 2364 ›
247 2337 296 2376 iis,
320 2346 402 2377 quae
426 2346 443 2366 a
467 2335 540 2365 divo
565 2335 694 2365 Thoma
718 2336 832 2366 eodem
855 2336 929 2367 loco
948 2336 1128 2368 scribuntur
1143 2338 1228 2369 artic.
1245 2348 1279 2368 tn

210 2394 225 2409 »
248 2381 280 2411 in
304 2380 366 2411 fine
391 2379 542 2420 corporis.
566 2380 650 2410 Nam
673 2390 802 2410 causam
825 2380 969 2418 reddens,
993 2391 1090 2422 quare
1105 2381 1177 2422 quis
1194 2387 1279 2413 tene·

210 2439 224 2453 ›
248 2431 303 2456 tur
325 2425 459 2455 reddere
471 2423 610 2465 fructus
632 2425 719 2464 agri,
741 2434 834 2465 quem
851 2434 952 2456 usura
976 2427 1168 2457 extorserit:
1190 2427 1278 2467 quia,

209 2482 223 2497 2·
247 2469 361 2510 inquit,
385 2474 461 2499 sunt
475 2467 612 2508 fructus
634 2478 763 2506 rerum,
787 2479 925 2509 quarum
950 2470 1036 2500 alius
1058 2475 1106 2501 est
1131 2470 1280 2502 dominus

210 2526 225 2541 »
248 2519 278 2544 et
301 2513 371 2544 ideo
395 2514 425 2543 ei
446 2512 619 2543 debentur:
642 2522 698 2552 per
716 2522 752 2542 ea
767 2514 872 2551 verba,
888 2523 1027 2554 quarum
1046 2515 1133 2546 alius
1155 2520 1202 2546 est
1222 2516 1278 2546 do·

208 2570 223 2585 »
246 2559 363 2595 minus,
389 2557 481 2597 plane
504 2556 668 2587 innuendo
697 2557 786 2597 quod
810 2567 905 2588 usura
925 2568 991 2588 non
1013 2558 1158 2590 transfert
1173 2560 1278 2590 domi-

210 2616 225 2630 »
245 2602 346 2632 nium.
371 2601 412 2632 Et
434 2601 467 2631 in
491 2600 650 2631 solutione
678 2601 693 2631 3
719 2601 779 2631 ait:
797 2601 896 2638 Quod
910 2602 988 2642 plus
1009 2603 1091 2633 iuris
1105 2603 1199 2634 habet
1214 2603 1279 2634 foe-

208 2660 223 2675 ›
247 2653 371 2677 nerator
387 2647 419 2676 in
436 2655 473 2676 re
487 2645 643 2686 acquisita
658 2645 698 2675 de
707 2646 848 2685 pecunia
864 2647 1030 2684 usuraria,
1045 2656 1142 2687 quam
1156 2648 1194 2679 in
1210 2649 1279 2688 ipsa

210 2705 225 2719 a>
242 2691 400 2732 pecunia:
430 2689 523 2730 plane
548 2689 623 2730 quia
651 2689 684 2719 in
710 2689 845 2729 pecunia
864 2690 1001 2728 nullum,
1021 2697 1052 2721 et
1076 2691 1109 2721 in
1134 2691 1172 2721 iis
1197 2702 1279 2732 quae

211 2749 226 2764 »
249 2746 285 2766 ex
308 2735 361 2765 illa
385 2733 536 2775 acquisita
566 2740 640 2764 sunt
666 2733 861 2764 nonnullum
879 2734 928 2765 ius
953 2734 1056 2765 habet.
1082 2735 1175 2766 Unde
1198 2736 1278 2766 arbi-

211 2793 225 2807 »
252 2787 328 2818 tror,
355 2787 580 2810 concessurum
605 2777 809 2818 Aquinatem,
833 2778 922 2819 quod
943 2778 1054 2809 eadem
1078 2779 1117 2810 sit
1135 2779 1215 2810 ratio
1231 2789 1276 2810 re—

211 2838 227 2851 »
250 2822 423 2855 stitutionis
453 2822 485 2852 in
512 2822 596 2853 furto
625 2828 656 2852 et
678 2829 792 2852 usura:
814 2821 857 2852 ita
878 2829 914 2853 ut
939 2822 964 2853 si
990 2823 1061 2863 quis
1076 2832 1113 2853 ex
1135 2833 1168 2853 re
1194 2823 1278 2854 furto

212 2881 226 2894 n
249 2868 351 2899 ablata
374 2867 500 2898 lucrum
532 2876 589 2897 sua
612 2866 766 2896 industria
790 2866 912 2906 fecerit,
938 2876 1005 2897 non
1027 2873 1170 2898 teneatur
1193 2868 1278 2899 resti-

211 2926 225 2940 »
248 2919 335 2944 tuere
368 2911 502 2942 domino
534 2916 641 2941 totum
670 2911 816 2948 lucrum,
846 2911 901 2941 sed
935 2921 1002 2941 rem
1027 2917 1152 2942 tantum
1180 2922 1279 2952 quam

212 2970 225 2984 »
249 2956 377 2987 abstulit
400 2962 431 2986 et
453 2955 477 2986 si
502 2954 580 2996 quid
603 2954 676 2985 inde
700 2954 807 2985 damni
832 2965 868 2985 ex
892 2955 981 2986 lucro
1005 2962 1144 2986 cessante
1167 2966 1278 2996 prove-

211 3014 226 3029 »
249 3001 336 3032 nerit.
361 3013 374 3027 »

275 3045 390 3076 Sancto
414 3043 561 3074 Thomae
584 3043 736 3084 Aquinati
759 3042 963 3074 tribuendum
979 3043 1183 3083 Opusculum
1206 3054 1277 3075 cen-

208 3089 271 3120 suit
293 3090 403 3119 Petrus
426 3087 572 3118 Pellican.
598 3087 808 3127 Praecipuum
833 3097 869 3117 ex
893 3097 931 3118 eo
956 3087 1092 3118 sumitur
1110 3098 1277 3129 argumen-

209 3140 290 3171 tum,
309 3133 396 3173 quod
420 3138 530 3162 auctor
554 3137 640 3172 parte
657 3131 697 3161 111
714 3131 762 3162 De
785 3131 900 3170 usuris,
925 3131 1025 3172 capite
1040 3142 1071 3170 v,
1087 3132 1126 3163 al.
1146 3143 1209 3171 xrx,
1233 3132 1277 3164 sic

209 3177 268 3208 ait:
293 3177 344 3207 De
366 3177 415 3207 his
443 3176 526 3206 alias
548 3177 736 3215 scripsimus
759 3177 791 3206 in
822 3177 954 3216 septimo
977 3181 1151 3217 praecepto
1173 3177 1277 3208 Deca-

208 3222 276 3263 logi
290 3220 448 3262 diffusius.
461 3219 597 3260 Allegari
613 3219 736 3250 videtur
747 3219 950 3260 Opusculum
959 3220 1011 3251 De
1025 3220 1131 3252 decem
1142 3231 1277 3261 praece-

202 3267 280 3306 ptis,
306 3265 395 3306 quod
418 3270 464 3295 est
479 3263 646 3304 Aquinatis
660 3273 829 3304 germanus
844 3263 958 3295 foetus.
973 3264 1121 3295 Pellicani
1138 3265 1277 3306 itemque

206 3309 403 3350 Bergomatis
426 3315 650 3348 argumentum
669 3307 815 3348 profligat
829 3308 1001 3339 Echardus.
1018 3309 1094 3349 Agit
1107 3309 1150 3340 ibi
1166 3316 1277 3341 auctor

208 3355 259 3384 De
281 3353 480 3385 restitutione
499 3361 684 3383 usurarum.
702 3352 768 3383 Suo
792 3353 915 3383 veroin
930 3352 1097 3393 Opusculo
1112 3353 1168 3384 illo
1189 3354 1278 3385 Tho-

209 3408 287 3436 mas,
311 3398 344 3428 in
369 3396 564 3437 expositione
579 3397 705 3436 septimi
717 3398 894 3437 praecepti,
913 3397 1068 3428 rationem
1084 3397 1216 3439 quidem
1231 3398 1277 3429 af-

208 3442 283 3479 fert,
309 3452 364 3473 cur
387 3451 482 3472 usura
513 3451 579 3471 non
603 3441 642 3471 sit
665 3441 762 3471 licita:
788 3441 842 3471 sed
867 3451 906 3472 ne
929 3442 1097 3472 verbulum
1120 3442 1215 3473 habet
1237 3442 1277 3474 de

210 3487 408 3516 restitutione
431 3493 627 3516 usurarum:
649 3491 773 3515 tanturn
798 3485 914 3516 scilicet
937 3486 1034 3523 abest,
1058 3493 1094 3517 ut
1117 3486 1156 3517 de
1179 3496 1215 3517 ea
1233 3487 1276 3517 ibi

209 3530 358 3569 diffusius
389 3536 469 3569 agat.
494 3529 577 3560 Hinc
608 3529 811 3569 Opusculum
842 3530 1085 3561 adscribendum
1114 3531 1276 3562 Echardus

210 3580 314 3603 censet
338 3573 470 3613 Aegidio
494 3583 512 3603 a
535 3573 686 3611 Lessinia,
710 3573 832 3614 oppido
855 3573 887 3604 in
911 3573 1027 3605 finibus
1043 3575 1232 3606 Harmoniae
1247 3582 1278 3606 et

210 3616 384 3655 Flandriae,
408 3617 536 3647 Ordinis
559 3617 830 3655 Praedicatorum‚
850 3618 905 3658 qui
930 3628 1014 3649 anno
1035 3619 1117 3660 1278
1134 3618 1275 3651 florebat.

933 263 1392 302 DISSERTATIONES
1421 264 1669 302 CRITICAE

1333 343 1432 380 Quod
1456 343 1543 374 idem
1575 350 1666 374 antea
1697 351 1859 375 censuerat
1890 345 2068 376 Bunderius
2102 352 2209 376 noster
2240 346 2273 376 in
2303 346 2408 377 Indice

1334 387 1426 419 codd.
1450 398 1525 418 mss.
1550 388 1661 428 Belgii.
1685 388 1918 420 Animadvertit
1946 389 2095 420 Oudinus
2126 390 2203 420 haec
2233 389 2295 430 legi
2314 391 2409 421 verba

1333 429 1435 473 (parte
1455 432 1479 471 1,
1497 432 1597 472 capite
1616 442 1658 471 tx,
1679 432 1752 463 edit.
1773 431 1903 476 Rom.).·
1920 433 2094 474 Goffredus
2109 444 2250 475 magnae
2269 435 2409 465 auctori-

1334 477 1409 506 tatis
1432 477 1465 506 in
1490 477 1562 507 iure
1588 476 1764 514 Canonico,
1789 477 1954 508 Summam
1961 478 2095 518 faciens
2109 489 2208 519 super
2222 479 2331 510 titulos
2344 479 2408 509 De-

1334 520 1503 551 cretalium
1528 527 1586 551 etc.
1611 521 1768 561 docetque
1791 521 1877 552 hunc
1901 528 2075 561 auctorem,
2092 523 2131 553 de
2147 523 2256 554 Trano
2274 523 2406 562 dictum,

1334 574 1426 594 suam
1450 565 1482 595 in
1505 565 1694 596 Decretales
1717 565 1882 596 Summam
1907 576 1992 597 anno
2022 576 2115 607 1290,
2132 567 2182 598 vel
2201 567 2299 598 serius
2314 567 2410 598 etiam

1334 608 1508 648 scripsisse:
1533 609 1618 639 unde
1642 609 1733 640 sicuti
1757 609 1820 640 divi
1845 610 1992 640 Thomae
2016 618 2101 642 certo
2121 618 2243 642 constat
2259 622 2325 642 non
2342 621 2410 642 esse

1334 651 1550 692 Opusculum,
1574 653 1608 683 in
1631 663 1698 694 quo
1722 655 1882 684 recentior
1905 654 2057 694 allegatur
2073 655 2258 696 Goffredus:
2271 656 2314 687 ita
2328 666 2409 686 num

1334 696 1469 736 Aegidio
1493 697 1532 727 de
1555 697 1708 736 Lessinia,
1729 697 1819 728 cuius
1843 705 1926 729 aetas
1950 698 2028 729 mihi
2053 706 2135 730 certa
2158 710 2223 730 non
2241 706 2297 739 est,
2312 699 2408 731 tribui

1335 740 1456 779 debeat,
1476 740 1592 771 dubius
1610 741 1737 772 haereo.

1401 784 1438 814 II.
1464 784 1547 815 Inter
1570 784 1736 825 Opuscula
1766 795 1798 816 n.
1814 786 1943 817 LXVIII
1959 793 2080 827 prostat
2102 788 2266 828 Epistola,
2282 788 2411 819 minuto

1335 828 1510 859 charactere
1533 839 1619 867 cusa,
1635 829 1790 868 Angelico
1813 830 1945 860 Doctori
1964 831 2090 870 aihum,
2106 832 2146 862 ad
2164 833 2338 873 quemdam
2353 833 2405 863 da-

1335 879 1382 911 ta,
1407 872 1528 903 dictum
1552 879 1663 913 postea
1694 873 1871 904 Ioannem:
1902 874 1935 904 in
1959 884 2023 915 qua
2048 877 2246 915 proponitur
2275 876 2409 907 idoneus

1334 916 1448 948 modus
1470 917 1645 948 salubriter
1663 918 1853 958 acquirendi
1874 919 2040 949 scientiam
2054 920 2122 950 sive
2142 920 2317 951 humanam
2341 922 2411 951 sive

1334 961 1487 992 divinam.
1512 961 1665 992 Veterum
1695 971 1792 992 nemo
1816 962 1963 993 meminit
1993 962 2072 993 eius.
2094 963 2273 994 Barbavarii
2297 974 2408 995 censu-

1335 1015 1403 1036 ram
1426 1005 1544 1036 refero:
1571 1019 1586 1033 «
1604 1005 1748 1046 Epistola
1770 1006 1822 1036 De
1844 1006 1937 1037 modo
1960 1007 2150 1047 acquirendi
2172 1009 2358 1046 scientiam,
2384 1008 2411 1038 si

1338 1063 1352 1077 w
1375 1049 1447 1090 quis
1471 1050 1641 1081 contendat
1664 1059 1731 1080 esse
1755 1050 1819 1080 divi
1838 1050 1986 1081 Thomae
2003 1050 2093 1082 facile
2109 1051 2267 1083 refelletur
2281 1052 2333 1082 vel
2347 1052 2410 1092 pn'-

1338 1107 1353 1122 »
1375 1094 1436 1124 mis
1460 1094 1592 1135 quidem
1616 1094 1682 1125 eius
1705 1094 1818 1125 verbis.
1843 1095 1927 1134 Hoc,
1950 1095 2066 1136 inquit,
2085 1106 2106 1126 a
2129 1106 2180 1127 me
2196 1097 2252 1127 tibi
2267 1096 2411 1127 traditur

1338 1151 1353 1166 1>
1375 1139 1555 1177 consilium,
1582 1144 1616 1170 ut
1633 1149 1698 1179 per
1719 1139 1844 1170 rivulos
1866 1140 1899 1170 in
1923 1149 2015 1170 mare
2038 1150 2102 1171 non
2116 1141 2224 1171 statim
2241 1141 2347 1182 eligas
2362 1142 2411 1171 in-

1338 1196 1353 1211 »
1376 1184 1492 1221 troire,
1517 1184 1593 1224 quia
1617 1193 1682 1223 per
1699 1183 1861 1224 faciliora
1893 1189 2016 1224 oportet
2038 1184 2083 1215 ad
2109 1184 2297 1226 difficiliora
2320 1195 2409 1216 acce-

1338 1240 1353 1254 »
1375 1227 1461 1259 dere.
1486 1227 1567 1258 Sane
1590 1227 1728 1258 nimium
1751 1227 1872 1258 enervis
1896 1234 1942 1258 est
1965 1228 2111 1259 collectio
2134 1229 2222 1268 haec,
2241 1229 2308 1260 imo
2331 1239 2408 1260 vero

1338 1284 1352 1299 ›
1375 1281 1442 1302 non
1465 1278 1531 1302 tam
1555 1271 1692 1311 enervis,
1723 1282 1823 1313 quam
1846 1272 1979 1303 vitiosa:
2010 1282 2126 1313 nempe
2150 1283 2187 1303 ex
2211 1273 2301 1304 cuius
2325 1279 2410 1304 ante-

1338 1329 1352 1344 »
1375 1316 1504 1347 cedente
1528 1326 1595 1346 non
1618 1326 1828 1357 consequenS,
1852 1317 1907 1347 sed
1931 1316 1999 1347 eius
2022 1317 2211 1357 oppositum
2233 1317 2342 1358 potius
2357 1317 2410 1348 de-

1337 1373 1352 1388 »
1375 1361 1517 1391 ducatur.
1542 1361 1589 1391 Ex
1611 1360 1675 1391 hoc
1698 1360 1784 1391 enim
1815 1361 1904 1401 quod
1927 1371 1983 1401 per
2006 1360 2147 1392 faciliora
2169 1362 2210 1392 ad
2235 1361 2412 1392 difficiliora

1337 1417 1352 1432 »
1375 1411 1421 1435 est
1444 1404 1704 1445 perveniendum,
1722 1405 1945 1446 consequitur:
1967 1415 2042 1445 ergo
2057 1415 2113 1446 per
2131 1405 2252 1437 rivulos
2267 1406 2308 1436 ad
2323 1415 2410 1436 mare

1337 1461 1352 1476 »
1374 1448 1424 1479 via
1448 1455 1494 1480 est
1517 1448 1669 1480 facienda.
1689 1462 1704 1477 a>
1731 1449 1846 1480 Virum
1869 1459 2033 1480 censorem
2052 1450 2228 1481 deformata
2246 1450 2410 1491 interpun—

1335 1492 1397 1523 ctio
1419 1493 1471 1523 vel
1494 1493 1590 1524 etiam
1611 1493 1706 1524 lectio
1734 1493 1852 1524 fefellit.
1878 1494 2066 1534 Legendum
2092 1494 2146 1525 ita:
2169 1494 2245 1525 Hoc
2267 1494 2411 1526 traditur

1334 1537 1503 1567 consilium
1533 1542 1569 1568 ut
1585 1546 1650 1577 per
1672 1538 1812 1575 rivulos,
1838 1547 1901 1568 non
1925 1539 2032 1569 statim
2058 1539 2090 1569 in
2119 1548 2211 1569 mare
2234 1539 2338 1579 eligas
2361 1540 2411 1569 in-

1335 1582 1444 1612 troire.
1468 1580 1540 1611 Alia
1568 1587 1615 1612 est
1636 1581 1730 1612 lectio
1754 1582 1841 1621 apud
1863 1582 2004 1613 Martene
2028 1589 2119 1613 tomo
2143 1583 2155 1613 I
2183 1582 2411 1623 Amplissime

1335 1625 1554 1664 Collectionis,
1579 1625 1639 1656 col.
1662 1636 1672 1655 1
1683 1626 1756 1656 352:
1772 1625 1848 1656 Hoc
1870 1626 1926 1656 tibi
1941 1626 2040 1657 datur
2053 1627 2234 1664 consilium,
2245 1637 2310 1667 per
2323 1628 2412 1658 rivu-

1335 1670 1384 1701 los
1407 1675 1437 1700 et
1459 1679 1523 1701 non
1546 1670 1654 1701 statim
1679 1671 1711 1700 in
1736 1679 1828 1700 mare
1845 1670 1951 1711 eligas
1970 1671 2115 1702 introire.
2131 1671 2248 1702 Nonne
2261 1680 2338 1702 vero
2354 1671 2411 1712 qui

1335 1714 1478 1754 primum
1500 1724 1533 1744 se
1556 1713 1590 1744 in
1613 1714 1733 1744 rivulos
1756 1713 1900 1745 immittit
1922 1724 1958 1745 ac
1981 1721 2093 1755 postea
2116 1724 2203 1746 mare
2225 1715 2410 1755 ingreditur,

1335 1769 1353 1788 a
1377 1757 1570 1789 facilioribus
1593 1759 1728 1798 gradum
1752 1758 1825 1789 facit
1847 1758 1888 1788 ad
1912 1756 2110 1790 difficiliora?

1402 1803 1507 1843 Pergit
1529 1802 1745 1833 Barbavarius:
1769 1816 1783 1831 ‹
1801 1804 1844 1834 At
1859 1802 2024 1834 videamus
2044 1809 2164 1834 caetera
2177 1803 2330 1835 instituta:
2345 1803 2410 1835 Ne-

1339 1860 1354 1875 »
1376 1848 1470 1885 mini,
1495 1846 1610 1888 inquit,
1634 1852 1666 1878 te
1688 1847 1824 1878 multum
1839 1846 2045 1887 familiarem
2069 1847 2235 1885 ostendas,
2260 1849 2337 1888 quia
2360 1849 2410 1879 ni-

1339 1904 1353 1919 »
1376 1892 1441 1922 mia
1455 1891 1676 1932 familiaritas
1692 1893 1786 1932 parit
1808 1896 2044 1932 contemptum:
2059 1892 2114 1923 ubi
2129 1898 2159 1923 et
2173 1892 2340 1923 conclusio
2354 1902 2410 1933 pa·

1338 1948 1353 1963 ιι
1376 1945 1449 1966 rum
1471 1945 1544 1966 vera
1568 1942 1614 1966 est
1637 1942 1668 1966 et
1691 1935 1836 1976 probatio
1861 1945 1990 1976 prorsus
2014 1936 2112 1967 nulla.
2137 1936 2219 1974 Quis
2243 1936 2330 1966 enim
2351 1946 2407 1967 ne-

1339 1993 1353 2008 »
1377 1979 1453 2011 sciat
1473 1979 1610 2010 maxime
1634 1979 1776 2010 conferre
1797 1980 1837 2010 ad
1860 1979 2006 2011 scientiae
2025 1980 2279 2021 acquisitionem,
2296 1980 2322 2011 si
2338 1980 2410 2022 quis

1338 2037 1353 2052 »
1376 2024 1480 2055 studia
1503 2034 1579 2055 cum
1602 2024 1803 2065 peritioribus
1826 2022 1989 2055 conferat?
2012 2025 2075 2055 Fac
2097 2034 2174 2055 vero
2197 2025 2287 2066 quod
2309 2026 2410 2056 nimia

1339 2068 1587 2110 »familiaritas
1603 2069 1717 2109 pariat
1740 2073 1964 2108 contemptum.
1989 2068 2077 2105 Quid
2099 2066 2192 2100 tum?
2215 2069 2304 2100 Num
2323 2069 2410 2100 enim

1338 2126 1353 2140 1>
1375 2112 1534 2143 indoctior
1579 2113 1629 2144 uis
1653 2112 1754 2144 factus
1778 2119 1824 2143 est
1847 2113 1889 2143 ob
1914 2112 1957 2151 id,
1981 2114 2071 2154 quod
2095 2113 2216 2144 amicus
2239 2123 2278 2144 eo
2302 2119 2410 2145 utatur

1338 2170 1353 2185 »
1375 2157 1578 2190 familiarius.
1606 2157 1713 2194 Quare
1735 2156 1816 2188 absit
1839 2163 1874 2188 ut
1897 2157 1959 2187 hoc
1983 2157 2154 2188 consilium
2173 2157 2285 2188 datum
2303 2157 2409 2188 creda-

1338 2214 1352 2229 »
1375 2212 1448 2232 mus
1471 2211 1490 2232 a
1513 2201 1588 2232 divo
1611 2201 1783 2242 Aquinate,
1806 2201 1862 2242 qui
1886 2208 1972 2232 totos
1991 2201 2058 2232 dies
2081 2201 2115 2232 in
2131 2201 2248 2233 scholis
2263 2201 2408 2233 trivisset:

1338 2246 1430 2277 »sed
1455 2246 1619 2276 credamus
1643 2245 1751 2286 potius
1774 2245 2008 2276 institutionem
2034 2245 2130 2276 fuisse
2154 2245 2253 2277 severi
2275 2245 2410 2278 alicuius

1338 2303 1353 2318 »
1375 2289 1525 2321 monachi
1553 2290 1604 2321 vel
1632 2290 1789 2321 eremitae.
1814 2290 1926 2331 Neque
1959 2290 2055 2321 etiarn
2078 2290 2157 2321 illud
2190 2290 2309 2331 placet:
2332 2291 2408 2323 Non

1338 2347 1352 2363 »
1376 2335 1530 2375 respicias
1551 2345 1572 2365 a
1595 2344 1658 2375 quo
1686 2334 1812 2365 audias.
1837 2334 1923 2365 Cum
1957 2334 2043 2365 enim
2075 2341 2223 2375 oporteat
2245 2334 2407 2366 addiscen-

1338 2391 1353 2407 »
1375 2385 1452 2418 tem,
1476 2385 1554 2410 teste
1577 2378 1787 2419 Philosopho,
1811 2379 1912 2409 multa
1936 2379 2071 2417 credere;
2091 2388 2158 2410 non
2181 2388 2296 2419 parum
2316 2378 2410 2411 refert

1337 2435 1352 2450 »
1374 2423 1408 2454 in
1431 2422 1588 2464 principio
1612 2422 1831 2461 institutionis,
1848 2423 1899 2454 cui
1923 2423 2069 2465 quisquis
2085 2423 2206 2454 credat:
2223 2423 2408 2463 praesertim

1338 2480 1353 2495 »
1374 2477 1450 2498 vero
1474 2467 1506 2498 in
1528 2467 1579 2505 iis,
1603 2477 1686 2508 quae
1709 2467 1749 2498 ad
1771 2467 1968 2508 theologiam
1991 2474 2022 2498 et
2044 2466 2141 2498 fidem
2157 2474 2310 2508 spectant,
2325 2477 2408 2510 quae

1338 2525 1352 2540 ι
1375 2518 1442 2543 tota
1465 2511 1642 2543 auctoritati
1665 2511 1820 2543 innititur.
1843 2524 1857 2539 »

1402 2556 1558 2587 Eamdem
1581 2556 1722 2596 vulgavit
1745 2556 1913 2596 epistolam
1937 2566 1974 2587 ex
1998 2566 2057 2587 ms.
2082 2556 2191 2587 codice
2210 2555 2309 2587 sancti
2323 2556 2407 2587 Lau·

1335 2600 1426 2631 rentii
1450 2600 1635 2631 Leodiensis
1657 2600 1732 2631 loco
1755 2600 1850 2631 citato
1869 2600 2061 2631 Edmundus
2076 2601 2229 2638 Martene,
2247 2610 2322 2631 cum
2336 2599 2407 2642 qui-

1335 2645 1472 2675 busdam
1493 2654 1613 2675 vocum
1635 2644 1846 2683 varietatibus,
1870 2654 1952 2685 quae
1975 2644 2158 2675 nitidiorem
2173 2643 2315 2675 efficiunt
2335 2654 2407 2675 sen-

1335 2688 1476 2719 tentiam.
1502 2688 1569 2718 lam
1592 2697 1677 2718 anno
1702 2689 1796 2726 1330,
1811 2694 1888 2719 teste
1904 2688 2019 2719 Iacobo
2035 2687 2192 2726 Echardo,
2207 2688 2406 2726 laudabatur,

1336 2741 1392 2762 ceu
1417 2742 1442 2762 s.
1467 2731 1615 2762 Thomae
1638 2731 1760 2762 foetus:
1784 2738 1930 2772 extatque
1953 2732 2034 2762 inter
2057 2731 2206 2772 epistolas
2230 2732 2260 2762 b.
2284 2731 2405 2763 Ventu—

1334 2775 1393 2806 rini
1417 2776 1456 2806 de
1479 2776 1650 2816 Bergomo,
1674 2775 1736 2806 hoc
1760 2775 1870 2807 titulo:
1895 2775 2147 2806 Exhortationes
2164 2785 2191 2806 s.
2212 2776 2352 2807 Thomae
2365 2776 2406 2807 de

1333 2821 1460 2860 Aquino
1483 2819 1527 2851 ad
1549 2821 1680 2850 iuvenes
1702 2820 1863 2850 benivolos
1885 2821 1972 2851 circa
1995 2820 2147 2851 studium.
2162 2820 2257 2850 Plura
2275 2820 2407 2852 adnotat

1332 2863 1419 2895 idem
1442 2864 1604 2895 Echardus
1627 2864 1667 2894 ad
1691 2863 1809 2895 calcem
1832 2864 1937 2895 addita
1950 2863 2023 2904 legi,
2039 2874 2121 2905 quae
2137 2864 2170 2894 in
2187 2863 2325 2895 editione
2339 2865 2405 2895 Ro-

1333 2918 1427 2938 mana
1450 2907 1674 2939 desiderantur.
1700 2908 1799 2945 Quod
1822 2908 1907 2948 apud
1931 2909 2071 2939 Martene
2091 2908 2345 2940 additamentum
2359 2908 2404 2939 le-

1332 2952 1426 2992 gitur,
1450 2951 1567 2983 refero:
1590 2952 1691 2983 Hanc
1712 2952 1867 2993 siquidem
1891 2953 2068 2984 salutarem
2093 2953 2276 2993 epistolam,
2301 2954 2404 2984 omni-

1332 3006 1393 3037 que
1410 3006 1551 3037 prorsus
1579 2997 1853 3028 commendatione
1875 2997 2030 3038 dignam,
2061 2997 2318 3028 cohabitatricem
2348 2997 2406 3028 tibi

1333 3042 1365 3071 in
1389 3041 1471 3072 cella
1494 3041 1607 3071 hortor
1629 3046 1660 3072 et
1682 3041 1811 3072 obsecro
1835 3042 1956 3082 iugiter
1974 3046 2102 3079 teneas;
2117 3046 2152 3072 ut
2168 3051 2240 3072 cum
2255 3051 2295 3072 ea
2308 3050 2406 3082 saepe

1332 3084 1588 3126 confabulando,
1612 3085 1653 3116 de
1675 3086 1794 3116 virtute
1816 3085 1864 3116 ire
1880 3086 1989 3125 possis
2012 3091 2042 3116 et
2059 3085 2222 3127 prqficere
2244 3086 2277 3116 in
2301 3086 2403 3117 virtu·

1332 3134 1405 3167 tem,
1432 3138 1532 3170 usque
1555 3130 1587 3160 in
1612 3130 1709 3160 vitam
1734 3135 1919 3160 aeternam:
1941 3130 2026 3170 quod
2039 3130 2095 3160 tibi
2103 3135 2278 3170 praestare
2290 3129 2404 3171 digno—

1332 3178 1387 3204 tur
1414 3174 1575 3204 Dominus
1605 3179 1713 3204 noster
1741 3173 1834 3204 Iesus
1866 3173 2025 3205 Christus.
2048 3175 2162 3205 Amen.
2187 3174 2262 3204 Non
2292 3178 2404 3205 auctor

1332 3217 1408 3248 haec
1432 3217 1604 3258 scripserit,
1629 3218 1684 3248 sed
1707 3217 1786 3249 alius
1817 3217 1980 3249 addiderit.
2004 3219 2093 3249 Num
2115 3218 2184 3258 ipse
2207 3217 2402 3249 Venturinus

1332 3268 1367 3293 ut
1390 3261 1566 3302 suspicatur
1594 3260 1779 3293 Echardus?
1802 3262 1877 3292 Non
1900 3262 1943 3293 ita
1966 3261 2056 3294 facile
2086 3262 2227 3293 dixerim.
2256 3274 2271 3289 ι
2292 3261 2402 3299 Adde,

1334 3318 1349 3333 ν
1372 3307 1474 3347 inquit
1500 3306 1680 3337 Casimirus
1706 3306 1871 3344 Oudinus,
1903 3307 1992 3347 quod
2019 3306 2182 3348 inquirens
2213 3305 2403 3346 loquebatur

1334 3363 1349 3379 ι
1371 3350 1411 3381 de
1433 3350 1535 3381 modis
1562 3359 1619 3382 seu
1643 3351 1755 3382 mediis
1785 3350 1990 3382 naturalibus
2003 3350 2192 3391 acquirendi
2213 3349 2402 3381 scientiam:

1334 3407 1348 3422 ι
1372 3394 1422 3426 cui
1446 3401 1556 3426 auctor
1578 3395 1712 3426 absurde
1735 3395 1905 3435 respondet
1927 3395 1968 3426 de
1990 3395 2103 3426 mediis
2124 3392 2346 3435 spiritualibus
2368 3399 2400 3423 et

1334 3451 1348 3466 »
1371 3439 1409 3469 ad
1434 3439 1623 3479 interrogata
1645 3439 1724 3470 nihil
1741 3438 1937 3470 facientibus.
1957 3451 1972 3467 »
1991 3439 2060 3470 lmo
2076 3438 2153 3470 haec
2169 3435 2319 3478 spiritalia
2332 3445 2400 3467 me-

1331 3483 1382 3514 dia
1397 3483 1534 3514 maxime
1551 3482 1719 3515 conferunt
1732 3483 1776 3515 ad
1790 3484 1955 3515 scientiam
1970 3483 2144 3515 salubriter
2156 3480 2398 3522 acquirendam,

1332 3534 1367 3559 ut
1390 3527 1500 3559 titulus
1523 3527 1628 3559 habet.

1398 3572 1450 3603 ΙΙΙ.
1473 3572 1583 3603 Petrus
1621 3571 1758 3602 Pellican
1797 3571 1830 3602 in
1867 3581 1923 3602 sua
1962 3570 2203 3611 opusculorum
2241 3567 2398 3607 editione,

1330 3626 1361 3647 n.
1379 3616 1510 3647 LXXIV
1524 3622 1662 3647 recenset
1686 3621 1853 3646 tractatum
1871 3615 1922 3645 De
1930 3614 2146 3655 praescientia
2172 3617 2202 3643 et
2218 3612 2397 3652 praedesti—
