<?xml version="1.0" encoding="UTF-8"?>
<!DOCTYPE html PUBLIC "-//W3C//DTD XHTML 1.0 Transitional//EN"
    "http://www.w3.org/TR/xhtml1/DTD/xhtml1-transitional.dtd">
<html xmlns="http://www.w3.org/1999/xhtml" xml:lang="en" lang="en">
 <head>
  <title>
</title>
<meta http-equiv="Content-Type" content="text/html;charset=utf-8" />
  <meta name='ocr-system' content='tesseract 3.04.00' />
  <meta name='ocr-capabilities' content='ocr_page ocr_carea ocr_par ocr_line ocrx_word'/>
</head>
<body>
  <div class='ocr_page' id='page_1' title='image "./operaomniaiussui01thom/operaomniaiussui01thom_0118.png"; bbox 0 0 2548 4192; ppageno 0'>
   <div class='ocr_carea' id='block_1_1' title="bbox 218 315 302 340">
    <p class='ocr_par' dir='ltr' id='par_1_1' title="bbox 218 315 302 340">
     <span class='ocr_line' id='line_1_1' title="bbox 218 315 302 340; baseline -0.012 0"><span class='ocrx_word' id='word_1_1' title='bbox 218 315 302 340; x_wconf 81' lang='lat' dir='ltr'>XCVI</span> 
     </span>
    </p>
   </div>
   <div class='ocr_carea' id='block_1_2' title="bbox 194 372 1285 3701">
    <p class='ocr_par' dir='ltr' id='par_1_2' title="bbox 220 372 1285 555">
     <span class='ocr_line' id='line_1_2' title="bbox 221 372 1285 421; baseline -0.014 -6"><span class='ocrx_word' id='word_1_2' title='bbox 221 384 361 415; x_wconf 87' lang='lat' dir='ltr'>redditur</span> <span class='ocrx_word' id='word_1_3' title='bbox 375 392 430 413; x_wconf 90' lang='lat' dir='ltr'>cur</span> <span class='ocrx_word' id='word_1_4' title='bbox 448 382 481 412; x_wconf 92' lang='lat' dir='ltr'>in</span> <span class='ocrx_word' id='word_1_5' title='bbox 496 381 692 421; x_wconf 86' lang='lat' dir='ltr'>expositione</span> <span class='ocrx_word' id='word_1_6' title='bbox 711 380 743 409; x_wconf 93' lang='lat' dir='ltr'>in</span> <span class='ocrx_word' id='word_1_7' title='bbox 758 378 964 414; x_wconf 86' lang='lat' dir='ltr'>Matthaeum,</span> <span class='ocrx_word' id='word_1_8' title='bbox 980 384 1077 416; x_wconf 85' lang='lat' dir='ltr'>quam</span> <span class='ocrx_word' id='word_1_9' title='bbox 1096 372 1285 413; x_wconf 74' lang='lat' dir='ltr'>defectivam</span> 
     </span>
     <span class='ocr_line' id='line_1_3' title="bbox 220 415 1284 468; baseline -0.015 -9"><span class='ocrx_word' id='word_1_10' title='bbox 220 434 336 459; x_wconf 89' lang='lat' dir='ltr'>vocant</span> <span class='ocrx_word' id='word_1_11' title='bbox 347 426 466 468; x_wconf 90' lang='lat' dir='ltr'>antiqui</span> <span class='ocrx_word' id='word_1_12' title='bbox 481 433 584 463; x_wconf 87' lang='lat' dir='ltr'>testes,</span> <span class='ocrx_word' id='word_1_13' title='bbox 596 424 675 455; x_wconf 91' lang='lat' dir='ltr'>nulli</span> <span class='ocrx_word' id='word_1_14' title='bbox 686 429 850 454; x_wconf 90' lang='lat' dir='ltr'>occurrant</span> <span class='ocrx_word' id='word_1_15' title='bbox 864 421 1013 456; x_wconf 84' lang='lat' dir='ltr'>defectus,</span> <span class='ocrx_word' id='word_1_16' title='bbox 1028 418 1158 447; x_wconf 85' lang='lat' dir='ltr'>lacunae</span> <span class='ocrx_word' id='word_1_17' title='bbox 1169 415 1284 445; x_wconf 86' lang='lat' dir='ltr'>nullae:</span> 
     </span>
     <span class='ocr_line' id='line_1_4' title="bbox 221 459 1283 512; baseline -0.014 -9"><span class='ocrx_word' id='word_1_18' title='bbox 221 483 257 503; x_wconf 89' lang='lat' dir='ltr'>ac</span> <span class='ocrx_word' id='word_1_19' title='bbox 271 471 527 512; x_wconf 88' lang='lat' dir='ltr'>diligentissimus</span> <span class='ocrx_word' id='word_1_20' title='bbox 546 470 610 499; x_wconf 91' lang='lat' dir='ltr'>iam</span> <span class='ocrx_word' id='word_1_21' title='bbox 628 467 795 498; x_wconf 88' lang='lat' dir='ltr'>innotescit</span> <span class='ocrx_word' id='word_1_22' title='bbox 814 465 1007 499; x_wconf 86' lang='lat' dir='ltr'>emendator,</span> <span class='ocrx_word' id='word_1_23' title='bbox 1023 461 1138 491; x_wconf 89' lang='lat' dir='ltr'>scilicet</span> <span class='ocrx_word' id='word_1_24' title='bbox 1151 459 1283 490; x_wconf 90' lang='lat' dir='ltr'>Bartho-</span> 
     </span>
     <span class='ocr_line' id='line_1_5' title="bbox 220 513 1049 555; baseline -0.012 -8"><span class='ocrx_word' id='word_1_25' title='bbox 220 517 364 547; x_wconf 88' lang='lat' dir='ltr'>lomaeus</span> <span class='ocrx_word' id='word_1_26' title='bbox 388 516 426 545; x_wconf 92' lang='lat' dir='ltr'>de</span> <span class='ocrx_word' id='word_1_27' title='bbox 450 514 546 554; x_wconf 87' lang='lat' dir='ltr'>Spina</span> <span class='ocrx_word' id='word_1_28' title='bbox 569 513 709 543; x_wconf 84' lang='lat' dir='ltr'>Pisanus.</span> <span class='ocrx_word' id='word_1_29' title='bbox 1043 549 1049 555; x_wconf 46' lang='grc'><em>.</em></span> 
     </span>
    </p>

    <p class='ocr_par' dir='ltr' id='par_1_3' title="bbox 199 548 1283 2145">
     <span class='ocr_line' id='line_1_6' title="bbox 288 548 1283 597; baseline -0.016 -6"><span class='ocrx_word' id='word_1_30' title='bbox 288 561 338 591; x_wconf 92' lang='grc' dir='ltr'><strong>ΙΙΙ.</strong></span> <span class='ocrx_word' id='word_1_31' title='bbox 351 560 481 590; x_wconf 89' lang='lat' dir='ltr'>Editum</span> <span class='ocrx_word' id='word_1_32' title='bbox 492 567 565 597; x_wconf 86' lang='lat' dir='ltr'>ergo</span> <span class='ocrx_word' id='word_1_33' title='bbox 580 567 598 586; x_wconf 85' lang='lat' dir='ltr'>a</span> <span class='ocrx_word' id='word_1_34' title='bbox 608 556 744 596; x_wconf 84' lang='lat' dir='ltr'>Spinaeo</span> <span class='ocrx_word' id='word_1_35' title='bbox 756 550 1031 584; x_wconf 82' lang='lat' dir='ltr'>Commentarium</span> <span class='ocrx_word' id='word_1_36' title='bbox 1042 559 1074 578; x_wconf 89' lang='lat' dir='ltr'>m</span> <span class='ocrx_word' id='word_1_37' title='bbox 1086 548 1283 578; x_wconf 87' lang='lat' dir='ltr'>Matthaeum</span> 
     </span>
     <span class='ocr_line' id='line_1_7' title="bbox 221 593 1282 646; baseline -0.016 -10"><span class='ocrx_word' id='word_1_38' title='bbox 221 615 279 646; x_wconf 91' lang='lat' dir='ltr'>pro</span> <span class='ocrx_word' id='word_1_39' title='bbox 299 604 436 644; x_wconf 90' lang='lat' dir='ltr'>genuino</span> <span class='ocrx_word' id='word_1_40' title='bbox 463 613 486 632; x_wconf 87' lang='lat' dir='ltr'>s.</span> <span class='ocrx_word' id='word_1_41' title='bbox 503 602 648 632; x_wconf 91' lang='lat' dir='ltr'>Thomae</span> <span class='ocrx_word' id='word_1_42' title='bbox 664 608 768 638; x_wconf 89' lang='lat' dir='ltr'>opere,</span> <span class='ocrx_word' id='word_1_43' title='bbox 790 607 825 627; x_wconf 87' lang='lat' dir='ltr'>ex</span> <span class='ocrx_word' id='word_1_44' title='bbox 845 606 882 626; x_wconf 92' lang='lat' dir='ltr'>eo</span> <span class='ocrx_word' id='word_1_45' title='bbox 902 602 1008 625; x_wconf 86' lang='lat' dir='ltr'>tamen</span> <span class='ocrx_word' id='word_1_46' title='bbox 1027 593 1156 622; x_wconf 89' lang='lat' dir='ltr'>illorum</span> <span class='ocrx_word' id='word_1_47' title='bbox 1170 600 1282 631; x_wconf 89' lang='lat' dir='ltr'>genere</span> 
     </span>
     <span class='ocr_line' id='line_1_8' title="bbox 220 636 1281 690; baseline -0.016 -10"><span class='ocrx_word' id='word_1_48' title='bbox 220 659 301 690; x_wconf 87' lang='lat' dir='ltr'>quae</span> <span class='ocrx_word' id='word_1_49' title='bbox 319 649 493 688; x_wconf 90' lang='lat' dir='ltr'>Reportata</span> <span class='ocrx_word' id='word_1_50' title='bbox 513 645 668 679; x_wconf 91' lang='lat' dir='ltr'>dicuntur,</span> <span class='ocrx_word' id='word_1_51' title='bbox 688 643 865 672; x_wconf 89' lang='lat' dir='ltr'>habuerunt</span> <span class='ocrx_word' id='word_1_52' title='bbox 886 638 989 669; x_wconf 85' lang='lat' dir='ltr'>Sixtus</span> <span class='ocrx_word' id='word_1_53' title='bbox 1005 636 1161 673; x_wconf 87' lang='lat' dir='ltr'>Senensis,</span> <span class='ocrx_word' id='word_1_54' title='bbox 1182 641 1281 665; x_wconf 90' lang='lat' dir='ltr'>caete-</span> 
     </span>
     <span class='ocr_line' id='line_1_9' title="bbox 220 679 1279 733; baseline -0.015 -10"><span class='ocrx_word' id='word_1_55' title='bbox 220 694 308 733; x_wconf 88' lang='lat' dir='ltr'>rique</span> <span class='ocrx_word' id='word_1_56' title='bbox 327 698 451 721; x_wconf 89' lang='lat' dir='ltr'>nostrae</span> <span class='ocrx_word' id='word_1_57' title='bbox 475 689 574 728; x_wconf 88' lang='lat' dir='ltr'>gentis</span> <span class='ocrx_word' id='word_1_58' title='bbox 600 685 807 725; x_wconf 84' lang='lat' dir='ltr'>bibliographi</span> <span class='ocrx_word' id='word_1_59' title='bbox 831 694 866 714; x_wconf 88' lang='lat' dir='ltr'>ac</span> <span class='ocrx_word' id='word_1_60' title='bbox 885 683 1042 713; x_wconf 89' lang='lat' dir='ltr'>Robertus</span> <span class='ocrx_word' id='word_1_61' title='bbox 1061 679 1279 728; x_wconf 77' lang='lat' dir='ltr'>Bellarminus.</span> 
     </span>
     <span class='ocr_line' id='line_1_10' title="bbox 219 725 1280 767; baseline -0.015 0"><span class='ocrx_word' id='word_1_62' title='bbox 219 737 388 767; x_wconf 85' lang='lat' dir='ltr'>Exstabant</span> <span class='ocrx_word' id='word_1_63' title='bbox 406 733 483 764; x_wconf 90' lang='lat' dir='ltr'>olim</span> <span class='ocrx_word' id='word_1_64' title='bbox 506 733 538 762; x_wconf 93' lang='lat' dir='ltr'>in</span> <span class='ocrx_word' id='word_1_65' title='bbox 558 732 676 762; x_wconf 90' lang='lat' dir='ltr'>Veneta</span> <span class='ocrx_word' id='word_1_66' title='bbox 702 740 725 759; x_wconf 93' lang='lat' dir='ltr'>s.</span> <span class='ocrx_word' id='word_1_67' title='bbox 741 727 872 759; x_wconf 91' lang='lat' dir='ltr'>Antonii</span> <span class='ocrx_word' id='word_1_68' title='bbox 891 725 1095 761; x_wconf 88' lang='lat' dir='ltr'>bibliotheca,</span> <span class='ocrx_word' id='word_1_69' title='bbox 1116 733 1197 763; x_wconf 89' lang='lat' dir='ltr'>quae</span> <span class='ocrx_word' id='word_1_70' title='bbox 1216 732 1280 752; x_wconf 80' lang='lat' dir='ltr'>ram</span> 
     </span>
     <span class='ocr_line' id='line_1_11' title="bbox 218 766 1281 817; baseline -0.014 -7"><span class='ocrx_word' id='word_1_71' title='bbox 218 779 362 810; x_wconf 90' lang='lat' dir='ltr'>incendio</span> <span class='ocrx_word' id='word_1_72' title='bbox 378 782 566 816; x_wconf 84' lang='lat' dir='ltr'>consumpta</span> <span class='ocrx_word' id='word_1_73' title='bbox 589 781 655 805; x_wconf 82' lang='lat' dir='ltr'>tota</span> <span class='ocrx_word' id='word_1_74' title='bbox 673 772 780 814; x_wconf 89' lang='lat' dir='ltr'>periit,</span> <span class='ocrx_word' id='word_1_75' title='bbox 805 771 928 802; x_wconf 90' lang='lat' dir='ltr'>codices</span> <span class='ocrx_word' id='word_1_76' title='bbox 947 779 1022 799; x_wconf 89' lang='lat' dir='ltr'>mss.</span> <span class='ocrx_word' id='word_1_77' title='bbox 1038 767 1117 808; x_wconf 89' lang='lat' dir='ltr'>plut.</span> <span class='ocrx_word' id='word_1_78' title='bbox 1131 777 1176 817; x_wconf 63' lang='lat'>‚¹7</span> <span class='ocrx_word' id='word_1_79' title='bbox 1194 766 1281 806; x_wconf 87' lang='lat' dir='ltr'>apud</span> 
     </span>
     <span class='ocr_line' id='line_1_12' title="bbox 218 811 1278 860; baseline -0.014 -6"><span class='ocrx_word' id='word_1_80' title='bbox 218 824 367 854; x_wconf 88' lang='lat' dir='ltr'>Iacobum</span> <span class='ocrx_word' id='word_1_81' title='bbox 396 821 580 860; x_wconf 87' lang='lat' dir='ltr'>Philippum</span> <span class='ocrx_word' id='word_1_82' title='bbox 608 817 863 853; x_wconf 89' lang='lat' dir='ltr'>Thomasinum,</span> <span class='ocrx_word' id='word_1_83' title='bbox 893 824 967 844; x_wconf 90' lang='lat' dir='ltr'>cum</span> <span class='ocrx_word' id='word_1_84' title='bbox 999 813 1056 842; x_wconf 91' lang='lat' dir='ltr'>hac</span> <span class='ocrx_word' id='word_1_85' title='bbox 1090 811 1278 851; x_wconf 77' lang='lat' dir='ltr'>epigraphe:</span> 
     </span>
     <span class='ocr_line' id='line_1_13' title="bbox 216 854 1280 898; baseline -0.014 0"><span class='ocrx_word' id='word_1_86' title='bbox 216 869 319 898; x_wconf 82' lang='lat' dir='ltr'>Divus</span> <span class='ocrx_word' id='word_1_87' title='bbox 338 867 472 896; x_wconf 67' lang='lat' dir='ltr'>Thomas</span> <span class='ocrx_word' id='word_1_88' title='bbox 491 866 522 894; x_wconf 90' lang='lat' dir='ltr'>in</span> <span class='ocrx_word' id='word_1_89' title='bbox 542 863 608 893; x_wconf 88' lang='lat' dir='ltr'>Iob.</span> <span class='ocrx_word' id='word_1_90' title='bbox 624 862 703 893; x_wconf 85' lang='lat' dir='ltr'>Item</span> <span class='ocrx_word' id='word_1_91' title='bbox 720 863 752 891; x_wconf 91' lang='lat' dir='ltr'>in</span> <span class='ocrx_word' id='word_1_92' title='bbox 768 860 921 890; x_wconf 89' lang='lat' dir='ltr'>Ioannem</span> <span class='ocrx_word' id='word_1_93' title='bbox 937 863 968 888; x_wconf 89' lang='lat' dir='ltr'>et</span> <span class='ocrx_word' id='word_1_94' title='bbox 981 856 1191 887; x_wconf 85' lang='lat' dir='ltr'>Matthaeum.</span> <span class='ocrx_word' id='word_1_95' title='bbox 1218 854 1280 885; x_wconf 89' lang='lat' dir='ltr'>Sed</span> 
     </span>
     <span class='ocr_line' id='line_1_14' title="bbox 216 899 1279 949; baseline -0.012 -8"><span class='ocrx_word' id='word_1_96' title='bbox 216 912 295 941; x_wconf 89' lang='lat' dir='ltr'>hanc</span> <span class='ocrx_word' id='word_1_97' title='bbox 319 909 547 949; x_wconf 90' lang='lat' dir='ltr'>expositionem</span> <span class='ocrx_word' id='word_1_98' title='bbox 577 907 697 947; x_wconf 90' lang='lat' dir='ltr'>primus</span> <span class='ocrx_word' id='word_1_99' title='bbox 721 916 739 935; x_wconf 94' lang='lat' dir='ltr'>a</span> <span class='ocrx_word' id='word_1_100' title='bbox 762 905 890 935; x_wconf 91' lang='lat' dir='ltr'>Thoma</span> <span class='ocrx_word' id='word_1_101' title='bbox 913 901 1070 942; x_wconf 80' lang='lat' dir='ltr'>Aquinate</span> <span class='ocrx_word' id='word_1_102' title='bbox 1101 899 1279 929; x_wconf 86' lang='lat' dir='ltr'>abiudicare</span> 
     </span>
     <span class='ocr_line' id='line_1_15' title="bbox 215 947 1278 992; baseline -0.012 -7"><span class='ocrx_word' id='word_1_103' title='bbox 215 965 309 986; x_wconf 86' lang='lat' dir='ltr'>ausus</span> <span class='ocrx_word' id='word_1_104' title='bbox 330 961 374 984; x_wconf 89' lang='lat' dir='ltr'>est</span> <span class='ocrx_word' id='word_1_105' title='bbox 393 953 607 992; x_wconf 90' lang='lat' dir='ltr'>Hieronymus</span> <span class='ocrx_word' id='word_1_106' title='bbox 622 950 787 986; x_wconf 90' lang='lat' dir='ltr'>Vielmius,</span> <span class='ocrx_word' id='word_1_107' title='bbox 811 947 910 988; x_wconf 90' lang='lat' dir='ltr'>patria</span> <span class='ocrx_word' id='word_1_108' title='bbox 924 947 1079 981; x_wconf 84' lang='lat' dir='ltr'>Venetus,</span> <span class='ocrx_word' id='word_1_109' title='bbox 1103 950 1278 974; x_wconf 89' lang='lat' dir='ltr'>conventus</span> 
     </span>
     <span class='ocr_line' id='line_1_16' title="bbox 214 988 1278 1034; baseline -0.011 -5"><span class='ocrx_word' id='word_1_110' title='bbox 214 1010 253 1029; x_wconf 91' lang='lat' dir='ltr'>ss.</span> <span class='ocrx_word' id='word_1_111' title='bbox 271 998 395 1028; x_wconf 89' lang='lat' dir='ltr'>Ioannis</span> <span class='ocrx_word' id='word_1_112' title='bbox 420 1004 450 1027; x_wconf 91' lang='lat' dir='ltr'>et</span> <span class='ocrx_word' id='word_1_113' title='bbox 467 996 555 1026; x_wconf 88' lang='lat' dir='ltr'>Pauli</span> <span class='ocrx_word' id='word_1_114' title='bbox 574 994 703 1034; x_wconf 91' lang='lat' dir='ltr'>insignis</span> <span class='ocrx_word' id='word_1_115' title='bbox 722 994 887 1029; x_wconf 87' lang='lat' dir='ltr'>alumnus;</span> <span class='ocrx_word' id='word_1_116' title='bbox 912 988 1163 1029; x_wconf 86' lang='lat' dir='ltr'>adiudicavitque</span> <span class='ocrx_word' id='word_1_117' title='bbox 1185 989 1278 1019; x_wconf 92' lang='lat' dir='ltr'>Petro</span> 
     </span>
     <span class='ocr_line' id='line_1_17' title="bbox 214 1032 1277 1082; baseline -0.011 -9"><span class='ocrx_word' id='word_1_118' title='bbox 214 1043 368 1082; x_wconf 88' lang='lat' dir='ltr'>Scaligero</span> <span class='ocrx_word' id='word_1_119' title='bbox 384 1041 510 1072; x_wconf 91' lang='lat' dir='ltr'>Ordinis</span> <span class='ocrx_word' id='word_1_120' title='bbox 524 1039 793 1077; x_wconf 80' lang='lat' dir='ltr'>Praedicatorum,</span> <span class='ocrx_word' id='word_1_121' title='bbox 811 1036 879 1066; x_wconf 86' lang='lat' dir='ltr'>viro</span> <span class='ocrx_word' id='word_1_122' title='bbox 895 1041 993 1065; x_wconf 87' lang='lat' dir='ltr'>aetate</span> <span class='ocrx_word' id='word_1_123' title='bbox 1009 1043 1065 1063; x_wconf 84' lang='lat' dir='ltr'>sua</span> <span class='ocrx_word' id='word_1_124' title='bbox 1081 1032 1277 1070; x_wconf 90' lang='lat' dir='ltr'>doctissimo,</span> 
     </span>
     <span class='ocr_line' id='line_1_18' title="bbox 212 1079 1275 1127; baseline -0.01 -10"><span class='ocrx_word' id='word_1_125' title='bbox 212 1087 382 1127; x_wconf 90' lang='lat' dir='ltr'>infulisque</span> <span class='ocrx_word' id='word_1_126' title='bbox 408 1084 640 1115; x_wconf 89' lang='lat' dir='ltr'>Veronensibus</span> <span class='ocrx_word' id='word_1_127' title='bbox 672 1083 710 1112; x_wconf 86' lang='lat' dir='ltr'>ab</span> <span class='ocrx_word' id='word_1_128' title='bbox 741 1091 825 1111; x_wconf 87' lang='lat' dir='ltr'>anno</span> <span class='ocrx_word' id='word_1_129' title='bbox 858 1089 938 1119; x_wconf 84' lang='lat'>1290</span> <span class='ocrx_word' id='word_1_130' title='bbox 970 1079 1010 1108; x_wconf 90' lang='lat' dir='ltr'>ad</span> <span class='ocrx_word' id='word_1_131' title='bbox 1041 1087 1163 1107; x_wconf 90' lang='lat' dir='ltr'>annum</span> <span class='ocrx_word' id='word_1_132' title='bbox 1195 1079 1275 1118; x_wconf 87' lang='lat'><strong>1295</strong></span> 
     </span>
     <span class='ocr_line' id='line_1_19' title="bbox 212 1121 1278 1171; baseline -0.009 -10"><span class='ocrx_word' id='word_1_133' title='bbox 212 1131 296 1171; x_wconf 88' lang='lat' dir='ltr'>apud</span> <span class='ocrx_word' id='word_1_134' title='bbox 316 1130 486 1170; x_wconf 90' lang='lat' dir='ltr'>Ughellum</span> <span class='ocrx_word' id='word_1_135' title='bbox 501 1134 622 1158; x_wconf 88' lang='lat' dir='ltr'>ornato.</span> <span class='ocrx_word' id='word_1_136' title='bbox 647 1128 769 1157; x_wconf 88' lang='lat' dir='ltr'>Prostat</span> <span class='ocrx_word' id='word_1_137' title='bbox 783 1124 925 1155; x_wconf 90' lang='lat' dir='ltr'>eiusdem</span> <span class='ocrx_word' id='word_1_138' title='bbox 939 1121 1067 1153; x_wconf 89' lang='lat' dir='ltr'>Vielmii</span> <span class='ocrx_word' id='word_1_139' title='bbox 1083 1122 1278 1162; x_wconf 89' lang='lat' dir='ltr'>opusculum</span> 
     </span>
     <span class='ocr_line' id='line_1_20' title="bbox 210 1166 1276 1212; baseline -0.009 -6"><span class='ocrx_word' id='word_1_140' title='bbox 210 1176 261 1206; x_wconf 92' lang='lat' dir='ltr'>De</span> <span class='ocrx_word' id='word_1_141' title='bbox 280 1175 345 1205; x_wconf 83' lang='lat' dir='ltr'>divi</span> <span class='ocrx_word' id='word_1_142' title='bbox 368 1175 504 1204; x_wconf 86' lang='lat' dir='ltr'>leomae</span> <span class='ocrx_word' id='word_1_143' title='bbox 518 1172 686 1212; x_wconf 88' lang='lat' dir='ltr'>Aquinatis</span> <span class='ocrx_word' id='word_1_144' title='bbox 704 1170 850 1201; x_wconf 85' lang='lat' dir='ltr'>doctrina</span> <span class='ocrx_word' id='word_1_145' title='bbox 870 1173 899 1198; x_wconf 89' lang='lat' dir='ltr'>et</span> <span class='ocrx_word' id='word_1_146' title='bbox 921 1168 1050 1207; x_wconf 88' lang='lat' dir='ltr'>scriptis</span> <span class='ocrx_word' id='word_1_147' title='bbox 1068 1166 1223 1197; x_wconf 92' lang='lat' dir='ltr'>tributum</span> <span class='ocrx_word' id='word_1_148' title='bbox 1243 1168 1276 1197; x_wconf 90' lang='lat' dir='ltr'>in</span> 
     </span>
     <span class='ocr_line' id='line_1_21' title="bbox 212 1211 1276 1258; baseline -0.009 -8"><span class='ocrx_word' id='word_1_149' title='bbox 212 1220 308 1250; x_wconf 87' lang='lat' dir='ltr'>libros</span> <span class='ocrx_word' id='word_1_150' title='bbox 336 1219 434 1255; x_wconf 88' lang='lat' dir='ltr'>duos,</span> <span class='ocrx_word' id='word_1_151' title='bbox 465 1217 546 1258; x_wconf 91' lang='lat' dir='ltr'>typis</span> <span class='ocrx_word' id='word_1_152' title='bbox 577 1216 697 1246; x_wconf 89' lang='lat' dir='ltr'>editum</span> <span class='ocrx_word' id='word_1_153' title='bbox 725 1213 842 1244; x_wconf 87' lang='lat' dir='ltr'>Patavii</span> <span class='ocrx_word' id='word_1_154' title='bbox 872 1212 957 1252; x_wconf 88' lang='lat' dir='ltr'>apud</span> <span class='ocrx_word' id='word_1_155' title='bbox 985 1211 1191 1252; x_wconf 90' lang='lat' dir='ltr'>Pasqualium</span> <span class='ocrx_word' id='word_1_156' title='bbox 1221 1222 1276 1242; x_wconf 86' lang='lat' dir='ltr'>an-</span> 
     </span>
     <span class='ocr_line' id='line_1_22' title="bbox 210 1255 1274 1302; baseline -0.007 -8"><span class='ocrx_word' id='word_1_157' title='bbox 210 1274 253 1293; x_wconf 92' lang='lat' dir='ltr'>no</span> <span class='ocrx_word' id='word_1_158' title='bbox 279 1264 377 1302; x_wconf 86' lang='lat'>1564,</span> <span class='ocrx_word' id='word_1_159' title='bbox 403 1262 436 1292; x_wconf 92' lang='lat' dir='ltr'>in</span> <span class='ocrx_word' id='word_1_160' title='bbox 454 1271 486 1300; x_wconf 86' lang='lat'>4,</span> <span class='ocrx_word' id='word_1_161' title='bbox 511 1267 540 1291; x_wconf 90' lang='lat' dir='ltr'>et</span> <span class='ocrx_word' id='word_1_162' title='bbox 560 1259 698 1291; x_wconf 87' lang='lat' dir='ltr'>Venetiis</span> <span class='ocrx_word' id='word_1_163' title='bbox 718 1258 803 1298; x_wconf 91' lang='lat' dir='ltr'>apud</span> <span class='ocrx_word' id='word_1_164' title='bbox 825 1258 930 1287; x_wconf 89' lang='lat' dir='ltr'>luntas</span> <span class='ocrx_word' id='word_1_165' title='bbox 956 1266 1041 1286; x_wconf 86' lang='lat' dir='ltr'>anno</span> <span class='ocrx_word' id='word_1_166' title='bbox 1070 1257 1169 1297; x_wconf 88' lang='lat'>1575,</span> <span class='ocrx_word' id='word_1_167' title='bbox 1190 1255 1223 1286; x_wconf 91' lang='lat' dir='ltr'>in</span> <span class='ocrx_word' id='word_1_168' title='bbox 1243 1266 1274 1296; x_wconf 90' lang='lat'>4.</span> 
     </span>
     <span class='ocr_line' id='line_1_23' title="bbox 210 1301 1275 1348; baseline -0.008 -10"><span class='ocrx_word' id='word_1_169' title='bbox 210 1308 322 1348; x_wconf 90' lang='lat' dir='ltr'>Sicque</span> <span class='ocrx_word' id='word_1_170' title='bbox 346 1307 438 1336; x_wconf 85' lang='lat' dir='ltr'>habet</span> <span class='ocrx_word' id='word_1_171' title='bbox 460 1305 512 1335; x_wconf 90' lang='lat' dir='ltr'>ille</span> <span class='ocrx_word' id='word_1_172' title='bbox 534 1305 615 1335; x_wconf 91' lang='lat' dir='ltr'>libro</span> <span class='ocrx_word' id='word_1_173' title='bbox 640 1304 685 1334; x_wconf 89' lang='lat'>11:</span> <span class='ocrx_word' id='word_1_174' title='bbox 719 1301 1006 1342; x_wconf 86' lang='lat' dir='ltr'>Circumferuntur</span> <span class='ocrx_word' id='word_1_175' title='bbox 1030 1310 1105 1331; x_wconf 77' lang='lat' dir='ltr'>vero</span> <span class='ocrx_word' id='word_1_176' title='bbox 1129 1301 1162 1330; x_wconf 87' lang='lat' dir='ltr'>in</span> <span class='ocrx_word' id='word_1_177' title='bbox 1187 1301 1275 1331; x_wconf 90' lang='lat' dir='ltr'>Mat-</span> 
     </span>
     <span class='ocr_line' id='line_1_24' title="bbox 210 1345 1274 1391; baseline -0.006 -9"><span class='ocrx_word' id='word_1_178' title='bbox 210 1352 335 1382; x_wconf 87' lang='lat' dir='ltr'>thaeum</span> <span class='ocrx_word' id='word_1_179' title='bbox 354 1359 477 1391; x_wconf 88' lang='lat' dir='ltr'>quoque</span> <span class='ocrx_word' id='word_1_180' title='bbox 500 1354 530 1380; x_wconf 89' lang='lat' dir='ltr'>et</span> <span class='ocrx_word' id='word_1_181' title='bbox 548 1350 580 1379; x_wconf 89' lang='lat' dir='ltr'>in</span> <span class='ocrx_word' id='word_1_182' title='bbox 599 1348 762 1388; x_wconf 88' lang='lat' dir='ltr'>Epistolas</span> <span class='ocrx_word' id='word_1_183' title='bbox 783 1351 900 1387; x_wconf 88' lang='lat' dir='ltr'>septem</span> <span class='ocrx_word' id='word_1_184' title='bbox 920 1355 1002 1386; x_wconf 84' lang='lat' dir='ltr'>quas</span> <span class='ocrx_word' id='word_1_185' title='bbox 1019 1345 1202 1375; x_wconf 86' lang='lat' dir='ltr'>Canonicas</span> <span class='ocrx_word' id='word_1_186' title='bbox 1221 1355 1274 1376; x_wconf 85' lang='grc' dir='ltr'>νο-</span> 
     </span>
     <span class='ocr_line' id='line_1_25' title="bbox 209 1389 1276 1435; baseline -0.005 -9"><span class='ocrx_word' id='word_1_187' title='bbox 209 1401 283 1427; x_wconf 87' lang='lat' dir='ltr'>cant</span> <span class='ocrx_word' id='word_1_188' title='bbox 310 1400 405 1435; x_wconf 89' lang='lat' dir='ltr'>atque</span> <span class='ocrx_word' id='word_1_189' title='bbox 422 1399 584 1434; x_wconf 88' lang='lat' dir='ltr'>postremo</span> <span class='ocrx_word' id='word_1_190' title='bbox 612 1394 644 1423; x_wconf 88' lang='lat' dir='ltr'>in</span> <span class='ocrx_word' id='word_1_191' title='bbox 673 1391 900 1432; x_wconf 63' lang='lat' dir='ltr'>Apocalypsim</span> <span class='ocrx_word' id='word_1_192' title='bbox 932 1389 1178 1427; x_wconf 83' lang='lat' dir='ltr'>Commentarii,</span> <span class='ocrx_word' id='word_1_193' title='bbox 1207 1391 1276 1421; x_wconf 82' lang='lat' dir='ltr'>sive</span> 
     </span>
     <span class='ocr_line' id='line_1_26' title="bbox 209 1434 1273 1480; baseline -0.007 -10"><span class='ocrx_word' id='word_1_194' title='bbox 209 1440 419 1480; x_wconf 82' lang='lat' dir='ltr'>expositiones</span> <span class='ocrx_word' id='word_1_195' title='bbox 438 1439 505 1469; x_wconf 91' lang='lat' dir='ltr'>eius</span> <span class='ocrx_word' id='word_1_196' title='bbox 524 1436 639 1480; x_wconf 88' lang='lat' dir='ltr'>(sancti</span> <span class='ocrx_word' id='word_1_197' title='bbox 654 1434 814 1478; x_wconf 86' lang='lat' dir='ltr'>Thomae)</span> <span class='ocrx_word' id='word_1_198' title='bbox 839 1435 967 1465; x_wconf 90' lang='lat' dir='ltr'>nomine</span> <span class='ocrx_word' id='word_1_199' title='bbox 986 1435 1176 1474; x_wconf 85' lang='lat' dir='ltr'>inscriptae:</span> <span class='ocrx_word' id='word_1_200' title='bbox 1194 1444 1273 1475; x_wconf 86' lang='lat' dir='ltr'>qua-</span> 
     </span>
     <span class='ocr_line' id='line_1_27' title="bbox 208 1479 1273 1524; baseline -0.007 -9"><span class='ocrx_word' id='word_1_201' title='bbox 208 1495 280 1515; x_wconf 91' lang='lat' dir='ltr'>rum</span> <span class='ocrx_word' id='word_1_202' title='bbox 310 1484 430 1524; x_wconf 79' lang='lat' dir='ltr'>aliquot</span> <span class='ocrx_word' id='word_1_203' title='bbox 452 1483 692 1523; x_wconf 85' lang='lat' dir='ltr'>quaterniones,</span> <span class='ocrx_word' id='word_1_204' title='bbox 722 1490 833 1511; x_wconf 88' lang='lat' dir='ltr'>earum</span> <span class='ocrx_word' id='word_1_205' title='bbox 862 1479 983 1510; x_wconf 88' lang='lat' dir='ltr'>scilicet</span> <span class='ocrx_word' id='word_1_206' title='bbox 1009 1488 1094 1519; x_wconf 90' lang='lat' dir='ltr'>quae</span> <span class='ocrx_word' id='word_1_207' title='bbox 1123 1479 1155 1509; x_wconf 88' lang='lat' dir='ltr'>in</span> <span class='ocrx_word' id='word_1_208' title='bbox 1185 1479 1273 1510; x_wconf 89' lang='lat' dir='ltr'>Mat-</span> 
     </span>
     <span class='ocr_line' id='line_1_28' title="bbox 208 1523 1272 1568; baseline -0.006 -9"><span class='ocrx_word' id='word_1_209' title='bbox 208 1530 345 1565; x_wconf 87' lang='lat' dir='ltr'>thaeum,</span> <span class='ocrx_word' id='word_1_210' title='bbox 367 1538 427 1568; x_wconf 82' lang='lat' dir='ltr'>ego</span> <span class='ocrx_word' id='word_1_211' title='bbox 445 1527 639 1563; x_wconf 83' lang='lat' dir='ltr'>adolescens,</span> <span class='ocrx_word' id='word_1_212' title='bbox 659 1536 730 1557; x_wconf 91' lang='lat' dir='ltr'>cum</span> <span class='ocrx_word' id='word_1_213' title='bbox 752 1525 895 1555; x_wconf 87' lang='lat' dir='ltr'>Veronae</span> <span class='ocrx_word' id='word_1_214' title='bbox 914 1525 946 1554; x_wconf 87' lang='lat' dir='ltr'>in</span> <span class='ocrx_word' id='word_1_215' title='bbox 979 1523 1129 1554; x_wconf 89' lang='lat' dir='ltr'>coenobio</span> <span class='ocrx_word' id='word_1_216' title='bbox 1146 1524 1272 1554; x_wconf 86' lang='lat' dir='ltr'>s.Ana-</span> 
     </span>
     <span class='ocr_line' id='line_1_29' title="bbox 206 1567 1272 1612; baseline -0.005 -9"><span class='ocrx_word' id='word_1_217' title='bbox 206 1574 324 1604; x_wconf 88' lang='lat' dir='ltr'>stasiae</span> <span class='ocrx_word' id='word_1_218' title='bbox 342 1572 493 1612; x_wconf 82' lang='lat' dir='ltr'>religioni</span> <span class='ocrx_word' id='word_1_219' title='bbox 511 1577 541 1602; x_wconf 84' lang='lat' dir='ltr'>et</span> <span class='ocrx_word' id='word_1_220' title='bbox 560 1571 674 1601; x_wconf 88' lang='lat' dir='ltr'>litteris</span> <span class='ocrx_word' id='word_1_221' title='bbox 691 1579 821 1610; x_wconf 82' lang='lat' dir='ltr'>operam</span> <span class='ocrx_word' id='word_1_222' title='bbox 841 1568 966 1605; x_wconf 89' lang='lat' dir='ltr'>darem,</span> <span class='ocrx_word' id='word_1_223' title='bbox 989 1567 1184 1608; x_wconf 82' lang='lat' dir='ltr'>deprehendi</span> <span class='ocrx_word' id='word_1_224' title='bbox 1203 1578 1272 1599; x_wconf 88' lang='lat' dir='ltr'>esse</span> 
     </span>
     <span class='ocr_line' id='line_1_30' title="bbox 208 1612 1271 1656; baseline -0.005 -9"><span class='ocrx_word' id='word_1_225' title='bbox 208 1617 251 1651; x_wconf 77' lang='lat' dir='ltr'>fr.</span> <span class='ocrx_word' id='word_1_226' title='bbox 265 1618 353 1648; x_wconf 89' lang='lat' dir='ltr'>Petri</span> <span class='ocrx_word' id='word_1_227' title='bbox 367 1617 526 1656; x_wconf 83' lang='lat' dir='ltr'>Scaligeri</span> <span class='ocrx_word' id='word_1_228' title='bbox 552 1615 683 1645; x_wconf 83' lang='lat' dir='ltr'>Ordinis</span> <span class='ocrx_word' id='word_1_229' title='bbox 706 1614 808 1645; x_wconf 88' lang='lat' dir='ltr'>nostri</span> <span class='ocrx_word' id='word_1_230' title='bbox 831 1619 862 1644; x_wconf 89' lang='lat' dir='ltr'>et</span> <span class='ocrx_word' id='word_1_231' title='bbox 890 1612 1080 1643; x_wconf 82' lang='lat' dir='ltr'>Veronensis</span> <span class='ocrx_word' id='word_1_232' title='bbox 1102 1612 1271 1653; x_wconf 83' lang='lat' dir='ltr'>Episcopi,</span> 
     </span>
     <span class='ocr_line' id='line_1_31' title="bbox 206 1657 1272 1701; baseline -0.005 -9"><span class='ocrx_word' id='word_1_233' title='bbox 206 1663 297 1692; x_wconf 88' lang='lat' dir='ltr'>cuius</span> <span class='ocrx_word' id='word_1_234' title='bbox 310 1662 428 1701; x_wconf 87' lang='lat' dir='ltr'>scripta</span> <span class='ocrx_word' id='word_1_235' title='bbox 448 1661 479 1690; x_wconf 90' lang='lat' dir='ltr'>in</span> <span class='ocrx_word' id='word_1_236' title='bbox 495 1660 654 1690; x_wconf 89' lang='lat' dir='ltr'>communi</span> <span class='ocrx_word' id='word_1_237' title='bbox 667 1659 852 1690; x_wconf 83' lang='lat' dir='ltr'>bibliotheca</span> <span class='ocrx_word' id='word_1_238' title='bbox 867 1657 1092 1688; x_wconf 75' lang='lat' dir='ltr'>servabantur.</span> <span class='ocrx_word' id='word_1_239' title='bbox 1116 1657 1160 1687; x_wconf 91' lang='lat' dir='ltr'>Et</span> <span class='ocrx_word' id='word_1_240' title='bbox 1168 1657 1272 1697; x_wconf 90' lang='lat' dir='ltr'>paulo</span> 
     </span>
     <span class='ocr_line' id='line_1_32' title="bbox 199 1702 1271 1747; baseline -0.003 -11"><span class='ocrx_word' id='word_1_241' title='bbox 199 1711 275 1747; x_wconf 88' lang='lat' dir='ltr'>post</span> <span class='ocrx_word' id='word_1_242' title='bbox 297 1704 544 1745; x_wconf 84' lang='lat' dir='ltr'>repetundarum</span> <span class='ocrx_word' id='word_1_243' title='bbox 575 1704 673 1735; x_wconf 80' lang='lat' dir='ltr'>veluti</span> <span class='ocrx_word' id='word_1_244' title='bbox 697 1713 788 1734; x_wconf 91' lang='lat' dir='ltr'>reum</span> <span class='ocrx_word' id='word_1_245' title='bbox 813 1702 968 1733; x_wconf 89' lang='lat' dir='ltr'>admonui</span> <span class='ocrx_word' id='word_1_246' title='bbox 993 1703 1186 1742; x_wconf 82' lang='lat' dir='ltr'>magistrum</span> <span class='ocrx_word' id='word_1_247' title='bbox 1215 1712 1271 1733; x_wconf 90' lang='lat' dir='ltr'>no-</span> 
     </span>
     <span class='ocr_line' id='line_1_33' title="bbox 203 1746 1269 1789; baseline -0.004 -9"><span class='ocrx_word' id='word_1_248' title='bbox 203 1756 304 1781; x_wconf 85' lang='lat' dir='ltr'>strum</span> <span class='ocrx_word' id='word_1_249' title='bbox 325 1755 355 1780; x_wconf 90' lang='lat' dir='ltr'>et</span> <span class='ocrx_word' id='word_1_250' title='bbox 367 1754 607 1789; x_wconf 86' lang='lat' dir='ltr'>praeceptorem</span> <span class='ocrx_word' id='word_1_251' title='bbox 628 1758 732 1779; x_wconf 90' lang='lat' dir='ltr'>meum</span> <span class='ocrx_word' id='word_1_252' title='bbox 744 1747 798 1789; x_wconf 85' lang='lat' dir='ltr'>sr.</span> <span class='ocrx_word' id='word_1_253' title='bbox 812 1747 1098 1778; x_wconf 86' lang='lat' dir='ltr'>Bartholomaeum</span> <span class='ocrx_word' id='word_1_254' title='bbox 1115 1746 1269 1786; x_wconf 88' lang='lat' dir='ltr'>Spinam,</span> 
     </span>
     <span class='ocr_line' id='line_1_34' title="bbox 203 1790 1272 1835; baseline -0.002 -11"><span class='ocrx_word' id='word_1_255' title='bbox 203 1795 258 1835; x_wconf 88' lang='lat' dir='ltr'>qui</span> <span class='ocrx_word' id='word_1_256' title='bbox 276 1794 309 1824; x_wconf 86' lang='lat' dir='ltr'>id</span> <span class='ocrx_word' id='word_1_257' title='bbox 331 1803 409 1833; x_wconf 89' lang='lat' dir='ltr'>opus</span> <span class='ocrx_word' id='word_1_258' title='bbox 428 1794 567 1823; x_wconf 87' lang='lat' dir='ltr'>omnium</span> <span class='ocrx_word' id='word_1_259' title='bbox 581 1794 710 1833; x_wconf 91' lang='lat' dir='ltr'>primus</span> <span class='ocrx_word' id='word_1_260' title='bbox 729 1793 816 1833; x_wconf 68' lang='lat' dir='ltr'>typis</span> <span class='ocrx_word' id='word_1_261' title='bbox 835 1792 868 1822; x_wconf 90' lang='lat' dir='ltr'>in</span> <span class='ocrx_word' id='word_1_262' title='bbox 889 1791 1009 1832; x_wconf 83' lang='lat' dir='ltr'>vulgus</span> <span class='ocrx_word' id='word_1_263' title='bbox 1026 1790 1171 1828; x_wconf 84' lang='lat' dir='ltr'>dederat,</span> <span class='ocrx_word' id='word_1_264' title='bbox 1187 1791 1272 1832; x_wconf 88' lang='lat' dir='ltr'>quod</span> 
     </span>
     <span class='ocr_line' id='line_1_35' title="bbox 203 1836 1270 1878; baseline -0.004 -9"><span class='ocrx_word' id='word_1_265' title='bbox 203 1839 313 1869; x_wconf 90' lang='lat' dir='ltr'>lectori</span> <span class='ocrx_word' id='word_1_266' title='bbox 322 1837 451 1878; x_wconf 89' lang='lat' dir='ltr'>factum</span> <span class='ocrx_word' id='word_1_267' title='bbox 473 1847 534 1868; x_wconf 89' lang='lat' dir='ltr'>non</span> <span class='ocrx_word' id='word_1_268' title='bbox 555 1837 734 1868; x_wconf 86' lang='lat' dir='ltr'>indicasset.</span> <span class='ocrx_word' id='word_1_269' title='bbox 753 1836 883 1877; x_wconf 86' lang='lat' dir='ltr'>Reliqui</span> <span class='ocrx_word' id='word_1_270' title='bbox 902 1845 988 1873; x_wconf 82' lang='lat' dir='ltr'>vero,</span> <span class='ocrx_word' id='word_1_271' title='bbox 1009 1845 1089 1876; x_wconf 89' lang='lat' dir='ltr'>quos</span> <span class='ocrx_word' id='word_1_272' title='bbox 1107 1836 1172 1865; x_wconf 85' lang='lat' dir='ltr'>iam</span> <span class='ocrx_word' id='word_1_273' title='bbox 1192 1845 1270 1866; x_wconf 89' lang='lat' dir='ltr'>enu-</span> 
     </span>
     <span class='ocr_line' id='line_1_36' title="bbox 203 1879 1271 1923; baseline -0.003 -10"><span class='ocrx_word' id='word_1_274' title='bbox 203 1883 363 1913; x_wconf 88' lang='lat' dir='ltr'>merabam</span> <span class='ocrx_word' id='word_1_275' title='bbox 384 1880 626 1923; x_wconf 85' lang='lat' dir='ltr'>(Commentarii</span> <span class='ocrx_word' id='word_1_276' title='bbox 646 1881 679 1912; x_wconf 91' lang='lat' dir='ltr'>in</span> <span class='ocrx_word' id='word_1_277' title='bbox 698 1881 858 1922; x_wconf 83' lang='lat' dir='ltr'>Epistolas</span> <span class='ocrx_word' id='word_1_278' title='bbox 878 1879 1058 1911; x_wconf 85' lang='lat' dir='ltr'>Canonicas</span> <span class='ocrx_word' id='word_1_279' title='bbox 1080 1886 1110 1910; x_wconf 91' lang='lat' dir='ltr'>et</span> <span class='ocrx_word' id='word_1_280' title='bbox 1128 1879 1161 1910; x_wconf 92' lang='lat' dir='ltr'>in</span> <span class='ocrx_word' id='word_1_281' title='bbox 1181 1882 1271 1920; x_wconf 91' lang='lat' dir='ltr'>Apo-</span> 
     </span>
     <span class='ocr_line' id='line_1_37' title="bbox 204 1925 1270 1969; baseline -0.003 -12"><span class='ocrx_word' id='word_1_282' title='bbox 204 1925 368 1969; x_wconf 88' lang='lat' dir='ltr'>calypsim)</span> <span class='ocrx_word' id='word_1_283' title='bbox 388 1936 446 1957; x_wconf 90' lang='lat' dir='ltr'>nec</span> <span class='ocrx_word' id='word_1_284' title='bbox 467 1926 553 1967; x_wconf 71' lang='lat' dir='ltr'>strlo</span> <span class='ocrx_word' id='word_1_285' title='bbox 577 1936 635 1957; x_wconf 90' lang='lat' dir='ltr'>nec</span> <span class='ocrx_word' id='word_1_286' title='bbox 650 1926 821 1967; x_wconf 78' lang='lat' dir='ltr'>diligentia</span> <span class='ocrx_word' id='word_1_287' title='bbox 842 1935 914 1956; x_wconf 90' lang='lat' dir='ltr'>cum</span> <span class='ocrx_word' id='word_1_288' title='bbox 929 1925 1004 1956; x_wconf 93' lang='lat' dir='ltr'>aliis</span> <span class='ocrx_word' id='word_1_289' title='bbox 1023 1925 1092 1955; x_wconf 88' lang='lat' dir='ltr'>eius</span> <span class='ocrx_word' id='word_1_290' title='bbox 1109 1925 1172 1955; x_wconf 80' lang='lat' dir='ltr'>viri</span> <span class='ocrx_word' id='word_1_291' title='bbox 1186 1934 1270 1955; x_wconf 88' lang='lat' dir='ltr'>com-</span> 
     </span>
     <span class='ocr_line' id='line_1_38' title="bbox 202 1969 1270 2011; baseline -0.002 -9"><span class='ocrx_word' id='word_1_292' title='bbox 202 1972 366 2002; x_wconf 86' lang='lat' dir='ltr'>mentariis</span> <span class='ocrx_word' id='word_1_293' title='bbox 389 1970 531 2011; x_wconf 88' lang='lat' dir='ltr'>conferri</span> <span class='ocrx_word' id='word_1_294' title='bbox 548 1976 703 2011; x_wconf 81' lang='lat' dir='ltr'>possunt:</span> <span class='ocrx_word' id='word_1_295' title='bbox 726 1980 785 2001; x_wconf 87' lang='lat' dir='ltr'>nec</span> <span class='ocrx_word' id='word_1_296' title='bbox 813 1975 890 2001; x_wconf 88' lang='lat' dir='ltr'>sunt</span> <span class='ocrx_word' id='word_1_297' title='bbox 912 1980 932 2000; x_wconf 94' lang='lat' dir='ltr'>a</span> <span class='ocrx_word' id='word_1_298' title='bbox 955 1969 1167 2000; x_wconf 83' lang='lat' dir='ltr'>sectatoribus</span> <span class='ocrx_word' id='word_1_299' title='bbox 1197 1969 1270 2000; x_wconf 84' lang='lat' dir='ltr'>alu-</span> 
     </span>
     <span class='ocr_line' id='line_1_39' title="bbox 202 2013 1271 2056; baseline -0.001 -10"><span class='ocrx_word' id='word_1_300' title='bbox 202 2017 345 2056; x_wconf 89' lang='lat' dir='ltr'>mnisque</span> <span class='ocrx_word' id='word_1_301' title='bbox 359 2015 496 2046; x_wconf 75' lang='lat' dir='ltr'>Thomae</span> <span class='ocrx_word' id='word_1_302' title='bbox 505 2015 738 2056; x_wconf 83' lang='lat' dir='ltr'>antiquioribus</span> <span class='ocrx_word' id='word_1_303' title='bbox 745 2015 864 2056; x_wconf 81' lang='lat' dir='ltr'>agniti,·</span> <span class='ocrx_word' id='word_1_304' title='bbox 874 2019 910 2045; x_wconf 83' lang='lat' dir='ltr'>ut</span> <span class='ocrx_word' id='word_1_305' title='bbox 912 2013 1065 2055; x_wconf 85' lang='lat' dir='ltr'>pluribus</span> <span class='ocrx_word' id='word_1_306' title='bbox 1077 2014 1271 2045; x_wconf 87' lang='lat' dir='ltr'>coniecturis</span> 
     </span>
     <span class='ocr_line' id='line_1_40' title="bbox 202 2058 1272 2101; baseline -0.001 -10"><span class='ocrx_word' id='word_1_307' title='bbox 202 2071 255 2091; x_wconf 92' lang='lat' dir='ltr'>eos</span> <span class='ocrx_word' id='word_1_308' title='bbox 269 2060 319 2091; x_wconf 77' lang='lat' dir='ltr'>vel</span> <span class='ocrx_word' id='word_1_309' title='bbox 337 2069 399 2090; x_wconf 91' lang='lat' dir='ltr'>non</span> <span class='ocrx_word' id='word_1_310' title='bbox 415 2069 482 2090; x_wconf 89' lang='lat' dir='ltr'>esse</span> <span class='ocrx_word' id='word_1_311' title='bbox 487 2059 601 2100; x_wconf 86' lang='lat' dir='ltr'>foetus</span> <span class='ocrx_word' id='word_1_312' title='bbox 615 2061 785 2101; x_wconf 86' lang='lat' dir='ltr'>Aquinatis</span> <span class='ocrx_word' id='word_1_313' title='bbox 800 2060 903 2090; x_wconf 86' lang='lat' dir='ltr'>nostri</span> <span class='ocrx_word' id='word_1_314' title='bbox 920 2059 1083 2090; x_wconf 84' lang='lat' dir='ltr'>haesitare</span> <span class='ocrx_word' id='word_1_315' title='bbox 1096 2058 1203 2096; x_wconf 83' lang='lat' dir='ltr'>liceat,</span> <span class='ocrx_word' id='word_1_316' title='bbox 1219 2058 1272 2090; x_wconf 77' lang='lat' dir='ltr'>vel</span> 
     </span>
     <span class='ocr_line' id='line_1_41' title="bbox 200 2103 1210 2145; baseline -0.002 -9"><span class='ocrx_word' id='word_1_317' title='bbox 200 2110 285 2136; x_wconf 87' lang='lat' dir='ltr'>certe</span> <span class='ocrx_word' id='word_1_318' title='bbox 308 2104 450 2135; x_wconf 87' lang='lat' dir='ltr'>eumdem</span> <span class='ocrx_word' id='word_1_319' title='bbox 473 2114 654 2145; x_wconf 84' lang='lat' dir='ltr'>supremam</span> <span class='ocrx_word' id='word_1_320' title='bbox 679 2114 811 2135; x_wconf 88' lang='lat' dir='ltr'>manum</span> <span class='ocrx_word' id='word_1_321' title='bbox 836 2103 900 2135; x_wconf 87' lang='lat' dir='ltr'>illis</span> <span class='ocrx_word' id='word_1_322' title='bbox 924 2113 988 2134; x_wconf 89' lang='lat' dir='ltr'>non</span> <span class='ocrx_word' id='word_1_323' title='bbox 1013 2103 1210 2143; x_wconf 84' lang='lat' dir='ltr'>imposuisse.</span> 
     </span>
    </p>

    <p class='ocr_par' dir='ltr' id='par_1_4' title="bbox 194 2146 1268 3302">
     <span class='ocr_line' id='line_1_42' title="bbox 266 2146 1268 2189; baseline -0.001 -10"><span class='ocrx_word' id='word_1_324' title='bbox 266 2149 300 2180; x_wconf 88' lang='lat' dir='ltr'>In</span> <span class='ocrx_word' id='word_1_325' title='bbox 324 2148 485 2186; x_wconf 78' lang='lat' dir='ltr'>eamdem,</span> <span class='ocrx_word' id='word_1_326' title='bbox 509 2149 598 2189; x_wconf 93' lang='lat' dir='ltr'>quod</span> <span class='ocrx_word' id='word_1_327' title='bbox 626 2149 736 2179; x_wconf 84' lang='lat' dir='ltr'>attinet</span> <span class='ocrx_word' id='word_1_328' title='bbox 764 2148 804 2179; x_wconf 85' lang='lat' dir='ltr'>ad</span> <span class='ocrx_word' id='word_1_329' title='bbox 828 2146 1108 2179; x_wconf 83' lang='lat' dir='ltr'>commentarium</span> <span class='ocrx_word' id='word_1_330' title='bbox 1130 2146 1163 2178; x_wconf 91' lang='lat' dir='ltr'>in</span> <span class='ocrx_word' id='word_1_331' title='bbox 1186 2147 1268 2178; x_wconf 78' lang='lat' dir='ltr'>Mat-</span> 
     </span>
     <span class='ocr_line' id='line_1_43' title="bbox 199 2191 1267 2234; baseline -0.002 -10"><span class='ocrx_word' id='word_1_332' title='bbox 199 2194 346 2231; x_wconf 85' lang='lat' dir='ltr'>thaeum,</span> <span class='ocrx_word' id='word_1_333' title='bbox 376 2193 458 2224; x_wconf 86' lang='lat' dir='ltr'>ivere</span> <span class='ocrx_word' id='word_1_334' title='bbox 482 2193 688 2232; x_wconf 83' lang='lat' dir='ltr'>sententiam,</span> <span class='ocrx_word' id='word_1_335' title='bbox 712 2193 768 2234; x_wconf 90' lang='lat' dir='ltr'>qui</span> <span class='ocrx_word' id='word_1_336' title='bbox 792 2192 969 2224; x_wconf 89' lang='lat' dir='ltr'>Vielmium</span> <span class='ocrx_word' id='word_1_337' title='bbox 996 2198 1187 2232; x_wconf 84' lang='lat' dir='ltr'>exceperunt</span> <span class='ocrx_word' id='word_1_338' title='bbox 1209 2191 1267 2222; x_wconf 89' lang='lat' dir='ltr'>viri</span> 
     </span>
     <span class='ocr_line' id='line_1_44' title="bbox 199 2236 1268 2278; baseline -0.001 -10"><span class='ocrx_word' id='word_1_339' title='bbox 199 2237 305 2275; x_wconf 88' lang='lat' dir='ltr'>critici,</span> <span class='ocrx_word' id='word_1_340' title='bbox 328 2237 487 2268; x_wconf 88' lang='lat' dir='ltr'>Antonius</span> <span class='ocrx_word' id='word_1_341' title='bbox 510 2238 716 2276; x_wconf 88' lang='lat' dir='ltr'>Possevinus,</span> <span class='ocrx_word' id='word_1_342' title='bbox 741 2236 908 2278; x_wconf 88' lang='lat' dir='ltr'>Philippus</span> <span class='ocrx_word' id='word_1_343' title='bbox 931 2237 1060 2275; x_wconf 81' lang='lat' dir='ltr'>Labbe,</span> <span class='ocrx_word' id='word_1_344' title='bbox 1083 2236 1268 2267; x_wconf 87' lang='lat' dir='ltr'>Ludovicus</span> 
     </span>
     <span class='ocr_line' id='line_1_45' title="bbox 198 2281 1268 2322; baseline -0.001 -10"><span class='ocrx_word' id='word_1_345' title='bbox 198 2282 292 2312; x_wconf 87' lang='lat' dir='ltr'>Ellies</span> <span class='ocrx_word' id='word_1_346' title='bbox 315 2282 484 2322; x_wconf 91' lang='lat' dir='ltr'>Dupinius,</span> <span class='ocrx_word' id='word_1_347' title='bbox 509 2282 698 2313; x_wconf 89' lang='lat' dir='ltr'>Guillelmus</span> <span class='ocrx_word' id='word_1_348' title='bbox 723 2282 820 2321; x_wconf 84' lang='lat' dir='ltr'>Cave,</span> <span class='ocrx_word' id='word_1_349' title='bbox 845 2281 1047 2322; x_wconf 89' lang='lat' dir='ltr'>Theophilus</span> <span class='ocrx_word' id='word_1_350' title='bbox 1071 2281 1268 2322; x_wconf 76' lang='lat' dir='ltr'>Raynaudus</span> 
     </span>
     <span class='ocr_line' id='line_1_46' title="bbox 198 2323 1267 2365; baseline 0 -9"><span class='ocrx_word' id='word_1_351' title='bbox 198 2326 230 2356; x_wconf 89' lang='lat' dir='ltr'>in</span> <span class='ocrx_word' id='word_1_352' title='bbox 242 2323 428 2357; x_wconf 79' lang='lat' dir='ltr'>Erotema&#39;tis</span> <span class='ocrx_word' id='word_1_353' title='bbox 445 2327 483 2357; x_wconf 92' lang='lat' dir='ltr'>de</span> <span class='ocrx_word' id='word_1_354' title='bbox 500 2327 591 2357; x_wconf 91' lang='lat' dir='ltr'>bonis</span> <span class='ocrx_word' id='word_1_355' title='bbox 608 2334 638 2358; x_wconf 90' lang='lat' dir='ltr'>et</span> <span class='ocrx_word' id='word_1_356' title='bbox 654 2327 745 2358; x_wconf 84' lang='lat' dir='ltr'>malis</span> <span class='ocrx_word' id='word_1_357' title='bbox 759 2327 857 2365; x_wconf 88' lang='lat' dir='ltr'>libris,</span> <span class='ocrx_word' id='word_1_358' title='bbox 868 2326 1054 2358; x_wconf 86' lang='lat' dir='ltr'>Vincentius</span> <span class='ocrx_word' id='word_1_359' title='bbox 1071 2325 1214 2356; x_wconf 82' lang='lat' dir='ltr'>Placcius</span> <span class='ocrx_word' id='word_1_360' title='bbox 1228 2325 1267 2356; x_wconf 92' lang='lat' dir='ltr'>de</span> 
     </span>
     <span class='ocr_line' id='line_1_47' title="bbox 199 2369 1267 2412; baseline -0.001 -11"><span class='ocrx_word' id='word_1_361' title='bbox 199 2371 406 2411; x_wconf 89' lang='lat' dir='ltr'>Scriptoribus</span> <span class='ocrx_word' id='word_1_362' title='bbox 421 2371 661 2412; x_wconf 90' lang='lat' dir='ltr'>Pseudonymis.</span> <span class='ocrx_word' id='word_1_363' title='bbox 687 2372 805 2402; x_wconf 87' lang='lat' dir='ltr'>Labbei</span> <span class='ocrx_word' id='word_1_364' title='bbox 823 2371 919 2403; x_wconf 84' lang='lat' dir='ltr'>verba</span> <span class='ocrx_word' id='word_1_365' title='bbox 939 2371 1039 2401; x_wconf 82' lang='lat' dir='ltr'>refero</span> <span class='ocrx_word' id='word_1_366' title='bbox 1063 2380 1100 2401; x_wconf 86' lang='lat' dir='ltr'>ex</span> <span class='ocrx_word' id='word_1_367' title='bbox 1118 2369 1267 2401; x_wconf 83' lang='lat' dir='ltr'>historica</span> 
     </span>
     <span class='ocr_line' id='line_1_48' title="bbox 199 2414 1265 2458; baseline 0 -13"><span class='ocrx_word' id='word_1_368' title='bbox 199 2415 340 2445; x_wconf 89' lang='lat' dir='ltr'>eiusdem</span> <span class='ocrx_word' id='word_1_369' title='bbox 351 2415 589 2447; x_wconf 87' lang='lat' dir='ltr'>Dissertatione:</span> <span class='ocrx_word' id='word_1_370' title='bbox 609 2416 702 2453; x_wconf 88' lang='lat' dir='ltr'>Quae</span> <span class='ocrx_word' id='word_1_371' title='bbox 721 2414 907 2458; x_wconf 89' lang='lat' dir='ltr'>(expositio)</span> <span class='ocrx_word' id='word_1_372' title='bbox 925 2416 957 2446; x_wconf 93' lang='lat' dir='ltr'>in</span> <span class='ocrx_word' id='word_1_373' title='bbox 977 2415 1137 2446; x_wconf 84' lang='lat' dir='ltr'>Matthaei</span> <span class='ocrx_word' id='word_1_374' title='bbox 1155 2414 1265 2445; x_wconf 76' lang='lat' dir='ltr'>Evan-</span> 
     </span>
     <span class='ocr_line' id='line_1_49' title="bbox 197 2459 1267 2501; baseline 0 -11"><span class='ocrx_word' id='word_1_375' title='bbox 197 2460 318 2500; x_wconf 83' lang='lat' dir='ltr'>gelium</span> <span class='ocrx_word' id='word_1_376' title='bbox 333 2459 460 2497; x_wconf 88' lang='lat' dir='ltr'>dicitur,</span> <span class='ocrx_word' id='word_1_377' title='bbox 475 2462 674 2501; x_wconf 89' lang='lat' dir='ltr'>supposititia</span> <span class='ocrx_word' id='word_1_378' title='bbox 690 2466 753 2492; x_wconf 86' lang='lat' dir='ltr'>est:</span> <span class='ocrx_word' id='word_1_379' title='bbox 773 2466 803 2492; x_wconf 90' lang='lat' dir='ltr'>et</span> <span class='ocrx_word' id='word_1_380' title='bbox 817 2466 895 2492; x_wconf 87' lang='lat' dir='ltr'>teste</span> <span class='ocrx_word' id='word_1_381' title='bbox 908 2460 1115 2501; x_wconf 81' lang='lat' dir='ltr'>Hieronymo</span> <span class='ocrx_word' id='word_1_382' title='bbox 1137 2459 1267 2490; x_wconf 88' lang='lat' dir='ltr'>Vielmio</span> 
     </span>
     <span class='ocr_line' id='line_1_50' title="bbox 194 2504 1266 2546; baseline 0 -12"><span class='ocrx_word' id='word_1_383' title='bbox 194 2505 335 2545; x_wconf 88' lang='lat' dir='ltr'>pertinet</span> <span class='ocrx_word' id='word_1_384' title='bbox 357 2504 400 2534; x_wconf 88' lang='lat' dir='ltr'>ad</span> <span class='ocrx_word' id='word_1_385' title='bbox 417 2505 545 2535; x_wconf 83' lang='lat' dir='ltr'>Petrum</span> <span class='ocrx_word' id='word_1_386' title='bbox 565 2505 768 2546; x_wconf 81' lang='lat' dir='ltr'>Scaligerum</span> <span class='ocrx_word' id='word_1_387' title='bbox 783 2505 1034 2537; x_wconf 86' lang='lat' dir='ltr'>Dominicanum</span> <span class='ocrx_word' id='word_1_388' title='bbox 1056 2504 1266 2535; x_wconf 88' lang='lat' dir='ltr'>Veronensem</span> 
     </span>
     <span class='ocr_line' id='line_1_51' title="bbox 198 2548 1266 2590; baseline 0.002 -12"><span class='ocrx_word' id='word_1_389' title='bbox 198 2548 399 2588; x_wconf 87' lang='lat' dir='ltr'>Episcopum,</span> <span class='ocrx_word' id='word_1_390' title='bbox 416 2550 506 2580; x_wconf 87' lang='lat' dir='ltr'>cuius</span> <span class='ocrx_word' id='word_1_391' title='bbox 526 2551 653 2580; x_wconf 87' lang='lat' dir='ltr'>nomine</span> <span class='ocrx_word' id='word_1_392' title='bbox 666 2550 836 2590; x_wconf 77' lang='lat' dir='ltr'>prestabat</span> <span class='ocrx_word' id='word_1_393' title='bbox 862 2550 1005 2580; x_wconf 88' lang='lat' dir='ltr'>Veronae</span> <span class='ocrx_word' id='word_1_394' title='bbox 1024 2550 1056 2579; x_wconf 88' lang='lat' dir='ltr'>in</span> <span class='ocrx_word' id='word_1_395' title='bbox 1078 2548 1266 2580; x_wconf 84' lang='lat' dir='ltr'>bibliotheca</span> 
     </span>
     <span class='ocr_line' id='line_1_52' title="bbox 198 2593 1266 2634; baseline 0.001 -12"><span class='ocrx_word' id='word_1_396' title='bbox 198 2593 338 2623; x_wconf 90' lang='lat' dir='ltr'>coenobii</span> <span class='ocrx_word' id='word_1_397' title='bbox 357 2598 487 2624; x_wconf 89' lang='lat' dir='ltr'>sanctae</span> <span class='ocrx_word' id='word_1_398' title='bbox 500 2595 703 2632; x_wconf 87' lang='lat' dir='ltr'>Anastasiae,</span> <span class='ocrx_word' id='word_1_399' title='bbox 725 2604 797 2625; x_wconf 89' lang='lat' dir='ltr'>cum</span> <span class='ocrx_word' id='word_1_400' title='bbox 819 2594 970 2625; x_wconf 88' lang='lat' dir='ltr'>Vielmius</span> <span class='ocrx_word' id='word_1_401' title='bbox 984 2593 1026 2624; x_wconf 88' lang='lat' dir='ltr'>ibi</span> <span class='ocrx_word' id='word_1_402' title='bbox 1036 2594 1173 2624; x_wconf 88' lang='lat' dir='ltr'>tironem</span> <span class='ocrx_word' id='word_1_403' title='bbox 1187 2603 1266 2634; x_wconf 74' lang='lat' dir='ltr'>age-</span> 
     </span>
     <span class='ocr_line' id='line_1_53' title="bbox 198 2637 1267 2679; baseline 0.001 -12"><span class='ocrx_word' id='word_1_404' title='bbox 198 2642 256 2668; x_wconf 89' lang='lat' dir='ltr'>ret.</span> <span class='ocrx_word' id='word_1_405' title='bbox 280 2637 343 2668; x_wconf 88' lang='lat' dir='ltr'>Sed</span> <span class='ocrx_word' id='word_1_406' title='bbox 366 2647 466 2678; x_wconf 85' lang='lat' dir='ltr'>neque</span> <span class='ocrx_word' id='word_1_407' title='bbox 488 2648 559 2668; x_wconf 92' lang='lat' dir='ltr'>cum</span> <span class='ocrx_word' id='word_1_408' title='bbox 582 2639 681 2679; x_wconf 80' lang='lat' dir='ltr'>stylo,</span> <span class='ocrx_word' id='word_1_409' title='bbox 705 2639 871 2679; x_wconf 82' lang='lat' dir='ltr'>spirituve,</span> <span class='ocrx_word' id='word_1_410' title='bbox 897 2643 954 2670; x_wconf 84' lang='lat' dir='ltr'>aut</span> <span class='ocrx_word' id='word_1_411' title='bbox 977 2638 1158 2679; x_wconf 83' lang='lat' dir='ltr'>diligentia,</span> <span class='ocrx_word' id='word_1_412' title='bbox 1183 2647 1267 2678; x_wconf 88' lang='lat' dir='ltr'>quae</span> 
     </span>
     <span class='ocr_line' id='line_1_54' title="bbox 198 2681 1263 2723; baseline 0.001 -12"><span class='ocrx_word' id='word_1_413' title='bbox 198 2682 230 2711; x_wconf 87' lang='lat' dir='ltr'>in</span> <span class='ocrx_word' id='word_1_414' title='bbox 249 2682 316 2712; x_wconf 90' lang='lat' dir='ltr'>suis</span> <span class='ocrx_word' id='word_1_415' title='bbox 334 2682 556 2722; x_wconf 87' lang='lat' dir='ltr'>scriptionibus</span> <span class='ocrx_word' id='word_1_416' title='bbox 577 2683 689 2714; x_wconf 89' lang='lat' dir='ltr'>beatus</span> <span class='ocrx_word' id='word_1_417' title='bbox 710 2683 847 2714; x_wconf 77' lang='lat' dir='ltr'>Thomas</span> <span class='ocrx_word' id='word_1_418' title='bbox 860 2682 1015 2720; x_wconf 87' lang='lat' dir='ltr'>adhibuit,</span> <span class='ocrx_word' id='word_1_419' title='bbox 1031 2681 1263 2723; x_wconf 85' lang='lat' dir='ltr'>conferendam</span> 
     </span>
     <span class='ocr_line' id='line_1_55' title="bbox 197 2726 1266 2768; baseline 0.002 -13"><span class='ocrx_word' id='word_1_420' title='bbox 197 2731 302 2756; x_wconf 87' lang='lat' dir='ltr'>monet</span> <span class='ocrx_word' id='word_1_421' title='bbox 315 2726 513 2758; x_wconf 79' lang='lat' dir='ltr'>Possevinus,</span> <span class='ocrx_word' id='word_1_422' title='bbox 530 2727 615 2758; x_wconf 80' lang='lat' dir='ltr'>Haec</span> <span class='ocrx_word' id='word_1_423' title='bbox 627 2727 738 2758; x_wconf 86' lang='lat' dir='ltr'>eadem</span> <span class='ocrx_word' id='word_1_424' title='bbox 753 2734 906 2768; x_wconf 86' lang='lat' dir='ltr'>promunt</span> <span class='ocrx_word' id='word_1_425' title='bbox 921 2726 983 2758; x_wconf 83' lang='lat' dir='ltr'>alii.</span> <span class='ocrx_word' id='word_1_426' title='bbox 1000 2726 1135 2758; x_wconf 83' lang='lat' dir='ltr'>Criticae</span> <span class='ocrx_word' id='word_1_427' title='bbox 1149 2736 1266 2767; x_wconf 86' lang='lat' dir='ltr'>nempe</span> 
     </span>
     <span class='ocr_line' id='line_1_56' title="bbox 197 2770 1265 2813; baseline 0.002 -13"><span class='ocrx_word' id='word_1_428' title='bbox 197 2770 279 2807; x_wconf 87' lang='lat' dir='ltr'>artis,</span> <span class='ocrx_word' id='word_1_429' title='bbox 291 2780 353 2811; x_wconf 81' lang='lat' dir='ltr'>qua</span> <span class='ocrx_word' id='word_1_430' title='bbox 362 2770 521 2810; x_wconf 85' lang='lat' dir='ltr'>pollebant</span> <span class='ocrx_word' id='word_1_431' title='bbox 531 2771 586 2809; x_wconf 85' lang='lat' dir='ltr'>illi,</span> <span class='ocrx_word' id='word_1_432' title='bbox 597 2771 681 2811; x_wconf 85' lang='lat' dir='ltr'>leges</span> <span class='ocrx_word' id='word_1_433' title='bbox 689 2771 1142 2813; x_wconf 84' lang='lat' dir='ltr'>aequissimaspraeterierunt.</span> <span class='ocrx_word' id='word_1_434' title='bbox 1155 2770 1265 2802; x_wconf 81' lang='lat' dir='ltr'>Caecis</span> 
     </span>
     <span class='ocr_line' id='line_1_57' title="bbox 197 2814 1264 2854; baseline 0.002 -10"><span class='ocrx_word' id='word_1_435' title='bbox 197 2814 296 2845; x_wconf 91' lang='lat' dir='ltr'>oculis</span> <span class='ocrx_word' id='word_1_436' title='bbox 320 2822 471 2846; x_wconf 79' lang='lat' dir='ltr'>errantem</span> <span class='ocrx_word' id='word_1_437' title='bbox 497 2815 681 2854; x_wconf 83' lang='lat' dir='ltr'>Vielmium,</span> <span class='ocrx_word' id='word_1_438' title='bbox 702 2823 737 2847; x_wconf 90' lang='lat' dir='ltr'>ut</span> <span class='ocrx_word' id='word_1_439' title='bbox 760 2816 840 2847; x_wconf 86' lang='lat' dir='ltr'>infra</span> <span class='ocrx_word' id='word_1_440' title='bbox 864 2816 1045 2854; x_wconf 85' lang='lat' dir='ltr'>dicendum,</span> <span class='ocrx_word' id='word_1_441' title='bbox 1061 2815 1159 2847; x_wconf 90' lang='lat' dir='ltr'>secuti</span> <span class='ocrx_word' id='word_1_442' title='bbox 1175 2821 1264 2846; x_wconf 90' lang='lat' dir='ltr'>sunt:</span> 
     </span>
     <span class='ocr_line' id='line_1_58' title="bbox 196 2858 1265 2901; baseline 0.001 -12"><span class='ocrx_word' id='word_1_443' title='bbox 196 2858 430 2899; x_wconf 74' lang='lat' dir='ltr'>adhibitumque</span> <span class='ocrx_word' id='word_1_444' title='bbox 445 2870 463 2890; x_wconf 85' lang='lat' dir='ltr'>a</span> <span class='ocrx_word' id='word_1_445' title='bbox 476 2859 614 2891; x_wconf 87' lang='lat' dir='ltr'>Vielmio</span> <span class='ocrx_word' id='word_1_446' title='bbox 634 2870 799 2892; x_wconf 87' lang='lat' dir='ltr'>censuram</span> <span class='ocrx_word' id='word_1_447' title='bbox 813 2861 847 2892; x_wconf 88' lang='lat' dir='ltr'>in</span> <span class='ocrx_word' id='word_1_448' title='bbox 862 2860 1120 2893; x_wconf 73' lang='lat' dir='ltr'>Commentarios</span> <span class='ocrx_word' id='word_1_449' title='bbox 1135 2861 1167 2891; x_wconf 92' lang='lat' dir='ltr'>in</span> <span class='ocrx_word' id='word_1_450' title='bbox 1187 2860 1265 2901; x_wconf 85' lang='lat' dir='ltr'>Epi-</span> 
     </span>
     <span class='ocr_line' id='line_1_59' title="bbox 196 2903 1264 2946; baseline 0.002 -13"><span class='ocrx_word' id='word_1_451' title='bbox 196 2903 294 2934; x_wconf 88' lang='lat' dir='ltr'>stolas</span> <span class='ocrx_word' id='word_1_452' title='bbox 315 2903 496 2935; x_wconf 79' lang='lat' dir='ltr'>canonicas</span> <span class='ocrx_word' id='word_1_453' title='bbox 519 2910 548 2935; x_wconf 87' lang='lat' dir='ltr'>et</span> <span class='ocrx_word' id='word_1_454' title='bbox 570 2905 819 2946; x_wconf 67' lang='lat' dir='ltr'>Apocalypsim,</span> <span class='ocrx_word' id='word_1_455' title='bbox 840 2905 947 2937; x_wconf 88' lang='lat' dir='ltr'>minus</span> <span class='ocrx_word' id='word_1_456' title='bbox 971 2904 1079 2936; x_wconf 82' lang='lat' dir='ltr'>attenti</span> <span class='ocrx_word' id='word_1_457' title='bbox 1101 2904 1198 2936; x_wconf 85' lang='lat' dir='ltr'>latam</span> <span class='ocrx_word' id='word_1_458' title='bbox 1216 2904 1264 2935; x_wconf 90' lang='lat' dir='ltr'>in-</span> 
     </span>
     <span class='ocr_line' id='line_1_60' title="bbox 196 2947 1265 2992; baseline 0.003 -15"><span class='ocrx_word' id='word_1_459' title='bbox 196 2947 378 2978; x_wconf 85' lang='lat' dir='ltr'>tellexerunt</span> <span class='ocrx_word' id='word_1_460' title='bbox 392 2948 423 2978; x_wconf 89' lang='lat' dir='ltr'>in</span> <span class='ocrx_word' id='word_1_461' title='bbox 439 2948 669 2989; x_wconf 88' lang='lat' dir='ltr'>expositionem</span> <span class='ocrx_word' id='word_1_462' title='bbox 683 2949 715 2980; x_wconf 89' lang='lat' dir='ltr'>in</span> <span class='ocrx_word' id='word_1_463' title='bbox 730 2950 947 2992; x_wconf 78' lang='lat' dir='ltr'>Evangelium</span> <span class='ocrx_word' id='word_1_464' title='bbox 962 2949 1131 2981; x_wconf 88' lang='lat' dir='ltr'>Matthaei.</span> <span class='ocrx_word' id='word_1_465' title='bbox 1146 2949 1265 2980; x_wconf 86' lang='lat' dir='ltr'>Labbei</span> 
     </span>
     <span class='ocr_line' id='line_1_61' title="bbox 197 2992 1264 3033; baseline 0.003 -12"><span class='ocrx_word' id='word_1_466' title='bbox 197 2998 227 3021; x_wconf 91' lang='lat' dir='ltr'>et</span> <span class='ocrx_word' id='word_1_467' title='bbox 248 2992 409 3022; x_wconf 88' lang='lat' dir='ltr'>Possevini</span> <span class='ocrx_word' id='word_1_468' title='bbox 438 2992 470 3022; x_wconf 92' lang='lat' dir='ltr'>in</span> <span class='ocrx_word' id='word_1_469' title='bbox 501 2995 663 3033; x_wconf 84' lang='lat' dir='ltr'>Apparatu</span> <span class='ocrx_word' id='word_1_470' title='bbox 692 3004 780 3025; x_wconf 84' lang='lat' dir='ltr'>sacro</span> <span class='ocrx_word' id='word_1_471' title='bbox 811 3002 890 3026; x_wconf 91' lang='lat' dir='ltr'>torn.</span> <span class='ocrx_word' id='word_1_472' title='bbox 912 2995 950 3032; x_wconf 89' lang='lat'>11,</span> <span class='ocrx_word' id='word_1_473' title='bbox 973 2994 1073 3025; x_wconf 87' lang='lat' dir='ltr'>lector</span> <span class='ocrx_word' id='word_1_474' title='bbox 1099 2993 1264 3025; x_wconf 87' lang='lat' dir='ltr'>humanis-</span> 
     </span>
     <span class='ocr_line' id='line_1_62' title="bbox 197 3035 1263 3079; baseline 0.005 -14"><span class='ocrx_word' id='word_1_475' title='bbox 197 3035 285 3073; x_wconf 88' lang='lat' dir='ltr'>sime,</span> <span class='ocrx_word' id='word_1_476' title='bbox 309 3037 401 3066; x_wconf 87' lang='lat' dir='ltr'>verba</span> <span class='ocrx_word' id='word_1_477' title='bbox 425 3046 573 3077; x_wconf 84' lang='lat' dir='ltr'>compara</span> <span class='ocrx_word' id='word_1_478' title='bbox 597 3048 671 3068; x_wconf 90' lang='lat' dir='ltr'>cum</span> <span class='ocrx_word' id='word_1_479' title='bbox 694 3039 795 3070; x_wconf 88' lang='lat' dir='ltr'>verbis</span> <span class='ocrx_word' id='word_1_480' title='bbox 819 3039 946 3070; x_wconf 85' lang='lat' dir='ltr'>Vielmii</span> <span class='ocrx_word' id='word_1_481' title='bbox 973 3045 1003 3070; x_wconf 89' lang='lat' dir='ltr'>et</span> <span class='ocrx_word' id='word_1_482' title='bbox 1027 3038 1178 3079; x_wconf 84' lang='lat' dir='ltr'>expende.</span> <span class='ocrx_word' id='word_1_483' title='bbox 1203 3038 1263 3070; x_wconf 84' lang='lat' dir='ltr'>Ce—</span> 
     </span>
     <span class='ocr_line' id='line_1_63' title="bbox 198 3079 1261 3125; baseline 0.006 -16"><span class='ocrx_word' id='word_1_484' title='bbox 198 3079 321 3120; x_wconf 89' lang='lat' dir='ltr'>teroqui</span> <span class='ocrx_word' id='word_1_485' title='bbox 343 3090 418 3111; x_wconf 91' lang='lat' dir='ltr'>vero</span> <span class='ocrx_word' id='word_1_486' title='bbox 442 3081 519 3121; x_wconf 92' lang='lat' dir='ltr'>quid</span> <span class='ocrx_word' id='word_1_487' title='bbox 542 3081 669 3119; x_wconf 90' lang='lat' dir='ltr'>mirum,</span> <span class='ocrx_word' id='word_1_488' title='bbox 686 3083 772 3124; x_wconf 68' lang='lat' dir='ltr'>Strli</span> <span class='ocrx_word' id='word_1_489' title='bbox 785 3085 981 3125; x_wconf 85' lang='lat' dir='ltr'>spiritusque</span> <span class='ocrx_word' id='word_1_490' title='bbox 999 3093 1039 3114; x_wconf 91' lang='lat' dir='ltr'>ac</span> <span class='ocrx_word' id='word_1_491' title='bbox 1061 3083 1261 3124; x_wconf 80' lang='lat' dir='ltr'>diligentiae,</span> 
     </span>
     <span class='ocr_line' id='line_1_64' title="bbox 197 3123 1264 3169; baseline 0.007 -17"><span class='ocrx_word' id='word_1_492' title='bbox 197 3133 278 3163; x_wconf 89' lang='lat' dir='ltr'>quae</span> <span class='ocrx_word' id='word_1_493' title='bbox 301 3123 333 3153; x_wconf 88' lang='lat' dir='ltr'>in</span> <span class='ocrx_word' id='word_1_494' title='bbox 357 3124 419 3154; x_wconf 88' lang='lat' dir='ltr'>divi</span> <span class='ocrx_word' id='word_1_495' title='bbox 442 3125 587 3156; x_wconf 87' lang='lat' dir='ltr'>Thornae</span> <span class='ocrx_word' id='word_1_496' title='bbox 614 3127 837 3167; x_wconf 84' lang='lat' dir='ltr'>scriptionibus</span> <span class='ocrx_word' id='word_1_497' title='bbox 863 3127 1028 3169; x_wconf 83' lang='lat' dir='ltr'>effulgent,</span> <span class='ocrx_word' id='word_1_498' title='bbox 1052 3127 1264 3159; x_wconf 82' lang='lat' dir='ltr'>diversitatem</span> 
     </span>
     <span class='ocr_line' id='line_1_65' title="bbox 198 3167 1263 3213; baseline 0.006 -17"><span class='ocrx_word' id='word_1_499' title='bbox 198 3167 336 3207; x_wconf 88' lang='lat' dir='ltr'>aliquam</span> <span class='ocrx_word' id='word_1_500' title='bbox 368 3167 399 3198; x_wconf 91' lang='lat' dir='ltr'>in</span> <span class='ocrx_word' id='word_1_501' title='bbox 428 3168 524 3200; x_wconf 88' lang='lat' dir='ltr'>hocce</span> <span class='ocrx_word' id='word_1_502' title='bbox 553 3170 793 3203; x_wconf 78' lang='lat' dir='ltr'>Commentario</span> <span class='ocrx_word' id='word_1_503' title='bbox 822 3172 1034 3213; x_wconf 85' lang='lat' dir='ltr'>deprehendi,</span> <span class='ocrx_word' id='word_1_504' title='bbox 1063 3181 1139 3203; x_wconf 87' lang='lat' dir='ltr'>cum</span> <span class='ocrx_word' id='word_1_505' title='bbox 1167 3172 1207 3203; x_wconf 81' lang='lat' dir='ltr'>ad</span> <span class='ocrx_word' id='word_1_506' title='bbox 1230 3172 1263 3202; x_wconf 91' lang='lat' dir='ltr'>id</span> 
     </span>
     <span class='ocr_line' id='line_1_66' title="bbox 198 3214 1262 3258; baseline 0.008 -18"><span class='ocrx_word' id='word_1_507' title='bbox 198 3221 332 3251; x_wconf 86' lang='lat' dir='ltr'>operum</span> <span class='ocrx_word' id='word_1_508' title='bbox 357 3221 456 3251; x_wconf 89' lang='lat' dir='ltr'>genus</span> <span class='ocrx_word' id='word_1_509' title='bbox 475 3214 626 3253; x_wconf 84' lang='lat' dir='ltr'>pertineat</span> <span class='ocrx_word' id='word_1_510' title='bbox 648 3215 716 3254; x_wconf 90' lang='lat' dir='ltr'>iste,</span> <span class='ocrx_word' id='word_1_511' title='bbox 741 3226 822 3257; x_wconf 92' lang='lat' dir='ltr'>quae</span> <span class='ocrx_word' id='word_1_512' title='bbox 850 3217 980 3258; x_wconf 88' lang='lat' dir='ltr'>proprio</span> <span class='ocrx_word' id='word_1_513' title='bbox 998 3215 1136 3248; x_wconf 83' lang='lat' dir='ltr'>auctoris</span> <span class='ocrx_word' id='word_1_514' title='bbox 1150 3226 1262 3257; x_wconf 81' lang='lat' dir='ltr'>pugno</span> 
     </span>
     <span class='ocr_line' id='line_1_67' title="bbox 198 3255 1087 3302; baseline 0.009 -17"><span class='ocrx_word' id='word_1_515' title='bbox 198 3255 310 3295; x_wconf 86' lang='lat' dir='ltr'>scripta</span> <span class='ocrx_word' id='word_1_516' title='bbox 333 3265 398 3286; x_wconf 90' lang='lat' dir='ltr'>non</span> <span class='ocrx_word' id='word_1_517' title='bbox 422 3264 505 3295; x_wconf 85' lang='lat' dir='ltr'>sunt,</span> <span class='ocrx_word' id='word_1_518' title='bbox 530 3259 584 3288; x_wconf 89' lang='lat' dir='ltr'>sed</span> <span class='ocrx_word' id='word_1_519' title='bbox 607 3269 643 3289; x_wconf 87' lang='lat' dir='ltr'>ex</span> <span class='ocrx_word' id='word_1_520' title='bbox 666 3270 720 3290; x_wconf 91' lang='lat' dir='ltr'>ore</span> <span class='ocrx_word' id='word_1_521' title='bbox 744 3260 888 3292; x_wconf 87' lang='lat' dir='ltr'>dictantis</span> <span class='ocrx_word' id='word_1_522' title='bbox 911 3258 1087 3302; x_wconf 80' lang='lat' dir='ltr'>reportata?</span> 
     </span>
    </p>

    <p class='ocr_par' dir='ltr' id='par_1_5' title="bbox 197 3299 1262 3701">
     <span class='ocr_line' id='line_1_68' title="bbox 263 3299 1262 3342; baseline 0.007 -12"><span class='ocrx_word' id='word_1_523' title='bbox 263 3299 324 3331; x_wconf 87' lang='lat' dir='ltr'>Sed</span> <span class='ocrx_word' id='word_1_524' title='bbox 343 3300 424 3331; x_wconf 89' lang='lat' dir='ltr'>ostio</span> <span class='ocrx_word' id='word_1_525' title='bbox 440 3308 509 3332; x_wconf 92' lang='lat' dir='ltr'>toto</span> <span class='ocrx_word' id='word_1_526' title='bbox 523 3311 638 3334; x_wconf 85' lang='lat' dir='ltr'>errasse</span> <span class='ocrx_word' id='word_1_527' title='bbox 652 3304 836 3342; x_wconf 88' lang='lat' dir='ltr'>Vielmium,</span> <span class='ocrx_word' id='word_1_528' title='bbox 856 3305 920 3336; x_wconf 84' lang='lat' dir='ltr'>iam</span> <span class='ocrx_word' id='word_1_529' title='bbox 939 3305 1154 3337; x_wconf 79' lang='lat' dir='ltr'>ostendamus.</span> <span class='ocrx_word' id='word_1_530' title='bbox 1180 3305 1262 3336; x_wconf 86' lang='lat' dir='ltr'>Rem</span> 
     </span>
     <span class='ocr_line' id='line_1_69' title="bbox 197 3343 1260 3388; baseline 0.008 -15"><span class='ocrx_word' id='word_1_531' title='bbox 197 3343 332 3375; x_wconf 88' lang='lat' dir='ltr'>confecit</span> <span class='ocrx_word' id='word_1_532' title='bbox 354 3354 484 3375; x_wconf 90' lang='lat' dir='ltr'>omnem</span> <span class='ocrx_word' id='word_1_533' title='bbox 508 3346 708 3379; x_wconf 89' lang='lat' dir='ltr'>doctissimus</span> <span class='ocrx_word' id='word_1_534' title='bbox 732 3349 864 3380; x_wconf 84' lang='lat' dir='ltr'>Iacobus</span> <span class='ocrx_word' id='word_1_535' title='bbox 888 3350 1069 3388; x_wconf 85' lang='lat' dir='ltr'>Echardus,</span> <span class='ocrx_word' id='word_1_536' title='bbox 1099 3349 1190 3381; x_wconf 85' lang='lat' dir='ltr'>cuius</span> <span class='ocrx_word' id='word_1_537' title='bbox 1209 3359 1260 3381; x_wconf 80' lang='lat' dir='ltr'>ac-</span> 
     </span>
     <span class='ocr_line' id='line_1_70' title="bbox 198 3387 1260 3434; baseline 0.008 -17"><span class='ocrx_word' id='word_1_538' title='bbox 198 3387 264 3427; x_wconf 87' lang='lat' dir='ltr'>cipe</span> <span class='ocrx_word' id='word_1_539' title='bbox 287 3389 396 3419; x_wconf 87' lang='lat' dir='ltr'>verba:</span> <span class='ocrx_word' id='word_1_540' title='bbox 424 3402 438 3417; x_wconf 78' lang='lat'>‹</span> <span class='ocrx_word' id='word_1_541' title='bbox 452 3390 520 3429; x_wconf 85' lang='lat' dir='ltr'>Ego</span> <span class='ocrx_word' id='word_1_542' title='bbox 543 3401 619 3422; x_wconf 88' lang='lat' dir='ltr'>vero</span> <span class='ocrx_word' id='word_1_543' title='bbox 642 3399 779 3432; x_wconf 85' lang='lat' dir='ltr'>quatuor</span> <span class='ocrx_word' id='word_1_544' title='bbox 802 3393 974 3425; x_wconf 89' lang='lat' dir='ltr'>minimum</span> <span class='ocrx_word' id='word_1_545' title='bbox 997 3394 1141 3434; x_wconf 82' lang='lat' dir='ltr'>exempla</span> <span class='ocrx_word' id='word_1_546' title='bbox 1160 3393 1260 3426; x_wconf 90' lang='lat' dir='ltr'>Com-</span> 
     </span>
     <span class='ocr_line' id='line_1_71' title="bbox 200 3432 1260 3476; baseline 0.008 -15"><span class='ocrx_word' id='word_1_547' title='bbox 200 3443 214 3457; x_wconf 84' lang='lat'>»</span> <span class='ocrx_word' id='word_1_548' title='bbox 237 3432 463 3464; x_wconf 78' lang='lat' dir='ltr'>mentatiorum</span> <span class='ocrx_word' id='word_1_549' title='bbox 482 3434 625 3475; x_wconf 84' lang='lat' dir='ltr'>Scaligeri</span> <span class='ocrx_word' id='word_1_550' title='bbox 646 3446 739 3476; x_wconf 87' lang='lat' dir='ltr'>super</span> <span class='ocrx_word' id='word_1_551' title='bbox 757 3438 954 3470; x_wconf 78' lang='lat' dir='ltr'>Matthaeum</span> <span class='ocrx_word' id='word_1_552' title='bbox 967 3438 1042 3475; x_wconf 92' lang='lat' dir='ltr'>vidi,</span> <span class='ocrx_word' id='word_1_553' title='bbox 1062 3438 1120 3470; x_wconf 82' lang='lat' dir='ltr'>tria</span> <span class='ocrx_word' id='word_1_554' title='bbox 1138 3438 1170 3469; x_wconf 91' lang='lat' dir='ltr'>in</span> <span class='ocrx_word' id='word_1_555' title='bbox 1185 3438 1260 3470; x_wconf 89' lang='lat' dir='ltr'>Sor-</span> 
     </span>
     <span class='ocr_line' id='line_1_72' title="bbox 201 3476 1260 3522; baseline 0.008 -17"><span class='ocrx_word' id='word_1_556' title='bbox 201 3487 214 3501; x_wconf 76' lang='lat'>»</span> <span class='ocrx_word' id='word_1_557' title='bbox 236 3476 340 3513; x_wconf 83' lang='lat' dir='ltr'>bona,</span> <span class='ocrx_word' id='word_1_558' title='bbox 364 3487 503 3517; x_wconf 89' lang='lat' dir='ltr'>quorum</span> <span class='ocrx_word' id='word_1_559' title='bbox 526 3478 592 3510; x_wconf 92' lang='lat' dir='ltr'>duo</span> <span class='ocrx_word' id='word_1_560' title='bbox 620 3490 738 3512; x_wconf 89' lang='lat' dir='ltr'>nomen</span> <span class='ocrx_word' id='word_1_561' title='bbox 751 3481 805 3522; x_wconf 81' lang='lat' dir='ltr'>fr.</span> <span class='ocrx_word' id='word_1_562' title='bbox 825 3483 914 3514; x_wconf 88' lang='lat' dir='ltr'>Petri</span> <span class='ocrx_word' id='word_1_563' title='bbox 936 3483 976 3514; x_wconf 90' lang='lat' dir='ltr'>de</span> <span class='ocrx_word' id='word_1_564' title='bbox 999 3483 1095 3515; x_wconf 85' lang='lat' dir='ltr'>Scala</span> <span class='ocrx_word' id='word_1_565' title='bbox 1127 3482 1260 3515; x_wconf 83' lang='lat' dir='ltr'>Ordinis</span> 
     </span>
     <span class='ocr_line' id='line_1_73' title="bbox 201 3519 1259 3569; baseline 0.009 -20"><span class='ocrx_word' id='word_1_566' title='bbox 201 3531 215 3545; x_wconf 61' lang='lat'>2»</span> <span class='ocrx_word' id='word_1_567' title='bbox 237 3519 496 3569; x_wconf 73' lang='lat' dir='ltr'>Praedicatorum</span> <span class='ocrx_word' id='word_1_568' title='bbox 516 3522 583 3562; x_wconf 85' lang='lat' dir='ltr'>ipsa</span> <span class='ocrx_word' id='word_1_569' title='bbox 602 3524 703 3563; x_wconf 86' lang='lat' dir='ltr'>prima</span> <span class='ocrx_word' id='word_1_570' title='bbox 727 3526 843 3557; x_wconf 86' lang='lat' dir='ltr'>codicis</span> <span class='ocrx_word' id='word_1_571' title='bbox 871 3527 970 3558; x_wconf 89' lang='lat' dir='ltr'>totius</span> <span class='ocrx_word' id='word_1_572' title='bbox 988 3537 1086 3558; x_wconf 87' lang='lat' dir='ltr'>manu</span> <span class='ocrx_word' id='word_1_573' title='bbox 1101 3527 1259 3565; x_wconf 81' lang='lat' dir='ltr'>exhibent,</span> 
     </span>
     <span class='ocr_line' id='line_1_74' title="bbox 202 3569 1259 3613; baseline 0.01 -21"><span class='ocrx_word' id='word_1_574' title='bbox 202 3574 216 3588; x_wconf 69' lang='grc' dir='ltr'><strong><em>ι</em></strong></span> <span class='ocrx_word' id='word_1_575' title='bbox 239 3569 364 3594; x_wconf 78' lang='lat' dir='ltr'>tertium</span> <span class='ocrx_word' id='word_1_576' title='bbox 387 3575 452 3595; x_wconf 90' lang='lat' dir='ltr'>non</span> <span class='ocrx_word' id='word_1_577' title='bbox 476 3575 697 3606; x_wconf 85' lang='lat' dir='ltr'>repraesentat;</span> <span class='ocrx_word' id='word_1_578' title='bbox 726 3570 811 3600; x_wconf 83' lang='lat' dir='ltr'>aliud</span> <span class='ocrx_word' id='word_1_579' title='bbox 834 3570 867 3601; x_wconf 88' lang='lat' dir='ltr'>in</span> <span class='ocrx_word' id='word_1_580' title='bbox 890 3571 1110 3603; x_wconf 72' lang='lat' dir='ltr'>Victor-ina...</span> <span class='ocrx_word' id='word_1_581' title='bbox 1136 3571 1169 3602; x_wconf 90' lang='lat' dir='ltr'>in</span> <span class='ocrx_word' id='word_1_582' title='bbox 1192 3581 1259 3613; x_wconf 91' lang='lat' dir='ltr'>quo</span> 
     </span>
     <span class='ocr_line' id='line_1_75' title="bbox 202 3606 1260 3648; baseline 0.011 -13"><span class='ocrx_word' id='word_1_583' title='bbox 202 3618 216 3632; x_wconf 81' lang='lat'>»</span> <span class='ocrx_word' id='word_1_584' title='bbox 239 3606 324 3637; x_wconf 87' lang='lat' dir='ltr'>deest</span> <span class='ocrx_word' id='word_1_585' title='bbox 342 3617 459 3639; x_wconf 89' lang='lat' dir='ltr'>nomen</span> <span class='ocrx_word' id='word_1_586' title='bbox 478 3611 623 3648; x_wconf 88' lang='lat' dir='ltr'>auctoris,</span> <span class='ocrx_word' id='word_1_587' title='bbox 651 3613 703 3642; x_wconf 92' lang='lat' dir='ltr'>sed</span> <span class='ocrx_word' id='word_1_588' title='bbox 728 3621 876 3645; x_wconf 89' lang='lat' dir='ltr'>monetur</span> <span class='ocrx_word' id='word_1_589' title='bbox 899 3625 966 3646; x_wconf 87' lang='lat' dir='ltr'>esse</span> <span class='ocrx_word' id='word_1_590' title='bbox 988 3615 1116 3647; x_wconf 88' lang='lat' dir='ltr'>Ordinis</span> <span class='ocrx_word' id='word_1_591' title='bbox 1135 3615 1260 3646; x_wconf 80' lang='lat' dir='ltr'>Praedi-</span> 
     </span>
     <span class='ocr_line' id='line_1_76' title="bbox 202 3655 1259 3701; baseline 0.012 -22"><span class='ocrx_word' id='word_1_592' title='bbox 202 3661 217 3676; x_wconf 85' lang='grc'>»</span> <span class='ocrx_word' id='word_1_593' title='bbox 239 3656 396 3682; x_wconf 80' lang='lat' dir='ltr'>catorum:</span> <span class='ocrx_word' id='word_1_594' title='bbox 408 3659 563 3684; x_wconf 76' lang='lat' dir='ltr'>caeterum</span> <span class='ocrx_word' id='word_1_595' title='bbox 579 3655 688 3686; x_wconf 85' lang='lat' dir='ltr'>omnia</span> <span class='ocrx_word' id='word_1_596' title='bbox 702 3657 843 3699; x_wconf 74' lang='lat' dir='ltr'>eiusdem</span> <span class='ocrx_word' id='word_1_597' title='bbox 858 3659 992 3690; x_wconf 90' lang='lat' dir='ltr'>omnino</span> <span class='ocrx_word' id='word_1_598' title='bbox 1007 3659 1146 3698; x_wconf 85' lang='lat' dir='ltr'>rationis,</span> <span class='ocrx_word' id='word_1_599' title='bbox 1162 3670 1259 3701; x_wconf 85' lang='lat' dir='ltr'>quae-</span> 
     </span>
    </p>
   </div>
   <div class='ocr_carea' id='block_1_3' title="bbox 944 290 1680 334">
    <p class='ocr_par' dir='ltr' id='par_1_6' title="bbox 944 290 1680 334">
     <span class='ocr_line' id='line_1_77' title="bbox 944 290 1680 334; baseline -0.012 0"><span class='ocrx_word' id='word_1_600' title='bbox 944 292 1402 334; x_wconf 90' lang='lat' dir='ltr'>DISSERTATIONES</span> <span class='ocrx_word' id='word_1_601' title='bbox 1432 290 1680 327; x_wconf 87' lang='lat' dir='ltr'>CRITICAE</span> 
     </span>
    </p>
   </div>
   <div class='ocr_carea' id='block_1_4' title="bbox 1334 365 2417 986">
    <p class='ocr_par' dir='ltr' id='par_1_7' title="bbox 1336 365 2417 762">
     <span class='ocr_line' id='line_1_78' title="bbox 1345 365 2417 409; baseline 0.002 -10"><span class='ocrx_word' id='word_1_602' title='bbox 1345 383 1358 396; x_wconf 73' lang='lat'>&gt;⁷</span> <span class='ocrx_word' id='word_1_603' title='bbox 1382 379 1444 409; x_wconf 92' lang='lat' dir='ltr'>que</span> <span class='ocrx_word' id='word_1_604' title='bbox 1468 378 1525 398; x_wconf 93' lang='lat' dir='ltr'>nec</span> <span class='ocrx_word' id='word_1_605' title='bbox 1547 367 1629 408; x_wconf 91' lang='lat' dir='ltr'>stylo</span> <span class='ocrx_word' id='word_1_606' title='bbox 1650 376 1707 396; x_wconf 91' lang='lat' dir='ltr'>nec</span> <span class='ocrx_word' id='word_1_607' title='bbox 1727 365 1987 396; x_wconf 88' lang='lat' dir='ltr'>annotationibus</span> <span class='ocrx_word' id='word_1_608' title='bbox 2009 366 2204 398; x_wconf 90' lang='lat' dir='ltr'>conveniunt</span> <span class='ocrx_word' id='word_1_609' title='bbox 2222 378 2297 399; x_wconf 93' lang='lat' dir='ltr'>cum</span> <span class='ocrx_word' id='word_1_610' title='bbox 2317 369 2417 401; x_wconf 91' lang='lat' dir='ltr'>Com-</span> 
     </span>
     <span class='ocr_line' id='line_1_79' title="bbox 1344 410 2416 446; baseline 0.006 -6"><span class='ocrx_word' id='word_1_611' title='bbox 1344 426 1357 440; x_wconf 84' lang='lat'>»</span> <span class='ocrx_word' id='word_1_612' title='bbox 1381 412 1535 442; x_wconf 87' lang='lat' dir='ltr'>mentario</span> <span class='ocrx_word' id='word_1_613' title='bbox 1566 412 1624 441; x_wconf 93' lang='lat' dir='ltr'>sub</span> <span class='ocrx_word' id='word_1_614' title='bbox 1654 410 1785 440; x_wconf 91' lang='lat' dir='ltr'>nomine</span> <span class='ocrx_word' id='word_1_615' title='bbox 1816 410 1914 440; x_wconf 89' lang='lat' dir='ltr'>sancti</span> <span class='ocrx_word' id='word_1_616' title='bbox 1938 410 2086 440; x_wconf 90' lang='lat' dir='ltr'>Doctoris</span> <span class='ocrx_word' id='word_1_617' title='bbox 2117 411 2212 442; x_wconf 89' lang='lat' dir='ltr'>edito.</span> <span class='ocrx_word' id='word_1_618' title='bbox 2231 425 2246 439; x_wconf 80' lang='grc'><em>»</em></span> <span class='ocrx_word' id='word_1_619' title='bbox 2280 414 2416 446; x_wconf 90' lang='lat' dir='ltr'>Echardi</span> 
     </span>
     <span class='ocr_line' id='line_1_80' title="bbox 1339 454 2415 496; baseline 0.004 -10"><span class='ocrx_word' id='word_1_620' title='bbox 1339 457 1445 496; x_wconf 88' lang='lat' dir='ltr'>itaque</span> <span class='ocrx_word' id='word_1_621' title='bbox 1468 455 1529 485; x_wconf 87' lang='lat' dir='ltr'>fide</span> <span class='ocrx_word' id='word_1_622' title='bbox 1554 461 1687 492; x_wconf 89' lang='lat' dir='ltr'>constat,</span> <span class='ocrx_word' id='word_1_623' title='bbox 1708 454 1987 485; x_wconf 84' lang='lat' dir='ltr'>Commentarium</span> <span class='ocrx_word' id='word_1_624' title='bbox 2006 455 2089 485; x_wconf 89' lang='lat' dir='ltr'>Petri</span> <span class='ocrx_word' id='word_1_625' title='bbox 2109 455 2255 496; x_wconf 86' lang='lat' dir='ltr'>Scaligeri</span> <span class='ocrx_word' id='word_1_626' title='bbox 2275 459 2307 488; x_wconf 89' lang='lat' dir='ltr'>in</span> <span class='ocrx_word' id='word_1_627' title='bbox 2328 460 2415 490; x_wconf 84' lang='lat' dir='ltr'>Mat-</span> 
     </span>
     <span class='ocr_line' id='line_1_81' title="bbox 1340 498 2415 541; baseline 0.003 -10"><span class='ocrx_word' id='word_1_628' title='bbox 1340 501 1467 531; x_wconf 87' lang='lat' dir='ltr'>thaeum</span> <span class='ocrx_word' id='word_1_629' title='bbox 1487 499 1519 529; x_wconf 88' lang='lat' dir='ltr'>in</span> <span class='ocrx_word' id='word_1_630' title='bbox 1540 506 1679 539; x_wconf 90' lang='lat' dir='ltr'>quatuor</span> <span class='ocrx_word' id='word_1_631' title='bbox 1702 498 1864 529; x_wconf 90' lang='lat' dir='ltr'>codicibus</span> <span class='ocrx_word' id='word_1_632' title='bbox 1888 498 2047 537; x_wconf 88' lang='lat' dir='ltr'>Parisinis,</span> <span class='ocrx_word' id='word_1_633' title='bbox 2067 510 2150 540; x_wconf 83' lang='lat' dir='ltr'>quos</span> <span class='ocrx_word' id='word_1_634' title='bbox 2174 500 2241 541; x_wconf 89' lang='lat' dir='ltr'>ipse</span> <span class='ocrx_word' id='word_1_635' title='bbox 2264 502 2343 533; x_wconf 89' lang='lat' dir='ltr'>vidit</span> <span class='ocrx_word' id='word_1_636' title='bbox 2364 503 2415 534; x_wconf 93' lang='lat' dir='ltr'>lu-</span> 
     </span>
     <span class='ocr_line' id='line_1_82' title="bbox 1339 543 2414 587; baseline 0.005 -13"><span class='ocrx_word' id='word_1_637' title='bbox 1339 544 1529 584; x_wconf 88' lang='lat' dir='ltr'>stravitque,</span> <span class='ocrx_word' id='word_1_638' title='bbox 1560 543 1719 582; x_wconf 87' lang='lat' dir='ltr'>integrum</span> <span class='ocrx_word' id='word_1_639' title='bbox 1752 543 1925 573; x_wconf 83' lang='lat' dir='ltr'>adservari:</span> <span class='ocrx_word' id='word_1_640' title='bbox 1950 543 2122 584; x_wconf 90' lang='lat' dir='ltr'>ipsumque</span> <span class='ocrx_word' id='word_1_641' title='bbox 2146 555 2204 576; x_wconf 90' lang='lat' dir='ltr'>nec</span> <span class='ocrx_word' id='word_1_642' title='bbox 2228 547 2331 587; x_wconf 90' lang='lat' dir='ltr'>stylo,</span> <span class='ocrx_word' id='word_1_643' title='bbox 2356 558 2414 580; x_wconf 92' lang='lat' dir='ltr'>nec</span> 
     </span>
     <span class='ocr_line' id='line_1_83' title="bbox 1338 587 2412 632; baseline 0.005 -14"><span class='ocrx_word' id='word_1_644' title='bbox 1338 587 1598 618; x_wconf 84' lang='lat' dir='ltr'>annotationibus</span> <span class='ocrx_word' id='word_1_645' title='bbox 1622 587 1790 617; x_wconf 90' lang='lat' dir='ltr'>convenire</span> <span class='ocrx_word' id='word_1_646' title='bbox 1814 598 1889 618; x_wconf 90' lang='lat' dir='ltr'>cum</span> <span class='ocrx_word' id='word_1_647' title='bbox 1909 588 2117 628; x_wconf 86' lang='lat' dir='ltr'>expositione,</span> <span class='ocrx_word' id='word_1_648' title='bbox 2137 599 2201 630; x_wconf 90' lang='lat' dir='ltr'>qua</span> <span class='ocrx_word' id='word_1_649' title='bbox 2221 590 2258 621; x_wconf 92' lang='lat' dir='ltr'>de</span> <span class='ocrx_word' id='word_1_650' title='bbox 2278 592 2412 632; x_wconf 90' lang='lat' dir='ltr'>agimus.</span> 
     </span>
     <span class='ocr_line' id='line_1_84' title="bbox 1337 631 2413 676; baseline 0.007 -15"><span class='ocrx_word' id='word_1_651' title='bbox 1337 631 1591 662; x_wconf 89' lang='lat' dir='ltr'>Abiudicandam</span> <span class='ocrx_word' id='word_1_652' title='bbox 1611 641 1685 671; x_wconf 87' lang='lat' dir='ltr'>ergo</span> <span class='ocrx_word' id='word_1_653' title='bbox 1705 631 1787 662; x_wconf 92' lang='lat' dir='ltr'>hanc</span> <span class='ocrx_word' id='word_1_654' title='bbox 1802 642 1868 662; x_wconf 90' lang='lat' dir='ltr'>esse</span> <span class='ocrx_word' id='word_1_655' title='bbox 1883 633 1977 663; x_wconf 90' lang='lat' dir='ltr'>Petro</span> <span class='ocrx_word' id='word_1_656' title='bbox 1999 633 2037 663; x_wconf 91' lang='lat' dir='ltr'>de</span> <span class='ocrx_word' id='word_1_657' title='bbox 2053 633 2152 672; x_wconf 84' lang='lat' dir='ltr'>Scala,</span> <span class='ocrx_word' id='word_1_658' title='bbox 2169 634 2307 676; x_wconf 92' lang='lat' dir='ltr'>divoque</span> <span class='ocrx_word' id='word_1_659' title='bbox 2322 637 2413 668; x_wconf 87' lang='lat' dir='ltr'>Tho-</span> 
     </span>
     <span class='ocr_line' id='line_1_85' title="bbox 1337 675 2414 717; baseline 0.006 -12"><span class='ocrx_word' id='word_1_660' title='bbox 1337 686 1407 706; x_wconf 88' lang='lat' dir='ltr'>mae</span> <span class='ocrx_word' id='word_1_661' title='bbox 1423 686 1497 706; x_wconf 91' lang='lat' dir='ltr'>cum</span> <span class='ocrx_word' id='word_1_662' title='bbox 1511 675 1758 706; x_wconf 82' lang='lat' dir='ltr'>Bartholomaeo</span> <span class='ocrx_word' id='word_1_663' title='bbox 1770 676 1808 707; x_wconf 92' lang='lat' dir='ltr'>de</span> <span class='ocrx_word' id='word_1_664' title='bbox 1824 677 1921 717; x_wconf 88' lang='lat' dir='ltr'>Spina</span> <span class='ocrx_word' id='word_1_665' title='bbox 1936 677 2177 717; x_wconf 90' lang='lat' dir='ltr'>diligentissimo</span> <span class='ocrx_word' id='word_1_666' title='bbox 2194 679 2338 711; x_wconf 91' lang='lat' dir='ltr'>eiusdem</span> <span class='ocrx_word' id='word_1_667' title='bbox 2348 682 2414 713; x_wconf 90' lang='lat' dir='ltr'>edi-</span> 
     </span>
     <span class='ocr_line' id='line_1_86' title="bbox 1336 720 2011 762; baseline 0.003 -12"><span class='ocrx_word' id='word_1_668' title='bbox 1336 727 1404 750; x_wconf 90' lang='lat' dir='ltr'>tore</span> <span class='ocrx_word' id='word_1_669' title='bbox 1428 720 1629 750; x_wconf 87' lang='lat' dir='ltr'>tribuendam</span> <span class='ocrx_word' id='word_1_670' title='bbox 1653 730 1750 750; x_wconf 91' lang='lat' dir='ltr'>nemo</span> <span class='ocrx_word' id='word_1_671' title='bbox 1775 721 1839 751; x_wconf 85' lang='lat' dir='ltr'>iam</span> <span class='ocrx_word' id='word_1_672' title='bbox 1862 721 2011 762; x_wconf 85' lang='lat' dir='ltr'>ambigat.</span> 
     </span>
    </p>

    <p class='ocr_par' dir='ltr' id='par_1_8' title="bbox 1334 763 2414 986">
     <span class='ocr_line' id='line_1_87' title="bbox 1402 763 2414 807; baseline 0.007 -13"><span class='ocrx_word' id='word_1_673' title='bbox 1402 763 1450 795; x_wconf 85' lang='lat' dir='ltr'>Ex</span> <span class='ocrx_word' id='word_1_674' title='bbox 1473 765 1589 795; x_wconf 90' lang='lat' dir='ltr'>eodem</span> <span class='ocrx_word' id='word_1_675' title='bbox 1612 763 1858 797; x_wconf 83' lang='lat' dir='ltr'>Commentario</span> <span class='ocrx_word' id='word_1_676' title='bbox 1880 766 1964 797; x_wconf 86' lang='lat' dir='ltr'>Petn’</span> <span class='ocrx_word' id='word_1_677' title='bbox 1988 766 2135 807; x_wconf 82' lang='lat' dir='ltr'>Scaligeri</span> <span class='ocrx_word' id='word_1_678' title='bbox 2158 767 2229 799; x_wconf 83' lang='lat' dir='ltr'>loca</span> <span class='ocrx_word' id='word_1_679' title='bbox 2258 770 2414 801; x_wconf 84' lang='lat' dir='ltr'>nonnulla</span> 
     </span>
     <span class='ocr_line' id='line_1_88' title="bbox 1336 809 2414 853; baseline 0.006 -15"><span class='ocrx_word' id='word_1_680' title='bbox 1336 809 1482 850; x_wconf 89' lang='lat' dir='ltr'>decerpta</span> <span class='ocrx_word' id='word_1_681' title='bbox 1501 809 1664 839; x_wconf 90' lang='lat' dir='ltr'>Echardus</span> <span class='ocrx_word' id='word_1_682' title='bbox 1684 809 1808 841; x_wconf 86' lang='lat' dir='ltr'>exhibet</span> <span class='ocrx_word' id='word_1_683' title='bbox 1831 810 1864 840; x_wconf 92' lang='lat' dir='ltr'>in</span> <span class='ocrx_word' id='word_1_684' title='bbox 1889 811 1956 842; x_wconf 89' lang='lat' dir='ltr'>eius</span> <span class='ocrx_word' id='word_1_685' title='bbox 1976 811 2092 851; x_wconf 87' lang='lat' dir='ltr'>elogio,</span> <span class='ocrx_word' id='word_1_686' title='bbox 2108 822 2190 853; x_wconf 85' lang='lat' dir='ltr'>quae</span> <span class='ocrx_word' id='word_1_687' title='bbox 2209 813 2301 845; x_wconf 89' lang='lat' dir='ltr'>liceat</span> <span class='ocrx_word' id='word_1_688' title='bbox 2314 814 2414 845; x_wconf 92' lang='lat' dir='ltr'>lecto-</span> 
     </span>
     <span class='ocr_line' id='line_1_89' title="bbox 1335 853 2413 896; baseline 0.006 -13"><span class='ocrx_word' id='word_1_689' title='bbox 1335 863 1408 883; x_wconf 90' lang='lat' dir='ltr'>rum</span> <span class='ocrx_word' id='word_1_690' title='bbox 1431 853 1533 884; x_wconf 91' lang='lat' dir='ltr'>oculis</span> <span class='ocrx_word' id='word_1_691' title='bbox 1567 853 1681 884; x_wconf 85' lang='lat' dir='ltr'>collata</span> <span class='ocrx_word' id='word_1_692' title='bbox 1709 854 1862 885; x_wconf 90' lang='lat' dir='ltr'>subiicere</span> <span class='ocrx_word' id='word_1_693' title='bbox 1886 865 1959 886; x_wconf 86' lang='lat' dir='ltr'>cum</span> <span class='ocrx_word' id='word_1_694' title='bbox 1993 856 2192 896; x_wconf 86' lang='lat' dir='ltr'>expositione</span> <span class='ocrx_word' id='word_1_695' title='bbox 2216 868 2239 888; x_wconf 94' lang='lat' dir='ltr'>s.</span> <span class='ocrx_word' id='word_1_696' title='bbox 2263 859 2413 890; x_wconf 91' lang='lat' dir='ltr'>Doctoris</span> 
     </span>
     <span class='ocr_line' id='line_1_90' title="bbox 1334 897 2412 943; baseline 0.006 -16"><span class='ocrx_word' id='word_1_697' title='bbox 1334 897 1503 938; x_wconf 86' lang='lat' dir='ltr'>Aquinatis</span> <span class='ocrx_word' id='word_1_698' title='bbox 1523 898 1654 928; x_wconf 90' lang='lat' dir='ltr'>nomine</span> <span class='ocrx_word' id='word_1_699' title='bbox 1674 898 1832 939; x_wconf 89' lang='lat' dir='ltr'>insignita,</span> <span class='ocrx_word' id='word_1_700' title='bbox 1852 906 1888 930; x_wconf 95' lang='lat' dir='ltr'>ut</span> <span class='ocrx_word' id='word_1_701' title='bbox 1906 900 2059 931; x_wconf 88' lang='lat' dir='ltr'>latissima</span> <span class='ocrx_word' id='word_1_702' title='bbox 2077 901 2183 932; x_wconf 91' lang='lat' dir='ltr'>statim</span> <span class='ocrx_word' id='word_1_703' title='bbox 2202 910 2351 943; x_wconf 86' lang='lat' dir='ltr'>appareat</span> <span class='ocrx_word' id='word_1_704' title='bbox 2365 904 2412 934; x_wconf 95' lang='lat' dir='ltr'>di-</span> 
     </span>
     <span class='ocr_line' id='line_1_91' title="bbox 1335 943 2410 986; baseline 0.007 -14"><span class='ocrx_word' id='word_1_705' title='bbox 1335 943 1520 982; x_wconf 85' lang='lat' dir='ltr'>screpantia,</span> <span class='ocrx_word' id='word_1_706' title='bbox 1539 943 1759 984; x_wconf 88' lang='lat' dir='ltr'>iudiciumque</span> <span class='ocrx_word' id='word_1_707' title='bbox 1783 954 1932 984; x_wconf 91' lang='lat' dir='ltr'>praeceps</span> <span class='ocrx_word' id='word_1_708' title='bbox 1957 945 2085 975; x_wconf 91' lang='lat' dir='ltr'>Vielmii</span> <span class='ocrx_word' id='word_1_709' title='bbox 2105 946 2205 986; x_wconf 87' lang='lat' dir='ltr'>magis</span> <span class='ocrx_word' id='word_1_710' title='bbox 2223 947 2410 980; x_wconf 87' lang='lat' dir='ltr'>innotescat.</span> 
     </span>
    </p>
   </div>
   <div class='ocr_carea' id='block_1_5' title="bbox 1332 1031 2412 1207">
    <p class='ocr_par' dir='ltr' id='par_1_9' title="bbox 1332 1031 2412 1157">
     <span class='ocr_line' id='line_1_92' title="bbox 1332 1031 2412 1078; baseline 0.006 -17"><span class='ocrx_word' id='word_1_711' title='bbox 1332 1031 1535 1062; x_wconf 84' lang='lat' dir='ltr'>Prooemium</span> <span class='ocrx_word' id='word_1_712' title='bbox 1578 1042 1604 1063; x_wconf 90' lang='lat' dir='ltr'>s.</span> <span class='ocrx_word' id='word_1_713' title='bbox 1641 1033 1780 1063; x_wconf 77' lang='lat' dir='ltr'>Thomae</span> <span class='ocrx_word' id='word_1_714' title='bbox 1815 1034 1847 1063; x_wconf 90' lang='lat' dir='ltr'>in</span> <span class='ocrx_word' id='word_1_715' title='bbox 1894 1033 2056 1074; x_wconf 83' lang='lat' dir='ltr'>Prologus</span> <span class='ocrx_word' id='word_1_716' title='bbox 2091 1034 2114 1064; x_wconf 94' lang='lat' dir='ltr'><em>I</em></span> <span class='ocrx_word' id='word_1_717' title='bbox 2137 1035 2226 1065; x_wconf 85' lang='lat' dir='ltr'>Petri</span> <span class='ocrx_word' id='word_1_718' title='bbox 2249 1036 2412 1078; x_wconf 83' lang='lat' dir='ltr'>Scaligeri</span> 
     </span>
     <span class='ocr_line' id='line_1_93' title="bbox 1381 1075 2410 1121; baseline 0.006 -15"><span class='ocrx_word' id='word_1_719' title='bbox 1381 1075 1853 1118; x_wconf 88' lang='lat' dir='ltr'>CommentariumsuperMat-</span> <span class='ocrx_word' id='word_1_720' title='bbox 1945 1079 1977 1108; x_wconf 91' lang='lat' dir='ltr'>in</span> <span class='ocrx_word' id='word_1_721' title='bbox 2006 1079 2172 1110; x_wconf 89' lang='lat' dir='ltr'>Postillam</span> <span class='ocrx_word' id='word_1_722' title='bbox 2201 1089 2300 1121; x_wconf 90' lang='lat' dir='ltr'>super</span> <span class='ocrx_word' id='word_1_723' title='bbox 2322 1083 2410 1113; x_wconf 87' lang='lat' dir='ltr'>Mat-</span> 
     </span>
     <span class='ocr_line' id='line_1_94' title="bbox 1378 1120 2410 1157; baseline 0.006 -6"><span class='ocrx_word' id='word_1_724' title='bbox 1378 1120 1517 1152; x_wconf 81' lang='lat' dir='ltr'>thaeum.</span> <span class='ocrx_word' id='word_1_725' title='bbox 1939 1123 2066 1153; x_wconf 91' lang='lat' dir='ltr'>thaeum</span> <span class='ocrx_word' id='word_1_726' title='bbox 2101 1134 2143 1154; x_wconf 83' lang='lat' dir='ltr'>ex</span> <span class='ocrx_word' id='word_1_727' title='bbox 2184 1125 2252 1156; x_wconf 92' lang='lat' dir='ltr'>cod.</span> <span class='ocrx_word' id='word_1_728' title='bbox 2275 1126 2410 1157; x_wconf 89' lang='lat' dir='ltr'>Sorbon.</span> 
     </span>
    </p>

    <p class='ocr_par' dir='ltr' id='par_1_10' title="bbox 1939 1168 2247 1207">
     <span class='ocr_line' id='line_1_95' title="bbox 1939 1168 2247 1207; baseline 0.01 -10"><span class='ocrx_word' id='word_1_729' title='bbox 1939 1168 2028 1207; x_wconf 90' lang='lat' dir='ltr'>apud</span> <span class='ocrx_word' id='word_1_730' title='bbox 2050 1168 2247 1200; x_wconf 89' lang='lat' dir='ltr'>Echardum.</span> 
     </span>
    </p>
   </div>
   <div class='ocr_carea' id='block_1_6' title="bbox 1327 1254 2410 1643">
    <p class='ocr_par' dir='ltr' id='par_1_11' title="bbox 1327 1254 2410 1643">
     <span class='ocr_line' id='line_1_96' title="bbox 1375 1254 1847 1286; baseline 0.004 -2"><span class='ocrx_word' id='word_1_731' title='bbox 1375 1266 1390 1281; x_wconf 88' lang='lat'>«</span> <span class='ocrx_word' id='word_1_732' title='bbox 1401 1254 1589 1286; x_wconf 88' lang='lat' dir='ltr'>Matthaeus</span> <span class='ocrx_word' id='word_1_733' title='bbox 1604 1265 1646 1286; x_wconf 90' lang='lat' dir='ltr'>ex</span> <span class='ocrx_word' id='word_1_734' title='bbox 1659 1255 1782 1286; x_wconf 89' lang='lat' dir='ltr'>Iudaea</span> <span class='ocrx_word' id='word_1_735' title='bbox 1791 1262 1847 1286; x_wconf 90' lang='lat' dir='ltr'>etc.</span> 
     </span>
     <span class='ocr_line' id='line_1_97' title="bbox 1331 1297 2410 1344; baseline 0.006 -16"><span class='ocrx_word' id='word_1_736' title='bbox 1331 1297 1550 1340; x_wconf 89' lang='lat' dir='ltr'>Hieronymus</span> <span class='ocrx_word' id='word_1_737' title='bbox 1574 1300 1746 1340; x_wconf 90' lang='lat' dir='ltr'>praemittit</span> <span class='ocrx_word' id='word_1_738' title='bbox 1774 1310 1847 1341; x_wconf 88' lang='lat' dir='ltr'>pro·</span> <span class='ocrx_word' id='word_1_739' title='bbox 1894 1311 1966 1332; x_wconf 89' lang='lat' dir='ltr'>rum</span> <span class='ocrx_word' id='word_1_740' title='bbox 2006 1311 2141 1333; x_wconf 88' lang='lat' dir='ltr'>suarum</span> <span class='ocrx_word' id='word_1_741' title='bbox 2180 1304 2345 1344; x_wconf 85' lang='lat' dir='ltr'>principia</span> <span class='ocrx_word' id='word_1_742' title='bbox 2378 1310 2410 1336; x_wconf 89' lang='lat' dir='ltr'>et</span> 
     </span>
     <span class='ocr_line' id='line_1_98' title="bbox 1331 1341 2410 1388; baseline 0.007 -16"><span class='ocrx_word' id='word_1_743' title='bbox 1331 1341 1454 1382; x_wconf 88' lang='lat' dir='ltr'>logum,</span> <span class='ocrx_word' id='word_1_744' title='bbox 1470 1344 1502 1374; x_wconf 91' lang='lat' dir='ltr'>in</span> <span class='ocrx_word' id='word_1_745' title='bbox 1518 1354 1584 1385; x_wconf 93' lang='lat' dir='ltr'>quo</span> <span class='ocrx_word' id='word_1_746' title='bbox 1604 1345 1663 1375; x_wconf 86' lang='lat' dir='ltr'>tria</span> <span class='ocrx_word' id='word_1_747' title='bbox 1682 1345 1769 1375; x_wconf 85' lang='lat' dir='ltr'>facit:</span> <span class='ocrx_word' id='word_1_748' title='bbox 1786 1345 1848 1385; x_wconf 91' lang='lat' dir='ltr'>pri·</span> <span class='ocrx_word' id='word_1_749' title='bbox 1895 1355 1978 1376; x_wconf 92' lang='lat' dir='ltr'>auro</span> <span class='ocrx_word' id='word_1_750' title='bbox 2004 1347 2093 1377; x_wconf 89' lang='lat' dir='ltr'>locus</span> <span class='ocrx_word' id='word_1_751' title='bbox 2117 1353 2163 1378; x_wconf 90' lang='lat' dir='ltr'>est</span> <span class='ocrx_word' id='word_1_752' title='bbox 2187 1349 2219 1378; x_wconf 91' lang='lat' dir='ltr'>in</span> <span class='ocrx_word' id='word_1_753' title='bbox 2244 1358 2307 1388; x_wconf 85' lang='lat' dir='ltr'>quo</span> <span class='ocrx_word' id='word_1_754' title='bbox 2335 1359 2410 1380; x_wconf 93' lang='lat' dir='ltr'>con-</span> 
     </span>
     <span class='ocr_line' id='line_1_99' title="bbox 1330 1387 2409 1434; baseline 0.007 -17"><span class='ocrx_word' id='word_1_755' title='bbox 1330 1397 1386 1417; x_wconf 92' lang='lat' dir='ltr'>mo</span> <span class='ocrx_word' id='word_1_756' title='bbox 1415 1387 1502 1418; x_wconf 87' lang='lat' dir='ltr'>enim</span> <span class='ocrx_word' id='word_1_757' title='bbox 1533 1389 1642 1429; x_wconf 90' lang='lat' dir='ltr'>ipsum</span> <span class='ocrx_word' id='word_1_758' title='bbox 1672 1391 1847 1432; x_wconf 81' lang='lat' dir='ltr'>Auctorem</span> <span class='ocrx_word' id='word_1_759' title='bbox 1884 1391 1997 1430; x_wconf 86' lang='lat' dir='ltr'>flatur</span> <span class='ocrx_word' id='word_1_760' title='bbox 2017 1389 2094 1433; x_wconf 91' lang='lat' dir='ltr'>(lob</span> <span class='ocrx_word' id='word_1_761' title='bbox 2108 1390 2228 1434; x_wconf 83' lang='lat' dir='ltr'>xxvm).</span> <span class='ocrx_word' id='word_1_762' title='bbox 2254 1393 2343 1424; x_wconf 90' lang='lat' dir='ltr'>Sicut</span> <span class='ocrx_word' id='word_1_763' title='bbox 2362 1394 2409 1425; x_wconf 88' lang='lat' dir='ltr'>di·</span> 
     </span>
     <span class='ocr_line' id='line_1_100' title="bbox 1330 1431 2407 1477; baseline 0.006 -15"><span class='ocrx_word' id='word_1_764' title='bbox 1330 1431 1490 1463; x_wconf 88' lang='lat' dir='ltr'>describit:</span> <span class='ocrx_word' id='word_1_765' title='bbox 1511 1433 1652 1464; x_wconf 90' lang='lat' dir='ltr'>secundo</span> <span class='ocrx_word' id='word_1_766' title='bbox 1682 1433 1845 1474; x_wconf 86' lang='lat' dir='ltr'>Evangelii</span> <span class='ocrx_word' id='word_1_767' title='bbox 1892 1435 1934 1466; x_wconf 92' lang='lat' dir='ltr'>cit</span> <span class='ocrx_word' id='word_1_768' title='bbox 1952 1436 2063 1466; x_wconf 85' lang='lat' dir='ltr'>beatus</span> <span class='ocrx_word' id='word_1_769' title='bbox 2077 1437 2278 1477; x_wconf 85' lang='lat' dir='ltr'>Augustinus</span> <span class='ocrx_word' id='word_1_770' title='bbox 2298 1438 2341 1469; x_wconf 90' lang='lat' dir='ltr'>lv</span> <span class='ocrx_word' id='word_1_771' title='bbox 2352 1438 2407 1470; x_wconf 89' lang='lat' dir='ltr'>lib.</span> 
     </span>
     <span class='ocr_line' id='line_1_101' title="bbox 1329 1476 2408 1522; baseline 0.007 -16"><span class='ocrx_word' id='word_1_772' title='bbox 1329 1476 1478 1517; x_wconf 89' lang='lat' dir='ltr'>mysteria</span> <span class='ocrx_word' id='word_1_773' title='bbox 1513 1478 1628 1518; x_wconf 81' lang='lat' dir='ltr'>aperit,</span> <span class='ocrx_word' id='word_1_774' title='bbox 1661 1477 1720 1508; x_wconf 88' lang='lat' dir='ltr'>ibi:</span> <span class='ocrx_word' id='word_1_775' title='bbox 1753 1479 1844 1509; x_wconf 84' lang='lat' dir='ltr'>Duo·</span> <span class='ocrx_word' id='word_1_776' title='bbox 1891 1479 1929 1510; x_wconf 92' lang='lat' dir='ltr'>de</span> <span class='ocrx_word' id='word_1_777' title='bbox 1954 1480 2106 1511; x_wconf 86' lang='lat' dir='ltr'>Doctrina</span> <span class='ocrx_word' id='word_1_778' title='bbox 2130 1481 2327 1522; x_wconf 87' lang='lat' dir='ltr'>Christiana,</span> <span class='ocrx_word' id='word_1_779' title='bbox 2357 1493 2408 1514; x_wconf 90' lang='lat' dir='ltr'>ca-</span> 
     </span>
     <span class='ocr_line' id='line_1_102' title="bbox 1329 1522 2122 1564; baseline 0.006 -13"><span class='ocrx_word' id='word_1_780' title='bbox 1329 1530 1401 1551; x_wconf 88' lang='lat' dir='ltr'>rum</span> <span class='ocrx_word' id='word_1_781' title='bbox 1426 1522 1459 1552; x_wconf 86' lang='lat' dir='ltr'>in</span> <span class='ocrx_word' id='word_1_782' title='bbox 1483 1532 1518 1553; x_wconf 90' lang='lat' dir='ltr'>se</span> <span class='ocrx_word' id='word_1_783' title='bbox 1536 1529 1616 1561; x_wconf 86' lang='lat' dir='ltr'>etc.;</span> <span class='ocrx_word' id='word_1_784' title='bbox 1639 1522 1731 1553; x_wconf 88' lang='lat' dir='ltr'>tertio</span> <span class='ocrx_word' id='word_1_785' title='bbox 1753 1533 1846 1553; x_wconf 90' lang='lat' dir='ltr'>suam</span> <span class='ocrx_word' id='word_1_786' title='bbox 1892 1523 1955 1564; x_wconf 90' lang='lat' dir='ltr'>pite</span> <span class='ocrx_word' id='word_1_787' title='bbox 1975 1535 2006 1556; x_wconf 87' lang='lat' dir='ltr'>n.</span> <span class='ocrx_word' id='word_1_788' title='bbox 2022 1538 2036 1552; x_wconf 76' lang='grc'>»</span> <span class='ocrx_word' id='word_1_789' title='bbox 2064 1531 2122 1556; x_wconf 91' lang='lat' dir='ltr'>etc.</span> 
     </span>
     <span class='ocr_line' id='line_1_103' title="bbox 1327 1564 1842 1604; baseline 0.006 -9"><span class='ocrx_word' id='word_1_790' title='bbox 1327 1564 1539 1597; x_wconf 90' lang='lat' dir='ltr'>intentionem</span> <span class='ocrx_word' id='word_1_791' title='bbox 1553 1566 1701 1604; x_wconf 89' lang='lat' dir='ltr'>ostendit,</span> <span class='ocrx_word' id='word_1_792' title='bbox 1710 1567 1763 1597; x_wconf 88' lang='lat' dir='ltr'>ibi:</span> <span class='ocrx_word' id='word_1_793' title='bbox 1775 1568 1842 1598; x_wconf 95' lang='grc' dir='ltr'>Νο-</span> 
     </span>
     <span class='ocr_line' id='line_1_104' title="bbox 1327 1609 1836 1643; baseline 0.006 -3"><span class='ocrx_word' id='word_1_794' title='bbox 1327 1609 1375 1641; x_wconf 87' lang='lat' dir='ltr'>bis</span> <span class='ocrx_word' id='word_1_795' title='bbox 1388 1616 1495 1642; x_wconf 87' lang='lat' dir='ltr'>autem</span> <span class='ocrx_word' id='word_1_796' title='bbox 1512 1612 1544 1643; x_wconf 87' lang='lat' dir='ltr'>in</span> <span class='ocrx_word' id='word_1_797' title='bbox 1556 1612 1616 1643; x_wconf 88' lang='lat' dir='ltr'>hoc</span> <span class='ocrx_word' id='word_1_798' title='bbox 1623 1611 1731 1642; x_wconf 86' lang='lat' dir='ltr'>studio</span> <span class='ocrx_word' id='word_1_799' title='bbox 1743 1624 1757 1639; x_wconf 68' lang='grc' dir='ltr'>ιν</span> <span class='ocrx_word' id='word_1_800' title='bbox 1778 1618 1836 1643; x_wconf 91' lang='lat' dir='ltr'>etc.</span> 
     </span>
    </p>
   </div>
   <div class='ocr_carea' id='block_1_7' title="bbox 1944 1257 2409 1299">
    <p class='ocr_par' dir='ltr' id='par_1_12' title="bbox 1944 1257 2409 1299">
     <span class='ocr_line' id='line_1_105' title="bbox 1944 1257 2409 1299; baseline 0.013 -14"><span class='ocrx_word' id='word_1_801' title='bbox 1944 1269 1958 1284; x_wconf 86' lang='lat'>«</span> <span class='ocrx_word' id='word_1_802' title='bbox 1980 1257 2090 1288; x_wconf 89' lang='lat' dir='ltr'>Habet</span> <span class='ocrx_word' id='word_1_803' title='bbox 2112 1264 2286 1299; x_wconf 84' lang='lat' dir='ltr'>argentum</span> <span class='ocrx_word' id='word_1_804' title='bbox 2312 1270 2409 1291; x_wconf 82' lang='lat' dir='ltr'>vena-</span> 
     </span>
    </p>
   </div>
   <div class='ocr_carea' id='block_1_8' title="bbox 1890 1702 2406 1780">
    <p class='ocr_par' dir='ltr' id='par_1_13' title="bbox 1890 1702 2406 1780">
     <span class='ocr_line' id='line_1_106' title="bbox 1890 1702 2406 1744; baseline 0.008 -11"><span class='ocrx_word' id='word_1_805' title='bbox 1890 1702 2053 1744; x_wconf 84' lang='lat' dir='ltr'>Prologus</span> <span class='ocrx_word' id='word_1_806' title='bbox 2067 1702 2109 1734; x_wconf 90' lang='lat' dir='ltr'>II</span> <span class='ocrx_word' id='word_1_807' title='bbox 2118 1713 2161 1738; x_wconf 85' lang='lat' dir='ltr'>ex</span> <span class='ocrx_word' id='word_1_808' title='bbox 2170 1703 2260 1735; x_wconf 85' lang='lat' dir='ltr'>codd.</span> <span class='ocrx_word' id='word_1_809' title='bbox 2271 1704 2406 1737; x_wconf 85' lang='lat' dir='ltr'>Sorbon.</span> 
     </span>
     <span class='ocr_line' id='line_1_107' title="bbox 1936 1747 2167 1780; baseline 0.013 -3"><span class='ocrx_word' id='word_1_810' title='bbox 1936 1752 1966 1778; x_wconf 87' lang='lat' dir='ltr'>et</span> <span class='ocrx_word' id='word_1_811' title='bbox 1997 1747 2167 1780; x_wconf 86' lang='lat' dir='ltr'>Victorino.</span> 
     </span>
    </p>
   </div>
   <div class='ocr_carea' id='block_1_9' title="bbox 1314 1833 2405 3390">
    <p class='ocr_par' dir='ltr' id='par_1_14' title="bbox 1883 1833 2405 2270">
     <span class='ocr_line' id='line_1_108' title="bbox 1938 1833 2405 1878; baseline 0.015 -14"><span class='ocrx_word' id='word_1_812' title='bbox 1938 1849 1953 1864; x_wconf 72' lang='lat'><strong>«</strong></span> <span class='ocrx_word' id='word_1_813' title='bbox 1976 1835 2123 1868; x_wconf 88' lang='lat' dir='ltr'>Ostendit</span> <span class='ocrx_word' id='word_1_814' title='bbox 2154 1837 2233 1869; x_wconf 84' lang='lat' dir='ltr'>mihi</span> <span class='ocrx_word' id='word_1_815' title='bbox 2255 1833 2405 1878; x_wconf 70' lang='lat' dir='ltr'>‘fluvium</span> 
     </span>
     <span class='ocr_line' id='line_1_109' title="bbox 1886 1881 2404 1924; baseline 0.008 -13"><span class='ocrx_word' id='word_1_816' title='bbox 1886 1890 1991 1922; x_wconf 89' lang='lat' dir='ltr'>aquae</span> <span class='ocrx_word' id='word_1_817' title='bbox 2013 1881 2216 1922; x_wconf 79' lang='lat' dir='ltr'>splendidum</span> <span class='ocrx_word' id='word_1_818' title='bbox 2239 1887 2404 1924; x_wconf 80' lang='lat' dir='ltr'>tamquam</span> 
     </span>
     <span class='ocr_line' id='line_1_110' title="bbox 1890 1925 2405 1967; baseline 0.01 -12"><span class='ocrx_word' id='word_1_819' title='bbox 1890 1925 2091 1957; x_wconf 84' lang='lat' dir='ltr'>christallum</span> <span class='ocrx_word' id='word_1_820' title='bbox 2109 1927 2337 1967; x_wconf 87' lang='lat' dir='ltr'>procedentem</span> <span class='ocrx_word' id='word_1_821' title='bbox 2364 1928 2405 1960; x_wconf 90' lang='lat' dir='ltr'>de</span> 
     </span>
     <span class='ocr_line' id='line_1_111' title="bbox 1884 1970 2404 2014; baseline 0.008 -14"><span class='ocrx_word' id='word_1_822' title='bbox 1884 1970 1960 2001; x_wconf 86' lang='lat' dir='ltr'>sede</span> <span class='ocrx_word' id='word_1_823' title='bbox 1974 1970 2039 2001; x_wconf 88' lang='lat' dir='ltr'>Dei</span> <span class='ocrx_word' id='word_1_824' title='bbox 2057 1975 2088 2001; x_wconf 89' lang='lat' dir='ltr'>et</span> <span class='ocrx_word' id='word_1_825' title='bbox 2102 1971 2194 2013; x_wconf 80' lang='lat' dir='ltr'>agni.</span> <span class='ocrx_word' id='word_1_826' title='bbox 2208 1971 2312 2003; x_wconf 77' lang='lat' dir='ltr'>Verba</span> <span class='ocrx_word' id='word_1_827' title='bbox 2330 1982 2404 2014; x_wconf 87' lang='lat' dir='ltr'>pro—</span> 
     </span>
     <span class='ocr_line' id='line_1_112' title="bbox 1886 2014 2403 2059; baseline 0.006 -14"><span class='ocrx_word' id='word_1_828' title='bbox 1886 2014 1991 2055; x_wconf 86' lang='lat' dir='ltr'>posita</span> <span class='ocrx_word' id='word_1_829' title='bbox 2009 2014 2123 2056; x_wconf 82' lang='lat' dir='ltr'>scripta</span> <span class='ocrx_word' id='word_1_830' title='bbox 2144 2022 2219 2048; x_wconf 89' lang='lat' dir='ltr'>sunt</span> <span class='ocrx_word' id='word_1_831' title='bbox 2236 2026 2300 2048; x_wconf 84' lang='lat' dir='ltr'>xxn</span> <span class='ocrx_word' id='word_1_832' title='bbox 2314 2018 2403 2059; x_wconf 85' lang='lat' dir='ltr'>Apo-</span> 
     </span>
     <span class='ocr_line' id='line_1_113' title="bbox 1887 2059 2404 2104; baseline 0.01 -14"><span class='ocrx_word' id='word_1_833' title='bbox 1887 2059 1944 2090; x_wconf 86' lang='lat' dir='ltr'>cal.</span> <span class='ocrx_word' id='word_1_834' title='bbox 1972 2059 2005 2090; x_wconf 91' lang='lat' dir='ltr'>in</span> <span class='ocrx_word' id='word_1_835' title='bbox 2029 2059 2147 2102; x_wconf 87' lang='lat' dir='ltr'>quibus</span> <span class='ocrx_word' id='word_1_836' title='bbox 2175 2060 2277 2092; x_wconf 89' lang='lat' dir='ltr'>verbis</span> <span class='ocrx_word' id='word_1_837' title='bbox 2307 2071 2404 2104; x_wconf 82' lang='lat' dir='ltr'>super</span> 
     </span>
     <span class='ocr_line' id='line_1_114' title="bbox 1888 2104 2403 2146; baseline 0.008 -11"><span class='ocrx_word' id='word_1_838' title='bbox 1888 2110 2036 2145; x_wconf 88' lang='lat' dir='ltr'>suscepto</span> <span class='ocrx_word' id='word_1_839' title='bbox 2062 2114 2158 2145; x_wconf 88' lang='lat' dir='ltr'>opere</span> <span class='ocrx_word' id='word_1_840' title='bbox 2181 2104 2214 2135; x_wconf 90' lang='lat' dir='ltr'>in</span> <span class='ocrx_word' id='word_1_841' title='bbox 2231 2105 2403 2146; x_wconf 80' lang='lat' dir='ltr'>expositio-</span> 
     </span>
     <span class='ocr_line' id='line_1_115' title="bbox 1883 2147 2403 2189; baseline 0.008 -10"><span class='ocrx_word' id='word_1_842' title='bbox 1883 2157 1923 2179; x_wconf 89' lang='lat' dir='ltr'>ne</span> <span class='ocrx_word' id='word_1_843' title='bbox 1942 2147 2106 2189; x_wconf 83' lang='lat' dir='ltr'>Evangelii</span> <span class='ocrx_word' id='word_1_844' title='bbox 2124 2149 2302 2181; x_wconf 90' lang='lat' dir='ltr'>secundum</span> <span class='ocrx_word' id='word_1_845' title='bbox 2320 2150 2403 2183; x_wconf 79' lang='lat' dir='ltr'>Mat·</span> 
     </span>
     <span class='ocr_line' id='line_1_116' title="bbox 1885 2192 2404 2236; baseline 0.01 -13"><span class='ocrx_word' id='word_1_846' title='bbox 1885 2192 2036 2232; x_wconf 84' lang='lat' dir='ltr'>thaeum,</span> <span class='ocrx_word' id='word_1_847' title='bbox 2073 2203 2167 2224; x_wconf 85' lang='lat' dir='ltr'>causa</span> <span class='ocrx_word' id='word_1_848' title='bbox 2203 2194 2404 2236; x_wconf 83' lang='lat' dir='ltr'>quadruplex</span> 
     </span>
     <span class='ocr_line' id='line_1_117' title="bbox 1885 2237 2176 2270; baseline 0.01 -3"><span class='ocrx_word' id='word_1_849' title='bbox 1885 2237 2060 2269; x_wconf 84' lang='lat' dir='ltr'>declaratur</span> <span class='ocrx_word' id='word_1_850' title='bbox 2076 2250 2091 2266; x_wconf 71' lang='grc' dir='ltr'>ιι</span> <span class='ocrx_word' id='word_1_851' title='bbox 2118 2245 2176 2270; x_wconf 80' lang='lat' dir='ltr'>etc.</span> 
     </span>
    </p>

    <p class='ocr_par' dir='ltr' id='par_1_15' title="bbox 1314 2323 2404 3390">
     <span class='ocr_line' id='line_1_118' title="bbox 1390 2323 2404 2370; baseline 0.006 -16"><span class='ocrx_word' id='word_1_852' title='bbox 1390 2323 1615 2356; x_wconf 83' lang='lat' dir='ltr'>Animadverte</span> <span class='ocrx_word' id='word_1_853' title='bbox 1635 2325 1667 2355; x_wconf 89' lang='lat' dir='ltr'>in</span> <span class='ocrx_word' id='word_1_854' title='bbox 1687 2325 1825 2366; x_wconf 83' lang='lat' dir='ltr'>antiquis</span> <span class='ocrx_word' id='word_1_855' title='bbox 1848 2325 2056 2358; x_wconf 87' lang='lat' dir='ltr'>Bibliis·mss.</span> <span class='ocrx_word' id='word_1_856' title='bbox 2081 2326 2254 2369; x_wconf 89' lang='lat' dir='ltr'>editisque,</span> <span class='ocrx_word' id='word_1_857' title='bbox 2278 2334 2404 2370; x_wconf 84' lang='lat' dir='ltr'>praeter</span> 
     </span>
     <span class='ocr_line' id='line_1_119' title="bbox 1322 2368 2401 2413; baseline 0.006 -15"><span class='ocrx_word' id='word_1_858' title='bbox 1322 2368 1500 2407; x_wconf 83' lang='lat' dir='ltr'>genuinum</span> <span class='ocrx_word' id='word_1_859' title='bbox 1523 2369 1714 2411; x_wconf 90' lang='lat' dir='ltr'>Hieronymi</span> <span class='ocrx_word' id='word_1_860' title='bbox 1738 2370 1911 2411; x_wconf 84' lang='lat' dir='ltr'>prologum</span> <span class='ocrx_word' id='word_1_861' title='bbox 1934 2370 1966 2401; x_wconf 89' lang='lat' dir='ltr'>in</span> <span class='ocrx_word' id='word_1_862' title='bbox 1990 2378 2130 2412; x_wconf 83' lang='lat' dir='ltr'>quatuor</span> <span class='ocrx_word' id='word_1_863' title='bbox 2152 2372 2325 2413; x_wconf 80' lang='lat' dir='ltr'>Evangelia</span> <span class='ocrx_word' id='word_1_864' title='bbox 2337 2373 2401 2404; x_wconf 87' lang='lat' dir='ltr'>Da-</span> 
     </span>
     <span class='ocr_line' id='line_1_120' title="bbox 1323 2413 2403 2459; baseline 0.006 -16"><span class='ocrx_word' id='word_1_865' title='bbox 1323 2421 1413 2444; x_wconf 82' lang='lat' dir='ltr'>maso</span> <span class='ocrx_word' id='word_1_866' title='bbox 1436 2413 1542 2454; x_wconf 85' lang='lat' dir='ltr'>Papae</span> <span class='ocrx_word' id='word_1_867' title='bbox 1565 2414 1773 2455; x_wconf 86' lang='lat' dir='ltr'>inscriptum,</span> <span class='ocrx_word' id='word_1_868' title='bbox 1798 2414 1854 2456; x_wconf 91' lang='lat' dir='ltr'>qui</span> <span class='ocrx_word' id='word_1_869' title='bbox 1878 2414 2008 2456; x_wconf 90' lang='lat' dir='ltr'>incipit;</span> <span class='ocrx_word' id='word_1_870' title='bbox 2032 2415 2161 2448; x_wconf 78' lang='lat' dir='ltr'>Novum</span> <span class='ocrx_word' id='word_1_871' title='bbox 2185 2427 2266 2459; x_wconf 84' lang='lat' dir='ltr'>opus</span> <span class='ocrx_word' id='word_1_872' title='bbox 2279 2417 2403 2459; x_wconf 80' lang='lat' dir='ltr'>facere</span> 
     </span>
     <span class='ocr_line' id='line_1_121' title="bbox 1323 2459 2402 2500; baseline 0.006 -12"><span class='ocrx_word' id='word_1_873' title='bbox 1323 2466 1373 2487; x_wconf 90' lang='lat' dir='ltr'>me</span> <span class='ocrx_word' id='word_1_874' title='bbox 1396 2459 1508 2500; x_wconf 79' lang='lat' dir='ltr'>cogis,·</span> <span class='ocrx_word' id='word_1_875' title='bbox 1531 2469 1566 2490; x_wconf 85' lang='lat' dir='ltr'>ac</span> <span class='ocrx_word' id='word_1_876' title='bbox 1586 2466 1708 2500; x_wconf 85' lang='lat' dir='ltr'>praeter</span> <span class='ocrx_word' id='word_1_877' title='bbox 1727 2459 1871 2490; x_wconf 89' lang='lat' dir='ltr'>eiusdem</span> <span class='ocrx_word' id='word_1_878' title='bbox 1894 2460 2100 2500; x_wconf 88' lang='lat' dir='ltr'>prooemium</span> <span class='ocrx_word' id='word_1_879' title='bbox 2115 2460 2347 2494; x_wconf 82' lang='lat' dir='ltr'>Commentarii</span> <span class='ocrx_word' id='word_1_880' title='bbox 2366 2461 2402 2494; x_wconf 83' lang='lat' dir='ltr'>in</span> 
     </span>
     <span class='ocr_line' id='line_1_122' title="bbox 1322 2501 2401 2549; baseline 0.006 -17"><span class='ocrx_word' id='word_1_881' title='bbox 1322 2501 1540 2542; x_wconf 80' lang='lat' dir='ltr'>Matthaeum,</span> <span class='ocrx_word' id='word_1_882' title='bbox 1574 2503 1666 2536; x_wconf 83' lang='lat' dir='ltr'>cuius</span> <span class='ocrx_word' id='word_1_883' title='bbox 1693 2503 1840 2542; x_wconf 85' lang='lat' dir='ltr'>initium;</span> <span class='ocrx_word' id='word_1_884' title='bbox 1873 2504 1988 2536; x_wconf 89' lang='lat' dir='ltr'>Plures</span> <span class='ocrx_word' id='word_1_885' title='bbox 2001 2504 2114 2546; x_wconf 82' lang='lat' dir='ltr'>fuisse</span> <span class='ocrx_word' id='word_1_886' title='bbox 2135 2507 2192 2547; x_wconf 86' lang='lat' dir='ltr'>qui</span> <span class='ocrx_word' id='word_1_887' title='bbox 2213 2506 2401 2549; x_wconf 79' lang='lat' dir='ltr'>Evangelia</span> 
     </span>
     <span class='ocr_line' id='line_1_123' title="bbox 1321 2547 2401 2591; baseline 0.006 -14"><span class='ocrx_word' id='word_1_888' title='bbox 1321 2547 1521 2588; x_wconf 84' lang='lat' dir='ltr'>scripserunt</span> <span class='ocrx_word' id='word_1_889' title='bbox 1527 2555 1541 2586; x_wconf 72' lang='lat'>,⁸</span> <span class='ocrx_word' id='word_1_890' title='bbox 1571 2548 1744 2589; x_wconf 87' lang='lat' dir='ltr'>peculiares</span> <span class='ocrx_word' id='word_1_891' title='bbox 1767 2549 1923 2590; x_wconf 80' lang='lat' dir='ltr'>quasdam</span> <span class='ocrx_word' id='word_1_892' title='bbox 1941 2549 2004 2590; x_wconf 86' lang='lat' dir='ltr'>legi</span> <span class='ocrx_word' id='word_1_893' title='bbox 2028 2549 2104 2581; x_wconf 82' lang='lat' dir='ltr'>alias</span> <span class='ocrx_word' id='word_1_894' title='bbox 2128 2549 2339 2591; x_wconf 81' lang='lat' dir='ltr'>praefationes</span> <span class='ocrx_word' id='word_1_895' title='bbox 2363 2561 2401 2584; x_wconf 79' lang='lat' dir='ltr'>ac</span> 
     </span>
     <span class='ocr_line' id='line_1_124' title="bbox 1322 2590 2400 2636; baseline 0.005 -14"><span class='ocrx_word' id='word_1_896' title='bbox 1322 2590 1418 2623; x_wconf 81' lang='lat' dir='ltr'>etiam</span> <span class='ocrx_word' id='word_1_897' title='bbox 1440 2592 1597 2624; x_wconf 88' lang='lat' dir='ltr'>librorum</span> <span class='ocrx_word' id='word_1_898' title='bbox 1615 2600 1819 2634; x_wconf 84' lang='lat' dir='ltr'>argumenta,</span> <span class='ocrx_word' id='word_1_899' title='bbox 1839 2604 1922 2636; x_wconf 84' lang='lat' dir='ltr'>quae</span> <span class='ocrx_word' id='word_1_900' title='bbox 1946 2593 2025 2625; x_wconf 93' lang='lat' dir='ltr'>olim</span> <span class='ocrx_word' id='word_1_901' title='bbox 2043 2594 2140 2626; x_wconf 91' lang='lat' dir='ltr'>veluti</span> <span class='ocrx_word' id='word_1_902' title='bbox 2163 2595 2294 2635; x_wconf 83' lang='lat' dir='ltr'>genuini</span> <span class='ocrx_word' id='word_1_903' title='bbox 2322 2595 2400 2627; x_wconf 86' lang='lat' dir='ltr'>Hie-</span> 
     </span>
     <span class='ocr_line' id='line_1_125' title="bbox 1322 2636 2400 2678; baseline 0.005 -12"><span class='ocrx_word' id='word_1_904' title='bbox 1322 2636 1448 2677; x_wconf 89' lang='lat' dir='ltr'>ronymi</span> <span class='ocrx_word' id='word_1_905' title='bbox 1472 2636 1577 2668; x_wconf 87' lang='lat' dir='ltr'>foetus</span> <span class='ocrx_word' id='word_1_906' title='bbox 1611 2637 1709 2678; x_wconf 91' lang='lat' dir='ltr'>vulgo</span> <span class='ocrx_word' id='word_1_907' title='bbox 1733 2637 1839 2669; x_wconf 82' lang='lat' dir='ltr'>habita</span> <span class='ocrx_word' id='word_1_908' title='bbox 1863 2645 1946 2669; x_wconf 90' lang='lat' dir='ltr'>sunt.</span> <span class='ocrx_word' id='word_1_909' title='bbox 1984 2639 2054 2670; x_wconf 84' lang='lat' dir='ltr'>Hac</span> <span class='ocrx_word' id='word_1_910' title='bbox 2078 2639 2116 2670; x_wconf 91' lang='lat' dir='ltr'>de</span> <span class='ocrx_word' id='word_1_911' title='bbox 2135 2649 2168 2670; x_wconf 90' lang='lat' dir='ltr'>re</span> <span class='ocrx_word' id='word_1_912' title='bbox 2187 2639 2319 2671; x_wconf 90' lang='lat' dir='ltr'>consule</span> <span class='ocrx_word' id='word_1_913' title='bbox 2341 2639 2400 2672; x_wconf 81' lang='lat' dir='ltr'>Ri-</span> 
     </span>
     <span class='ocr_line' id='line_1_126' title="bbox 1321 2680 2398 2716; baseline 0.005 -6"><span class='ocrx_word' id='word_1_914' title='bbox 1321 2680 1453 2711; x_wconf 78' lang='lat' dir='ltr'>cardum</span> <span class='ocrx_word' id='word_1_915' title='bbox 1476 2681 1660 2712; x_wconf 90' lang='lat' dir='ltr'>Simonium</span> <span class='ocrx_word' id='word_1_916' title='bbox 1688 2682 1722 2712; x_wconf 91' lang='lat' dir='ltr'>in</span> <span class='ocrx_word' id='word_1_917' title='bbox 1745 2681 1828 2713; x_wconf 84' lang='lat' dir='ltr'>Hist.</span> <span class='ocrx_word' id='word_1_918' title='bbox 1849 2682 1954 2714; x_wconf 78' lang='lat' dir='ltr'>critica</span> <span class='ocrx_word' id='word_1_919' title='bbox 1972 2682 2157 2715; x_wconf 86' lang='lat' dir='ltr'>versionum</span> <span class='ocrx_word' id='word_1_920' title='bbox 2183 2683 2259 2714; x_wconf 88' lang='lat' dir='ltr'>novi</span> <span class='ocrx_word' id='word_1_921' title='bbox 2284 2684 2398 2716; x_wconf 83' lang='lat' dir='ltr'>Testa-</span> 
     </span>
     <span class='ocr_line' id='line_1_127' title="bbox 1321 2724 2395 2769; baseline 0.004 -14"><span class='ocrx_word' id='word_1_922' title='bbox 1321 2724 1419 2755; x_wconf 90' lang='lat' dir='ltr'>menti</span> <span class='ocrx_word' id='word_1_923' title='bbox 1439 2735 1507 2766; x_wconf 86' lang='lat' dir='ltr'>cap.</span> <span class='ocrx_word' id='word_1_924' title='bbox 1528 2736 1568 2756; x_wconf 85' lang='lat' dir='ltr'>xx.</span> <span class='ocrx_word' id='word_1_925' title='bbox 1584 2725 1686 2757; x_wconf 86' lang='lat' dir='ltr'>Biblia</span> <span class='ocrx_word' id='word_1_926' title='bbox 1705 2736 1779 2766; x_wconf 90' lang='lat' dir='ltr'>prae</span> <span class='ocrx_word' id='word_1_927' title='bbox 1798 2726 1945 2757; x_wconf 86' lang='lat' dir='ltr'>manibus</span> <span class='ocrx_word' id='word_1_928' title='bbox 1960 2726 2062 2758; x_wconf 88' lang='lat' dir='ltr'>habeo</span> <span class='ocrx_word' id='word_1_929' title='bbox 2082 2727 2222 2759; x_wconf 88' lang='lat' dir='ltr'>Venetiis</span> <span class='ocrx_word' id='word_1_930' title='bbox 2241 2727 2395 2769; x_wconf 86' lang='lat' dir='ltr'>impressa</span> 
     </span>
     <span class='ocr_line' id='line_1_128' title="bbox 1320 2769 2394 2808; baseline 0.005 -9"><span class='ocrx_word' id='word_1_931' title='bbox 1320 2778 1376 2808; x_wconf 90' lang='lat' dir='ltr'>per</span> <span class='ocrx_word' id='word_1_932' title='bbox 1399 2769 1424 2799; x_wconf 86' lang='lat' dir='ltr'>F</span> <span class='ocrx_word' id='word_1_933' title='bbox 1426 2770 1604 2802; x_wconf 86' lang='lat' dir='ltr'>ranciscum</span> <span class='ocrx_word' id='word_1_934' title='bbox 1626 2770 1666 2801; x_wconf 90' lang='lat' dir='ltr'>de</span> <span class='ocrx_word' id='word_1_935' title='bbox 1689 2770 1859 2802; x_wconf 85' lang='lat' dir='ltr'>Hailbrum</span> <span class='ocrx_word' id='word_1_936' title='bbox 1883 2778 1913 2802; x_wconf 89' lang='lat' dir='ltr'>et</span> <span class='ocrx_word' id='word_1_937' title='bbox 1937 2771 2107 2802; x_wconf 85' lang='lat' dir='ltr'>Nicolaum</span> <span class='ocrx_word' id='word_1_938' title='bbox 2128 2772 2167 2803; x_wconf 93' lang='lat' dir='ltr'>de</span> <span class='ocrx_word' id='word_1_939' title='bbox 2186 2771 2394 2804; x_wconf 84' lang='lat' dir='ltr'>Frankfordia</span> 
     </span>
     <span class='ocr_line' id='line_1_129' title="bbox 1320 2812 2395 2857; baseline 0.005 -13"><span class='ocrx_word' id='word_1_940' title='bbox 1320 2812 1432 2845; x_wconf 85' lang='lat' dir='ltr'>Socios</span> <span class='ocrx_word' id='word_1_941' title='bbox 1452 2815 1534 2856; x_wconf 84' lang='lat'>1476</span> <span class='ocrx_word' id='word_1_942' title='bbox 1550 2814 1605 2846; x_wconf 90' lang='lat' dir='ltr'>ubi</span> <span class='ocrx_word' id='word_1_943' title='bbox 1620 2814 1774 2856; x_wconf 83' lang='lat' dir='ltr'>prologus</span> <span class='ocrx_word' id='word_1_944' title='bbox 1794 2814 1827 2846; x_wconf 89' lang='lat' dir='ltr'>in</span> <span class='ocrx_word' id='word_1_945' title='bbox 1842 2815 2040 2847; x_wconf 81' lang='lat' dir='ltr'>Matthaeum</span> <span class='ocrx_word' id='word_1_946' title='bbox 2058 2815 2186 2857; x_wconf 88' lang='lat' dir='ltr'>incipit;</span> <span class='ocrx_word' id='word_1_947' title='bbox 2205 2817 2395 2849; x_wconf 82' lang='lat' dir='ltr'>Matthaeus</span> 
     </span>
     <span class='ocr_line' id='line_1_130' title="bbox 1320 2859 2394 2902; baseline 0.005 -14"><span class='ocrx_word' id='word_1_948' title='bbox 1320 2867 1392 2888; x_wconf 87' lang='lat' dir='ltr'>cum</span> <span class='ocrx_word' id='word_1_949' title='bbox 1419 2859 1529 2899; x_wconf 87' lang='lat' dir='ltr'>primo</span> <span class='ocrx_word' id='word_1_950' title='bbox 1555 2859 1779 2900; x_wconf 85' lang='lat' dir='ltr'>praedicasset</span> <span class='ocrx_word' id='word_1_951' title='bbox 1810 2860 1843 2890; x_wconf 89' lang='lat' dir='ltr'>in</span> <span class='ocrx_word' id='word_1_952' title='bbox 1872 2859 2008 2892; x_wconf 89' lang='lat' dir='ltr'>Iudaea.</span> <span class='ocrx_word' id='word_1_953' title='bbox 2046 2860 2196 2902; x_wconf 89' lang='lat' dir='ltr'>Sequitur</span> <span class='ocrx_word' id='word_1_954' title='bbox 2223 2871 2394 2902; x_wconf 84' lang='lat' dir='ltr'>argumen-</span> 
     </span>
     <span class='ocr_line' id='line_1_131' title="bbox 1319 2903 2392 2944; baseline 0.005 -11"><span class='ocrx_word' id='word_1_955' title='bbox 1319 2908 1410 2941; x_wconf 90' lang='lat' dir='ltr'>tum,</span> <span class='ocrx_word' id='word_1_956' title='bbox 1434 2903 1525 2935; x_wconf 88' lang='lat' dir='ltr'>cuius</span> <span class='ocrx_word' id='word_1_957' title='bbox 1551 2903 1679 2935; x_wconf 88' lang='lat' dir='ltr'>initium</span> <span class='ocrx_word' id='word_1_958' title='bbox 1705 2910 1769 2935; x_wconf 89' lang='lat' dir='ltr'>est:</span> <span class='ocrx_word' id='word_1_959' title='bbox 1796 2904 1984 2936; x_wconf 86' lang='lat' dir='ltr'>Matthaeus</span> <span class='ocrx_word' id='word_1_960' title='bbox 2009 2914 2052 2936; x_wconf 84' lang='lat' dir='ltr'>ex</span> <span class='ocrx_word' id='word_1_961' title='bbox 2078 2904 2223 2944; x_wconf 87' lang='lat' dir='ltr'>Iudaea,</span> <span class='ocrx_word' id='word_1_962' title='bbox 2251 2907 2335 2938; x_wconf 89' lang='lat' dir='ltr'>sicut</span> <span class='ocrx_word' id='word_1_963' title='bbox 2358 2906 2392 2938; x_wconf 87' lang='lat' dir='ltr'>in</span> 
     </span>
     <span class='ocr_line' id='line_1_132' title="bbox 1318 2947 2393 2990; baseline 0.004 -12"><span class='ocrx_word' id='word_1_964' title='bbox 1318 2947 1432 2979; x_wconf 89' lang='lat' dir='ltr'>ordine</span> <span class='ocrx_word' id='word_1_965' title='bbox 1449 2949 1579 2989; x_wconf 86' lang='lat' dir='ltr'>primus</span> <span class='ocrx_word' id='word_1_966' title='bbox 1595 2949 1750 2990; x_wconf 84' lang='lat' dir='ltr'>ponitur:</span> <span class='ocrx_word' id='word_1_967' title='bbox 1773 2948 1945 2990; x_wconf 88' lang='lat' dir='ltr'>ipsumque</span> <span class='ocrx_word' id='word_1_968' title='bbox 1968 2959 2028 2981; x_wconf 91' lang='lat' dir='ltr'>suo</span> <span class='ocrx_word' id='word_1_969' title='bbox 2052 2948 2186 2981; x_wconf 83' lang='lat' dir='ltr'>illustrat</span> <span class='ocrx_word' id='word_1_970' title='bbox 2214 2949 2393 2990; x_wconf 84' lang='lat' dir='ltr'>Commen-</span> 
     </span>
     <span class='ocr_line' id='line_1_133' title="bbox 1318 2991 2392 3035; baseline 0.004 -12"><span class='ocrx_word' id='word_1_971' title='bbox 1318 2991 1398 3023; x_wconf 83' lang='lat' dir='ltr'>tario</span> <span class='ocrx_word' id='word_1_972' title='bbox 1417 2991 1572 3024; x_wconf 81' lang='lat' dir='ltr'>Thomas.</span> <span class='ocrx_word' id='word_1_973' title='bbox 1592 2993 1680 3024; x_wconf 84' lang='lat' dir='ltr'>Haec</span> <span class='ocrx_word' id='word_1_974' title='bbox 1699 2999 1774 3024; x_wconf 86' lang='lat' dir='ltr'>sunt</span> <span class='ocrx_word' id='word_1_975' title='bbox 1791 3003 1867 3024; x_wconf 89' lang='lat' dir='ltr'>vero</span> <span class='ocrx_word' id='word_1_976' title='bbox 1886 2993 2020 3025; x_wconf 79' lang='lat' dir='ltr'>aliarum</span> <span class='ocrx_word' id='word_1_977' title='bbox 2039 2993 2274 3034; x_wconf 81' lang='lat' dir='ltr'>praefationum</span> <span class='ocrx_word' id='word_1_978' title='bbox 2288 2994 2392 3035; x_wconf 71' lang='lat' dir='ltr'>initin;</span> 
     </span>
     <span class='ocr_line' id='line_1_134' title="bbox 1317 3035 2392 3079; baseline 0.004 -12"><span class='ocrx_word' id='word_1_979' title='bbox 1317 3035 1350 3067; x_wconf 91' lang='lat' dir='ltr'>in</span> <span class='ocrx_word' id='word_1_980' title='bbox 1373 3037 1529 3076; x_wconf 87' lang='lat' dir='ltr'>Marcum,</span> <span class='ocrx_word' id='word_1_981' title='bbox 1553 3038 1690 3069; x_wconf 82' lang='lat' dir='ltr'>Marcus</span> <span class='ocrx_word' id='word_1_982' title='bbox 1713 3037 1925 3079; x_wconf 77' lang='lat' dir='ltr'>Evangelista</span> <span class='ocrx_word' id='word_1_983' title='bbox 1947 3038 2012 3070; x_wconf 89' lang='lat' dir='ltr'>Dei</span> <span class='ocrx_word' id='word_1_984' title='bbox 2034 3038 2164 3076; x_wconf 88' lang='lat' dir='ltr'>electus,</span> <span class='ocrx_word' id='word_1_985' title='bbox 2189 3044 2220 3070; x_wconf 88' lang='lat' dir='ltr'>et</span> <span class='ocrx_word' id='word_1_986' title='bbox 2246 3039 2335 3071; x_wconf 87' lang='lat' dir='ltr'>Petri</span> <span class='ocrx_word' id='word_1_987' title='bbox 2357 3040 2392 3071; x_wconf 85' lang='lat' dir='ltr'>in</span> 
     </span>
     <span class='ocr_line' id='line_1_135' title="bbox 1317 3080 2392 3124; baseline 0.005 -13"><span class='ocrx_word' id='word_1_988' title='bbox 1317 3080 1506 3122; x_wconf 85' lang='lat' dir='ltr'>baptismate</span> <span class='ocrx_word' id='word_1_989' title='bbox 1518 3081 1638 3123; x_wconf 86' lang='lat' dir='ltr'>filius,·</span> <span class='ocrx_word' id='word_1_990' title='bbox 1659 3082 1693 3112; x_wconf 88' lang='lat' dir='ltr'>in</span> <span class='ocrx_word' id='word_1_991' title='bbox 1717 3082 1850 3120; x_wconf 85' lang='lat' dir='ltr'>Lucam,</span> <span class='ocrx_word' id='word_1_992' title='bbox 1874 3082 1982 3114; x_wconf 89' lang='lat' dir='ltr'>Lucas</span> <span class='ocrx_word' id='word_1_993' title='bbox 1999 3082 2108 3124; x_wconf 82' lang='lat' dir='ltr'>Syrus</span> <span class='ocrx_word' id='word_1_994' title='bbox 2131 3085 2262 3115; x_wconf 85' lang='lat' dir='ltr'>natione</span> <span class='ocrx_word' id='word_1_995' title='bbox 2278 3084 2392 3117; x_wconf 81' lang='lat' dir='ltr'>Antio·</span> 
     </span>
     <span class='ocr_line' id='line_1_136' title="bbox 1317 3125 2393 3165; baseline 0.004 -9"><span class='ocrx_word' id='word_1_996' title='bbox 1317 3125 1452 3164; x_wconf 84' lang='lat' dir='ltr'>chensis,</span> <span class='ocrx_word' id='word_1_997' title='bbox 1472 3131 1545 3158; x_wconf 88' lang='lat' dir='ltr'>arte</span> <span class='ocrx_word' id='word_1_998' title='bbox 1558 3127 1700 3158; x_wconf 87' lang='lat' dir='ltr'>medicus</span> <span class='ocrx_word' id='word_1_999' title='bbox 1708 3133 1722 3165; x_wconf 88' lang='lat'><em>;</em></span> <span class='ocrx_word' id='word_1_1000' title='bbox 1744 3125 1778 3157; x_wconf 85' lang='lat' dir='ltr'>in</span> <span class='ocrx_word' id='word_1_1001' title='bbox 1794 3126 1957 3165; x_wconf 79' lang='lat' dir='ltr'>loannem,</span> <span class='ocrx_word' id='word_1_1002' title='bbox 1971 3127 2039 3158; x_wconf 88' lang='lat' dir='ltr'>Hic</span> <span class='ocrx_word' id='word_1_1003' title='bbox 2057 3133 2103 3159; x_wconf 89' lang='lat' dir='ltr'>est</span> <span class='ocrx_word' id='word_1_1004' title='bbox 2122 3128 2263 3160; x_wconf 86' lang='lat' dir='ltr'>Ioannes</span> <span class='ocrx_word' id='word_1_1005' title='bbox 2281 3128 2393 3160; x_wconf 72' lang='lat' dir='ltr'>Evan-</span> 
     </span>
     <span class='ocr_line' id='line_1_137' title="bbox 1315 3170 2391 3214; baseline 0.003 -13"><span class='ocrx_word' id='word_1_1006' title='bbox 1315 3170 1434 3211; x_wconf 79' lang='lat' dir='ltr'>gelista</span> <span class='ocrx_word' id='word_1_1007' title='bbox 1458 3180 1543 3202; x_wconf 82' lang='lat' dir='ltr'>unus</span> <span class='ocrx_word' id='word_1_1008' title='bbox 1566 3180 1610 3202; x_wconf 75' lang='lat' dir='ltr'>ex</span> <span class='ocrx_word' id='word_1_1009' title='bbox 1630 3171 1795 3212; x_wconf 85' lang='lat' dir='ltr'>discipulis</span> <span class='ocrx_word' id='word_1_1010' title='bbox 1817 3171 1965 3210; x_wconf 84' lang='lat' dir='ltr'>Domini,</span> <span class='ocrx_word' id='word_1_1011' title='bbox 1990 3173 2046 3213; x_wconf 84' lang='lat' dir='ltr'>qui</span> <span class='ocrx_word' id='word_1_1012' title='bbox 2069 3173 2163 3214; x_wconf 81' lang='lat' dir='ltr'>virgo</span> <span class='ocrx_word' id='word_1_1013' title='bbox 2185 3182 2206 3204; x_wconf 88' lang='lat' dir='ltr'>a</span> <span class='ocrx_word' id='word_1_1014' title='bbox 2229 3172 2300 3204; x_wconf 89' lang='lat' dir='ltr'>Deo</span> <span class='ocrx_word' id='word_1_1015' title='bbox 2326 3171 2391 3204; x_wconf 78' lang='lat' dir='ltr'>ele-</span> 
     </span>
     <span class='ocr_line' id='line_1_138' title="bbox 1316 3215 2391 3257; baseline 0.003 -12"><span class='ocrx_word' id='word_1_1016' title='bbox 1316 3219 1386 3245; x_wconf 85' lang='lat' dir='ltr'>ctus</span> <span class='ocrx_word' id='word_1_1017' title='bbox 1409 3220 1477 3246; x_wconf 86' lang='lat' dir='ltr'>est:</span> <span class='ocrx_word' id='word_1_1018' title='bbox 1500 3225 1598 3256; x_wconf 88' lang='lat' dir='ltr'>quem</span> <span class='ocrx_word' id='word_1_1019' title='bbox 1621 3222 1823 3257; x_wconf 87' lang='lat' dir='ltr'>postremum</span> <span class='ocrx_word' id='word_1_1020' title='bbox 1845 3215 1960 3257; x_wconf 89' lang='lat' dir='ltr'>pariter</span> <span class='ocrx_word' id='word_1_1021' title='bbox 1983 3216 2226 3248; x_wconf 84' lang='lat' dir='ltr'>Commentario</span> <span class='ocrx_word' id='word_1_1022' title='bbox 2249 3226 2327 3256; x_wconf 80' lang='lat' dir='ltr'>suo,</span> <span class='ocrx_word' id='word_1_1023' title='bbox 2350 3215 2391 3248; x_wconf 86' lang='lat' dir='ltr'>de</span> 
     </span>
     <span class='ocr_line' id='line_1_139' title="bbox 1315 3258 2388 3302; baseline 0.004 -13"><span class='ocrx_word' id='word_1_1024' title='bbox 1315 3269 1382 3300; x_wconf 93' lang='lat' dir='ltr'>quo</span> <span class='ocrx_word' id='word_1_1025' title='bbox 1412 3258 1494 3290; x_wconf 87' lang='lat' dir='ltr'>infra</span> <span class='ocrx_word' id='word_1_1026' title='bbox 1522 3260 1702 3300; x_wconf 78' lang='lat' dir='ltr'>agendum,</span> <span class='ocrx_word' id='word_1_1027' title='bbox 1731 3259 1905 3301; x_wconf 86' lang='lat' dir='ltr'>prologum</span> <span class='ocrx_word' id='word_1_1028' title='bbox 1933 3260 2062 3301; x_wconf 83' lang='lat' dir='ltr'>exponit</span> <span class='ocrx_word' id='word_1_1029' title='bbox 2090 3261 2213 3293; x_wconf 90' lang='lat' dir='ltr'>Doctor</span> <span class='ocrx_word' id='word_1_1030' title='bbox 2234 3259 2388 3302; x_wconf 73' lang='lat' dir='ltr'>Aquinas.</span> 
     </span>
     <span class='ocr_line' id='line_1_140' title="bbox 1316 3303 2391 3348; baseline 0.003 -14"><span class='ocrx_word' id='word_1_1031' title='bbox 1316 3303 1404 3334; x_wconf 87' lang='lat' dir='ltr'>Idem</span> <span class='ocrx_word' id='word_1_1032' title='bbox 1414 3310 1514 3335; x_wconf 80' lang='lat' dir='ltr'>aetate</span> <span class='ocrx_word' id='word_1_1033' title='bbox 1524 3304 1653 3345; x_wconf 82' lang='lat' dir='ltr'>suppari</span> <span class='ocrx_word' id='word_1_1034' title='bbox 1667 3314 1704 3335; x_wconf 80' lang='lat' dir='ltr'>ac</span> <span class='ocrx_word' id='word_1_1035' title='bbox 1719 3304 1857 3346; x_wconf 84' lang='lat' dir='ltr'>sequiori</span> <span class='ocrx_word' id='word_1_1036' title='bbox 1871 3305 2058 3346; x_wconf 85' lang='lat' dir='ltr'>praestitum</span> <span class='ocrx_word' id='word_1_1037' title='bbox 2079 3315 2098 3336; x_wconf 83' lang='lat' dir='ltr'>a</span> <span class='ocrx_word' id='word_1_1038' title='bbox 2112 3306 2240 3348; x_wconf 84' lang='lat' dir='ltr'>Lyrano</span> <span class='ocrx_word' id='word_1_1039' title='bbox 2258 3304 2391 3347; x_wconf 81' lang='lat' dir='ltr'>aliisque</span> 
     </span>
     <span class='ocr_line' id='line_1_141' title="bbox 1314 3347 1748 3390; baseline 0.005 -12"><span class='ocrx_word' id='word_1_1040' title='bbox 1314 3347 1493 3379; x_wconf 88' lang='lat' dir='ltr'>Bibliorum</span> <span class='ocrx_word' id='word_1_1041' title='bbox 1515 3348 1748 3390; x_wconf 86' lang='lat' dir='ltr'>interpretibus.</span> 
     </span>
    </p>
   </div>
   <div class='ocr_carea' id='block_1_10' title="bbox 1375 3414 2342 3458">
    <p class='ocr_par' dir='ltr' id='par_1_16' title="bbox 1375 3414 2342 3458">
     <span class='ocr_line' id='line_1_142' title="bbox 1375 3414 2342 3458; baseline 0 -12"><span class='ocrx_word' id='word_1_1042' title='bbox 1375 3415 1454 3456; x_wconf 89' lang='lat' dir='ltr'>Cap.</span> <span class='ocrx_word' id='word_1_1043' title='bbox 1477 3415 1604 3446; x_wconf 88' lang='lat' dir='ltr'><em>XXIII</em></span> <span class='ocrx_word' id='word_1_1044' title='bbox 1623 3416 1791 3447; x_wconf 89' lang='lat' dir='ltr'>Matthaei.</span> <span class='ocrx_word' id='word_1_1045' title='bbox 1927 3416 2006 3458; x_wconf 89' lang='lat' dir='ltr'>Cap.</span> <span class='ocrx_word' id='word_1_1046' title='bbox 2028 3414 2157 3448; x_wconf 85' lang='lat' dir='ltr'><em>XXIII</em></span> <span class='ocrx_word' id='word_1_1047' title='bbox 2174 3415 2342 3447; x_wconf 79' lang='lat' dir='ltr'>Matthaei.</span> 
     </span>
    </p>
   </div>
   <div class='ocr_carea' id='block_1_11' title="bbox 1314 3481 2391 3691">
    <p class='ocr_par' dir='ltr' id='par_1_17' title="bbox 1314 3481 2391 3691">
     <span class='ocr_line' id='line_1_143' title="bbox 1362 3481 2388 3525; baseline -0.001 -11"><span class='ocrx_word' id='word_1_1048' title='bbox 1362 3495 1376 3510; x_wconf 70' lang='grc' dir='ltr'><strong><em>ι</em></strong></span> <span class='ocrx_word' id='word_1_1049' title='bbox 1388 3482 1491 3524; x_wconf 78' lang='lat' dir='ltr'>Supra</span> <span class='ocrx_word' id='word_1_1050' title='bbox 1501 3490 1666 3515; x_wconf 86' lang='lat' dir='ltr'>ostensum</span> <span class='ocrx_word' id='word_1_1051' title='bbox 1680 3490 1737 3522; x_wconf 87' lang='lat' dir='ltr'>est,</span> <span class='ocrx_word' id='word_1_1052' title='bbox 1746 3493 1826 3525; x_wconf 92' lang='lat' dir='ltr'>quo·</span> <span class='ocrx_word' id='word_1_1053' title='bbox 1921 3496 1936 3513; x_wconf 65' lang='grc' dir='ltr'>ι</span> <span class='ocrx_word' id='word_1_1054' title='bbox 1948 3483 2036 3516; x_wconf 78' lang='lat' dir='ltr'>Haec</span> <span class='ocrx_word' id='word_1_1055' title='bbox 2060 3490 2107 3515; x_wconf 80' lang='lat' dir='ltr'>est</span> <span class='ocrx_word' id='word_1_1056' title='bbox 2129 3481 2266 3515; x_wconf 78' lang='lat' dir='ltr'>secunda</span> <span class='ocrx_word' id='word_1_1057' title='bbox 2281 3491 2352 3523; x_wconf 80' lang='lat' dir='ltr'>pars</span> <span class='ocrx_word' id='word_1_1058' title='bbox 2369 3492 2388 3513; x_wconf 81' lang='lat' dir='ltr'>a</span> 
     </span>
     <span class='ocr_line' id='line_1_144' title="bbox 1314 3525 2391 3569; baseline 0 -12"><span class='ocrx_word' id='word_1_1059' title='bbox 1314 3527 1414 3558; x_wconf 89' lang='lat' dir='ltr'>modo</span> <span class='ocrx_word' id='word_1_1060' title='bbox 1446 3527 1603 3559; x_wconf 87' lang='lat' dir='ltr'>Pharisaei</span> <span class='ocrx_word' id='word_1_1061' title='bbox 1639 3534 1670 3559; x_wconf 91' lang='lat' dir='ltr'>et</span> <span class='ocrx_word' id='word_1_1062' title='bbox 1702 3527 1826 3559; x_wconf 75' lang='lat' dir='ltr'>Sci-ibae</span> <span class='ocrx_word' id='word_1_1063' title='bbox 1871 3538 1934 3559; x_wconf 84' lang='lat' dir='ltr'>xxn</span> <span class='ocrx_word' id='word_1_1064' title='bbox 1967 3538 2034 3569; x_wconf 79' lang='lat' dir='ltr'>cap.</span> <span class='ocrx_word' id='word_1_1065' title='bbox 2059 3527 2093 3559; x_wconf 90' lang='lat' dir='ltr'>in</span> <span class='ocrx_word' id='word_1_1066' title='bbox 2121 3536 2184 3569; x_wconf 81' lang='lat' dir='ltr'>qua</span> <span class='ocrx_word' id='word_1_1067' title='bbox 2213 3525 2391 3558; x_wconf 83' lang='lat' dir='ltr'>declaratur</span> 
     </span>
     <span class='ocr_line' id='line_1_145' title="bbox 1315 3570 2386 3613; baseline -0.001 -11"><span class='ocrx_word' id='word_1_1068' title='bbox 1315 3571 1478 3611; x_wconf 78' lang='lat' dir='ltr'>provocati</span> <span class='ocrx_word' id='word_1_1069' title='bbox 1492 3579 1567 3604; x_wconf 89' lang='lat' dir='ltr'>sunt</span> <span class='ocrx_word' id='word_1_1070' title='bbox 1577 3582 1615 3603; x_wconf 87' lang='lat' dir='ltr'>ex</span> <span class='ocrx_word' id='word_1_1071' title='bbox 1624 3571 1724 3613; x_wconf 86' lang='lat' dir='ltr'>gloria</span> <span class='ocrx_word' id='word_1_1072' title='bbox 1735 3571 1825 3604; x_wconf 81' lang='lat' dir='ltr'>Chri·</span> <span class='ocrx_word' id='word_1_1073' title='bbox 1871 3571 1990 3604; x_wconf 77' lang='lat' dir='ltr'>iustitia</span> <span class='ocrx_word' id='word_1_1074' title='bbox 2011 3570 2134 3603; x_wconf 82' lang='lat' dir='ltr'>divinae</span> <span class='ocrx_word' id='word_1_1075' title='bbox 2154 3570 2287 3602; x_wconf 75' lang='lat' dir='ltr'>actionis</span> <span class='ocrx_word' id='word_1_1076' title='bbox 2300 3583 2314 3598; x_wconf 68' lang='lat'>2</span> <span class='ocrx_word' id='word_1_1077' title='bbox 2326 3577 2386 3602; x_wconf 84' lang='lat' dir='ltr'>etc.</span> 
     </span>
     <span class='ocr_line' id='line_1_146' title="bbox 1314 3615 1826 3658; baseline 0.002 -13"><span class='ocrx_word' id='word_1_1078' title='bbox 1314 3615 1373 3655; x_wconf 87' lang='lat' dir='ltr'>sti,</span> <span class='ocrx_word' id='word_1_1079' title='bbox 1406 3622 1437 3647; x_wconf 92' lang='lat' dir='ltr'>et</span> <span class='ocrx_word' id='word_1_1080' title='bbox 1469 3616 1564 3648; x_wconf 86' lang='lat' dir='ltr'>etiam</span> <span class='ocrx_word' id='word_1_1081' title='bbox 1603 3626 1640 3648; x_wconf 85' lang='lat' dir='ltr'>ex</span> <span class='ocrx_word' id='word_1_1082' title='bbox 1674 3616 1826 3658; x_wconf 84' lang='lat' dir='ltr'>sapientia</span> 
     </span>
     <span class='ocr_line' id='line_1_147' title="bbox 1315 3659 1486 3691; baseline 0.012 -2"><span class='ocrx_word' id='word_1_1083' title='bbox 1315 3659 1382 3691; x_wconf 89' lang='lat' dir='ltr'>eius</span> <span class='ocrx_word' id='word_1_1084' title='bbox 1395 3672 1410 3688; x_wconf 76' lang='lat'><strong>»</strong></span> <span class='ocrx_word' id='word_1_1085' title='bbox 1429 3666 1486 3691; x_wconf 88' lang='lat' dir='ltr'>etc.</span> 
     </span>
    </p>
   </div>
  </div>
 </body>
</html>
