2788 4204
1103 273 1214 310 CAP.
1245 274 1390 320 XXIII,
1422 274 1572 311 LECT.
1603 275 1764 311 XXXVI

294 384 299 388 ἧ
334 362 396 381 non
416 353 501 380 debet
528 351 589 380 fieri
615 350 749 379 transitus
770 351 806 379 de
828 360 888 379 uno
915 360 1019 388 genere
1040 350 1070 378 in
1091 351 1182 386 aliud,
1209 351 1275 379 ideo
1297 350 1327 378 in
1348 351 1398 378 de-

93 1018 106 1030 ·
120 1017 195 1040 Codd.
207 1029 218 1034 -
229 1023 254 1038 p:

90 1044 232 1073 praedlceis.

93 1220 104 1231 '
118 1219 190 1241 Num.
204 1225 228 1247 9.

91 1487 246 1516 'Nm·7..

89 1593 104 1606 ⁴
116 1593 190 1616 Num.
198 1598 219 1621 3.

91 1649 102 1659 ·
115 1646 188 1670 Num.
201 1652 226 1674 4.

88 1704 103 1716 ⁸
110 1708 305 1728 ιωισκμικαετ.

89 1729 305 1779 πῖῐςπτεὲωω·

89 1783 104 1796 “
113 1782 190 1806 Codd.
201 1784 258 1814 (exe.
269 1782 306 1807 nn:

88 1810 307 1886 ffers-„3:12

90 1915 104 1927 ⁴
116 1921 147 1939 o:
162 1913 269 1943 aliquod.

191 2070 207 2105 β

91 2166 102 2197 '¹
123 2191 153 2207 o:
171 2186 232 2214 puta
253 2191 304 2207 cum

86 2212 236 2261 ffffgtmoe
246 2244 304 2267 quo-

89 2271 151 2288 rm.

87 2397 102 2410 ⁵
115 2397 212 2420 Codd.·
222 2403 248 2420 ¹³:
257 2397 292 2419 id.

90 2508 100 2519 '
105 2512 304 2534 mmunoqsr.

89 2546 101 2552 -
108 2541 162 2557 cuit.
170 2541 219 2557 om.
230 2534 307 2561 idest,-

88 2567 180 2611 aar:
188 2567 302 2610 &355²

187 2717 205 2744 Υ

335 391 544 420 monstratione
565 400 682 420 necesse
703 398 746 419 est
766 391 905 419 terminos
927 391 1038 419 medios
1060 390 1150 427 accipi
1172 400 1205 418 ex
1226 391 1329 418 eodem
1351 399 1399 427 ge-

334 437 405 460 nere
424 440 458 460 ac
478 438 642 459 extrema-
660 441 687 467 7.
709 432 741 458 In
761 430 1009 467 propositionibus
1026 428 1222 465 affirmativis,
1244 430 1274 458 in
1296 430 1400 466 quibus

334 472 515 508 praedicatur
535 481 626 499 unum
641 472 677 499 de
691 480 761 506 uno,
781 480 897 499 necesse
917 477 958 498 est
973 470 1105 498 devenire
1121 471 1157 498 ad
1176 470 1295 506 aliquod
1309 479 1401 497 unum

334 511 364 539 in
385 511 634 548 praedicabilibus,
656 512 737 548 quod
758 511 794 539 sit
814 510 976 547 propositio
998 510 1165 538 immediata
1186 517 1214 538 et
1229 509 1402 546 principium

335 551 606 579 demonstrationis:
635 560 718 579 secus
746 550 955 579 demonstratio
978 550 1038 578 fieri
1059 550 1168 587 nequit.
1184 566 1203 571 -
1219 551 1245 577 8.
1268 551 1304 577 Et
1325 548 1402 576 idern

335 590 490 619 dicendum
512 591 541 619 in
563 590 708 628 negativis.
725 607 744 612 —
758 600 785 627 9.
800 591 908 618 Textus
930 590 1150 618 subdivisiones.
1167 606 1186 611 -
1205 598 1248 617 10.
1266 589 1403 625 Proposi-

335 630 376 659 tio
398 631 566 659 immediata
586 630 753 667 accipienda
773 630 804 658 in
825 630 1124 658 demonstrationibus
1146 627 1339 662 affirmativis,
1362 635 1404 656 est

335 670 384 699 illa
402 671 432 698 in
447 680 506 708 qua
525 671 599 699 inter
619 671 816 707 praedicatum
845 677 873 698 et
894 670 1055 698 subiectum
1076 679 1137 698 non
1161 669 1237 697 cadit
1259 668 1403 702 medium;

335 717 364 738 et
385 710 451 739 ideo
473 717 515 739 est
536 720 595 739 una
616 720 676 739 non
698 711 793 739 solum
815 717 879 739 actu
901 711 952 738 sed
974 710 1060 738 etiam
1078 710 1217 747 potentia,
1240 708 1314 736 sicut
1334 708 1403 735 sim-

335 750 400 787 plex
421 757 449 779 et
470 750 650 779 indivisibile.
666 768 685 772 -
710 760 752 779 11.
775 750 1038 779 Demonstrationis
1060 749 1090 778 in
1116 756 1257 787 quantum
1283 754 1325 776 est
1347 747 1404 783 syl-

595 909 673 934 non
702 897 881 945 contingit
903 897 1112 946 procedere
1141 895 1179 932 in
1212 894 1401 932 infinitum

537 997 541 1000 ἱ
595 951 631 987 in
648 950 1045 997 demonstrationibus,
1057 949 1119 986 hic
1133 948 1274 985 inducit
1289 959 1403 996 quae-

466 995 489 1013 ¹'
541 1002 684 1041 'm'dam
719 1004 916 1040 corollaria
949 1015 995 1039 ex
1024 1002 1128 1040 dictis
1156 1003 1187 1038 ³¹³.
1228 1002 1276 1037 Et
1305 1001 1402 1037 circa

335 1057 411 1093 hoc
439 1056 516 1093 duo
546 1057 648 1094 facit:
669 1057 808 1105 primO,
838 1056 1002 1093 ostendit
1030 1055 1134 1104 quod
1163 1066 1318 1090 necesse
1348 1061 1403 1089 est

336 1109 507 1158 accipere
536 1110 680 1158 aliquas
707 1109 850 1158 primas
883 1109 1180 1158 propositiones;
1211 1106 1400 1152 secundo,

336 1162 535 1211 quomodo
564 1162 633 1199 illis
661 1162 792 1211 primis
821 1163 867 1199 sit
893 1162 1079 1199 utendum
1099 1161 1137 1198 in
1166 1159 1401 1196 demonstra-

335 1214 520 1261 tionibus3
537 1215 604 1252 ibi:
627 1216 721 1252 Cum
734 1221 859 1252 autem
875 1220 1020 1263 oportet
1032 1215 1290 1251 demonstrare
1299 1212 1319 1232 ³¹²
1332 1220 1399 1249 etc.

330 1268 447 1304 Circa
482 1268 652 1318 primum
690 1268 766 1305 duo
796 1268 898 1305 facit:
928 1268 1075 1316 primo,
1105 1265 1269 1303 ostendit
1297 1266 1401 1313 quod

335 1333 490 1358 necesse
511 1329 566 1358 est
594 1321 773 1358 devenire
792 1328 810 1343 0‘
829 1321 878 1358 ad
904 1320 1058 1369 aliquod
1081 1319 1261 1368 primum,
1284 1331 1401 1367 quan-

336 1374 390 1411 do
405 1385 527 1411 unum
549 1374 596 1412 de
614 1374 785 1423 pluribus
803 1374 1059 1424 praedicatur;
1081 1372 1262 1417 secundo,
1284 1384 1401 1420 quan-

335 1427 385 1464 do
414 1440 535 1464 unum
572 1428 813 1477 praedicatur
850 1427 896 1464 de
928 1439 1024 1473 uno;
1054 1426 1122 1463 ibi:
1151 1426 1399 1473 Manifestum

334 1486 459 1517 autem
473 1481 494 1502 '¹'
514 1488 583 1518 etc.
606 1481 716 1518 Circa
743 1481 911 1530 primum
942 1489 1105 1530 quatuor
1123 1480 1226 1516 facit:
1251 1479 1377 1527 primo
1390 1511 1398 1527 ,

333 1533 514 1583 proponit
540 1534 745 1580 intentum3
775 1535 957 1580 secundo,
987 1533 1201 1571 manifestat
1226 1534 1400 1582 proposi-

333 1593 433 1634 tum;
453 1587 522 1624 ibi:
549 1589 600 1625 Ut
622 1588 772 1625 scaleno
793 1589 814 1609 '¹‘
829 1596 916 1634 etc.;
937 1588 1058 1635 tertio,
1079 1587 1236 1636 probat;
1257 1587 1325 1623 ibi:
1347 1589 1403 1625 Sit

333 1646 459 1678 autem
483 1642 519 1677 B
533 1640 553 1661 ³¹¹
566 1648 652 1686 etc.;
674 1649 827 1690 quarto,
858 1641 1020 1678 excludit
1039 1641 1247 1691 quamdam
1268 1641 1399 1678 obvia—

333 1693 479 1731 tionem
495 1693 532 1740 *3
553 1694 621 1731 ibi:
642 1696 688 1732 In
718 1696 847 1732 eodem
876 1695 1025 1744 quidem
1052 1706 1193 1745 genere
1207 1694 1247 1715 ³¹²*
1263 1702 1331 1731 etc.

389 1759 424 1784 2.
454 1747 554 1784 Dicit
583 1760 671 1796 ergo
690 1748 829 1797 primo,
851 1749 955 1797 quod
975 1748 1241 1785 demonstratis
1255 1748 1276 1769 '¹‘
1293 1761 1400 1796 prae-

335 1800 471 1847 missis,
501 1801 641 1838 scilicet
669 1802 774 1850 quod
802 1814 880 1839 non
909 1802 955 1838 sit
981 1802 1190 1850 procedere
1219 1801 1256 1838 in
1277 1801 1399 1839 infini-

333 1862 416 1892 tum
452 1854 491 1891 in
526 1854 871 1903 praedicationibus
914 1862 950 1891 et
991 1854 1377 1893 demonstrationibus
1390 1886 1399 1904 ,

333 1907 577 1944 manifestum
615 1916 671 1945 est
699 1908 804 1956 quod
833 1908 863 1944 si
892 1908 1320 1958 aliquid*praedicatur
1354 1910 1400 1947 de

334 1961 497 2008 duobus,
517 1969 610 2010 puta
629 1964 663 1999 A
683 1962 730 1999 de
751 1962 782 1998 C
804 1969 840 1998 et
858 1963 906 2008 D,
927 1961 977 1998 ita
997 1962 1136 2000 scilicet
1155 1962 1259 2010 quod
1278 1969 1401 2000 unurn'

333 2026 469 2051 eorum
488 2027 567 2052 non
586 2015 825 2063 praedicetur
845 2015 891 2052 de
911 2016 1040 2061 altero,
1061 2022 1129 2052 aut
1149 2015 1251 2053 nullo
1276 2018 1399 2063 moa'o,

333 2067 428 2105 sicut
456 2068 596 2105 animal
624 2067 641 2097 β
669 2068 909 2118 praedicatur
946 2069 993 2106 de
1022 2069 1178 2106 homine
1208 2076 1244 2105 et
1277 2070 1399 2117 bove,

333 2134 499 2171 quorum
527 2135 650 2159 unum
678 2123 782 2159 nullo
811 2122 931 2159 modo
961 2123 1008 2160 de
1037 2122 1110 2159 alio
1143 2122 1399 2172 praedicatur,

332 2180 399 2212 aut
417 2187 492 2211 non
512 2175 558 2212 de
576 2176 696 2222 omni,
716 2183 807 2225 puta
827 2175 999 2212 animal*
1014 2176 1254 2224 praedicatur
1270 2177 1316 2213 de
1331 2178 1399 2214 ho-

333 2228 436 2266 mine
466 2236 502 2265 et
538 2229 730 2275 masculo,
761 2242 927 2278 quorum
952 2230 972 2250 ’¹‘
998 2237 1175 2266 neutrum
1205 2230 1251 2266 de
1281 2231 1398 2267 altero

335 2282 595 2319 universaliter
613 2283 869 2331 praedicatur;
890 2282 954 2328 sic,
975 2282 1144 2332 inquam,
1171 2295 1210 2319 se
1230 2283 1399 2320 habenti-

333 2335 405 2372 bus
432 2335 614 2381 terminis,
644 2336 887 2373 manifestum
917 2343 973 2372 est
1009 2336 1114 2385 quod
1143 2349 1221 2373 non
1250 2345 1400 2386 oportet

334 2388 439 2437 quod
467 2388 558 2426 illud
574 2389 594 2410 *
608 2389 880 2439 praedicatum,
909 2390 1014 2438 quod
1035 2389 1081 2427 de
1101 2397 1262 2438 utroque
1292 2403 1398 2439 prae-

333 2441 489 2488 dicatur,
510 2442 596 2479 insit
622 2443 771 2492 utrique
800 2442 1012 2480 secundum
1041 2443 1194 2492 aliquod
1225 2456 1398 2481 commu-

332 2507 398 2542 ne,
415 2503 451 2532 et
465 2496 540 2532 hoc
559 2508 717 2544 semper,
739 2496 865 2533 idest*
879 2496 917 2533 in
933 2496 1122 2533 infinitum
1138 2497 1395 2546 procedendo.

389 2549 422 2585 3.
444 2549 593 2586 Deinde
618 2562 707 2586 cum
729 2549 833 2587 dicit:
869 2551 918 2587 Ut
937 2550 1087 2587 scaleno
1104 2556 1140 2586 et
1156 2551 1302 2587 isosceli
1314 2559 1396 2597 ete.,

331 2601 546 2639 manifestat
565 2603 805 2652 propositum
825 2615 894 2652 per
922 2604 1152 2652 exemplum.
1175 2605 1271 2640 Sunt
1295 2605 1397 2641 enirn

332 2655 430 2692 duae
460 2655 605 2704 species
633 2656 822 2704 trianguli,
844 2669 1006 2705 quarum
1026 2669 1103 2693 una
1130 2665 1290 2694 vocatur
1318 2671 1397 2694 sca-

330 2708 458 2754 lenon,
478 2709 540 2745 vel
559 2709 765 2758 triangulus
786 2715 801 2737 ⁷
816 2711 1005 2757 gradatus,
1028 2710 1134 2747 cuius
1153 2718 1240 2747 sunt
1258 2710 1327 2747 tria
1347 2712 1397 2748 la-

330 2768 410 2798 tera
429 2762 656 2811 inaequalia;
687 2762 759 2800 alia
779 2771 834 2800 est
854 2764 1045 2810 isosceles,
1067 2763 1173 2800 cuius
1204 2773 1291 2802 sunt
1319 2764 1395 2801 duo

330 2814 446 2851 latera
474 2817 665 2865 aequalia:
694 2829 817 2853 unum
847 2825 975 2854 autem
1012 2818 1153 2854 horum
1182 2830 1260 2854 non
1288 2830 1397 2867 prae-

331 2867 476 2905 dicatur
496 2869 542 2906 de
563 2870 698 2917 altero;
718 2870 867 2919 utrique
888 2878 1016 2908 autem
1036 2871 1132 2907 inest
1147 2872 1242 2908 haec
1256 2871 1395 2920 passio,

2449 278 2522 314 285

1453 351 1613 388 logismus,
1635 361 1727 380 unum
1753 353 1923 382 indivisibile
1944 361 1986 382 est
2003 355 2162 391 propositio
2187 355 2366 391 immediata;
2390 366 2422 384 ex
2443 364 2525 393 parte

1456 398 1555 418 autem
1583 391 1732 427 scientiae,
1760 402 1848 430 quarn
1872 395 2081 423 demonstratio
2106 403 2219 431 causat,
2241 406 2332 424 unum
2354 397 2476 432 simplex
2497 403 2525 425 et

1457 430 1630 458 indivisibile
1651 439 1693 459 est
1714 432 1912 461 intellectus.-
1938 442 1980 462 12.
2003 435 2170 463 Conclusio.
2187 453 2206 457 -
2231 436 2274 463 13.
2297 437 2327 463 In
2349 436 2524 473 syllogismis

1457 470 1597 506 negativis
1618 470 1647 498 in
1669 471 1762 507 prima
1790 473 1894 510 figura,
1923 474 1994 501 nihil
2022 475 2184 502 mediorum
2209 482 2393 511 acceptorum
2422 485 2523 512 proce-

1458 510 1555 537 dendo
1576 511 1613 538 ad
1639 511 1805 540 immediata
1831 514 1906 541 cadit
1933 520 2010 542 extra
2037 524 2127 551 genus
2155 515 2346 543 terminorum
2373 513 2524 544 affirmati-

1459 558 1511 577 vae
1539 550 1760 586 propositionis;
1783 553 1858 580 cadit
1885 560 1982 581 tamen
2004 560 2082 582 extra
2102 563 2193 591 genus
2214 555 2368 591 praedicati
2390 556 2522 592 negativi.

1460 605 1479 609 -—
1499 598 1541 623 14.
1564 590 1595 617 In
1617 590 1790 627 syllogismis
1812 592 1948 629 negativis
1970 593 1999 621 in
2021 595 2147 622 secunda
2175 594 2283 632 figura,
2312 595 2407 623 media
2432 595 2523 632 accipi

1460 628 1566 656 debent
1594 638 1627 657 ex
1657 637 1737 666 parte
1767 633 1973 668 propositionis
1997 634 2152 670 negativae.
2177 651 2194 656 -
2220 634 2262 662 15.
2291 635 2323 662 In
2350 635 2522 672 syllogismis

1460 668 1597 704 negativis
1619 669 1648 696 in
1669 670 1751 698 tertia
1774 672 1878 709 figura,
1900 673 1995 701 media
2016 681 2132 710 accepta
2154 683 2215 702 non
2236 681 2303 702 sunt
2328 684 2423 712 neque
2445 682 2523 704 extra

1460 708 1665 745 praedicatum,
1681 711 1760 746 quod
1775 718 1903 748 negatur,
1925 722 2020 750 neque
2041 719 2119 741 extra
2140 714 2308 749 subiectum,
2331 715 2367 742 de
2389 724 2448 752 quo
2470 724 2520 743 ne-

1461 753 1553 783 gatur.

1455 841 1595 876 habere
1622 847 1695 878 tres
1722 843 1884 892 angulos
1912 845 2086 892 aequales
2109 847 2252 884 duobus
2277 848 2397 884 rectis.
2421 849 2521 885 Inest

1457 901 1584 930 autem
1604 895 1679 930 hoc
1699 895 1752 932 eis
1781 897 1992 934 secundum
2018 898 2157 947 aliquid
2173 900 2192 921 *
2209 912 2428 947 commune,
2452 902 2520 938 sci-

1456 946 1541 982 licet
1568 948 1816 984 secundum*
1830 951 1935 998 quod
1962 958 2120 1000 uterque
2149 954 2289 990 horum
2320 962 2375 991 est
2398 955 2519 1003 figura

1457 999 1672 1047 quaedam,
1707 1001 1846 1038 scilicet
1878 1003 2083 1050 triangulus
2110 1006 2140 1042 ²¹³.
2170 1007 2260 1043 Hoc
2287 1014 2411 1044 autem
2445 1020 2518 1045 non
2546 1021 2557 1031 ·

1455 1063 1602 1100 semper
1628 1053 1682 1090 sic
1707 1066 1747 1090 se
1774 1055 1898 1101 habet,
1929 1056 2067 1093 scilicet
2095 1059 2199 1106 quod
2223 1057 2236 1081 δ
2264 1060 2301 1097 in
2329 1061 2519 1098 infinitum

1457 1105 1659 1142 conveniat
1686 1107 1898 1145 secundum
1919 1109 2059 1157 aliquid
2078 1111 2196 1157 aliud;
2220 1121 2312 1160 puta
2331 1115 2435 1162 quod
2454 1115 2519 1151 ha-

1457 1158 1546 1193 bere
1575 1163 1648 1194 tres
1668 1161 1868 1197 conveniat
1891 1162 2075 1210 triangulo
2099 1164 2119 1184 *
2147 1164 2283 1202 iterum
2307 1168 2518 1204 secundum

1457 1210 1598 1259 aliquid
1627 1212 1749 1260 aliud,
1785 1221 1821 1249 et
1849 1214 1902 1250 sic
1929 1215 1967 1252 in
1995 1216 2196 1254 infinitum.

1509 1275 1546 1310 4.
1568 1264 1717 1302 Deinde
1733 1278 1821 1303 cum
1837 1267 1939 1304 dicit:
1963 1269 2019 1304 Sit
2035 1270 2133 1305 enim
2154 1271 2189 1306 B
2207 1272 2410 1309 secundum
2436 1279 2517 1319 ete.,

1454 1318 1593 1364 probat
1619 1319 1859 1367 propositum
1891 1329 1926 1357 et
1950 1321 2052 1358 dicit:
2075 1322 2130 1359 Sit
2157 1323 2207 1359 ita
2235 1325 2339 1372 quod
2359 1326 2389 1361 B
2413 1325 2519 1373 prae-

1457 1369 1601 1407 dicetur
1629 1371 1675 1408 de
1706 1373 1737 1409 C
1758 1381 1794 1409 et
1822 1373 1868 1410 de
1897 1375 1931 1411 D
1962 1376 2173 1412 secundum
2197 1377 2272 1413 hoc
2301 1390 2518 1424 commune,

1456 1424 1561 1471 quod
1577 1432 1632 1461 θεῖ
1646 1427 1680 1461 A
1694 1431 1716 1462 ⁸.
1735 1427 1980 1464 Manifestum
2001 1436 2056 1465 θεῖ
2075 1441 2164 1477 ergo
2181 1431 2285 1478 quod
2301 1431 2332 1466 Β
2348 1431 2415 1468 erit
2433 1431 2471 1468 in
2487 1432 2518 1468 C

1456 1484 1492 1513 et
1519 1477 1558 1513 in
1586 1479 1620 1514 D
1650 1480 1862 1517 secundum
1892 1477 1982 1518 illud
2012 1495 2234 1530 commune,
2265 1484 2369 1532 quod
2390 1492 2444 1521 θεῖ
2462 1487 2518 1530 Α;

1455 1538 1492 1566 θῖ
1510 1530 1540 1566 si
1560 1529 1696 1569 iterum
1717 1533 1802 1569 insit
1816 1535 1850 1569 A
1866 1535 2077 1572 secundum
2097 1536 2250 1584 aliquod
2265 1538 2285 1558 '¹‘
2300 1549 2517 1584 commune,

1455 1591 1490 1620 et
1517 1583 1654 1621 iterum
1682 1586 1731 1622 illi
1761 1588 1957 1624 communi
1991 1589 2203 1626 secundum
2231 1589 2372 1638 aliquid
2400 1591 2517 1638 aliud,

1453 1638 1760 1686 procedetur*in
1779 1639 1968 1677 infinitum
1988 1642 2026 1679 in
2045 1643 2191 1682 mediis.
2214 1644 2391 1692 Sequitur
2404 1645 2517 1693 **igi-

1454 1699 1514 1728 tur
1539 1692 1644 1740 quod
1672 1692 1768 1729 inter
1788 1693 1864 1729 duo
1886 1702 2067 1741 extrema,
2090 1709 2187 1745 quae
2208 1705 2295 1734 sunt
2318 1698 2349 1734 C
2379 1705 2415 1734 et
2433 1699 2463 1735 B
2484 1700 2515 1746 ²³,

1455 1745 1592 1782 cadant
1619 1745 1752 1782 infiniti
1781 1747 1929 1784 termini
1958 1749 2085 1785 medii.
2116 1750 2201 1786 Hoc
2225 1758 2353 1787 autem
2374 1759 2428 1788 est
2446 1752 2515 1788 im-

1453 1800 1651 1848 possibile:
1674 1811 1763 1847 ergo
1783 1812 1862 1836 non
1882 1813 2036 1838 necesse
2058 1810 2123 1849 est,
2145 1803 2175 1839 si
2200 1803 2302 1840 idem
2330 1804 2416 1842 insit
2433 1806 2515 1853 plu-

1455 1854 1570 1900 ribus,
1591 1852 1695 1902 quod
1724 1865 1876 1902 semper
1902 1855 1941 1891 in
1968 1855 2157 1892 infinitum
2186 1856 2271 1894 insit
2304 1857 2356 1894 eis
2383 1870 2516 1895 secun-

1456 1908 1548 1945 dum
1577 1906 1718 1957 aliquid
1757 1919 1983 1955 commune;
2013 1909 2101 1957 quia
2129 1922 2282 1947 necesse
2321 1919 2376 1948 est
2412 1912 2516 1960 quod

1455 1962 1678 1999 deveniatur
1696 1961 1716 1981 '¹‘
1735 1961 1783 1997 ad
1803 1962 1927 2011 aliqua
1953 1963 2073 2011 spatia
2092 1963 2323 2010 immediata,
2352 1964 2449 2002 idest
2467 1965 2516 2002 ad

1455 2016 1598 2064 aliquas
1627 2014 1866 2052 immediatas
1893 2015 2204 2064 praedicationes,
2232 2029 2326 2065 quas
2354 2019 2517 2067 appellat

1455 2069 1585 2118 spatia,
1605 2078 1648 2106 ut
1675 2079 1789 2115 supra
1807 2069 1827 2089 '⁸
1852 2069 1994 2106 dictum
2024 2077 2089 2106 est.

1512 2124 1544 2160 5.
1567 2125 1764 2171 Quantum
1793 2121 1902 2169 igitur
1929 2123 2079 2160 videtur
2113 2134 2157 2158 ex
2188 2123 2261 2160 hac
2291 2124 2515 2172 probatione

1454 2176 1678 2222 Aristotelis,
1700 2186 1779 2210 non
1799 2183 1853 2212 est
1872 2189 1963 2212 suus
1982 2176 2200 2224 intellectus,
2221 2177 2326 2225 quod
2345 2178 2419 2214 hoc
2438 2190 2516 2215 non

1454 2243 1606 2279 semper
1625 2231 1639 2257 ζ
1658 2230 1703 2266 sit
1721 2240 1875 2275 verum,
1902 2230 2006 2278 quod
2026 2230 2179 2278 quando
2205 2230 2345 2279 aliquid
2368 2231 2515 2279 praedi-

1455 2292 1559 2320 catur
1583 2285 1629 2322 de
1648 2282 1831 2332 pluribus,
1853 2295 1949 2330 quae
1971 2284 2017 2320 de
2037 2296 2077 2320 se
2093 2283 2287 2320 *invicem
2307 2296 2385 2321 non
2408 2297 2515 2332 prae-

1454 2337 1637 2383 dicantur,
1664 2335 1768 2386 quod
1787 2335 1878 2373 illud
1892 2349 1970 2373 non
1986 2337 2071 2373 insit
2084 2336 2183 2373 illis*
2191 2337 2362 2385 pluribus
2382 2350 2515 2374 secun-

1455 2391 1547 2427 dum
1576 2390 1718 2439 aliquid
1747 2401 1964 2427 commune.
1986 2391 2071 2427 Hoc
2101 2390 2201 2426 enim
2228 2403 2365 2427 verum
2395 2398 2450 2427 est
2477 2391 2514 2428 in

1454 2444 1559 2480 omni
1580 2444 1684 2493 quod
1703 2442 1942 2491 praedicatur
1960 2443 2055 2480 sicut
2071 2443 2215 2491 passio:
2237 2451 2385 2492 oportet
2413 2444 2515 2481 enim

1453 2497 1483 2533 si
1511 2497 1607 2534 inest
1634 2497 1817 2546 pluribUS,
1839 2498 1944 2545 quod
1967 2497 2052 2533 insit
2072 2496 2124 2533 eis
2144 2497 2355 2534 secundum
2375 2497 2516 2545 aliquid

1455 2563 1679 2597 commune,
1701 2551 1786 2587 licet
1806 2550 1899 2587 forte
1920 2551 2011 2587 illud
2024 2550 2101 2586 *sit
2114 2550 2405 2596 innominatum,
2422 2551 2516 2588 sicut

1454 2617 1568 2652 supra
1595 2606 1615 2626 *
1640 2604 1782 2641 dictum
1812 2612 1867 2640 est
1900 2616 1988 2640 cum
2022 2604 2069 2640 de
2098 2603 2301 2640 universali
2331 2612 2513 2651 ageretur.

1454 2658 1531 2695 Sed
1550 2658 1588 2694 in
1616 2658 1678 2694 illo
1709 2657 1905 2694 communi
1925 2670 2003 2694 non
2021 2657 2239 2705 proceditur
2257 2657 2294 2694 in
2314 2657 2514 2703 infinitum,

1451 2719 1493 2748 ut
1520 2712 1615 2748 haec
1645 2710 1737 2747 ratio
1766 2711 1920 2747 inducta
1948 2723 1970 2747 a
2004 2711 2238 2759 Philosopho
2273 2710 2467 2748 evidenter
2494 2711 2514 2730 *⁸

1452 2765 1599 2814 probat.
1632 2764 1671 2801 Si
1699 2772 1827 2800 autem
1857 2764 2060 2812 accipiatur
2087 2763 2228 2811 aliquid
2255 2764 2295 2810 ²¹³,
2325 2764 2429 2812 quod
2461 2764 2514 2800 in-

1453 2818 1499 2855 sit
1525 2818 1695 2867 pluribus
1734 2818 1828 2854 sicut
1855 2829 1973 2865 genus
2002 2817 2220 2865 speciebus,
2255 2829 2332 2853 non
2365 2829 2516 2865 semper

1453 2872 1643 2920 oportebit
1662 2871 1803 2920 aliquid
1818 2871 1838 2891 *
1857 2870 1961 2919 prius
1981 2870 2162 2918 accipere,
2184 2870 2394 2906 secundum
2411 2870 2515 2918 quod

385 3016 412 3048 α)
433 3016 565 3041 Devenire
580 3016 617 3041 ad
628 3017 1043 3049 aliquod.—ABCDEGLMNQT
1062 3023 1087 3043 et
1104 3026 1128 3051 p.
1143 3027 1178 3044 m.
1198 3020 1253 3044 KS:
1274 3021 1397 3045 inducere

330 3051 368 3076 ad
387 3051 452 3083 (GM
470 3059 515 3076 om
533 3052 584 3083 ad)
603 3052 728 3084 aliquod;
746 3053 781 3077 10
801 3057 826 3076 et
844 3061 866 3077 s.
881 3061 916 3077 m.
936 3053 967 3077 S:
987 3054 1113 3079 reducere
1130 3055 1168 3079 ad
1186 3056 1302 3087 aliquod.

386 3085 411 3119 β)
431 3086 508 3112 Sicut
524 3087 627 3111 animal
645 3088 747 3112 etc.-A
767 3095 820 3112 om.
838 3088 907 3112 sicut
924 3088 1026 3113 animal
1044 3094 1106 3119 ete.,
1128 3098 1213 3122 usque
1232 3091 1264 3115 ad
1283 3098 1396 3123 sequens

330 3129 444 3154 quorum
463 3123 600 3153 inclusive;
626 3127 652 3147 et
673 3123 708 3146 ita
726 3123 765 3152 0,
790 3123 834 3155 qui
859 3124 953 3147 omittit
977 3125 1053 3148 etiam
1079 3132 1160 3149 unum
1185 3126 1257 3150 nullo
1283 3126 1398 3150 modo.-

331 3158 352 3181 B
371 3162 397 3182 et
415 3165 437 3181 s.
456 3165 492 3181 m.
511 3158 546 3182 C:
571 3160 598 3182 et
622 3157 670 3189 (C,
695 3160 723 3182 et
745 3158 792 3190 de)
818 3165 897 3190 equo;
922 3158 1046 3189 HMNQT
1071 3165 1096 3184 et
1119 3168 1141 3184 s.
1161 3169 1195 3185 m.
1215 3161 1294 3185 DKS:
1320 3164 1346 3185 et
1365 3161 1397 3185 de

332 3191 362 3226 (S
371 3200 425 3217 om.
436 3191 478 3227 de)
489 3193 579 3221 asino,·
594 3193 617 3217 1:
631 3193 699 3217 sicut
711 3193 814 3217 animal
821 3194 998 3224 praedicatur
1010 3195 1043 3219 de
1057 3202 1123 3227 equo
1138 3201 1164 3220 et
1176 3196 1254 3220 homo
1266 3196 1396 3227 (homine)

330 3231 357 3252 et
375 3228 446 3257 bove,
466 3235 579 3260 quorum
599 3235 679 3252 unum
699 3229 772 3252 nullo
791 3229 869 3253 modo
884 3229 1061 3260 praedicatur
1079 3230 1112 3255 de
1129 3231 1229 3260 altero,
1251 3234 1319 3262 puta
1338 3231 1396 3255 ani-

331 3263 385 3288 mal
403 3268 451 3287 etc.
471 3264 491 3287 L
510 3268 536 3287 et
554 3271 578 3295 p.
598 3271 633 3287 m.
654 3263 740 3287 CDKS
759 3271 812 3288 om.
831 3266 856 3288 et
875 3264 946 3288 bove.

384 3299 411 3332 γ)
433 3298 553 3328 Quarum
573 3305 626 3322 una
645 3301 756 3323 vocatur
775 3304 853 3323 etc.-
869 3299 964 3323 Codd.:
986 3303 1097 3325 vocatur
1116 3301 1235 3325 scalenus
1254 3301 1295 3325 vel
1314 3301 1396 3325 scale-

331 3341 383 3358 non
410 3333 490 3365 (haec
512 3339 631 3366 corrupte
654 3333 749 3358 habent
770 3334 875 3366 GKO),
900 3334 999 3359 scilicet
1023 3335 1145 3367 (ABQT,
1167 3336 1249 3368 idest)
1274 3336 1395 3368 triangu—

330 3369 372 3394 lus
390 3374 438 3393 etc.

384 3403 409 3436 ὃ)
430 3404 535 3429 Scilicet
549 3404 620 3436 quod
637 3405 755 3428 etc.-A:
772 3404 870 3429 scilicet
888 3411 939 3429 non
955 3405 1085 3438 infinitum
1100 3406 1222 3430 convenit
1228 3414 1236 3435 ;
1250 3406 1285 3430 B:
1298 3406 1397 3431 scilicet

330 3440 403 3472 quod
422 3447 473 3464 non
488 3440 513 3464 in
530 3439 661 3473 infinitum
675 3444 736 3470 etc.;
750 3439 1002 3464 DEHKLMNOST:
1020 3440 1119 3465 scilicet
1131 3441 1203 3472 quod
1215 3441 1241 3465 in
1256 3441 1395 3474 infinitum.

330 3476 518 3507 Adoptavimus
538 3475 603 3499 hanc
622 3475 740 3499 ultimam
764 3475 914 3505 lectionem,
940 3475 980 3499 cui
1004 3475 1090 3499 favent
1109 3477 1185 3500 etiam
1209 3476 1283 3500 codd.
1299 3476 1395 3500 CGIO:

329 3511 429 3535 scilicet
441 3511 513 3543 quod
529 3510 668 3543 infinitum.
685 3511 772 3534 Lectio
785 3510 804 3534 P
820 3515 860 3534 est
878 3510 996 3539 obscura,
1016 3518 1123 3543 nempe:
1136 3511 1235 3536 scilicet
1252 3512 1394 3536 secundum

330 3546 402 3578 quod
421 3546 447 3570 in
468 3545 709 3579 infinitum-Infra
727 3546 761 3570 HI
774 3546 895 3570 omittunt
909 3548 978 3577 puta
991 3546 1063 3578 quod
1077 3551 1134 3577 ete.,
1152 3554 1236 3579 usque
1250 3547 1281 3571 ad
1294 3546 1396 3579 aliquid

329 3581 406 3606 aIiud
424 3582 556 3606 inclusive.

375 3616 408 3650 ,εὶ
428 3617 471 3642 Sit
489 3617 528 3642 ita
545 3616 617 3650 quod
635 3616 660 3641 Β
672 3616 846 3648 praedicetur
865 3616 897 3641 de
918 3616 942 3641 C
956 3619 983 3641 et
1001 3616 1034 3641 de
1053 3616 1080 3641 D
1093 3617 1236 3642 secundum
1255 3617 1303 3642 hoc
1321 3624 1391 3642 com-

1454 3028 1540 3050 mune,
1554 3021 1625 3053 quod
1637 3024 1676 3045 est
1687 3021 1719 3044 A.
1731 3035 1751 3039 —
1764 3019 1845 3044 Codd.
1858 3019 1944 3043 AMN:
1959 3018 1992 3043 de
2008 3019 2031 3043 C
2040 3021 2066 3043 et
2081 3018 2115 3042 D.
2125 3032 2145 3036 -
2154 3018 2247 3041 Planus
2263 3022 2302 3042 est
2315 3017 2362 3042 iste
2376 3025 2513 3050 processus

1453 3056 1629 3080 aristotelicus.
1645 3056 1682 3080 Sit
1694 3056 1714 3079 B
1728 3055 1889 3082 sensitivam,
1904 3054 1924 3078 C
1937 3054 2051 3081 brutum,
2067 3054 2089 3077 D
2099 3053 2183 3081 homo,
2198 3054 2220 3076 A
2233 3053 2346 3081 animast
2360 3057 2385 3077 et
2402 3053 2514 3080 formen-

1453 3097 1493 3115 tur
1506 3091 1662 3124 syllogismi:
1686 3091 1768 3115 Omne
1786 3090 1886 3114 animal
1905 3093 1943 3114 est
1961 3089 2128 3117 sensitivum5
2147 3089 2251 3113 brutum
2267 3092 2305 3113 est
2320 3088 2435 3116 animab
2449 3096 2514 3121 ergo

1453 3127 1559 3151 brutum
1579 3130 1618 3151 est
1635 3126 1825 3151 sensitivam.-
1843 3125 1925 3150 Omne
1943 3125 2044 3149 animal
2062 3127 2101 3149 est
2118 3124 2285 3152 sensitivam,-
2304 3124 2381 3148 homo
2399 3127 2438 3148 est
2455 3125 2513 3148 ani-

1453 3163 1507 3186 mal
1513 3169 1521 3190 ‚·
1539 3169 1604 3194 ergo
1623 3162 1700 3186 homo
1724 3165 1764 3186 est
1785 3161 1932 3186 sensitivus.
1955 3160 2108 3184 Sensitivum
2128 3167 2189 3190 ergo
2210 3159 2263 3191 (B)
2282 3159 2439 3191 praedicatur
2457 3164 2512 3184 tum

1453 3197 1485 3221 de
1504 3197 1579 3221 bruto
1598 3196 1650 3228 (C),
1663 3202 1718 3221 tum
1744 3197 1775 3221 de
1799 3196 1902 3220 homine
1922 3195 1975 3228 (D),
1996 3201 2099 3227 propter
2113 3195 2216 3227 aliquod
2237 3194 2338 3226 utrique
2357 3202 2494 3219 commune
2506 3214 2512 3226 ,

1453 3239 1546 3264 nempe
1566 3232 1658 3256 animal
1678 3231 1732 3264 (A),
1754 3232 1823 3263 quod
1843 3231 1956 3263 praecise
1975 3236 2014 3255 est
2039 3230 2153 3255 medium
2178 3230 2201 3253 in
2222 3235 2331 3262 utroque
2350 3230 2510 3261 syllogismo,

1452 3272 1564 3291 extrema
1583 3267 1741 3297 coniungens
1754 3267 1774 3290 C
1790 3272 1814 3290 et
1829 3267 1850 3290 D
1869 3267 1894 3290 in
1913 3274 1974 3295 uno,
1988 3273 2088 3298 nempe,
2109 3265 2133 3289 in
2151 3265 2283 3289 sensitivo.
2302 3265 2431 3288 Ponamus
2450 3272 2512 3296 ergo

1453 3302 1523 3334 quod
1542 3309 1601 3326 esse
1620 3301 1771 3326 sensitivum
1791 3306 1918 3334 competat
1936 3301 2047 3325 animali
2067 3300 2111 3333 (Α)
2132 3308 2180 3324 non
2201 3306 2305 3332 propter
2324 3299 2446 3332 seipsum,
2465 3301 2512 3325 sed

1452 3336 1557 3369 p'ropter
1571 3336 1638 3361 aliud
1654 3344 1790 3361 commune
1804 3336 1857 3369 (E),
1875 3342 1900 3360 et
1914 3336 1972 3360 huic
1986 3341 2091 3368 propter
2104 3336 2171 3360 aliud
2186 3333 2237 3369 (F),
2251 3340 2276 3359 et
2287 3335 2321 3359 sic
2332 3335 2356 3359 in
2372 3333 2510 3366 infinitum;

1452 3377 1478 3396 et
1496 3372 1544 3396 hoc
1569 3372 1593 3396 in
1613 3379 1672 3396 casu
1691 3377 1760 3404 patet
1784 3372 1854 3403 quod
1877 3371 1942 3396 inter
1960 3377 2072 3396 extrema
2091 3371 2111 3395 C
2130 3375 2154 3395 et
2172 3371 2192 3394 Β
2212 3370 2286 3403 primi
2306 3370 2462 3403 syllogismi,
2487 3375 2512 3395 et

1453 3407 1475 3431 D
1488 3412 1513 3431 et
1528 3408 1548 3431 B
1563 3407 1667 3431 secundi
1689 3406 1842 3439 syllogismi,
1861 3407 1952 3430 dantur
1970 3406 2053 3430 media
2072 3405 2175 3435 infinita,
2195 3413 2289 3438 nempe
2308 3406 2344 3436 A,
2359 3405 2392 3436 E,
2407 3405 2464 3436 F...
2478 3406 2510 3431 X.

1453 3442 1647 3474 Consequenter
1661 3443 1763 3466 nullum
1777 3449 1865 3466 revera
1880 3447 1919 3466 est
1932 3441 2045 3466 medium
2059 3441 2124 3465 inter
2135 3442 2178 3465 illa
2196 3446 2316 3465 extrema.

2547 906 2558 916 ⁸
2573 912 2617 927 nor
2626 913 2631 927 :
2645 907 2752 935 aliquod.

2549 968 2556 975 ·
2570 967 2699 989 Secundum
2720 975 2748 990 ex

2547 994 2761 1021 codd-,exc.p.m.o.

2577 1027 2742 1043 comnenus-r
2753 1029 2759 1044 :

2548 1047 2719 1083 triangularis.

2546 1177 2639 1199 “Codd.
2655 1189 2664 1194 —
2676 1184 2700 1200 με
2714 1179 2760 1200 m·-

2546 1204 2651 1231 angulis.

2648 1443 2658 1459 Ε

2548 1553 2556 1560 ·
2572 1551 2647 1573 Codd.
2658 1554 2715 1577 (exc.
2725 1559 2759 1578 ομ

2546 1578 2619 1599 aliud.
2631 1590 2640 1594 -
2651 1585 2666 1599 o
2678 1586 2683 1599 ε
2700 1579 2759 1600 alle-

2546 1610 2596 1625 rum
2603 1611 2647 1629 ,nm
2656 1605 2708 1627 hab.
2715 1606 2758 1627 lac.

2546 1658 2552 1665 ¹
2568 1663 2607 1678 nn:
2615 1657 2758 1684 procedere-

2544 1684 2592 1730 {253
2599 1690 2627 1704 εκ
2635 1691 2640 1705 ;
2648 1685 2757 1711 procedi·
2770 1715 2773 1718 Ι

2543 1735 2566 1746 '⁴
2577 1726 2704 1758 deonnsr:
2714 1737 2757 1758 Se-

2544 1765 2634 1789 quetur.

2544 1790 2552 1797 ¹
2566 1794 2594 1810 1³:
2611 1789 2631 1810 C
2643 1791 2666 1810 et
2679 1789 2708 1811 D.

2543 1979 2554 1990 ⁸
2563 1979 2645 2004 Codd.,
2657 1986 2706 2001 exc.
2717 1986 2754 2001 κ.-

2543 2012 2568 2027 Ρε
2586 2007 2758 2033 pervematur,-

2543 2038 2571 2052 M:
2582 2033 2714 2059 perveniat.

2543 2085 2554 2095 ⁸
2569 2085 2630 2106 Lect.
2645 2091 2729 2113 praec„

2543 2117 2566 2131 n.
2577 2117 2599 2139 9.

2542 2306 2552 2316 ⁸
2566 2306 2598 2327 Se
2612 2312 2660 2327 om.
2675 2312 2740 2327 cnon.

2544 2359 2551 2367 ·
2567 2358 2616 2379 Illis
2631 2365 2678 2379 om.
2688 2364 2755 2384 uei-1

2542 2391 2595 2410 KMQ
2609 2388 2631 2406 et
2646 2391 2668 2412 p.
2681 2391 2711 2406 m.
2727 2392 2754 2407 n:

2542 2411 2613 2436 alits‚·
2627 2417 2654 2432 o:
2669 2412 2755 2439 aliqui-

2542 2437 2598 2463 bus,·
2617 2444 2642 2459 e:
2657 2438 2754 2466 aliquis.

2542 2570 2554 2581 ⁴
2568 2569 2651 2595 Codd.,
2667 2576 2715 2591 exc.
2727 2576 2753 2595 Q.

2543 2602 2586 2617 -P:
2601 2596 2640 2621 id,·
2654 2603 2683 2618 n:
2694 2597 2753 2618 illud

2542 2628 2667 2644 commune.

2542 2649 2553 2659 ⁸
2568 2649 2630 2670 Lect.
2646 2656 2691 2677 xii,
2712 2656 2751 2671 nn.

2542 2682 2570 2702 4,
2586 2676 2608 2697 8-

2541 2729 2551 2740 “
2559 2734 2597 2750 nu:
2606 2728 2754 2756 sufficienter.

2542 2782 2551 2792 '¹
2567 2780 2642 2802 Codd.
2652 2787 2695 2802 -Ρε
2706 2781 2752 2802 ali-

2541 2807 2599 2854 qgid
2621 2813 2753 2834 commune,

2541 2840 2555 2879 Ξ
2565 2850 2737 2894 incusatum:

2541 2895 2645 2923 aliquod.

1505 3476 1531 3509 ζ)
1553 3477 1631 3507 Quod
1645 3477 1693 3502 hoc
1712 3484 1763 3501 non
1782 3477 2054 3508 semper.-Addimus
2073 3483 2176 3507 semper
2189 3483 2220 3500 ex
2231 3476 2351 3500 omnibus
2370 3476 2510 3501 codicibus.
2564 3484 2569 3492 ¹

1452 3513 1527 3537 -ΑΟ
1547 3518 1572 3536 et
1591 3520 1612 3536 s.
1628 3520 1662 3536 m.
1682 3512 1719 3536 T:
1739 3512 1810 3544 quod
1828 3512 1876 3536 hoc
1894 3519 2008 3543 semper,
2029 3512 2138 3541 omissa,
2159 3516 2197 3541 et,
2221 3516 2250 3535 ut
2273 3512 2383 3540 videtur,
2404 3511 2510 3542 melius,

1453 3547 1575 3579 particula
1590 3547 1720 3580 negativa;
1736 3547 1759 3572 G
1769 3555 1822 3571 om.
1833 3547 1914 3571 hoc.-
1923 3547 1989 3571 Infra
2003 3547 2085 3578 (quod
2099 3547 2217 3579 quando)
2230 3547 2304 3571 codd.
2315 3547 2383 3571 CHL
2398 3551 2424 3571 et
2437 3554 2462 3578 p.
2475 3555 2510 3571 m.

1452 3583 1508 3606 DS:
1523 3583 1593 3615 quod
1607 3583 1778 3615 quandoque,·
1792 3590 1858 3614 quae
1869 3582 1942 3606 lectio
1954 3582 2019 3606 forte
2032 3582 2176 3606 reducenda
2191 3587 2231 3606 est
2240 3582 2272 3606 ad
2286 3582 2420 3606 lectionem
2436 3582 2510 3606 codd.

1452 3618 1516 3648 IOQ
1527 3623 1552 3642 et
1571 3626 1592 3642 s.
1608 3626 1643 3642 m.
1662 3618 1718 3643 DS:
1737 3618 1808 3650 quod
1825 3618 2042 3650 quandocunque.
