2548 4192
191 258 283 283 CXXX

834 555 1481 622 DISSERTATIO
1538 559 1736 621 VIII.

187 751 252 790 De
288 750 445 800 parvis
482 749 828 789 Commentariis
873 760 989 799 quos
1032 750 1314 790 elucubravit
1356 754 1549 791 sanctus
1591 750 1795 793 Th0mas
1832 753 1879 792 in
1916 753 2096 804 aliquas
2133 754 2387 795 divinarum

267 819 598 869 Scripturarum
625 819 892 870 particulas,
922 820 969 859 in
997 820 1186 871 primam
1206 823 1252 861 et
1273 821 1520 862 secundam
1547 822 1850 871 Decretalem,
1875 824 1923 863 in
1950 824 2110 864 librum
2129 825 2184 865 de
2203 825 2383 865 Divinis

265 890 530 930 Nominibus
559 893 604 930 et
633 890 884 952 Boethium.

592 1354 788 1391 CAPUT
819 1355 844 1390 I.

183 1461 277 1484 Sancto
295 1458 425 1489 Thomae,
444 1464 561 1484 veterum
581 1459 728 1484 testimonio
747 1466 775 1483 ac
795 1457 859 1488 fide,
879 1458 1056 1483 adiudicantur
1078 1459 1253 1491 expositiones

255 1495 385 1527 Decalogi,
396 1495 526 1519 Orationis
542 1495 700 1524 Dominicae,
711 1494 875 1518 salutationis
890 1494 1038 1526 Angelicae,
1054 1494 1170 1527 Symboli
1185 1493 1253 1519 fidei.

254 1531 371 1555 Adversa
389 1530 511 1555 refellitur
530 1538 638 1555 censura
657 1529 724 1554 Petri
743 1530 775 1554 de
796 1530 861 1553 Alva
881 1534 906 1554 et
920 1529 1038 1554 Casimiri
1062 1529 1172 1560 Oudini;
1188 1538 1253 1562 quo-

254 1574 312 1591 rum
332 1566 374 1590 ille
393 1566 540 1591 Innocentio
559 1566 644 1598 Papae
662 1566 693 1590 111
713 1573 742 1590 ea
762 1565 897 1597 Opuscula
918 1565 1052 1597 adscribit3
1074 1565 1122 1590 iste
1141 1566 1254 1590 Henrico

255 1602 286 1626 de
305 1602 449 1626 Wrimaria.

466 1760 469 1762 “
513 1754 629 1793 gnitate
653 1754 877 1794 desumptus,
870 1764 936 1784 iure
957 1754 1097 1794 postulat
1113 1765 1130 1784 a
1147 1754 1250 1792 nobis,

514 1805 548 1828 ut
571 1805 645 1838 post
661 1798 804 1829 eiusdem
821 1798 964 1838 Angelici
980 1799 1128 1829 Doctoris
1153 1799 1252 1830 Corn-

512 1843 683 1873 mentarios
702 1843 734 1873 in
757 1853 877 1874 sacram
901 1843 1114 1883 Scripturam,
1139 1843 1253 1874 selecta

513 1887 667 1917 nonnulla
702 1887 868 1928 Opuscula
896 1888 996 1918 modo
1033 1888 1250 1928 proferamus,

483 1965 485 1967 ,
512 1942 652 1972 quorum
671 1932 777 1973 aliqua
793 1932 936 1962 eiusdem
954 1942 1058 1963 sacrae
1073 1933 1252 1973 Scripturae

463 1971 472 1978 ⁴
497 1975 678 2016 particulas
702 1984 883 2017 exponunt,
908 1977 947 2007 de
971 1984 1159 2017 argumento
1179 1977 1253 2007 satis

182 2022 327 2062 proximo
344 2029 441 2061 agunt
456 2022 533 2058 alia,
558 2028 699 2051 veterum
719 2021 856 2062 denique
880 2021 1071 2062 scriptorum
1094 2022 1252 2052 Ecclesiae

179 2066 413 2097 lucubrationes
430 2067 489 2096 alia
512 2066 677 2096 illustrant.
704 2065 885 2097 Occurrunt
904 2066 1009 2106 primo
1029 2066 1196 2107 Opuscula
1218 2066 1251 2096 id

179 2121 279 2151 genus
307 2111 464 2152 quinque;
489 2110 663 2151 eademque
687 2117 777 2141 tomo
803 2111 889 2142 XVII
914 2110 1062 2141 editionis
1086 2111 1251 2141 Romanae

180 2156 253 2186 anni
279 2157 359 2197 1570
376 2156 396 2186 f.
414 2155 610 2186 hoc'ordine
634 2155 794 2193 recensita,
815 2156 962 2196 typisque
982 2155 1065 2186 edita
1079 2155 1249 2186 habentur:

179 2207 344 2240 quartum,
370 2201 420 2230 De
448 2200 571 2230 duobus
600 2200 784 2240 Praeceptis
809 2201 956 2231 caritatis
981 2205 1012 2230 et
1035 2200 1143 2231 decem
1168 2200 1251 2241 Iegis

179 2246 372 2285 Praeceptis:
387 2245 547 2285 quintum,
562 2245 613 2274 De
631 2245 787 2275 Articulis
794 2245 880 2285 fidei
899 2250 929 2275 et
948 2245 1168 2275 Sacramentis
1186 2244 1250 2276 Ec-

180 2290 310 2320 clesiae:
321 2297 454 2327 sextum,
466 2290 571 2329 Super
581 2289 732 2329 Symbola
749 2289 986 2329 Apostolorum,
1007 2290 1127 2320 scilicet
1144 2289 1249 2320 Credo

180 2335 211 2364 in
236 2335 358 2364 Deum:
377 2334 565 2374 septimum,
583 2334 750 2373 Expositio
774 2333 977 2365 devotissima
1001 2333 1168 2364 Orationis
1181 2334 1248 2364 Do-

180 2379 334 2415 minicae,
359 2379 502 2409 uidelicet
524 2379 622 2408 Pater
646 2383 770 2408 noster:
794 2385 963 2417 octavum,
990 2378 1096 2419 Super
1118 2378 1248 2409 Saluta-

179 2424 263 2453 tione
282 2423 449 2464 Angelica,
474 2424 593 2453 scilicet
615 2423 683 2453 Ave
706 2424 827 2453 Maria.

245 2468 331 2497 Num
356 2467 491 2498 auctoris
515 2467 611 2498 menti
636 2467 686 2497 hic
719 2467 800 2498 ordo
832 2455 1017 2506 conveniat,
1042 2467 1178 2498 dubium
1201 2468 1247 2498 in-

178 2522 282 2552 gerere
302 2512 447 2542 videntur
465 2512 568 2552 priora
588 2512 743 2552 Opusculi
764 2512 867 2552 quarti
887 2513 997 2543 verba:
1019 2522 1145 2553 nempe,
1171 2513 1248 2543 Tria

177 2562 253 2586 sunt
275 2557 396 2586 homini
426 2558 606 2587 necessaria
629 2557 673 2586 ad
694 2557 852 2594 salutem,
877 2558 999 2588 scilicet
1025 2558 1160 2588 scientia
1179 2567 1247 2588 cre-

178 2601 366 2638 dendorum,
391 2602 523 2631 scientia
547 2601 833 2632 desidet-anctorum
859 2607 889 2632 et
912 2603 1045 2632 scientia
1069 2602 1247 2642 operando-

178 2655 261 2676 rum.
276 2646 419 2676 Primum
439 2646 572 2676 docetur
590 2647 622 2675 in
643 2646 806 2686 symbolo,
828 2646 882 2676 ubi
901 2646 1044 2676 traditur
1061 2647 1194 2677 scientia
1209 2646 1249 2677 de

178 2691 333 2720 Articulis
345 2690 448 2731 fidei:
470 2690 644 2721 secundum
669 2692 701 2720 in
730 2690 887 2721 Oratione
904 2691 1095 2722 Dominica:
1118 2692 1247 2721 tertium

178 2740 284 2764 autem
309 2735 340 2764 in
366 2735 447 2775 Iege.
472 2735 554 2765 Hinc
579 2735 708 2765 fortasse
733 2735 893 2776 quispiam
918 2735 1087 2766 coniecerit
1112 2735 1249 2766 auctoris

179 2779 346 2809 consilium
372 2779 466 2809 fuisse
491 2786 525 2810 ut
549 2779 688 2819 primum
714 2779 955 2810 Commentario
980 2790 1039 2810 suo
1060 2780 1247 2820 Symbolum

168 2824 252 2864 fidei
268 2824 455 2863 explanaret,
466 2831 535 2854 tum
555 2823 741 2854 Orationem
759 2825 974 2861 Dominicam,
987 2825 1123 2865 denique
1133 2825 1248 2864 legem,

179 2878 233 2898 seu
257 2868 363 2898 decem
388 2869 583 2909 Praecepta:
607 2869 722 2909 quibus
747 2876 857 2909 postea
881 2869 1065 2900 accesserint
1084 2869 1249 2909 Opuscula

179 2913 255 2949 duo,
273 2913 405 2943 alterum
424 2923 522 2953 super
537 2913 739 2943 Salutatione
753 2914 922 2954 Angelica,
939 2921 970 2944 et
984 2914 1118 2944 alterum
1133 2914 1173 2944 de
1187 2914 1248 2943 Ar-

179 2957 284 2987 ticulis
297 2957 381 2998 fidei
405 2963 434 2988 et
458 2958 675 2988 Sacramentis
706 2958 880 2989 Ecclesiae.
906 2960 949 2989 At
979 2958 1016 2988 iis
1041 2957 1248 2989 Commenta-

178 3001 264 3030 riolis
289 3001 320 3031 in
345 3002 539 3032 recensendis
564 3002 667 3032 varius
692 3009 737 3032 est
762 3003 841 3032 ordo
867 3003 953 3043 apud
974 3010 1091 3033 veteres
1115 3012 1248 3033 nomen-

180 3045 320 3075 clatores:
346 3056 447 3086 neque
476 3057 558 3086 opus
592 3054 655 3077 erat
679 3054 714 3077 ut
738 3047 839 3076 ordini
864 3047 961 3078 veluti
991 3054 1121 3078 naturae
1144 3057 1179 3077 ac
1203 3047 1249 3077 di-

180 3089 327 3129 sciplinae
342 3088 506 3120 adhaerere
522 3091 666 3127 voluerit,
679 3101 752 3121 cum
770 3092 900 3121 eosdem
918 3091 1104 3122 conficiebat
1127 3098 1247 3122 auctor.

181 3134 215 3163 ln
240 3134 443 3172 Lugdunensi
477 3135 614 3165 editione
643 3136 728 3175 apud
753 3136 892 3166 Heredes
922 3136 1026 3166 lacobi
1061 3136 1169 3167 Iuntae
1193 3146 1248 3166 an-

180 3177 212 3207 ni
235 3178 314 3207 1562
337 3178 356 3208 f.
375 3178 501 3209 tertium
526 3179 728 3219 opusculum
754 3180 878 3210 exhibet
897 3181 1137 3220 Expositionem
1166 3179 1248 3211 Ora-

180 3223 275 3252 tionis
291 3223 495 3253 Dominicae:
511 3231 658 3263 quartum
683 3225 923 3264 Expositionem
949 3225 1160 3256 Salutationis
1183 3226 1248 3255 An-

178 3266 324 3307 gelicae:
343 3267 491 3307 quintum
513 3268 751 3307 Expositionem
777 3269 922 3308 Symboli
938 3270 1186 3309 Apostolorum:
1202 3279 1248 3300 se-

180 3310 318 3350 ptimum
341 3311 405 3341 duo
421 3312 594 3352 Praecepta
619 3314 774 3349 caritatis,
796 3318 827 3343 et
849 3313 956 3343 decem
973 3314 1056 3354 legis
1071 3314 1248 3354 Praecepta

180 3355 333 3394 explanat:
359 3362 507 3386 octavum
531 3356 593 3395 agit
617 3357 656 3386 de
678 3357 834 3387 Articulis
853 3357 939 3398 fidei
969 3363 998 3388 et
1028 3358 1249 3389 Sacramentis

179 3399 351 3430 Ecclesiae.
377 3400 486 3430 Sacrae
510 3401 686 3440 Scripturae
710 3401 864 3431 librorum
889 3402 1045 3440 ordinem,
1070 3413 1106 3433 ex
1131 3402 1248 3443 quibus

181 3443 347 3483 desumpta
377 3444 445 3474 loca
470 3452 543 3475 sunt
566 3455 647 3486 quae
679 3453 898 3485 exponuntur,
924 3446 1012 3487 sequi
1038 3446 1115 3477 mihi
1139 3447 1246 3477 liceat:

182 3487 383 3528 primumque
408 3489 547 3519 obtineat
570 3489 678 3519 locum
710 3490 913 3530 Opusculum
945 3491 985 3521 de
1003 3491 1127 3522 duobus
1150 3492 1247 3521 Prae-

182 3533 277 3571 ceptis
301 3533 444 3563 caritatis
468 3539 497 3563 et
520 3533 626 3564 decem
651 3534 733 3574 legis
752 3535 949 3575 Praeceptis,
968 3545 1108 3576 quorum
1133 3535 1190 3566 ista
1215 3535 1246 3565 in

182 3575 293 3605 Exodo
318 3576 377 3606 lata
402 3584 491 3614 sunt,
516 3577 627 3608 diserte
652 3578 822 3608 efferuntur
846 3579 898 3608 illa
929 3579 960 3608 in
986 3579 1174 3618 Evangelio:
1200 3589 1246 3610 se-

182 3619 287 3649 cundo
320 3620 392 3650 loco
425 3621 555 3660 prodeat
578 3622 743 3661 Expositio
780 3622 946 3653 Orationis
974 3623 1181 3661 Dominicae‚
1212 3633 1247 3654 ac

1309 1354 1400 1385 tertio
1420 1355 1588 1395 Expositio
1612 1356 1825 1386 Salutationis
1840 1356 2038 1397 Angelicae;
2057 1365 2139 1396 quae
2158 1356 2258 1396 ipsius
2281 1356 2386 1386 Evan-

1309 1399 1381 1438 gelii
1404 1399 1575 1439 particulae
1595 1406 1685 1430 sunt:
1711 1410 1746 1430 ac
1769 1400 1818 1430 his
1842 1401 1975 1431 demum
1991 1401 2141 1431 accedant
2159 1401 2279 1442 reliqua
2294 1400 2386 1441 Opu-

1309 1443 1395 1473 scula
1422 1444 1506 1481 duo,
1530 1445 1581 1474 De
1603 1445 1760 1475 Articulis
1779 1445 1866 1486 fidei
1896 1450 1927 1476 et
1956 1445 2177 1476 Sacramentis
2206 1445 2385 1484 Ecclesiae,

1309 1488 1412 1528 deque
1431 1488 1584 1528 Symbolo
1606 1489 1843 1529 Apostolorum.

1376 1532 1527 1562 Veterum
1543 1532 1725 1563 testimonia
1743 1533 1807 1563 iam
1824 1533 1963 1573 profero,
1980 1533 2036 1574 qui
2059 1533 2295 1565 lucubrationes
2311 1533 2386 1565 istas

1308 1575 1382 1606 divo
1416 1577 1564 1607 Thomae
1588 1577 1740 1618 Aquinati
1764 1577 1958 1608 attribuunt:
1986 1578 2162 1618 eademque
2188 1578 2387 1618 diligentiore

1308 1621 1451 1651 examine
1476 1621 1553 1652 mihi
1583 1628 1657 1652 sunt
1681 1621 1892 1659 discutienda,
1919 1629 1956 1652 ut
1979 1629 2165 1662 argumenta
2193 1622 2386 1653 adversario-

1308 1675 1391 1703 rum,
1412 1666 1605 1706 quibuscum
1625 1673 1736 1706 postea
1759 1666 1988 1697 committenda
2012 1676 2121 1707 pugna
2145 1673 2208 1704 est,
2233 1666 2386 1698 facillimo

1308 1710 1437 1750 negotio
1453 1711 1654 1751 dissipentur.
1671 1711 1876 1742 Ptolomaeus
1893 1711 2044 1742 Lucensis
2063 1710 2144 1741 libro
2172 1711 2275 1742 XXIII
2301 1711 2384 1742 Hist.

1308 1755 1395 1792 eccl„
1420 1755 1521 1795 capite
1545 1765 1575 1785 xi
1600 1755 1654 1786 ubi
1678 1755 1826 1786 Thomae
1850 1755 1957 1796 Opera
1976 1762 2126 1794 recenset,
2143 1765 2225 1798 quae
2240 1762 2386 1796 tempore

1306 1799 1403 1830 huius
1434 1800 1599 1841 Pontificis
1631 1800 1775 1840 Gregorii
1805 1801 1835 1831 X
1872 1800 2084 1831 elucubravit:
2124 1813 2138 1828 ‹
2165 1801 2206 1831 Et
2238 1800 2386 1842 quamvis

1310 1856 1324 1870 »
1347 1844 1449 1875 multa
1472 1844 1545 1882 sint,
1569 1845 1690 1885 inquit,
1715 1855 1797 1885 quae
1821 1845 1960 1885 scripsit3
1985 1854 2067 1885 quae
2091 1843 2198 1886 Opera
2228 1851 2304 1876 sunt
2326 1844 2386 1876 dif-

1310 1901 1324 1915 »
1348 1888 1428 1926 fusa,
1445 1895 1481 1920 ut
1504 1889 1634 1920 materia
1653 1889 1802 1930 requirit:
1827 1889 1950 1930 scripsit
1972 1896 2079 1920 tamen
2111 1889 2270 1930 quaedam
2293 1889 2384 1930 Opu-

1309 1945 1323 1960 >›
1347 1933 1434 1964 scula
1453 1934 1630 1964 secundum
1650 1933 1899 1964 consultationes
1918 1933 1976 1964 sibi
1993 1933 2089 1964 factas
2106 1944 2124 1964 a
2143 1934 2272 1964 diversis
2295 1933 2384 1964 Prin-

1309 1990 1323 2004 »
1347 1977 1470 2018 cipibus
1500 1985 1531 2009 et
1558 1978 1712 2018 personis,
1737 1988 1820 2019 quae
1842 1978 1876 2008 in
1900 1988 1967 2009 uno
1986 1978 2152 2009 volumine
2171 1985 2382 2019 reponuntur,

1308 2034 1322 2049 ι·
1346 2021 1427 2053 sicut
1443 2022 1604 2062 Epistolae
1623 2023 1812 2062 Augustini;
1836 2029 1867 2053 et
1891 2033 1929 2053 eo
1961 2023 2088 2061 ordine,
2113 2033 2180 2064 quo
2203 2023 2382 2062 traduntur,

1308 2079 1322 2094 ιν
1345 2066 1395 2097 hic
1419 2067 1608 2098 scribuntur.
1624 2080 1637 2095 »
1656 2067 1882 2098 Animadverte
1905 2067 2083 2098 Ptolomaei
2103 2074 2203 2098 aetate
2227 2067 2382 2098 volumen

1303 2111 1368 2142 iam
1391 2111 1554 2150 exstitisse,
1571 2122 1638 2153 quo
1658 2111 1825 2152 Aquinatis
1849 2111 1956 2152 Opera
1979 2111 2105 2142 minora
2132 2112 2381 2152 comprehende-

1303 2156 1428 2187 bantur.
1446 2156 1537 2194 Quot
1559 2166 1596 2187 ea
1619 2156 1682 2187 sint
1705 2163 1736 2187 et
1759 2166 1918 2197 quaenam
1934 2156 2033 2187 tribus
2057 2156 2212 2197 capitibus
2238 2166 2292 2195 xit,
2315 2166 2381 2196 xm,

1302 2210 1355 2231 xiv
1390 2208 1537 2232 numerat
1566 2211 1601 2231 ac
1634 2200 1795 2241 patefacit:
1833 2201 1990 2242 docetque
2022 2201 2176 2232 volumen
2208 2201 2288 2231 illud
2316 2205 2384 2232 tres

1304 2246 1337 2276 in
1355 2251 1471 2286 partes
1494 2245 1649 2276 tributum
1683 2245 1789 2276 fuisse.
1816 2245 1899 2276 Inter
1929 2245 2095 2286 Opuscula
2123 2245 2244 2286 primae
2272 2245 2380 2286 partia,

1303 2299 1386 2331 quae
1415 2290 1516 2330 capite
1540 2301 1582 2320 xtt
1606 2297 1818 2327 recensentur,
1838 2290 1953 2330 legitur
1976 2291 2148 2321 Tractatus
2165 2290 2206 2320 de
2223 2289 2382 2321 Articulis

1301 2334 1379 2373 fidei
1402 2340 1432 2365 et
1455 2335 1621 2366 Ecclesiae
1644 2335 1865 2366 Sacramentis
1887 2335 1931 2365 ad
1953 2335 2236 2375 Archiepiscopum
2255 2335 2381 2365 Panor-

1303 2380 1472 2417 mitanum,
1497 2380 1554 2420 qui
1575 2381 1623 2410 sic
1646 2380 1775 2420 incipit:
1798 2379 1977 2411 Postulavit
1999 2389 2020 2410 a
2044 2389 2095 2410 me
2116 2384 2223 2410 vestra
2241 2379 2380 2410 dilectio.

1303 2424 1353 2454 Ab
1369 2434 1454 2454 anno
1469 2425 1545 2454 1261
1567 2424 1608 2454 ad
1624 2434 1747 2454 annum
1765 2433 1866 2465 usque
1883 2424 1964 2466 1276
1980 2423 2058 2455 rexit
2072 2423 2247 2454 Ecclesiam
2261 2423 2381 2460 Panor-

1302 2468 1457 2499 mitanam
1481 2469 1666 2499 Leonardus
1690 2469 1729 2499 de
1753 2467 1947 2506 Comitibus,
1964 2475 2000 2499 ut
2023 2468 2171 2499 exhibent
2190 2467 2258 2499 eius
2272 2467 2381 2499 Eccle-

1302 2512 1365 2543 siae
1381 2513 1506 2543 tabulae
1516 2513 1602 2553 apud
1622 2513 1766 2543 Roccum
1781 2513 1906 2544 Pirrum
1921 2512 1953 2543 in
1969 2512 2074 2544 Sicilia
2097 2522 2194 2544 sacra.
2214 2511 2382 2553 Opuscula

1303 2557 1459 2588 secundae
1491 2557 1587 2598 partis
1618 2557 1840 2598 complectitur
1869 2564 1966 2598 caput
1994 2567 2060 2595 ιω,
2085 2557 2140 2588 ubi
2169 2557 2213 2588 sic
2246 2556 2290 2588 ait
2311 2556 2380 2588 lau-

1303 2602 1394 2632 datus
1426 2602 1576 2642 scriptor:
1601 2602 1682 2632 Item
1719 2602 1908 2639 Tractatus,
1933 2602 2020 2643 quod
2049 2602 2104 2632 lex
2133 2602 2256 2632 amoris
2269 2600 2382 2642 ficet-it

1304 2647 1486 2677 necessaria
1510 2647 1640 2677 homini.
1666 2646 1804 2687 Incipit:
1827 2647 1904 2676 Tria
1934 2651 2011 2677 sunt
2042 2646 2165 2677 homini
2194 2645 2379 2676 necessaria

1302 2690 1346 2721 ad
1368 2691 1523 2721 salutem:
1538 2696 1569 2721 et
1591 2690 1730 2728 attende,
1751 2691 1827 2731 quia
1847 2691 1906 2721 iste
1928 2690 2055 2721 libellus
2077 2690 2118 2720 ab
2140 2689 2302 2731 aliquibus
2325 2698 2379 2720 νο-

1303 2740 1399 2766 catur
1431 2735 1512 2766 liber
1543 2735 1583 2766 de
1614 2735 1807 2775 Praeceptis.
1832 2733 2177 2772 Quartumdecimum,
2210 2733 2300 2775 quod
2330 2743 2379 2764 se-

1303 2779 1422 2820 quitur,
1447 2786 1542 2820 caput
1565 2779 1707 2810 continet
1730 2778 1895 2819 Opuscula
1919 2778 2027 2810 tertiae
2055 2778 2170 2819 partis,
2193 2777 2275 2809 inter
2297 2787 2380 2819 quae

1304 2823 1418 2863 legitur
1441 2830 1511 2854 tum
1540 2824 1712 2854 Tractatus
1743 2823 1829 2864 quod
1851 2823 1944 2854 beata
1975 2823 2072 2864 Virgo
2092 2822 2217 2854 excedit
2233 2822 2380 2863 Angelos

1304 2869 1336 2898 in
1348 2868 1550 2909 plenitudine
1567 2869 1697 2909 gloriae
1711 2873 1741 2898 et
1753 2868 1894 2909 gratiae,
1911 2868 1967 2908 qui
1979 2868 2027 2898 sic
2041 2868 2168 2908 incipit:
2181 2867 2250 2898 Ave
2267 2867 2379 2908 gratia

1301 2913 1420 2953 plena:
1438 2919 1508 2943 tum
1533 2913 1704 2943 Tractatus
1726 2912 1767 2942 de
1790 2913 1987 2952 expositione
2009 2911 2166 2953 Symbola
2187 2912 2243 2952 qui
2259 2911 2307 2942 sic
2330 2911 2379 2942 in-

1304 2958 1398 2997 cipit:
1424 2957 1529 2988 Credo
1548 2958 1580 2987 in
1597 2966 1697 2987 unum
1713 2957 1829 2987 Deum.
1846 2956 1917 2987 Una
1931 2955 2150 2996 praetermissa
2167 2956 2380 2996 Expositione

1307 3001 1474 3032 Orationis
1487 3002 1688 3038 Dominicae,
1710 3001 1831 3042 reliqua
1850 3000 2016 3041 opuscula
2030 3007 2169 3041 quatuor
2183 3000 2297 3031 diserte
2311 3009 2378 3031 me-

1303 3053 1407 3077 morat
1430 3045 1647 3083 Ptolomaeus,
1668 3054 1846 3086 eorumque
1862 3045 1951 3076 initia
1967 3051 2191 3085 repraesentat:
2209 3054 2274 3086 qua
2289 3053 2378 3075 sum-

1302 3101 1355 3120 ma
1378 3090 1549 3132 synchroni
1570 3089 1707 3120 auctoris
1731 3089 1891 3130 diligentia
1914 3089 2068 3120 evincitur
2091 3090 2196 3120 foetus
2220 3098 2287 3120 esse
2309 3097 2379 3130 ger-

1303 3145 1416 3165 manos
1441 3134 1504 3165 divi
1528 3134 1676 3165 Thomae
1700 3133 1879 3175 Aquinatis.

1369 3179 1534 3210 Minorum
1565 3178 1729 3219 Operum,
1753 3188 1835 3219 quae
1868 3178 2046 3209 lucubravit
2076 3185 2202 3209 sanctus
2234 3177 2376 3216 Doctor,

1303 3223 1494 3264 paucissima
1525 3222 1618 3254 refert
1641 3222 1833 3254 Guillelmus
1857 3223 1895 3253 de
1919 3223 2048 3261 Tocco,
2073 3222 2125 3253 cui
2149 3222 2222 3253 satis
2246 3221 2308 3252 fuit
2323 3229 2376 3261 ge-

1303 3267 1436 3298 neratim
1465 3267 1657 3305 admonere,
1690 3267 1757 3297 alia
1791 3268 1892 3298 multa
1921 3268 1960 3297 ab
1991 3277 2030 3298 eo
2063 3266 2178 3308 scripta
2211 3264 2377 3307 opuscula

1303 3313 1502 3353 theologicae
1533 3313 1694 3349 veritatis,
1721 3312 1896 3352 plusquam
1929 3320 1968 3342 20
2000 3311 2137 3342 diversis
2166 3310 2315 3342 Dominis
2346 3313 2377 3340 et

1302 3357 1476 3398 Religiosis
1493 3357 1653 3397 personis.
1678 3358 1720 3386 At
1745 3366 1811 3386 uno
1835 3362 1986 3396 excepto,
2014 3365 2113 3396 super
2134 3355 2292 3396 Angelica
2316 3353 2376 3383 Sa-

1303 3402 1476 3439 natatione,
1503 3407 1648 3432 numerat
1676 3400 1786 3431 omnia
1811 3400 1944 3431 loannes
1961 3400 1999 3430 de
2015 3399 2194 3438 Columna,
2210 3397 2375 3439 inquiens:

1303 3446 1354 3476 De
1368 3446 1524 3476 Articulis
1544 3445 1623 3484 fidei
1645 3450 1676 3475 et
1698 3445 1863 3476 Ecclesiae
1879 3445 2137 3475 Sacramentis..
2168 3442 2375 3482 ‚Expositio-

1304 3500 1375 3520 nem
1399 3499 1498 3530 super
1517 3489 1704 3520 Orationem
1722 3489 1936 3526 Dominicam,
1957 3485 2197 3529 Expositionein
2217 3485 2373 3527 Symboli,

1302 3535 1544 3575 Expositionem
1568 3534 1675 3564 decem
1694 3539 1943 3574 praeceptorum
1967 3532 2136 3573 Decatogi.

1369 3578 1573 3609 Postremum
1589 3584 1684 3618 caput
1702 3577 1772 3608 libri
1791 3577 1884 3618 primi
1905 3577 1943 3607 de
1967 3576 2039 3607 Vita
2053 3586 2078 3606 8.
2093 3574 2252 3611 Thomae,
2276 3582 2375 3614 quam

1302 3621 1503 3653 concinnavit
1525 3622 1703 3652 Bernardus
1726 3621 1903 3659 Guidonis,
1927 3620 1976 3651 his
1999 3618 2101 3650 verbis
2128 3618 2215 3658 apud
2241 3617 2374 3649 casimi-
