2788 4204
69 320 79 357 ;
88 325 119 368 ἒς
135 318 204 346 quod.

107 345 171 400 053:
183 350 284 398 aaa}

69 400 147 420 autem
161 403 223 419 man.

69 478 77 486 ·
92 476 126 498 Et
138 483 165 497 ex
181 476 250 498 codd.

69 530 173 553 *Codd.-
184 536 209 551 1²:
221 531 282 551 tunc.

314 230 391 276 354

311 309 379 345 erit
406 308 663 345 manifestum.
695 308 743 344 Et
771 307 939 343 similiter
973 306 1137 342 sciemus
1166 305 1254 353 quia
1276 306 1295 325 '²²‘
1325 312 1382 342 est

312 362 490 408 defectus,
507 361 574 398 sed
591 360 805 397 nesciemus
821 360 911 408 quid
925 366 979 395 est
1000 359 1179 405 defectus,
1196 359 1379 405 quando*

311 415 556 452 manifestum
577 422 632 450 est
651 414 754 461 quod
774 414 809 448 A
830 420 884 448 est
903 412 941 448 in
968 412 1011 456 C,
1033 411 1128 447 idest
1156 411 1262 458 quod
1290 412 1379 448 luna

314 468 449 506 deficit.
472 469 521 505 Et
541 469 560 489 ‘¹‘
580 467 675 503 sicut
694 466 732 502 in
749 465 943 513 praedicto
966 465 1141 512 exemplo
1170 476 1241 500 nec
1267 464 1380 501 scitur

307 528 463 570 propter
491 521 581 570 quid
608 528 678 564 est,
708 531 778 555 nec
803 518 916 554 scitur
934 517 1025 564 quid
1053 524 1123 559 est,
1153 517 1203 553 ita
1224 517 1243 537 ‘³‘
1263 530 1379 565 quae-

68 588 286 610 *Codd.—p:m’hl‘l
313 587 394 611 rere
422 582 577 623 propter
591 572 682 620 quid
703 579 768 618 est,
790 570 880 607 nihil
902 570 1034 606 aliud*
1052 577 1106 606 est
1125 582 1243 617 quam
1263 583 1377 618 quae-

69 615 128 636 enim
143 615 176 635 al.
185 626 195 630 -
208 621 236 635 u.-
251 615 283 635 al.

68 643 105 662 est
125 647 242 668 quaerere
261 647 283 668 q.

68 674 151 695 quaer.

69 697 77 704 ·
94 695 175 722 Quare
185 700 233 715 om.
244 700 284 715 u«.

67 801 77 812 ⁸
91 800 148 821 Scit.
163 806 191 821 ex
202 800 283 821 codd.-

68 833 89 847 Η
100 834 104 847 z
121 829 281 848 convertatur.

66 854 76 864 “
91 853 171 874 Lunae
186 860 234 874 om.
246 859 261 873 1.

67 902 173 923 *Lunare
178 908 206 923 ex
212 901 280 923 codd.

67 1007 79 1018 ⁸
95 1013 127 1028 rt:
143 1007 183 1028 illa
187 1013 245 1028 rum.

313 640 394 665 rere
414 627 504 676 quid
535 634 599 663 est.
625 626 722 661 Puta
754 623 784 660 si
809 635 1038 672 quaeramus
1067 635 1184 671 quare
1212 625 1231 644 ‘¹‘
1252 623 1379 661 deficit

311 682 410 728 luna,
436 688 562 716 utrum
595 678 745 715 deficiat
778 684 934 725 propter
960 677 1035 713 hoc
1068 676 1173 724 quod
1207 677 1379 714 obiicitur

310 742 408 771 terra
426 734 466 770 in
484 731 612 769 medio
642 731 736 767 inter
764 731 883 766 solem
912 737 948 766 et
966 730 1118 775 lunam;
1139 730 1200 766 vel
1219 731 1294 766 hoc
1312 731 1379 767 fiat

309 800 378 836 per
398 785 688 823 conversionem
708 784 834 830 lunae,
855 790 896 819 ut
910 782 1049 819 scilicet
1069 784 1088 804 '¹‘
1102 791 1192 819 tunc
1211 791 1379 820 vertatur

308 852 440 877 versus
460 851 530 875 nos
550 837 770 886 superficies
790 838 902 873 lunae
924 838 944 858 ²⁹
965 848 1061 884 quae
1084 844 1138 872 est
1157 837 1376 884 tenebrosa,

308 901 349 929 ut
377 892 533 940 quidam
563 891 756 935 dixerunt;
786 891 848 927 vel
878 890 992 926 etiam
1026 890 1162 926 lunare
1197 890 1216 910 '⁸
1246 891 1378 927 lumen

309 945 542 993 extinguatur
573 944 613 981 in
647 944 775 992 aliquo
803 943 975 980 humido.
1016 943 1210 989 Quaerere
1248 951 1377 980 autem

307 1007 434 1035 utrum
453 1005 609 1046 propter
628 997 795 1045 aliquam
814 996 952 1033 harum
970 998 989 1018 ’⁸
1006 1008 1206 1032 causarum
1227 997 1293 1033 fiat
1313 997 1377 1033 de-

307 1052 425 1088 fectus
445 1052 578 1098 lunae,
600 1050 691 1087 nihil
711 1057 766 1087 est
785 1049 887 1086 aliud
907 1062 1025 1098 quam
1046 1061 1228 1098 quaerere
1247 1057 1377 1087 utrum

308 1105 475 1142 defectus
513 1105 625 1141 lunae
660 1103 705 1140 sit
730 1102 892 1140 obiectio
922 1111 1054 1149 terrae,
1085 1111 1148 1139 aut
1177 1104 1376 1140 conversio

306 1159 429 1204 lunae,
451 1165 515 1194 aut
534 1157 710 1194 extinctio
730 1156 883 1193 luminis
918 1156 1010 1193 eius.
1042 1157 1091 1193 Et
1110 1157 1184 1193 hoc
1203 1157 1376 1194 medium

307 1218 363 1248 est
395 1211 488 1248 ratio
522 1210 671 1247 alterius
692 1210 949 1256 extremitatis,
971 1210 1066 1246 sicut
1093 1210 1132 1246 in
1159 1211 1377 1258 praemissis

307 1264 491 1313 exemplis
512 1272 568 1300 est
588 1263 682 1300 ratio
701 1263 818 1312 ipsius
838 1265 884 1310 A,
906 1263 1011 1311 quod
1041 1271 1096 1299 est
1115 1263 1238 1300 maior
1258 1271 1376 1301 extre-

261 1315 263 1317 ’
306 1317 434 1363 mitas;
465 1317 553 1366 quia
582 1317 749 1354 defectus
778 1318 890 1353 lunae
919 1316 1008 1353 nihil
1038 1323 1093 1353 est
1130 1316 1231 1353 aliud
1259 1330 1376 1365 quarn

68 1493 76 1502 ⁶
92 1492 166 1514 Codd.
178 1503 187 1508 —
199 1499 223 1513 P:
240 1492 277 1513 di-

67 1525 154 1540 camus.

66 1546 226 1571 Anaxagoras.

67 1571 228 1599 Empedocles.

67 1652 77 1662 ⁸
88 1651 145 1677 Cap.
154 1657 190 1677 lx,
210 1657 232 1672 n.
247 1656 277 1671 21.

72 1689 87 1693 -
99 1678 191 1699 Comm.
206 1677 278 1698 s.Th.

67 1705 118 1725 lect.
128 1711 151 1725 x.

68 1974 79 1984 ⁸
95 1973 189 1995 Codd.·
200 1980 225 1994 p:
236 1979 279 1994 au-

69 2002 113 2020 tem
121 2000 150 2023 Α,·
159 2007 183 2026 Q:
193 2002 279 2026 autern,

69 2033 116 2048 om.
131 2027 160 2048 A.

306 1370 468 1407 obiectio
498 1371 595 1407 facta
620 1370 741 1406 lunari
769 1370 902 1407 lumini
931 1382 953 1406 a
981 1377 1090 1407 terra.
1121 1370 1234 1406 Ponit
1262 1370 1376 1407 etiam

306 1424 408 1461 aliud
442 1424 678 1472 exemplum:
712 1431 753 1459 ut
781 1423 811 1459 si
843 1435 1073 1470 quaeramus
1111 1423 1202 1470 quid
1237 1431 1293 1460 est
1320 1430 1376 1460 to-

306 1477 485 1515 nitruum.
520 1478 569 1514 Et
589 1476 733 1513 dicatur
749 1478 780 1522 ²⁸,
798 1475 1009 1512 secundum
1030 1475 1253 1524 opinionem
1274 1478 1376 1513 Ana-

306 1543 469 1579 xagorae
494 1538 530 1567 et
556 1529 827 1578 EmpedocliS,
862 1530 968 1577 quod
998 1536 1053 1566 est
1081 1529 1255 1566 extinctio
1282 1529 1376 1577 ignis

307 1585 346 1622 in
360 1584 474 1621 nube.
492 1583 712 1620 Secundum
745 1595 838 1619 vero
855 1582 1077 1631 opinionem
1093 1583 1172 1619 eius
1187 1583 1227 1620 in
1243 1584 1274 1619 II
1289 1584 1375 1619 Me-

307 1644 498 1675 teororum
515 1639 547 1682 ²¹⁶,
567 1636 777 1673 tonitruum
793 1636 836 1672 fit
856 1648 901 1672 ex
925 1647 1150 1685 percussura
1172 1636 1375 1673 exhalatio-

306 1690 513 1728 nis·siccae
541 1690 580 1727 in
617 1689 816 1737 frigiditate
845 1689 895 1726 ad
932 1690 1064 1727 nubes.
1097 1689 1219 1727 Utitur
1247 1697 1375 1726 autem

307 1743 497 1782 multoties
512 1744 550 1780 in
571 1743 753 1791 exemplis
773 1743 1018 1791 opinionibus
1033 1743 1207 1780 aliorum.
1226 1743 1266 1780 Si
1286 1755 1376 1791 ergo

306 1798 517 1835 secundum
537 1797 770 1846 praedictam
799 1796 1022 1846 opinionem
1051 1804 1265 1845 quaeratur,
1289 1809 1377 1845 pro-

306 1860 389 1902 pter
417 1851 508 1900 quid
536 1859 656 1888 tonat:
687 1850 956 1899 respondetur,
986 1858 1142 1899 propter
1168 1851 1244 1887 hoc
1271 1850 1377 1898 quod

308 1905 532 1953 extinguitur
550 1905 644 1953 ignis
665 1905 703 1941 in
723 1905 835 1941 nube.
863 1905 918 1941 Sit
938 1904 1048 1951 igitur
1066 1904 1187 1941 nubes
1208 1904 1252 1951 C,
1273 1904 1377 1951 quod

309 1967 365 1996 est
391 1959 518 1996 minor
542 1958 776 2003 extremitas;
809 1958 1019 1995 tonitruum
1052 1959 1087 1994 A
1117 1959 1154 2003 *‚
1189 1957 1294 2005 quod
1323 1965 1379 1994 est

308 2013 433 2050 maior
461 2012 696 2059 extremitas3
727 2012 902 2049 extinctio
931 2012 1025 2060 ignis
1054 2011 1100 2048 sit
1127 2012 1171 2059 B,
1197 2010 1302 2059 quod
1324 2018 1379 2047 est

363 2175 389 2209 ο)
410 2176 485 2208 Ergo
504 2175 530 2200 in
550 2174 618 2199 nube
640 2177 680 2200 est
697 2181 778 2199 sonus
797 2173 918 2198 tonitrui.
938 2187 956 2193 ·-
974 2174 1047 2198 Hanc
1072 2174 1196 2205 integram
1221 2172 1376 2203 illationem,

310 2219 388 2244 quarn
408 2211 427 2235 Ρ
447 2216 472 2235 et
491 2211 574 2235 Venn.
589 2210 648 2235 edd.
663 2209 971 2242 omittunthrestituimus
986 2216 1016 2233 ex
1031 2209 1119 2233 codd.:
1139 2209 1247 2233 omissio
1267 2208 1335 2232 enim
1350 2208 1376 2232 in

309 2247 348 2271 his
368 2247 427 2271 edd.
445 2247 545 2271 videtur
564 2253 622 2270 esse
641 2246 675 2270 ob
690 2253 823 2270 recursum
843 2245 958 2269 eiusdem
977 2244 1061 2274 vocis,
1081 2251 1169 2269 sonus.
1186 2245 1206 2268 A
1222 2244 1300 2268 Piana
1314 2251 1376 2268 vero

310 2287 335 2307 et
349 2283 408 2307 edd.
423 2283 506 2307 Venn.
521 2282 611 2306 dicitur
625 2281 650 2306 in
665 2281 758 2306 minori
773 2281 927 2313 syllogismi;
942 2283 981 2305 est
994 2287 1074 2305 sonus
1093 2279 1222 2310 tonitru&
1242 2280 1287 2304 sed
1300 2279 1376 2303 omit-

309 2319 387 2346 timus
407 2317 562 2342 vocabulum
582 2317 702 2347 tonitrui,
723 2324 776 2349 quo
795 2321 882 2341 carent
901 2316 1017 2341 codices:
1037 2323 1098 2340 nam
1118 2315 1167 2340 hoc
1186 2315 1313 2340 vocabulo
1332 2315 1376 2339 ad-

864 227 1248 264 POSTERIORUM
1275 226 1706 263 ANALYTICORUM
1735 227 1829 263 LIB.
1861 228 1892 263 II

1434 306 1610 343 medium.
1643 305 1893 353 Syllogizetur
1921 317 2010 353 ergo
2040 305 2112 342 sic:
2138 307 2184 342 In
2218 307 2253 342 C
2276 312 2331 343 est
2346 309 2392 353 B,
2414 308 2507 344 idest

1435 359 1471 395 in
1500 359 1600 395 nube
1627 365 1682 396 est
1717 358 1892 395 extinctio
1930 358 2048 408 ignis,·
2074 359 2141 395 sed
2173 359 2294 395 omnis
2327 360 2503 397 extinctio

1435 412 1534 460 ignis
1571 418 1626 448 est
1659 424 1794 456 εοηιιε;
1832 423 1927 461 ergo
1965 412 2002 447 in
2037 412 2136 448 nube
2172 418 2228 448 est
2260 424 2374 449 sonus
2411 414 2504 450 toni-

1433 465 1510 500 trui
1535 470 1558 501 ⁰.
1589 466 1638 501 Et
1657 465 1708 501 sic
1727 472 1831 513 patet
1858 464 1964 513 quod
1983 464 2205 513 accipiendo
2225 473 2381 514 propter
2399 466 2502 514 quid,

1432 529 1501 566 per
1535 518 1901 554 demonstrationem
1938 518 2148 566 accipimus
2182 518 2275 565 quid
2304 526 2379 566 est,
2415 519 2504 567 quia

1433 570 1559 618 ipsum
1587 572 1760 609 medium
1789 571 1992 608 ostendens
2016 580 2172 620 propter
2201 571 2304 619 quid,
2336 579 2391 608 est
2410 573 2504 609 ratio

1437 624 1632 661 definitiva
1663 624 1776 673 primi
1808 624 1980 672 termini,
2013 624 2110 662 idest
2142 625 2296 661 maioris
2330 625 2504 662 extremi-

1433 677 1528 714 tatis.
1560 677 1636 714 Sed
1666 678 1696 714 si
1726 685 1900 726 oporteat
1925 677 2098 726 accipere
2119 678 2272 727 aliquod
2301 678 2403 715 aliud
2423 690 2503 715 me-

1433 730 1539 767 dium
1578 731 1628 767 ad
1664 732 1739 767 hoc
1772 730 2140 778 demonstrandum,
2177 733 2252 768 hoc
2289 740 2504 768 assumetur

1433 796 1483 819 ex
1510 783 1662 832 reliquis
1690 784 1909 829 rationibus,
1936 783 2032 820 idest
2060 795 2106 820 ex
2131 784 2351 821 definitione
2379 785 2503 822 mino-

1433 837 1481 873 ris
1505 838 1524 857 *
1550 836 1808 883 extremitatis,
1845 844 1881 873 et
1912 837 2073 873 aliarum
2103 849 2304 874 causarum
2325 838 2502 875 extrinse—

1433 902 1576 926 carum.
1599 891 1700 927 Cum
1729 890 1831 926 enim
1852 890 2063 927 subiectum
2085 890 2130 927 sit
2159 903 2272 927 causa
2299 891 2502 939 passionis,

1432 955 1587 980 necesse
1612 952 1669 980 est
1696 943 1802 992 quod
1826 943 1995 980 definitio
2015 944 2202 992 passionis
2223 945 2505 981 demonstretur

1431 1009 1501 1045 per
1529 997 1791 1034 definitionem
1813 997 1971 1033 subiecti
1982 998 2014 1034 *.
2036 998 2085 1034 Et
2102 998 2178 1034 hoc
2196 1004 2299 1046 patet
2318 998 2357 1034 in
2377 1009 2503 1034 exem-

1431 1051 1495 1099 plo
1524 1050 1733 1099 proposito.
1760 1049 1862 1096 Quia
1888 1050 1991 1087 enim
2010 1051 2100 1087 luna
2129 1059 2185 1087 est
2203 1063 2342 1100 corpus
2370 1058 2503 1088 natum

1432 1104 1484 1141 sic
1513 1104 1678 1150 moveri,
1700 1103 1786 1140 ideo
1807 1115 1963 1140 necesse
1984 1111 2040 1140 est
2057 1105 2163 1152 quod
2183 1104 2381 1141 obiiciatur
2400 1111 2503 1141 certo

1432 1166 1607 1206 tempore
1635 1163 1654 1179 π
1683 1164 1781 1194 terra
1814 1157 1909 1194 inter
1937 1158 2058 1194 solem
2088 1165 2124 1194 et
2151 1158 2286 1206 ipsam.

1477 1210 1670 1259 9.Deinde
1687 1223 1775 1247 cum
1792 1210 1895 1247 dicit:
1914 1211 2109 1252 Quomodo
2125 1212 2273 1260 quidem
2289 1211 2406 1260 igitur
2421 1217 2503 1257 etc.,

1433 1265 1595 1313 epilogat
1610 1264 1714 1312 quod
1730 1264 1873 1301 dictum
1890 1271 1959 1301 est:
1978 1272 2014 1301 et
2028 1264 2116 1301 dicit
2131 1265 2273 1302 dictum
2290 1265 2504 1312 esse*quo-

1431 1318 1551 1354 modo
1567 1317 1773 1366 accipiatur
1789 1325 1825 1353 et
1839 1317 2051 1355 innotescat
2066 1318 2167 1366 quod
2184 1318 2275 1366 quid
2287 1323 2352 1363 est,
2365 1316 2505 1354 scilicet

1430 1382 1499 1419 per
1525 1371 1601 1407 hoc
1629 1371 1735 1419 quod
1754 1371 1934 1419 accipitur
1957 1377 2114 1420 propter
2141 1371 2240 1420 quid.
2270 1370 2425 1408 Dictum
2451 1377 2506 1407 est

1432 1424 1546 1460 etiam
1575 1424 1680 1472 quod
1709 1436 1788 1461 non
1817 1432 1872 1461 est
1904 1425 2144 1473 syllogismus
2183 1436 2307 1472 neque
2346 1424 2505 1461 demon-

2529 846 2540 856 ·
2555 852 2581 867 ιιι
2596 846 2706 868 maior-it.

2531 1010 2542 1020 ⁸
2552 1010 2677 1039 Cf.lect.1‚
2687 1017 2711 1033 u.
2719 1016 2747 1039 9.

2627 1179 2645 1196 π

2533 1274 2541 1283 ·
2550 1273 2638 1295 Codd.·
2644 1277 2694 1295 m:
2700 1275 2747 1296 est·

2532 1306 2546 1320 E
2556 1306 2604 1321 om.
2616 1302 2640 1322 et
2648 1299 2707 1322 dicit

2533 1328 2594 1348 etun
2607 1332 2669 1349 ene.

1431 1477 1559 1513 stratio
1579 1477 1696 1525 ipsius
1725 1477 1815 1525 quid
1841 1483 1910 1523 est,
1939 1485 1980 1514 ut
2008 1478 2146 1514 scilicet
2173 1477 2325 1526 proprie
2355 1476 2505 1525 syllogi·
2527 1511 2531 1515 .

1431 1538 1535 1566 zetur
1562 1530 1623 1567 vel
1650 1530 1930 1567 demonstretur
1958 1531 2063 1579 quod
2084 1531 2176 1580 quid
2205 1538 2281 1576 est;
2311 1538 2348 1567 et
2374 1537 2506 1567 tamen

1431 1583 1692 1620 manifestatur
1725 1583 1830 1631 quod
1858 1582 1949 1631 quid
1983 1591 2038 1620 est
2070 1595 2140 1632 per
2172 1583 2435 1631 syllogismum
2470 1590 2508 1620 et

1430 1649 1500 1685 per
1531 1636 1919 1683 demonstrationem,
1954 1636 1993 1673 in
2026 1644 2211 1685 quantum
2249 1636 2389 1673 scilicet
2423 1647 2505 1672 me-

1432 1690 1537 1727 dium
1563 1690 1894 1728 demonstrationis
1922 1698 2079 1739 propter
2097 1689 2191 1738 quid
2214 1697 2271 1726 est
2289 1690 2395 1737 quod
2414 1689 2506 1737 quid

1433 1751 1488 1780 est
1517 1745 1548 1781 ²¹³.
1587 1744 1699 1781 Unde
1741 1743 1986 1780 manifestum
2024 1751 2081 1780 est
2117 1743 2222 1791 quod
2262 1754 2386 1791 neque
2424 1742 2506 1779 sine

1433 1797 1755 1834 demonstratione
1791 1804 1917 1846 potest
1955 1796 2134 1844 cognosci
2170 1796 2277 1846 quod
2313 1795 2404 1845 quid
2439 1803 2505 1843 est,

1434 1851 1539 1887 cuius
1560 1858 1615 1887 est
1634 1851 1750 1887 altera
1766 1863 1896 1896 causa;
1918 1862 1989 1887 nec
2006 1858 2136 1886 tamen
2156 1857 2211 1886 est
2231 1849 2504 1887 demonstratio

1433 1904 1550 1952 ipsius
1578 1904 1683 1952 quod
1711 1903 1802 1951 quid
1832 1911 1898 1950 est,
1919 1904 2015 1941 sicut
2041 1904 2277 1952 probabatur
2298 1904 2318 1924 ’²‘
2346 1903 2384 1939 in
2413 1902 2506 1939 obii-

1434 1957 1581 1994 ciendo.
1618 1957 1667 1993 Et
1703 1957 1916 1994 secundum
1950 1957 2026 1994 hoc
2063 1957 2296 1994 obiectiones
2329 1956 2504 1993 inductae

1434 2019 1521 2047 sunt
1547 2022 1674 2047 verae.

1434 2173 1495 2203 dito,
1515 2173 1608 2197 iterum
1621 2172 1647 2196 in
1662 2172 1705 2196 illa
1719 2171 1811 2196 minori
1831 2176 1891 2204 post
1908 2171 2000 2202 verba,
2020 2170 2151 2196 extinctio
2165 2170 2244 2204 ignis,
2263 2170 2394 2195 videretur
2407 2170 2506 2204 aliquid

1433 2208 1581 2232 addendum
1599 2208 1641 2232 vel
1661 2207 1923 2239 subintelligendum,
1943 2212 2018 2239 puta,
2039 2206 2065 2231 in
2087 2207 2162 2231 nube.

1485 2242 1516 2277 π)
1536 2243 1685 2268 obiiciatur
1702 2246 1775 2267 certo
1795 2246 1913 2274 tempore
1932 2247 2008 2267 etc.—-
2020 2242 2056 2266 L:
2069 2242 2212 2267 obiiciatur
2230 2245 2327 2270 terrae,
2342 2241 2434 2273 posita
2453 2245 2506 2266 ter-

1431 2286 1463 2303 ra
1483 2284 1546 2309 etc.;
1562 2279 1600 2309 Q:
1619 2278 1762 2304 obiiciatur
1781 2278 1859 2304 tertio
1885 2281 2003 2311 tempore
2023 2277 2093 2303 inter
2112 2278 2177 2311 (om.
2195 2278 2277 2303 solem
2295 2277 2336 2310 et)
2357 2277 2441 2310 ipsam
2447 2284 2457 2307 ,⁰
2469 2277 2505 2302 B:

1431 2315 1502 2339 inter
1520 2315 1602 2339 solem
1620 2317 1647 2339 et
1666 2314 1765 2339 lunam.

2533 1755 2545 1767 ⁸
2554 1761 2605 1781 Ακο,
2611 1761 2688 1777 erron.
2696 1761 2745 1777 om.

2533 1781 2598 1810 qnod
2608 1782 2667 1810 quid
2675 1784 2720 1804 eet.

2533 1915 2747 1962 imvm

2533 1946 2747 2016 marim·
