2788 4204
168 3103 184 3119 α

290 236 365 281 246

882 229 1266 269 POSTERIORUM
1294 226 1722 264 ANALYTICORUM
1751 226 1844 262 LIB.
1876 227 1890 262 I

823 383 1123 468 LEcTto
1163 406 1947 497 VTGESIMASEPTIMA

420 568 503 607 DE
531 560 931 610 SYLLOGISMO‚
962 561 1079 602 PER
1109 559 1283 612 QUEM
1309 558 1648 599 INDUCITUR
1675 558 1736 598 IN
1765 557 1944 599 NOBIS
1973 546 2383 600 IGNORANTIA‘

326 643 447 682 VEL
482 637 794 680 DECERTIO.
836 637 915 676 ET
948 635 1154 682 PRIMO,
1196 633 1507 686 QUOMODO
1544 633 1725 673 CIRCA
1759 633 1953 677 PRIMA.
1988 633 2068 673 ET
2100 633 2451 674 IMMEDIATA

604 711 937 753 CAUSATUR
969 708 1369 750 IGNORANTIA·
1390 707 1520 760 QUA
1553 707 1972 748 EXISTIMATUR
2006 707 2173 757 ESSE,

1144 783 1318 836 QUOD
1352 782 1482 822 NON
1516 781 1631 822 EST
1863 797 1866 800 -

286 930 426 972 ’Άγνοια
451 920 480 955 δ’
502 926 522 961 ἡ
541 924 587 967 μή
612 922 691 956 κατ’
715 921 885 967 ἀπόφασιν
911 920 999 953 ἀλλά
1019 920 1115 952 κατοὶ
1139 918 1287 951 διάθεσιν
1304 921 1359 950 λε-

359 970 483 1016 γομένη
511 969 583 1001 ἔστι
601 968 659 1012 μὲν
678 968 699 1004 ἡ
717 963 776 999 διαὶ
793 966 1019 1012 συλλογισμοῦ
1036 964 1193 1011 γενομένη
1221 962 1356 1000 ἀπάτη·

360 1015 449 1050 αὕτη
475 1010 506 1045 δ’
526 1011 558 1045 ἐν
585 1013 644 1056 μὲν
670 1016 742 1049 τοῖς
760 1011 900 1054 πρώτως
919 1010 1126 1055 ὑπάρχουσιν
1146 1008 1166 1045 ἦ
1188 1009 1234 1053 μη
1254 1009 1361 1054 ὑπάρ-

358 1070 454 1104 χουσι
479 1058 655 1102 συμβαίνει
679 1052 795 1102 διχῶς·
815 1055 836 1093 ἦ
853 1057 918 1102 γάρ
943 1054 1028 1087 ὅταν
1057 1056 1171 1091 ἁπλῶς
1198 1054 1358 1096 ὑπολάβῃ

360 1103 522 1149 ὑπάρχειν
549 1101 570 1139 ἦ
598 1102 645 1146 μή
672 1101 849 1146 ὑπάρχειν,
877 1099 898 1137 ἦ
924 1099 1009 1132 ὅταν
1039 1094 1098 1131 διά
1131 1099 1359 1144 συλλογισμοῦ

358 1148 450 1191 λάβῃ
477 1147 540 1185 τήν
568 1145 747 1190 ὑπόληψιν.

292 1196 359 1232 Τῆς
384 1192 441 1237 μὲν
470 1190 525 1224 οὖν
553 1192 663 1229 άπλῆς
690 1187 889 1233 ὑπολήψεως
916 1189 1010 1224 οἱπλῆ
1028 1188 1048 1224 ἡ
1069 1185 1202 1228 ἀπάτη,
1230 1189 1293 1226 τῆς
1321 1182 1360 1219 δέ,

359 1232 419 1269 διά
441 1237 669 1281 συλλογισμοῦ
695 1236 840 1271 πλείους.
879 1233 934 1270 Μή
966 1232 1152 1278 ὑπαρχέτω
1177 1232 1241 1279 γάρ
1267 1233 1308 1265 τὸ
1334 1233 1359 1263 Α

361 1277 477 1325 μηδενὶ
513 1283 580 1313 τῶν
614 1283 638 1311 Β
674 1278 822 1322 ἀτόμως·
862 1275 980 1309 οὐκοῦν
1019 1275 1076 1309 ἐάν
1113 1278 1359 1323 συλλογίζηται

362 1327 522 1371 ὑπάρχειν
549 1325 591 1358 τὸ
616 1326 641 1356 A
665 1326 712 1366 τῷ
738 1325 776 1364 Β,
802 1322 903 1367 μέσον
927 1321 1043 1362 λαβών
1062 1321 1104 1354 τὸ
1121 1323 1156 1361 Γ,
1176 1319 1360 1367 ἠπατημέ-

361 1386 413 1410 νος
440 1373 539 1404 ἔσται
564 1365 624 1402 διά
646 1368 885 1414 συλλογισμοῦ.

290 1413 494 1463 Ἐνδέχεται
519 1415 577 1458 μὲν
605 1410 660 1445 οὑν
689 1411 881 1456 ἀμφοτέρας
901 1410 964 1447 τοὶς
982 1408 1164 1453 προτάσεις
1182 1407 1268 1442 εἶναι
1286 1409 1360 1454 ψευ-

361 1458 439 1502 δεῖς,
457 1455 634 1503 ἐνδέχεται
651 1453 688 1489 δὲ
701 1458 765 1494 τήν
780 1455 899 1500 ἑτέραν
914 1453 1028 1498 μόνον.
1045 1454 1082 1484 Εἰ
1095 1453 1160 1500 γάρ
1177 1454 1267 1498 μήτε
1281 1455 1322 1487 τὸ
1334 1457 1360 1487 A

362 1502 476 1550 μηδενὶ
495 1505 562 1537 τῶν
587 1504 607 1532 Γ
634 1502 778 1547 ὑπάρχει
803 1499 892 1544 μήτε
918 1499 959 1531 τὸ
978 1500 998 1528 Γ
1024 1494 1141 1541 μηδενὶ
1166 1500 1233 1531 τῶν
1251 1501 1288 1540 Β,
1315 1502 1360 1531 εἴ·

359 1553 494 1589 ληπται
514 1545 543 1580 δ’
565 1546 715 1590 ἑκατέρα
741 1544 927 1584 ἀνάπαλιν,
945 1542 1041 1587 ἄμφω
1060 1537 1186 1587 ψευδεῖς
1205 1543 1358 1578 ἔσονται.

290 1597 454 1643 Ἐγχωρεῖ
469 1589 498 1625 δ’
521 1592 626 1628 οὕτως
643 1591 731 1635 ἔχειν
749 1589 791 1622 τὸ
805 1591 825 1620 Γ
845 1588 923 1632 πρὸς
941 1588 983 1621 τὸ
1001 1590 1024 1619 Α
1041 1589 1100 1619 καὶ
1112 1586 1250 1627 Β,ὤστε
1269 1588 1358 1632 μήτε

363 1641 430 1672 ὑπὸ
456 1638 498 1670 τὸ
522 1638 548 1668 Α
572 1633 657 1668 εἶναι
682 1634 771 1679 μήτε
796 1632 943 1666 καθόλου
969 1633 1016 1673 τῷ
1039 1634 1075 1664 Β.
1103 1632 1149 1663 Τὸ
1174 1633 1234 1676 μέν
1252 1633 1317 1678 γάρ
1334 1635 1359 1664 Β

365 1680 536 1718 ἀδύνατον
572 1677 657 1712 εἶναι
690 1678 723 1711 ἐν
751 1678 813 1719 ὅλῳ
844 1680 923 1710 τινί·
955 1677 1095 1722 πρώτως
1125 1678 1190 1722 γάρ
1220 1676 1360 1724 ἐλέγετο

364 1727 457 1770 αὐτῷ
483 1726 524 1758 τὸ
542 1726 564 1756 Α
592 1724 637 1765 μή
666 1723 738 1756 ὑπά
757 1734 842 1777 χειν·
861 1722 902 1754 τὸ
924 1718 961 1754 δὲ
980 1719 1089 1754 Αὀὑκ
1117 1722 1248 1768 ἀνάγκη
1276 1723 1360 1756 πᾶσι

362 1777 432 1810 τοῖς
460 1768 548 1803 οὖσιν
575 1766 660 1806 εἶναι
691 1736 853 1800 καςολου·
884 1764 967 1798 ὥστ’
1002 1763 1192 1813 ἀμφότεραι
1218 1763 1357 1811 ψευδεῖς.

289 1862 397 1894 Ἀλλά
420 1862 477 1892 καὶ
503 1858 567 1895 τήν
595 1857 713 1902 ἑτέραν
746 1851 924 1900 ἐνδέχεται
957 1852 1066 1893 ἀληθῆ
1093 1855 1295 1901 λαμβάνειν,
1325 1853 1362 1888 οὑ

363 1906 480 1950 μέντοι
506 1902 675 1945 ὁποτέραν
704 1903 841 1946 ἔτυχεν,
870 1898 960 1933 ἀλλά
985 1900 1048 1937 τήν
1075 1901 1101 1933 Α
1118 1903 1153 1932 Γ·
1172 1903 1193 1938 ἡ
1219 1901 1284 1947 γάρ
1302 1902 1362 1932 ΓΒ

364 1949 527 1994 πρότασις
563 1945 613 1980 ἀεὶ
637 1942 759 1990 ψευδὴς
786 1946 885 1978 ἔσται
916 1939 976 1976 διαὶ
1000 1945 1042 1977 τὸ
1067 1943 1100 1978 ἐν
1128 1941 1246 1990 μηδενὶ
1275 1943 1361 1977 εἶναι

364 1995 405 2027 τὸ
430 1996 467 2034 Β,
494 1992 557 2028 τήν
583 1991 621 2023 δὲ
645 1994 670 2022 Α
694 1993 715 2022 Γ
742 1988 893 2036 ἐγχωρεῖ,
923 1989 989 2020 οἷον
1016 1990 1044 2021 εἰ
1069 1990 1111 2023 τὸ
1136 1992 1162 2022 Α
1184 1993 1242 2022 καὶ
1268 1991 1316 2032 τῷ
1339 1991 1361 2020 Γ

362 2042 419 2071 καὶ
438 2038 484 2079 τῷ
503 2039 526 2068 Β
553 2035 695 2080 ὑπάρχει
716 2033 863 2078 ἀτόμως.
883 2033 991 2066 ’Όταν
1012 2034 1077 2080 γάρ
1096 2034 1236 2079 πρώτως
1253 2046 1364 2073 κατη-

363 2083 510 2129 γορῆται
535 2081 649 2114 ταὺτό
668 2081 843 2120 πλειόνων,
865 2073 1042 2123 οὑδέτερον
1063 2074 1227 2124 οὐδετέρῳ
1246 2078 1358 2120 ἔσται.

365 2126 514 2172 Διαφέρει
539 2120 570 2156 δ’
600 2121 710 2166 οὐδέν,
739 2120 808 2156 οὐδ’
837 2124 864 2155 εἱ
889 2122 935 2167 μή
965 2121 1100 2167 ἀτόμως
1129 2124 1284 2170 ὑπάρχει.

295 2175 335 2205 Ἠ
367 2173 425 2218 μέν
460 2170 515 2203 οὖν
546 2170 609 2202 τοῦ
640 2170 802 2215 ὑπάρχειν
840 2166 958 2205 ἀπάτη
990 2163 1049 2201 διοὶ
1080 2167 1215 2201 τούτων
1241 2180 1279 2200 τε
1303 2169 1363 2200 καὶ

367 2216 455 2249 οὕτω
486 2218 619 2262 γίνεται
651 2213 756 2258 μόνως
785 2210 844 2256 (οὑ
870 2213 934 2258 γάρ
960 2209 1000 2249 ’ἦν
1027 2211 1059 2245 ὲν
1087 2213 1176 2254 ἄλλῳ
1205 2212 1363 2258 σχήματι

366 2262 428 2294 τοῦ
454 2259 615 2304 ὑπάρχειν
642 2256 891 2304 συλλογισμός).

360 2363 507 2390 SYNOPSIS.
526 2378 558 2382 ——
580 2371 603 2389 ι.
618 2362 829 2398 Argumentum
845 2366 872 2388 et
887 2359 989 2388 divisio
1008 2366 1109 2388 textus.
1125 2377 1144 2381 -
1159 2367 1186 2388 2.
1202 2361 1245 2388 De
1259 2359 1367 2397 duplici

300 2402 470 2440 ignorantia,
492 2402 651 2430 secundum
672 2400 864 2437 negationem,
880 2409 931 2428 seu
945 2400 1090 2437 negativa,
1107 2406 1134 2428 et
1149 2400 1309 2428 secundum
1324 2399 1367 2428 di-

301 2442 499 2479 spositionem,
521 2451 571 2470 seu
585 2441 721 2477 positiva,
737 2450 811 2477 quae
833 2440 909 2468 idem
929 2446 971 2468 est
985 2449 1018 2468 ac
1032 2449 1113 2468 error
1133 2440 1176 2468 vel
1198 2439 1368 2476 deceptio.-

304 2483 329 2510 3.
345 2481 507 2519 Ignorantia
521 2481 642 2517 positiva
663 2487 704 2509 est
718 2481 762 2509 vel
777 2480 852 2508 circa
866 2479 1006 2516 principia
1026 2480 1121 2516 prima
1141 2486 1169 2508 et
1190 2479 1365 2514 immediata,

302 2529 330 2550 et
344 2522 501 2558 opponitur
515 2521 671 2558 cognitioni
686 2521 860 2555 intellectus;
870 2520 914 2548 vel
925 2519 1001 2548 circa
1014 2519 1224 2555 conclusiones,
1236 2526 1263 2548 et
1273 2529 1367 2556 oppo—

302 2562 379 2589 nitur
393 2561 551 2598 cognitioni
566 2560 708 2589 scientiae.
720 2577 739 2581 -
748 2570 776 2595 4.
788 2561 823 2587 Et
834 2566 875 2587 est
886 2559 1022 2597 simplex,
1034 2569 1139 2596 nempe
1154 2561 1264 2596 absque
1278 2560 1367 2587 ductu

303 2611 354 2629 seu
368 2601 497 2629 discursu
511 2600 645 2635 rationis;
660 2600 704 2628 vel
718 2609 751 2628 ex
766 2599 876 2627 ratione
891 2605 1041 2627 errante.-
1058 2599 1083 2627 5.
1098 2599 1180 2628 Aliae
1194 2606 1285 2627 textus
1300 2600 1367 2627 sub-

304 2640 465 2669 divisiones.
475 2641 527 2668 -6.
544 2640 681 2677 Deceptio
696 2640 831 2678 simplex,
847 2648 897 2667 seu
912 2639 1085 2678 simpliciter
1094 2639 1170 2668 dicta
1180 2638 1297 2667 nonnisi
1307 2648 1368 2667 uno

304 2681 395 2708 modo
411 2687 551 2715 causatur,
567 2689 670 2716 nempe
686 2689 725 2708 ex
744 2680 859 2718 dejectu
875 2679 1005 2713 rationis,
1021 2679 1071 2716 qui
1085 2689 1147 2707 non
1162 2678 1369 2708 diversificatur

304 2729 356 2757 per
371 2720 498 2748 diversos
513 2721 633 2755 modos;
649 2720 698 2748 sed
713 2719 844 2756 deceptio
860 2728 899 2747 ex
914 2719 1026 2747 ratione
1037 2719 1122 2757 falsa
1137 2718 1285 2756 multiplex
1306 2727 1369 2747 esse

569 2830 744 2870 ostquam
765 2821 1020 2870 Philosophus
1037 2820 1303 2859 determinavit
1321 2821 1369 2859 de

569 2875 787 2924 syllogismo
818 2874 1136 2922 demonstrativo,
1155 2886 1225 2924 per
1251 2886 1369 2924 quem

499 2969 514 2975 Ἴ
542 2964 553 2975 s
570 2928 773 2977 acquiritur
801 2928 965 2975 scientia,
986 2928 1047 2965 hic
1067 2927 1294 2966 determinat
1321 2927 1370 2965 de

512 2976 551 3010 ’ν’
570 2982 801 3030 syllogismo,
816 2994 885 3030 per
905 2994 1022 3030 quem
1036 2981 1226 3018 inducitur
1244 2981 1283 3018 in
1302 2993 1370 3018 no-

70 3050 282 3075 »c‹'.1ec‹.1v,n.1.
308 3034 364 3070 bis
393 3033 601 3081 ignorantia
629 3035 709 3071 sive
739 3034 911 3083 deceptio
932 3035 964 3072 *.
986 3035 1035 3072 Et
1064 3034 1162 3071 circa
1189 3035 1263 3071 hoc
1292 3034 1370 3072 duo

308 3086 409 3122 facit:
430 3086 554 3134 primo
585 3087 686 3124 enim
712 3087 875 3124 ostendit
899 3087 1019 3136 qualis
1039 3087 1248 3136 ignorantia
1266 3094 1283 3109 ‘³‘
1303 3100 1372 3137 per

310 3139 570 3187 syllogismum
590 3140 717 3177 induci
740 3141 875 3189 possit;
897 3141 1079 3189 secundo,
1101 3140 1265 3178 ostendit
1288 3153 1371 3178 mo-

365 3306 392 3344 α)
409 3310 500 3334 Primo
513 3310 581 3334 enim
596 3310 711 3334 ostendit
721 3315 794 3335 etc.—-
804 3310 886 3335 Codd.
894 3311 975 3335 EGlO
986 3318 1039 3335 om.
1049 3311 1132 3341 enim,·
1146 3310 1278 3336 ABNRT:
1288 3314 1375 3336 osten—

313 3344 352 3369 dit
366 3345 479 3376 qualiter
494 3345 580 3377 ignor.
601 3345 673 3374 Quae
692 3345 766 3369 lectio
786 3353 837 3370 non
856 3351 895 3370 est
914 3346 1082 3378 acceptanda:
1101 3346 1230 3379 siquidem
1249 3347 1274 3371 in
1293 3346 1375 3379 prima

313 3385 383 3411 parte
403 3380 478 3404 huius
498 3381 612 3404 lectionis
632 3381 772 3412 quotuplex
792 3381 824 3405 sit
842 3381 983 3412 ignorantia
997 3382 1148 3411 declaratur,
1163 3386 1188 3406 et
1202 3381 1288 3414 qualis
1302 3382 1374 3414 igno-

313 3415 393 3439 rantia
407 3416 490 3440 induci
506 3416 587 3447 possit
601 3423 646 3447 per
661 3416 841 3448 syllogismum
854 3413 904 3452 (Cf.
916 3425 941 3441 n.
951 3424 1017 3448 seq„
1028 3417 1053 3440 in
1067 3413 1139 3450 fine).
1153 3417 1181 3441 In
1191 3417 1305 3442 secunda
1314 3424 1376 3441 vera

314 3455 385 3481 parte
403 3451 545 3475 ostenditur
570 3451 701 3482 quomodo
720 3458 766 3475 seu
785 3452 900 3483 qualiter
924 3452 1079 3482 ignorantia,
1105 3459 1172 3484 quae
1191 3457 1231 3476 est
1250 3452 1374 3484 deceptio,

314 3485 395 3516 possit
414 3493 459 3517 per
478 3486 658 3518 syllogismum
678 3486 775 3510 causari
796 3484 846 3521 (Cf.
862 3494 887 3511 n.
904 3483 940 3521 5).
959 3487 1025 3511 Hinc
1039 3487 1114 3511 codd.
1128 3486 1246 3511 ABNRT
1265 3487 1375 3519 legendo

315 3520 429 3551 qualiter
454 3521 611 3545 confundunt
634 3521 746 3552 primum
766 3521 900 3545 divisionis
926 3521 1073 3546 membrum
1093 3529 1153 3546 cum
1172 3522 1295 3547 secundo.
1311 3535 1330 3542 -
1346 3522 1374 3546 In

1412 917 1622 958 *Ignorantia
1645 923 1752 948 autern
1768 926 1835 947 non
1852 917 2029 947 secundum
2053 917 2272 958 negationem,
2296 919 2351 949 sed
2374 929 2484 958 secun-
2510 931 2522 943 ι
2536 930 2654 958 αμψ-

1480 962 1559 992 dum
1582 961 1825 1002 dispositionem
1849 960 1940 999 dicta,
1961 967 2008 991 est
2029 961 2160 1001 quidem
2183 972 2239 1002 per
2262 963 2485 1004 syllogismum
2511 957 2580 979 Text.
2590 962 2623 984 ³²·

1480 1007 1561 1038 facta
1584 1006 1738 1046 deceptio.
1755 1006 1842 1036 Haec
1865 1011 1972 1036 autem
1995 1006 2028 1035 in
2044 1006 2092 1036 his
2108 1016 2190 1047 quae
2205 1014 2281 1038 sunt
2296 1008 2413 1048 primo,
2430 1015 2486 1040 aut

1480 1061 1547 1083 non
1571 1057 1661 1089 sunt,
1678 1050 1833 1090 contingit
1855 1050 2040 1090 dupliciter;
2056 1057 2112 1081 aut
2135 1051 2222 1081 enim
2241 1058 2288 1082 est
2313 1062 2388 1083 cum
2410 1053 2485 1084 sim-

1481 1096 1602 1137 pliciter
1624 1095 1756 1136 accipiat
1778 1105 1846 1125 esse
1869 1101 1924 1125 aut
1945 1104 2014 1124 non
2032 1102 2115 1126 esse:
2137 1103 2191 1127 aut
2210 1106 2285 1127 cum
2307 1107 2364 1138 per
2386 1098 2485 1139 syllo-

1480 1141 1620 1181 gismum
1643 1140 1775 1180 accipiat
1798 1138 1997 1180 opinionem.

1415 1185 1572 1226 Simplicis
1605 1185 1735 1226 quidem
1767 1183 1862 1224 igitur
1892 1183 2052 1224 opinionis
2084 1183 2218 1224 simplex
2250 1184 2410 1226 deceptio:
2431 1187 2486 1219 sed

1481 1239 1563 1271 quae
1587 1237 1633 1260 est
1648 1239 1704 1270 per
1727 1228 1960 1269 syllogismum,
1977 1228 2083 1268 plures
2099 1235 2183 1259 sunt.
2199 1229 2274 1259 Non
2298 1229 2338 1261 sit
2354 1230 2440 1261 enirn
2455 1233 2485 1262 A

1481 1275 1514 1305 in
1537 1274 1628 1304 nullo
1651 1275 1677 1304 B
1699 1273 1941 1303 individualiter.
1959 1273 2057 1313 Igitur
2079 1273 2244 1314 syllogizet
2266 1284 2333 1305 esse
2355 1277 2385 1305 A
2399 1275 2433 1306 in
2448 1276 2485 1315 B,

1481 1319 1625 1349 medium
1647 1318 1802 1358 accipiens
1821 1317 1861 1356 C,
1878 1318 2028 1358 deceptus
2052 1317 2109 1348 exit
2127 1327 2183 1358 per
2206 1319 2440 1360 syllogismum.

1414 1407 1580 1447 Contingit
1602 1406 1733 1448 quidem
1747 1406 1843 1447 igitur
1866 1413 2014 1448 utrasque
2031 1407 2267 1447 propositiones
2291 1417 2358 1438 esse
2373 1408 2486 1448 falsas,

1481 1451 1634 1491 contingit
1656 1458 1764 1482 autem
1787 1450 1917 1481 alteram
1940 1458 2074 1482 tanturn.
2102 1451 2134 1482 Si
2158 1451 2243 1482 enirn
2273 1462 2378 1494 neque
2400 1455 2430 1484 A
2453 1453 2486 1483 in

1481 1496 1571 1526 nullo
1595 1495 1622 1527 C
1646 1496 1714 1534 erit,
1734 1505 1838 1537 neque
1863 1495 1890 1526 C
1913 1495 1947 1526 in
1970 1495 2061 1526 nullo
2083 1496 2128 1534 B;
2144 1503 2271 1537 accepta
2287 1503 2394 1528 autern
2413 1503 2488 1528 sunt

1481 1547 1614 1581 utraque
1637 1550 1654 1570 e
1679 1540 1847 1578 contrario,
1865 1548 2016 1581 utraeque
2039 1547 2132 1571 erunt
2155 1540 2260 1572 falsae.

1412 1586 1521 1616 Potest
1543 1592 1652 1615 autem
1674 1585 1718 1616 sic
1741 1594 1774 1615 se
1804 1585 1918 1616 habere
1942 1584 1969 1615 C
1992 1585 2034 1615 ad
2058 1587 2104 1623 Α,
2127 1591 2158 1616 et
2183 1586 2223 1616 ad
2245 1586 2287 1624 B,
2318 1586 2409 1626 quod
2433 1595 2488 1617 ne-

1481 1639 1543 1670 que
1567 1630 1626 1660 sub
1650 1632 1679 1660 A
1702 1629 1758 1668 sit,
1777 1639 1882 1670 neque
1901 1629 2115 1660 universaliter
2138 1629 2166 1660 C
2189 1629 2222 1660 in
2245 1630 2281 1660 B.
2306 1630 2333 1660 B
2355 1630 2490 1671 quidem

1481 1674 1676 1715 impossibile
1691 1680 1738 1705 est
1752 1683 1819 1704 esse
1831 1673 1864 1704 in
1880 1680 1949 1705 toto
1967 1673 2091 1715 aliquo:
2107 1674 2249 1714 primum
2265 1674 2351 1705 enim
2366 1674 2489 1706 dictum

1482 1726 1529 1750 est
1551 1718 1584 1749 in
1607 1719 1677 1759 ipso
1701 1720 1731 1750 A
1754 1727 1820 1749 non
1845 1725 1931 1758 esse;
1958 1719 1987 1749 A
2011 1725 2120 1749 autem
2146 1729 2213 1749 non
2234 1729 2360 1750 necesse
2384 1726 2430 1751 est
2452 1719 2492 1751 in

1483 1763 1644 1803 omnibus,
1660 1773 1742 1804 quae
1758 1770 1843 1802 sunt,
1860 1763 1962 1794 inesse
1978 1763 2203 1795 universaliter.
2217 1764 2323 1802 Quare
2335 1770 2489 1806 utraeque

1483 1808 1578 1838 falsae
1601 1815 1685 1838 sunt.

1417 1853 1478 1884 Sed
1501 1853 1631 1884 alteram
1655 1852 1809 1892 contingit
1831 1859 1938 1882 veram
1961 1852 2117 1892 accipere,
2133 1862 2200 1883 non
2223 1859 2330 1883 tamen
2353 1852 2489 1894 quamli-

1483 1898 1536 1928 bet
1559 1897 1729 1937 contingit,
1749 1897 1804 1927 sed
1827 1906 1909 1938 quae
1933 1903 1981 1928 est
2002 1899 2032 1928 A
2047 1896 2084 1928 C.
2110 1898 2195 1928 Nam
2217 1897 2244 1928 B
2260 1897 2288 1928 C
2309 1896 2488 1938 propositio

1483 1942 1708 1983 semperfalsa
1731 1941 1803 1980 erit,
1822 1948 1952 1982 propter
1974 1941 2007 1972 id
2031 1942 2121 1982 quod
2135 1942 2169 1972 in
2187 1941 2278 1972 nullo
2297 1949 2344 1973 est
2365 1942 2402 1973 B.
2426 1941 2490 1972 Sed

1483 1997 1565 2028 quae
1589 1993 1635 2018 est
1658 1988 1687 2017 A
1711 1986 1738 2017 C
1761 1992 1886 2026 potest;
1915 1993 1950 2016 ut
1977 1986 2003 2016 si
2027 1989 2056 2016 Α
2078 1986 2112 2016 in
2135 1985 2162 2016 C
2187 1992 2219 2016 et
2241 1986 2274 2016 in
2295 1986 2322 2016 B
2338 1993 2385 2017 est
2407 1986 2493 2016 indi-

1482 2031 1658 2062 vidualiter.
1676 2030 1763 2062 Cum
1779 2030 1865 2061 enim
1883 2030 2026 2071 primurn
2044 2030 2240 2071 praedicetur
2261 2029 2348 2061 idem
2363 2030 2403 2061 de
2418 2029 2489 2071 plu·>
2521 2046 2524 2049 ⁴

1483 2077 1581 2114 ribus,
1598 2082 1748 2106 neutrum
1763 2074 1795 2105 in
1813 2082 1927 2106 neutro
1942 2076 1998 2106 est.
2015 2074 2126 2106 DIffert
2144 2081 2252 2106 autern
2270 2074 2361 2114 nihil,
2377 2074 2404 2106 si
2422 2084 2494 2106 non

1483 2120 1715 2152 individualiter
1738 2119 1822 2150 insit.

1417 2167 1518 2208 lpsius
1542 2165 1673 2207 quidem
1695 2164 1790 2205 igitur
1813 2173 1880 2194 esse
1904 2163 2048 2204 deceptio
2072 2173 2128 2204 per
2150 2163 2243 2194 istam
2266 2162 2317 2202 fit,
2341 2169 2372 2194 et
2394 2163 2438 2194 sic
2453 2162 2492 2194 fit

1483 2211 1590 2242 solum
1610 2208 1690 2252 (non
1714 2208 1799 2240 enim
1823 2209 1880 2240 erit
1902 2208 1935 2239 in
1959 2208 2019 2239 alia
2041 2207 2142 2249 figura
2173 2207 2272 2249 ipsius
2296 2217 2363 2239 esse
2393 2207 2489 2249 syllo-

1485 2252 1636 2296 gismus).
2051 2256 2053 2258 '

1421 2365 1524 2396 potest,
1540 2359 1609 2396 quia
1622 2357 1817 2395 multipliciter
1831 2357 1892 2385 fieri
1907 2363 2002 2394 potest
2016 2356 2103 2385 falsus
2117 2355 2332 2394 syllogismus.—
2343 2366 2371 2393 7.
2386 2357 2418 2384 In
2432 2357 2490 2394 syl-

1421 2399 1546 2437 logismo
1561 2397 1789 2427 demonstrativo
1809 2397 1982 2434 supponitur
2002 2396 2129 2434 legitima
2141 2398 2249 2435 forma
2269 2396 2443 2434 syllogismi,
2462 2403 2491 2425 et

1421 2439 1577 2468 attenditur
1597 2438 1659 2467 eius
1679 2437 1786 2466 falsitas
1810 2446 1844 2465 ex
1866 2443 1946 2474 parte
1967 2437 2122 2471 materiae,
2144 2436 2220 2465 circa
2240 2436 2360 2473 propria
2380 2443 2409 2465 et
2429 2445 2491 2465 non

1422 2479 1497 2508 circa
1518 2478 1695 2507 communia.
1711 2494 1730 2499 -
1745 2479 1772 2506 8.
1788 2477 1978 2514 Syllogismus
1999 2477 2102 2505 salsum
2124 2476 2301 2505 concludens
2322 2485 2356 2505 ex
2377 2477 2491 2505 duabus

1422 2519 1499 2548 falsis
1514 2517 1772 2556 propositionibus,
1787 2526 1862 2554 quae
1877 2523 1943 2545 sunt
1957 2517 2118 2554 oppositae,
2133 2517 2310 2555 oppositione
2331 2516 2490 2551 contraria,

1421 2559 1504 2588 veris.
1520 2576 1539 2580 —
1553 2568 1580 2595 9.
1596 2558 1786 2595 Syllogismus
1807 2557 1910 2586 falsum
1938 2556 2115 2585 concludens
2135 2565 2170 2585 ex
2190 2557 2304 2585 duabus
2325 2555 2402 2584 falsis
2422 2565 2490 2592 pro-

1422 2598 1630 2636 positionibus,
1653 2607 1727 2635 quae
1753 2603 1819 2626 sunt
1846 2597 2013 2634 oppositae,
2042 2596 2220 2634 oppositione
2247 2595 2490 2630 contradictoria,

1421 2639 1504 2667 veris.
1513 2655 1532 2660 —
1544 2648 1587 2666 io.
1603 2637 1792 2675 Syllogismus
1806 2637 1895 2666 falsus
1909 2636 1959 2674 qui
1973 2636 2104 2673 procedit
2117 2645 2151 2664 ex
2165 2636 2255 2664 altera
2267 2634 2491 2672 praemissarum

1422 2687 1490 2707 vera
1511 2685 1539 2706 et
1559 2678 1648 2706 altera
1668 2677 1746 2706 falsa.
1762 2694 1781 2699 -
1807 2686 1850 2705 ιι.
1873 2676 1999 2705 Solvitur
2019 2675 2172 2704 dubitatio.
2188 2691 2207 2698 -
2226 2683 2269 2703 12.
2291 2675 2493 2712 Respondemr

1422 2718 1525 2748 tacitae
1547 2717 1719 2755 quaestioni.

1423 2821 1530 2868 dum,
1551 2832 1628 2869 quo
1657 2819 1739 2857 talis
1767 2818 2008 2868 syllogismus
2036 2817 2225 2867 procedit;
2245 2818 2315 2855 ibi:
2346 2818 2493 2867 Simpli—

1422 2874 1475 2912 cis
1502 2873 1651 2923 quidem
1681 2872 1798 2922 igitur
1824 2872 2009 2921 opinionis
2025 2872 2045 2892 ⁸
2074 2878 2144 2908 etc.

1478 2939 1513 2965 2.
1534 2925 1737 2974 Distinguit
1755 2937 1845 2974 ergo
1864 2925 1990 2974 primo
2011 2925 2203 2974 duplicem
2222 2923 2492 2973 ignorantiam3

1424 2992 1587 3030 quarum
1615 2992 1693 3017 una
1721 2986 1777 3016 est
1798 2980 2002 3016 'secundum
2037 2978 2299 3028 negationem;
2331 2977 2404 3015 alia
2437 2985 2493 3014 est

1423 3034 1627 3071 secundum
1647 3033 1933 3081 dispositionem.
1956 3031 2171 3080 Ignorantia
2190 3031 2346 3080 quidem
2365 3042 2495 3068 secun—

1425 3088 1514 3125 dum
1550 3086 1787 3137 negationem
1823 3093 1879 3123 est
1913 3085 2067 3135 quando
2102 3086 2222 3122 homo
2251 3084 2411 3122 omnino
2440 3083 2495 3125 ni,-

1426 3140 1477 3177 hil
1506 3140 1574 3177 scit
1602 3140 1650 3177 de
1679 3151 1719 3176 re
1742 3137 1770 3175 Ρ.
1801 3140 1850 3176 Et
1878 3140 1974 3181 haec
2007 3147 2062 3176 est
2095 3138 2307 3187 ignorantia
2340 3137 2379 3175 in
2416 3149 2495 3175 non

1428 3311 1611 3344 negationem5
1625 3310 1681 3335 alia
1694 3313 1734 3335 est
1746 3309 1890 3335 secundum
1905 3315 1964 3340 etc.;
1977 3309 2064 3334 BHO:
2078 3309 2134 3334 alia
2147 3308 2292 3334 secundum
2306 3313 2364 3339 etc„
2377 3314 2432 3333 om.
2441 3309 2496 3337 σὴ·
2511 3312 2518 3317 “

1429 3346 1465 3370 N:
1485 3346 1540 3371 alia
1558 3353 1620 3371 vero
1643 3345 1786 3371 secundum
1806 3350 1868 3375 etc.;
1887 3344 1999 3378 denique
2018 3344 2042 3369 K
2059 3344 2146 3369 omnin
2166 3344 2215 3369 ista
2239 3343 2378 3368 oscitanter
2401 3341 2496 3367 omittit

1428 3381 1587 3406 excurrendo
1601 3389 1616 3406 a
1631 3381 1721 3413 primis
1739 3380 1826 3406 verbis
1845 3380 1989 3406 secundum
2009 3379 2176 3413 negationem
2195 3379 2228 3404 ad
2247 3378 2375 3407 secunda,
2393 3381 2420 3402 et
2437 3376 2496 3402 ideo

1428 3417 1608 3449 prosequitur:
1627 3416 1736 3449 quando
1755 3415 1819 3448 (om.
1833 3416 1888 3448 est)
1907 3415 1986 3440 homo
2000 3414 2179 3440 eta—Nullus
2192 3421 2255 3447 ergo
2268 3421 2299 3439 a
2311 3412 2407 3438 noan-is
2419 3411 2495 3437 codd.

1428 3451 1505 3476 habet
1523 3452 1643 3476 Pianam:
1662 3458 1716 3476 una
1735 3454 1834 3481 est...;
1847 3453 1874 3476 et
1892 3451 1948 3476 alia
1966 3450 2110 3476 secundum
2125 3454 2189 3480 etc-z
2203 3449 2364 3482 proindeque
2376 3454 2438 3480 pne
2452 3446 2496 3472 ill·

1428 3487 1607 3519 adoptavimus
1626 3487 1763 3512 lectionem
1782 3486 1887 3511 maioris
1906 3486 1985 3518 partis
2004 3485 2079 3511 codd.

1482 3518 1508 3556 β)
1530 3521 1645 3552 Quando
1663 3521 1742 3547 homo
1761 3521 1869 3547 omnino
1884 3526 1932 3546 etc.
1942 3535 1960 3540 —
1970 3520 2053 3546 Codd.
2067 3519 2142 3546 AOR
2155 3527 2207 3545 non
2221 3523 2291 3544 recte
2304 3525 2358 3544 om.
2371 3516 2480 3542 omnino
2485 3525 2495 3548 ,-

315 3555 436 3586 principio
452 3556 582 3587 sequentis
602 3556 709 3584 numeri,
721 3556 1085 3586 codd.ACDEGlLMQRST:
1105 3563 1159 3581 una
1173 3559 1212 3582 est
1230 3557 1372 3582 secundum
1399 3550 1403 3590 Ι
1428 3557 1449 3581 L
1468 3556 1534 3582 forte
1553 3557 1660 3582 melius:
1679 3557 1746 3582 nihil
1764 3556 1889 3587 omnino‚·
1908 3555 2062 3587 CDLMRQ,
2080 3563 2106 3588 p.
2117 3562 2154 3580 m.
2169 3555 2187 3580 S
2205 3558 2231 3579 et
2249 3561 2272 3579 ι.
2287 3561 2323 3579 m.
2338 3552 2361 3578 N
2375 3552 2497 3578 omittunt

2523 2886 2532 2895 ’
2540 2883 2612 2907 Nun.
2625 2889 2648 2912 3.
