<?xml version="1.0" encoding="UTF-8"?>
<!DOCTYPE html PUBLIC "-//W3C//DTD XHTML 1.0 Transitional//EN"
    "http://www.w3.org/TR/xhtml1/DTD/xhtml1-transitional.dtd">
<html xmlns="http://www.w3.org/1999/xhtml" xml:lang="en" lang="en">
 <head>
  <title>
</title>
<meta http-equiv="Content-Type" content="text/html;charset=utf-8" />
  <meta name='ocr-system' content='tesseract 3.04.00' />
  <meta name='ocr-capabilities' content='ocr_page ocr_carea ocr_par ocr_line ocrx_word'/>
</head>
<body>
  <div class='ocr_page' id='page_1' title='image "./operaomniaiussui01thom/operaomniaiussui01thom_0147.png"; bbox 0 0 2548 4192; ppageno 0'>
   <div class='ocr_carea' id='block_1_1' title="bbox 569 271 2081 323">
    <p class='ocr_par' dir='ltr' id='par_1_1' title="bbox 569 271 2081 323">
     <span class='ocr_line' id='line_1_1' title="bbox 569 271 2081 323; baseline 0.005 -16"><span class='ocrx_word' id='word_1_1' title='bbox 569 271 1031 309; x_wconf 88' lang='lat' dir='ltr'>DISSERTATIONES</span> <span class='ocrx_word' id='word_1_2' title='bbox 1062 271 1310 307; x_wconf 87' lang='lat' dir='ltr'>CRITICAE</span> <span class='ocrx_word' id='word_1_3' title='bbox 1342 272 1397 308; x_wconf 88' lang='lat' dir='ltr'>IN</span> <span class='ocrx_word' id='word_1_4' title='bbox 1427 273 1465 310; x_wconf 89' lang='lat' dir='ltr'>S.</span> <span class='ocrx_word' id='word_1_5' title='bbox 1487 273 1729 311; x_wconf 90' lang='lat' dir='ltr'>THOMAM</span> <span class='ocrx_word' id='word_1_6' title='bbox 1757 277 2081 323; x_wconf 88' lang='lat' dir='ltr'>AQUINATEM</span> 
     </span>
    </p>
   </div>
   <div class='ocr_carea' id='block_1_2' title="bbox 157 351 1293 3636">
    <p class='ocr_par' dir='ltr' id='par_1_2' title="bbox 215 351 1293 795">
     <span class='ocr_line' id='line_1_2' title="bbox 221 351 1293 394; baseline -0.003 -11"><span class='ocrx_word' id='word_1_7' title='bbox 221 368 236 383; x_wconf 77' lang='lat'><strong>&gt;</strong></span> <span class='ocrx_word' id='word_1_8' title='bbox 258 354 463 394; x_wconf 75' lang='lat' dir='ltr'>d&#39;Argentre,</span> <span class='ocrx_word' id='word_1_9' title='bbox 487 360 519 384; x_wconf 88' lang='lat' dir='ltr'>et</span> <span class='ocrx_word' id='word_1_10' title='bbox 541 359 652 394; x_wconf 86' lang='lat' dir='ltr'>postea</span> <span class='ocrx_word' id='word_1_11' title='bbox 675 352 714 382; x_wconf 89' lang='lat' dir='ltr'>D.</span> <span class='ocrx_word' id='word_1_12' title='bbox 735 353 865 393; x_wconf 91' lang='lat' dir='ltr'>Nourry</span> <span class='ocrx_word' id='word_1_13' title='bbox 889 358 1008 382; x_wconf 86' lang='lat' dir='ltr'>ascetae</span> <span class='ocrx_word' id='word_1_14' title='bbox 1033 352 1240 382; x_wconf 86' lang='lat' dir='ltr'>Sammaureo</span> <span class='ocrx_word' id='word_1_15' title='bbox 1261 351 1293 381; x_wconf 90' lang='lat' dir='ltr'>in</span> 
     </span>
     <span class='ocr_line' id='line_1_3' title="bbox 220 394 1293 439; baseline -0.002 -12"><span class='ocrx_word' id='word_1_16' title='bbox 220 412 235 427; x_wconf 80' lang='grc'><strong><em>»</em></strong></span> <span class='ocrx_word' id='word_1_17' title='bbox 257 399 333 439; x_wconf 92' lang='lat' dir='ltr'>ipsis</span> <span class='ocrx_word' id='word_1_18' title='bbox 357 397 519 428; x_wconf 85' lang='lat' dir='ltr'>codicibus</span> <span class='ocrx_word' id='word_1_19' title='bbox 542 397 714 437; x_wconf 85' lang='lat' dir='ltr'>legendum</span> <span class='ocrx_word' id='word_1_20' title='bbox 738 397 880 435; x_wconf 87' lang='lat' dir='ltr'>exhibui;</span> <span class='ocrx_word' id='word_1_21' title='bbox 905 396 960 437; x_wconf 90' lang='lat' dir='ltr'>qui</span> <span class='ocrx_word' id='word_1_22' title='bbox 986 394 1027 426; x_wconf 80' lang='grc' dir='ltr'>τὸ</span> <span class='ocrx_word' id='word_1_23' title='bbox 1053 397 1090 436; x_wconf 76' lang='lat' dir='ltr'>ly·</span> <span class='ocrx_word' id='word_1_24' title='bbox 1118 395 1293 426; x_wconf 85' lang='lat' dir='ltr'>etiamnum</span> 
     </span>
     <span class='ocr_line' id='line_1_4' title="bbox 219 440 1292 483; baseline -0.002 -11"><span class='ocrx_word' id='word_1_25' title='bbox 219 456 234 471; x_wconf 79' lang='lat'><strong>»</strong></span> <span class='ocrx_word' id='word_1_26' title='bbox 256 443 290 473; x_wconf 93' lang='lat' dir='ltr'>in</span> <span class='ocrx_word' id='word_1_27' title='bbox 314 442 430 473; x_wconf 87' lang='lat' dir='ltr'>scholis</span> <span class='ocrx_word' id='word_1_28' title='bbox 454 442 690 483; x_wconf 87' lang='lat' dir='ltr'>frequentatum</span> <span class='ocrx_word' id='word_1_29' title='bbox 718 441 752 471; x_wconf 93' lang='lat' dir='ltr'>in</span> <span class='ocrx_word' id='word_1_30' title='bbox 777 442 948 482; x_wconf 78' lang='lat' dir='ltr'>Lyranum</span> <span class='ocrx_word' id='word_1_31' title='bbox 977 440 1116 471; x_wconf 89' lang='lat' dir='ltr'>converti</span> <span class='ocrx_word' id='word_1_32' title='bbox 1150 440 1292 480; x_wconf 83' lang='lat' dir='ltr'>potuisse</span> 
     </span>
     <span class='ocr_line' id='line_1_5' title="bbox 219 484 1292 528; baseline -0.002 -12"><span class='ocrx_word' id='word_1_33' title='bbox 219 501 234 516; x_wconf 84' lang='lat'>»</span> <span class='ocrx_word' id='word_1_34' title='bbox 258 493 457 528; x_wconf 86' lang='lat' dir='ltr'>stupuerunt.</span> <span class='ocrx_word' id='word_1_35' title='bbox 472 500 486 515; x_wconf 81' lang='lat'>»</span> <span class='ocrx_word' id='word_1_36' title='bbox 507 487 602 517; x_wconf 83' lang='lat' dir='ltr'>Cadit</span> <span class='ocrx_word' id='word_1_37' title='bbox 616 496 691 526; x_wconf 86' lang='lat' dir='ltr'>ergo</span> <span class='ocrx_word' id='word_1_38' title='bbox 709 493 944 526; x_wconf 83' lang='lat' dir='ltr'>argumentum,</span> <span class='ocrx_word' id='word_1_39' title='bbox 961 495 1028 526; x_wconf 92' lang='lat' dir='ltr'>quo</span> <span class='ocrx_word' id='word_1_40' title='bbox 1045 484 1292 515; x_wconf 90' lang='lat' dir='ltr'>abiudicandum</span> 
     </span>
     <span class='ocr_line' id='line_1_6' title="bbox 217 529 1291 572; baseline -0.004 -10"><span class='ocrx_word' id='word_1_41' title='bbox 217 532 292 563; x_wconf 89' lang='lat' dir='ltr'>divo</span> <span class='ocrx_word' id='word_1_42' title='bbox 310 531 459 562; x_wconf 85' lang='lat' dir='ltr'>Thomae</span> <span class='ocrx_word' id='word_1_43' title='bbox 475 531 537 562; x_wconf 91' lang='lat' dir='ltr'>hoc</span> <span class='ocrx_word' id='word_1_44' title='bbox 553 541 636 572; x_wconf 92' lang='lat' dir='ltr'>opus</span> <span class='ocrx_word' id='word_1_45' title='bbox 657 531 890 561; x_wconf 82' lang='lat' dir='ltr'>contendebant</span> <span class='ocrx_word' id='word_1_46' title='bbox 909 530 1116 571; x_wconf 85' lang='lat' dir='ltr'>Raynaudus‚</span> <span class='ocrx_word' id='word_1_47' title='bbox 1133 529 1291 566; x_wconf 87' lang='lat' dir='ltr'>Labbeus‚</span> 
     </span>
     <span class='ocr_line' id='line_1_7' title="bbox 217 573 1292 617; baseline -0.004 -10"><span class='ocrx_word' id='word_1_48' title='bbox 217 576 395 608; x_wconf 87' lang='lat' dir='ltr'>Simonius:</span> <span class='ocrx_word' id='word_1_49' title='bbox 428 576 588 617; x_wconf 91' lang='lat' dir='ltr'>simulque</span> <span class='ocrx_word' id='word_1_50' title='bbox 611 575 928 606; x_wconf 88' lang='lat' dir='ltr'>animadvertendum</span> <span class='ocrx_word' id='word_1_51' title='bbox 953 574 1065 605; x_wconf 86' lang='lat' dir='ltr'>criticis</span> <span class='ocrx_word' id='word_1_52' title='bbox 1089 573 1162 603; x_wconf 85' lang='lat' dir='ltr'>viris</span> <span class='ocrx_word' id='word_1_53' title='bbox 1191 573 1292 604; x_wconf 90' lang='lat' dir='ltr'>obiter</span> 
     </span>
     <span class='ocr_line' id='line_1_8' title="bbox 215 617 1291 662; baseline -0.004 -11"><span class='ocrx_word' id='word_1_54' title='bbox 215 630 377 662; x_wconf 89' lang='lat' dir='ltr'>propono,</span> <span class='ocrx_word' id='word_1_55' title='bbox 401 627 520 661; x_wconf 88' lang='lat' dir='ltr'>quanta</span> <span class='ocrx_word' id='word_1_56' title='bbox 544 620 658 651; x_wconf 91' lang='lat' dir='ltr'>mentis</span> <span class='ocrx_word' id='word_1_57' title='bbox 682 620 862 650; x_wconf 85' lang='lat' dir='ltr'>maturitate</span> <span class='ocrx_word' id='word_1_58' title='bbox 889 619 1050 658; x_wconf 80' lang='lat' dir='ltr'>indigeant</span> <span class='ocrx_word' id='word_1_59' title='bbox 1073 618 1128 659; x_wconf 92' lang='lat' dir='ltr'>qui</span> <span class='ocrx_word' id='word_1_60' title='bbox 1153 617 1291 648; x_wconf 81' lang='lat' dir='ltr'>criticam</span> 
     </span>
     <span class='ocr_line' id='line_1_9' title="bbox 215 663 1292 706; baseline -0.005 -10"><span class='ocrx_word' id='word_1_61' title='bbox 215 673 316 696; x_wconf 78' lang='lat' dir='ltr'>artem</span> <span class='ocrx_word' id='word_1_62' title='bbox 339 665 498 704; x_wconf 80' lang='lat' dir='ltr'>excolunt,</span> <span class='ocrx_word' id='word_1_63' title='bbox 522 676 562 696; x_wconf 90' lang='lat' dir='ltr'>ne</span> <span class='ocrx_word' id='word_1_64' title='bbox 585 665 748 706; x_wconf 86' lang='lat' dir='ltr'>praecipiti</span> <span class='ocrx_word' id='word_1_65' title='bbox 772 665 890 695; x_wconf 91' lang='lat' dir='ltr'>iudicio</span> <span class='ocrx_word' id='word_1_66' title='bbox 913 663 1080 705; x_wconf 82' lang='lat' dir='ltr'>quidpiam</span> <span class='ocrx_word' id='word_1_67' title='bbox 1099 669 1214 702; x_wconf 89' lang='lat' dir='ltr'>negent</span> <span class='ocrx_word' id='word_1_68' title='bbox 1237 669 1292 692; x_wconf 87' lang='lat' dir='ltr'>aut</span> 
     </span>
     <span class='ocr_line' id='line_1_10' title="bbox 215 706 1291 751; baseline -0.004 -11"><span class='ocrx_word' id='word_1_69' title='bbox 215 709 388 746; x_wconf 86' lang='lat' dir='ltr'>affirment;</span> <span class='ocrx_word' id='word_1_70' title='bbox 418 720 492 740; x_wconf 91' lang='lat' dir='ltr'>cum</span> <span class='ocrx_word' id='word_1_71' title='bbox 522 710 555 740; x_wconf 91' lang='lat' dir='ltr'>in</span> <span class='ocrx_word' id='word_1_72' title='bbox 578 720 622 748; x_wconf 91' lang='lat' dir='ltr'>re,</span> <span class='ocrx_word' id='word_1_73' title='bbox 653 720 717 751; x_wconf 93' lang='lat' dir='ltr'>qua</span> <span class='ocrx_word' id='word_1_74' title='bbox 748 710 786 740; x_wconf 92' lang='lat' dir='ltr'>de</span> <span class='ocrx_word' id='word_1_75' title='bbox 810 709 952 749; x_wconf 86' lang='lat' dir='ltr'>agimus,</span> <span class='ocrx_word' id='word_1_76' title='bbox 982 708 1077 739; x_wconf 91' lang='lat' dir='ltr'>unius</span> <span class='ocrx_word' id='word_1_77' title='bbox 1102 706 1227 738; x_wconf 86' lang='lat' dir='ltr'>Claudii</span> <span class='ocrx_word' id='word_1_78' title='bbox 1252 707 1291 737; x_wconf 89' lang='lat' dir='ltr'>de</span> 
     </span>
     <span class='ocr_line' id='line_1_11' title="bbox 215 752 1170 795; baseline -0.004 -9"><span class='ocrx_word' id='word_1_79' title='bbox 215 754 314 795; x_wconf 85' lang='lat' dir='ltr'>Spina</span> <span class='ocrx_word' id='word_1_80' title='bbox 337 754 518 785; x_wconf 82' lang='lat' dir='ltr'>allucinatio</span> <span class='ocrx_word' id='word_1_81' title='bbox 543 761 591 786; x_wconf 90' lang='lat' dir='ltr'>tot</span> <span class='ocrx_word' id='word_1_82' title='bbox 614 755 698 785; x_wconf 89' lang='lat' dir='ltr'>viros</span> <span class='ocrx_word' id='word_1_83' title='bbox 722 754 871 785; x_wconf 88' lang='lat' dir='ltr'>deluserit</span> <span class='ocrx_word' id='word_1_84' title='bbox 894 752 1036 784; x_wconf 90' lang='lat' dir='ltr'>doctrina</span> <span class='ocrx_word' id='word_1_85' title='bbox 1060 753 1170 783; x_wconf 86' lang='lat' dir='ltr'>claros.</span> 
     </span>
    </p>

    <p class='ocr_par' dir='ltr' id='par_1_3' title="bbox 157 796 1291 1329">
     <span class='ocr_line' id='line_1_12' title="bbox 283 796 1291 840; baseline -0.004 -11"><span class='ocrx_word' id='word_1_86' title='bbox 283 799 336 829; x_wconf 87' lang='lat'>111.</span> <span class='ocrx_word' id='word_1_87' title='bbox 351 798 570 830; x_wconf 89' lang='lat' dir='ltr'>Nihilominus</span> <span class='ocrx_word' id='word_1_88' title='bbox 581 800 754 840; x_wconf 86' lang='lat' dir='ltr'>praedictas</span> <span class='ocrx_word' id='word_1_89' title='bbox 766 798 1064 830; x_wconf 82' lang='lat' dir='ltr'>commentationes</span> <span class='ocrx_word' id='word_1_90' title='bbox 1079 799 1112 827; x_wconf 87' lang='lat' dir='ltr'>in</span> <span class='ocrx_word' id='word_1_91' title='bbox 1127 796 1291 838; x_wconf 85' lang='lat' dir='ltr'>Epistolas</span> 
     </span>
     <span class='ocr_line' id='line_1_13' title="bbox 218 841 1289 884; baseline -0.004 -10"><span class='ocrx_word' id='word_1_92' title='bbox 218 843 400 874; x_wconf 88' lang='lat' dir='ltr'>Canonicas</span> <span class='ocrx_word' id='word_1_93' title='bbox 419 851 526 875; x_wconf 89' lang='lat' dir='ltr'>censet</span> <span class='ocrx_word' id='word_1_94' title='bbox 544 844 700 875; x_wconf 86' lang='lat' dir='ltr'>Vielrnius</span> <span class='ocrx_word' id='word_1_95' title='bbox 719 850 826 874; x_wconf 89' lang='lat' dir='ltr'>noster</span> <span class='ocrx_word' id='word_1_96' title='bbox 850 854 908 874; x_wconf 89' lang='lat' dir='ltr'>nec</span> <span class='ocrx_word' id='word_1_97' title='bbox 925 843 1017 884; x_wconf 76' lang='lat' dir='ltr'>stylo</span> <span class='ocrx_word' id='word_1_98' title='bbox 1037 852 1095 872; x_wconf 88' lang='lat' dir='ltr'>nec</span> <span class='ocrx_word' id='word_1_99' title='bbox 1119 841 1289 881; x_wconf 81' lang='lat' dir='ltr'>diligentia</span> 
     </span>
     <span class='ocr_line' id='line_1_14' title="bbox 214 886 1289 927; baseline -0.003 -9"><span class='ocrx_word' id='word_1_100' title='bbox 214 897 287 919; x_wconf 82' lang='lat' dir='ltr'>cum</span> <span class='ocrx_word' id='word_1_101' title='bbox 311 889 386 919; x_wconf 84' lang='lat' dir='ltr'>ali1&#39;s</span> <span class='ocrx_word' id='word_1_102' title='bbox 405 889 468 919; x_wconf 91' lang='lat' dir='ltr'>divi</span> <span class='ocrx_word' id='word_1_103' title='bbox 491 889 639 920; x_wconf 90' lang='lat' dir='ltr'>Thomae</span> <span class='ocrx_word' id='word_1_104' title='bbox 661 889 909 919; x_wconf 86' lang='lat' dir='ltr'>Commentariis</span> <span class='ocrx_word' id='word_1_105' title='bbox 927 886 1073 926; x_wconf 85' lang='lat' dir='ltr'>conferri</span> <span class='ocrx_word' id='word_1_106' title='bbox 1089 896 1203 927; x_wconf 85' lang='lat' dir='ltr'>posse,</span> <span class='ocrx_word' id='word_1_107' title='bbox 1225 894 1289 914; x_wconf 86' lang='lat' dir='ltr'>eas-</span> 
     </span>
     <span class='ocr_line' id='line_1_15' title="bbox 214 929 1289 974; baseline -0.004 -11"><span class='ocrx_word' id='word_1_108' title='bbox 214 942 278 973; x_wconf 87' lang='lat' dir='ltr'>que</span> <span class='ocrx_word' id='word_1_109' title='bbox 297 939 388 973; x_wconf 90' lang='lat' dir='ltr'>putat</span> <span class='ocrx_word' id='word_1_110' title='bbox 417 933 467 964; x_wconf 85' lang='lat' dir='ltr'>vel</span> <span class='ocrx_word' id='word_1_111' title='bbox 486 934 548 965; x_wconf 85' lang='lat' dir='ltr'>non</span> <span class='ocrx_word' id='word_1_112' title='bbox 569 943 638 965; x_wconf 88' lang='lat' dir='ltr'>esse</span> <span class='ocrx_word' id='word_1_113' title='bbox 650 933 766 974; x_wconf 87' lang='lat' dir='ltr'>foetus</span> <span class='ocrx_word' id='word_1_114' title='bbox 785 933 863 971; x_wconf 87' lang='lat' dir='ltr'>eius,</span> <span class='ocrx_word' id='word_1_115' title='bbox 884 933 935 963; x_wconf 76' lang='lat' dir='ltr'>vel</span> <span class='ocrx_word' id='word_1_116' title='bbox 953 937 1039 962; x_wconf 85' lang='lat' dir='ltr'>certe</span> <span class='ocrx_word' id='word_1_117' title='bbox 1063 938 1208 961; x_wconf 89' lang='lat' dir='ltr'>sanctum</span> <span class='ocrx_word' id='word_1_118' title='bbox 1224 929 1289 959; x_wconf 93' lang='lat' dir='ltr'>Do-</span> 
     </span>
     <span class='ocr_line' id='line_1_16' title="bbox 213 975 1289 1018; baseline -0.004 -11"><span class='ocrx_word' id='word_1_119' title='bbox 213 983 335 1008; x_wconf 86' lang='lat' dir='ltr'>ctorem</span> <span class='ocrx_word' id='word_1_120' title='bbox 359 987 542 1018; x_wconf 81' lang='lat' dir='ltr'>supremam</span> <span class='ocrx_word' id='word_1_121' title='bbox 562 988 694 1009; x_wconf 87' lang='lat' dir='ltr'>manum</span> <span class='ocrx_word' id='word_1_122' title='bbox 715 978 780 1008; x_wconf 89' lang='lat' dir='ltr'>illis</span> <span class='ocrx_word' id='word_1_123' title='bbox 795 987 858 1008; x_wconf 90' lang='lat' dir='ltr'>non</span> <span class='ocrx_word' id='word_1_124' title='bbox 878 977 1075 1016; x_wconf 81' lang='lat' dir='ltr'>imposuisse.</span> <span class='ocrx_word' id='word_1_125' title='bbox 1092 975 1176 1005; x_wconf 85' lang='lat' dir='ltr'>Inter</span> <span class='ocrx_word' id='word_1_126' title='bbox 1194 983 1289 1013; x_wconf 89' lang='lat' dir='ltr'>opera</span> 
     </span>
     <span class='ocr_line' id='line_1_17' title="bbox 213 1018 1288 1061; baseline -0.005 -9"><span class='ocrx_word' id='word_1_127' title='bbox 213 1022 311 1052; x_wconf 85' lang='lat' dir='ltr'>dubia</span> <span class='ocrx_word' id='word_1_128' title='bbox 339 1030 486 1053; x_wconf 91' lang='lat' dir='ltr'>numerat</span> <span class='ocrx_word' id='word_1_129' title='bbox 513 1023 640 1054; x_wconf 90' lang='lat' dir='ltr'>easdem</span> <span class='ocrx_word' id='word_1_130' title='bbox 670 1023 714 1052; x_wconf 92' lang='lat' dir='ltr'>lo.</span> <span class='ocrx_word' id='word_1_131' title='bbox 739 1022 874 1052; x_wconf 85' lang='lat' dir='ltr'>Michael</span> <span class='ocrx_word' id='word_1_132' title='bbox 897 1020 989 1058; x_wconf 90' lang='lat' dir='ltr'>Pius,</span> <span class='ocrx_word' id='word_1_133' title='bbox 1017 1030 1116 1061; x_wconf 87' lang='lat' dir='ltr'>quem</span> <span class='ocrx_word' id='word_1_134' title='bbox 1139 1018 1288 1049; x_wconf 89' lang='lat' dir='ltr'>Plodium</span> 
     </span>
     <span class='ocr_line' id='line_1_18' title="bbox 212 1063 1288 1106; baseline -0.004 -10"><span class='ocrx_word' id='word_1_135' title='bbox 212 1072 330 1097; x_wconf 88' lang='lat' dir='ltr'>vocant</span> <span class='ocrx_word' id='word_1_136' title='bbox 365 1067 426 1097; x_wconf 89' lang='lat' dir='ltr'>alii.</span> <span class='ocrx_word' id='word_1_137' title='bbox 459 1067 545 1098; x_wconf 91' lang='lat' dir='ltr'>Cum</span> <span class='ocrx_word' id='word_1_138' title='bbox 576 1066 762 1104; x_wconf 73' lang='lat' dir='ltr'>doctissimo</span> <span class='ocrx_word' id='word_1_139' title='bbox 793 1075 828 1096; x_wconf 88' lang='lat' dir='ltr'>ac</span> <span class='ocrx_word' id='word_1_140' title='bbox 863 1064 1111 1106; x_wconf 84' lang='lat' dir='ltr'>prudentissimo</span> <span class='ocrx_word' id='word_1_141' title='bbox 1142 1063 1288 1093; x_wconf 85' lang='lat' dir='ltr'>Echardo</span> 
     </span>
     <span class='ocr_line' id='line_1_19' title="bbox 212 1106 1290 1151; baseline -0.005 -10"><span class='ocrx_word' id='word_1_142' title='bbox 212 1110 346 1141; x_wconf 87' lang='lat' dir='ltr'>fidenter</span> <span class='ocrx_word' id='word_1_143' title='bbox 362 1121 421 1150; x_wconf 88' lang='lat' dir='ltr'>ego</span> <span class='ocrx_word' id='word_1_144' title='bbox 447 1111 688 1151; x_wconf 86' lang='lat' dir='ltr'>supposititium</span> <span class='ocrx_word' id='word_1_145' title='bbox 703 1120 788 1150; x_wconf 92' lang='lat' dir='ltr'>opus</span> <span class='ocrx_word' id='word_1_146' title='bbox 807 1120 874 1140; x_wconf 90' lang='lat' dir='ltr'>esse</span> <span class='ocrx_word' id='word_1_147' title='bbox 889 1109 1080 1149; x_wconf 91' lang='lat' dir='ltr'>pronuncio.</span> <span class='ocrx_word' id='word_1_148' title='bbox 1103 1107 1184 1145; x_wconf 91' lang='lat' dir='ltr'>Quis</span> <span class='ocrx_word' id='word_1_149' title='bbox 1203 1106 1290 1137; x_wconf 91' lang='lat' dir='ltr'>enim</span> 
     </span>
     <span class='ocr_line' id='line_1_20' title="bbox 213 1151 1289 1193; baseline -0.005 -8"><span class='ocrx_word' id='word_1_150' title='bbox 213 1155 273 1185; x_wconf 82' lang='lat' dir='ltr'>sibi</span> <span class='ocrx_word' id='word_1_151' title='bbox 299 1155 432 1185; x_wconf 77' lang='lat' dir='ltr'>suadeat</span> <span class='ocrx_word' id='word_1_152' title='bbox 457 1156 558 1186; x_wconf 84' lang='lat' dir='ltr'>iustae</span> <span class='ocrx_word' id='word_1_153' title='bbox 581 1155 676 1185; x_wconf 91' lang='lat' dir='ltr'>molis</span> <span class='ocrx_word' id='word_1_154' title='bbox 699 1154 984 1190; x_wconf 83' lang='lat' dir='ltr'>elucubrationem,</span> <span class='ocrx_word' id='word_1_155' title='bbox 1008 1153 1034 1182; x_wconf 90' lang='lat' dir='ltr'>si</span> <span class='ocrx_word' id='word_1_156' title='bbox 1053 1158 1217 1193; x_wconf 88' lang='lat' dir='ltr'>parentem</span> <span class='ocrx_word' id='word_1_157' title='bbox 1236 1151 1289 1181; x_wconf 90' lang='lat' dir='ltr'>ha-</span> 
     </span>
     <span class='ocr_line' id='line_1_21' title="bbox 211 1196 1289 1238; baseline -0.005 -8"><span class='ocrx_word' id='word_1_158' title='bbox 211 1199 300 1230; x_wconf 90' lang='lat' dir='ltr'>beret</span> <span class='ocrx_word' id='word_1_159' title='bbox 330 1199 441 1230; x_wconf 91' lang='lat' dir='ltr'>divum</span> <span class='ocrx_word' id='word_1_160' title='bbox 468 1200 644 1237; x_wconf 87' lang='lat' dir='ltr'>Thomam,</span> <span class='ocrx_word' id='word_1_161' title='bbox 674 1199 799 1229; x_wconf 89' lang='lat' dir='ltr'>silentio</span> <span class='ocrx_word' id='word_1_162' title='bbox 828 1196 1023 1238; x_wconf 81' lang='lat' dir='ltr'>praeteriisse</span> <span class='ocrx_word' id='word_1_163' title='bbox 1046 1203 1166 1227; x_wconf 90' lang='lat' dir='ltr'>veteres</span> <span class='ocrx_word' id='word_1_164' title='bbox 1196 1202 1289 1226; x_wconf 91' lang='lat' dir='ltr'>testes</span> 
     </span>
     <span class='ocr_line' id='line_1_22' title="bbox 213 1239 1289 1285; baseline -0.005 -11"><span class='ocrx_word' id='word_1_165' title='bbox 213 1252 338 1282; x_wconf 87' lang='lat' dir='ltr'>omnes,</span> <span class='ocrx_word' id='word_1_166' title='bbox 362 1244 561 1285; x_wconf 85' lang='lat' dir='ltr'>synchronos</span> <span class='ocrx_word' id='word_1_167' title='bbox 585 1244 720 1285; x_wconf 88' lang='lat' dir='ltr'>aliquos,</span> <span class='ocrx_word' id='word_1_168' title='bbox 745 1243 888 1284; x_wconf 83' lang='lat' dir='ltr'>aliosque</span> <span class='ocrx_word' id='word_1_169' title='bbox 907 1250 1059 1282; x_wconf 78' lang='lat' dir='ltr'>suppares</span> <span class='ocrx_word' id='word_1_170' title='bbox 1083 1247 1114 1271; x_wconf 87' lang='lat' dir='ltr'>et</span> <span class='ocrx_word' id='word_1_171' title='bbox 1134 1239 1289 1280; x_wconf 91' lang='lat' dir='ltr'>sequioris</span> 
     </span>
     <span class='ocr_line' id='line_1_23' title="bbox 157 1282 1288 1329; baseline -0.003 -12"><span class='ocrx_word' id='word_1_172' title='bbox 157 1309 163 1316; x_wconf 94' lang='lat'>.</span> <span class='ocrx_word' id='word_1_173' title='bbox 212 1288 332 1327; x_wconf 78' lang='lat' dir='ltr'>aetatis,</span> <span class='ocrx_word' id='word_1_174' title='bbox 353 1288 593 1329; x_wconf 76' lang='lat' dir='ltr'>probatissimos</span> <span class='ocrx_word' id='word_1_175' title='bbox 613 1298 726 1319; x_wconf 92' lang='lat' dir='ltr'>omnes</span> <span class='ocrx_word' id='word_1_176' title='bbox 743 1282 1083 1327; x_wconf 87' lang='lat' dir='ltr'>diligentissimosque?</span> <span class='ocrx_word' id='word_1_177' title='bbox 1102 1284 1202 1315; x_wconf 89' lang='lat' dir='ltr'>Silent</span> <span class='ocrx_word' id='word_1_178' title='bbox 1215 1284 1288 1314; x_wconf 91' lang='lat' dir='ltr'>Pto-</span> 
     </span>
    </p>

    <p class='ocr_par' dir='ltr' id='par_1_4' title="bbox 188 1329 1289 2210">
     <span class='ocr_line' id='line_1_24' title="bbox 211 1329 1289 1374; baseline -0.006 -10"><span class='ocrx_word' id='word_1_179' title='bbox 211 1331 550 1374; x_wconf 45' lang='lat' dir='ltr'>lgmaeuphrcfensia</span> <span class='ocrx_word' id='word_1_180' title='bbox 579 1332 771 1364; x_wconf 90' lang='lat' dir='ltr'>Guillelmus</span> <span class='ocrx_word' id='word_1_181' title='bbox 800 1332 839 1362; x_wconf 92' lang='lat' dir='ltr'>de</span> <span class='ocrx_word' id='word_1_182' title='bbox 866 1331 996 1368; x_wconf 90' lang='lat' dir='ltr'>Tocco,</span> <span class='ocrx_word' id='word_1_183' title='bbox 1024 1329 1289 1360; x_wconf 77' lang='lat' dir='ltr'>Bartholomaeus</span> 
     </span>
     <span class='ocr_line' id='line_1_25' title="bbox 188 1372 1289 1417; baseline -0.005 -8"><span class='ocrx_word' id='word_1_184' title='bbox 188 1372 402 1417; x_wconf 53' lang='lat' dir='ltr'>‘logothetzn</span> <span class='ocrx_word' id='word_1_185' title='bbox 426 1378 604 1409; x_wconf 86' lang='lat' dir='ltr'>Bernardus</span> <span class='ocrx_word' id='word_1_186' title='bbox 627 1376 804 1414; x_wconf 88' lang='lat' dir='ltr'>Guidonis,</span> <span class='ocrx_word' id='word_1_187' title='bbox 828 1376 939 1406; x_wconf 91' lang='lat' dir='ltr'>Petrus</span> <span class='ocrx_word' id='word_1_188' title='bbox 963 1374 1129 1415; x_wconf 87' lang='lat' dir='ltr'>Rogerius,</span> <span class='ocrx_word' id='word_1_189' title='bbox 1155 1374 1289 1404; x_wconf 86' lang='lat' dir='ltr'>loannes</span> 
     </span>
     <span class='ocr_line' id='line_1_26' title="bbox 211 1419 1288 1461; baseline -0.005 -8"><span class='ocrx_word' id='word_1_190' title='bbox 211 1421 252 1457; x_wconf 81' lang='lat' dir='ltr'>de</span> <span class='ocrx_word' id='word_1_191' title='bbox 274 1421 454 1461; x_wconf 53' lang='lat' dir='ltr'>Columnae</span> <span class='ocrx_word' id='word_1_192' title='bbox 478 1432 514 1453; x_wconf 89' lang='lat' dir='ltr'>ac</span> <span class='ocrx_word' id='word_1_193' title='bbox 537 1422 629 1453; x_wconf 88' lang='lat' dir='ltr'>silent</span> <span class='ocrx_word' id='word_1_194' title='bbox 652 1421 827 1461; x_wconf 87' lang='lat' dir='ltr'>Pignonus,</span> <span class='ocrx_word' id='word_1_195' title='bbox 851 1419 1088 1451; x_wconf 87' lang='lat' dir='ltr'>Valleoletanus</span> <span class='ocrx_word' id='word_1_196' title='bbox 1112 1425 1143 1449; x_wconf 93' lang='lat' dir='ltr'>et</span> <span class='ocrx_word' id='word_1_197' title='bbox 1161 1425 1288 1448; x_wconf 85' lang='lat' dir='ltr'>sanctus</span> 
     </span>
     <span class='ocr_line' id='line_1_27' title="bbox 209 1461 1289 1507; baseline -0.006 -9"><span class='ocrx_word' id='word_1_198' title='bbox 209 1461 405 1498; x_wconf 77' lang='lat' dir='ltr'>Antoninus,</span> <span class='ocrx_word' id='word_1_199' title='bbox 430 1469 630 1507; x_wconf 87' lang='lat' dir='ltr'>Argumento</span> <span class='ocrx_word' id='word_1_200' title='bbox 654 1465 841 1497; x_wconf 91' lang='lat' dir='ltr'>huiusmodi</span> <span class='ocrx_word' id='word_1_201' title='bbox 860 1464 1012 1496; x_wconf 89' lang='lat' dir='ltr'>abnutivo</span> <span class='ocrx_word' id='word_1_202' title='bbox 1038 1464 1118 1494; x_wconf 74' lang='lat' dir='ltr'>nihil</span> <span class='ocrx_word' id='word_1_203' title='bbox 1136 1473 1204 1494; x_wconf 87' lang='lat' dir='ltr'>esse</span> <span class='ocrx_word' id='word_1_204' title='bbox 1216 1462 1289 1503; x_wconf 86' lang='lat' dir='ltr'>fri-</span> 
     </span>
     <span class='ocr_line' id='line_1_28' title="bbox 209 1510 1286 1559; baseline -0.005 -17"><span class='ocrx_word' id='word_1_205' title='bbox 209 1511 323 1559; x_wconf 59' lang='lat' dir='ltr'>gidius</span> <span class='ocrx_word' id='word_1_206' title='bbox 353 1511 481 1552; x_wconf 88' lang='lat' dir='ltr'>reponit</span> <span class='ocrx_word' id='word_1_207' title='bbox 513 1510 668 1542; x_wconf 82' lang='lat' dir='ltr'>Claudius</span> <span class='ocrx_word' id='word_1_208' title='bbox 698 1510 737 1541; x_wconf 88' lang='lat' dir='ltr'>de</span> <span class='ocrx_word' id='word_1_209' title='bbox 765 1510 872 1552; x_wconf 87' lang='lat' dir='ltr'>Spina.</span> <span class='ocrx_word' id='word_1_210' title='bbox 905 1510 988 1540; x_wconf 89' lang='lat' dir='ltr'>Puto</span> <span class='ocrx_word' id='word_1_211' title='bbox 1013 1519 1073 1549; x_wconf 86' lang='lat' dir='ltr'>ego</span> <span class='ocrx_word' id='word_1_212' title='bbox 1107 1518 1166 1548; x_wconf 89' lang='lat' dir='ltr'>pro</span> <span class='ocrx_word' id='word_1_213' title='bbox 1197 1517 1286 1538; x_wconf 90' lang='lat' dir='ltr'>mero</span> 
     </span>
     <span class='ocr_line' id='line_1_29' title="bbox 209 1552 1287 1596; baseline -0.004 -10"><span class='ocrx_word' id='word_1_214' title='bbox 209 1555 363 1594; x_wconf 62' lang='lat' dir='ltr'>abnutivo</span> <span class='ocrx_word' id='word_1_215' title='bbox 380 1562 569 1596; x_wconf 89' lang='lat' dir='ltr'>argumento</span> <span class='ocrx_word' id='word_1_216' title='bbox 586 1555 770 1586; x_wconf 89' lang='lat' dir='ltr'>habendum</span> <span class='ocrx_word' id='word_1_217' title='bbox 787 1565 853 1586; x_wconf 89' lang='lat' dir='ltr'>non</span> <span class='ocrx_word' id='word_1_218' title='bbox 870 1565 938 1585; x_wconf 88' lang='lat' dir='ltr'>esse</span> <span class='ocrx_word' id='word_1_219' title='bbox 954 1554 1012 1584; x_wconf 86' lang='lat' dir='ltr'>hac</span> <span class='ocrx_word' id='word_1_220' title='bbox 1027 1554 1060 1584; x_wconf 93' lang='lat' dir='ltr'>in</span> <span class='ocrx_word' id='word_1_221' title='bbox 1077 1563 1109 1584; x_wconf 93' lang='lat' dir='ltr'>re</span> <span class='ocrx_word' id='word_1_222' title='bbox 1125 1552 1287 1583; x_wconf 87' lang='lat' dir='ltr'>silentium</span> 
     </span>
     <span class='ocr_line' id='line_1_30' title="bbox 209 1597 1287 1642; baseline -0.004 -11"><span class='ocrx_word' id='word_1_223' title='bbox 209 1599 371 1640; x_wconf 47' lang='lat' dir='ltr'>&amp;etex-um,</span> <span class='ocrx_word' id='word_1_224' title='bbox 395 1600 452 1642; x_wconf 89' lang='lat' dir='ltr'>qui</span> <span class='ocrx_word' id='word_1_225' title='bbox 476 1600 548 1631; x_wconf 87' lang='lat' dir='ltr'>data</span> <span class='ocrx_word' id='word_1_226' title='bbox 571 1610 668 1641; x_wconf 85' lang='lat' dir='ltr'>opera</span> <span class='ocrx_word' id='word_1_227' title='bbox 692 1600 863 1631; x_wconf 88' lang='lat' dir='ltr'>Librorum</span> <span class='ocrx_word' id='word_1_228' title='bbox 886 1599 1034 1630; x_wconf 89' lang='lat' dir='ltr'>Thomae</span> <span class='ocrx_word' id='word_1_229' title='bbox 1059 1597 1219 1637; x_wconf 84' lang='lat' dir='ltr'>catalogos</span> <span class='ocrx_word' id='word_1_230' title='bbox 1242 1604 1287 1628; x_wconf 89' lang='lat' dir='ltr'>te-</span> 
     </span>
     <span class='ocr_line' id='line_1_31' title="bbox 207 1642 1287 1686; baseline -0.005 -10"><span class='ocrx_word' id='word_1_231' title='bbox 207 1645 365 1684; x_wconf 68' lang='lat' dir='ltr'>iuer-unt,</span> <span class='ocrx_word' id='word_1_232' title='bbox 395 1655 515 1686; x_wconf 90' lang='lat' dir='ltr'>eosque</span> <span class='ocrx_word' id='word_1_233' title='bbox 539 1644 777 1685; x_wconf 87' lang='lat' dir='ltr'>diligentissime</span> <span class='ocrx_word' id='word_1_234' title='bbox 803 1651 839 1675; x_wconf 91' lang='lat' dir='ltr'>ut</span> <span class='ocrx_word' id='word_1_235' title='bbox 862 1649 1001 1674; x_wconf 86' lang='lat' dir='ltr'>texerent</span> <span class='ocrx_word' id='word_1_236' title='bbox 1024 1642 1102 1673; x_wconf 88' lang='lat' dir='ltr'>nihil</span> <span class='ocrx_word' id='word_1_237' title='bbox 1128 1642 1222 1672; x_wconf 89' lang='lat' dir='ltr'>studii</span> <span class='ocrx_word' id='word_1_238' title='bbox 1252 1652 1287 1672; x_wconf 87' lang='lat' dir='ltr'>ac</span> 
     </span>
     <span class='ocr_line' id='line_1_32' title="bbox 210 1686 1287 1730; baseline -0.004 -10"><span class='ocrx_word' id='word_1_239' title='bbox 210 1689 356 1720; x_wconf 84' lang='lat' dir='ltr'>solertiae</span> <span class='ocrx_word' id='word_1_240' title='bbox 373 1689 620 1730; x_wconf 83' lang='lat' dir='ltr'>praetermisere;</span> <span class='ocrx_word' id='word_1_241' title='bbox 631 1690 687 1730; x_wconf 90' lang='lat' dir='ltr'>qui</span> <span class='ocrx_word' id='word_1_242' title='bbox 707 1689 761 1720; x_wconf 89' lang='lat' dir='ltr'>ubi</span> <span class='ocrx_word' id='word_1_243' title='bbox 781 1688 877 1720; x_wconf 89' lang='lat' dir='ltr'>dubia</span> <span class='ocrx_word' id='word_1_244' title='bbox 892 1688 1109 1724; x_wconf 86' lang='lat' dir='ltr'>occurrebant,</span> <span class='ocrx_word' id='word_1_245' title='bbox 1125 1686 1211 1717; x_wconf 86' lang='lat' dir='ltr'>viros</span> <span class='ocrx_word' id='word_1_246' title='bbox 1225 1686 1287 1717; x_wconf 90' lang='lat' dir='ltr'>fide</span> 
     </span>
     <span class='ocr_line' id='line_1_33' title="bbox 211 1731 1287 1774; baseline -0.004 -10"><span class='ocrx_word' id='word_1_247' title='bbox 211 1732 325 1774; x_wconf 79' lang='lat' dir='ltr'>dignos</span> <span class='ocrx_word' id='word_1_248' title='bbox 348 1733 382 1764; x_wconf 92' lang='lat' dir='ltr'>in</span> <span class='ocrx_word' id='word_1_249' title='bbox 413 1733 584 1765; x_wconf 89' lang='lat' dir='ltr'>consilium</span> <span class='ocrx_word' id='word_1_250' title='bbox 611 1734 843 1771; x_wconf 87' lang='lat' dir='ltr'>adhibuerunt;</span> <span class='ocrx_word' id='word_1_251' title='bbox 871 1732 926 1774; x_wconf 92' lang='lat' dir='ltr'>qui</span> <span class='ocrx_word' id='word_1_252' title='bbox 950 1732 1002 1763; x_wconf 89' lang='lat' dir='ltr'>vel</span> <span class='ocrx_word' id='word_1_253' title='bbox 1029 1731 1150 1772; x_wconf 88' lang='lat' dir='ltr'>opellas</span> <span class='ocrx_word' id='word_1_254' title='bbox 1174 1740 1287 1771; x_wconf 84' lang='lat' dir='ltr'>parvae</span> 
     </span>
     <span class='ocr_line' id='line_1_34' title="bbox 211 1775 1287 1819; baseline -0.005 -9"><span class='ocrx_word' id='word_1_255' title='bbox 211 1778 306 1810; x_wconf 83' lang='lat' dir='ltr'>molis</span> <span class='ocrx_word' id='word_1_256' title='bbox 329 1779 368 1808; x_wconf 87' lang='lat' dir='ltr'>ab</span> <span class='ocrx_word' id='word_1_257' title='bbox 390 1778 550 1819; x_wconf 76' lang='lat' dir='ltr'>Aquinate</span> <span class='ocrx_word' id='word_1_258' title='bbox 573 1778 704 1819; x_wconf 86' lang='lat' dir='ltr'>scriptas</span> <span class='ocrx_word' id='word_1_259' title='bbox 733 1777 913 1818; x_wconf 86' lang='lat' dir='ltr'>diligentius</span> <span class='ocrx_word' id='word_1_260' title='bbox 937 1776 1211 1817; x_wconf 87' lang='lat' dir='ltr'>perquisiverunt,</span> <span class='ocrx_word' id='word_1_261' title='bbox 1241 1775 1287 1805; x_wconf 90' lang='lat' dir='ltr'>in—</span> 
     </span>
     <span class='ocr_line' id='line_1_35' title="bbox 210 1819 1287 1864; baseline -0.005 -10"><span class='ocrx_word' id='word_1_262' title='bbox 210 1829 384 1864; x_wconf 80' lang='lat' dir='ltr'>ventasque</span> <span class='ocrx_word' id='word_1_263' title='bbox 400 1821 433 1853; x_wconf 90' lang='lat' dir='ltr'>in</span> <span class='ocrx_word' id='word_1_264' title='bbox 449 1821 599 1862; x_wconf 85' lang='lat' dir='ltr'>catalogis</span> <span class='ocrx_word' id='word_1_265' title='bbox 618 1827 854 1859; x_wconf 88' lang='lat' dir='ltr'>recensuerunt,</span> <span class='ocrx_word' id='word_1_266' title='bbox 878 1831 962 1863; x_wconf 87' lang='lat' dir='ltr'>quos</span> <span class='ocrx_word' id='word_1_267' title='bbox 981 1819 1206 1857; x_wconf 87' lang='lat' dir='ltr'>conficiebant;</span> <span class='ocrx_word' id='word_1_268' title='bbox 1231 1820 1287 1860; x_wconf 91' lang='lat' dir='ltr'>qui</span> 
     </span>
     <span class='ocr_line' id='line_1_36' title="bbox 210 1865 1286 1913; baseline -0.005 -15"><span class='ocrx_word' id='word_1_269' title='bbox 210 1866 261 1907; x_wconf 66' lang='lat' dir='ltr'>ye‘l</span> <span class='ocrx_word' id='word_1_270' title='bbox 283 1866 353 1907; x_wconf 88' lang='lat' dir='ltr'>ipsa</span> <span class='ocrx_word' id='word_1_271' title='bbox 380 1867 514 1898; x_wconf 88' lang='lat' dir='ltr'>demum</span> <span class='ocrx_word' id='word_1_272' title='bbox 537 1876 653 1907; x_wconf 85' lang='lat' dir='ltr'>opera,</span> <span class='ocrx_word' id='word_1_273' title='bbox 683 1877 765 1908; x_wconf 92' lang='lat' dir='ltr'>quae</span> <span class='ocrx_word' id='word_1_274' title='bbox 788 1867 966 1913; x_wconf 79' lang='lat' dir='ltr'>Reportata</span> <span class='ocrx_word' id='word_1_275' title='bbox 995 1865 1164 1902; x_wconf 86' lang='lat' dir='ltr'>dicuntur,</span> <span class='ocrx_word' id='word_1_276' title='bbox 1194 1870 1226 1894; x_wconf 89' lang='lat' dir='ltr'>et</span> <span class='ocrx_word' id='word_1_277' title='bbox 1247 1865 1286 1894; x_wconf 89' lang='lat' dir='ltr'>ab</span> 
     </span>
     <span class='ocr_line' id='line_1_37' title="bbox 210 1909 1287 1952; baseline -0.004 -10"><span class='ocrx_word' id='word_1_278' title='bbox 210 1910 279 1948; x_wconf 71' lang='lat' dir='ltr'>aliis</span> <span class='ocrx_word' id='word_1_279' title='bbox 302 1911 467 1942; x_wconf 87' lang='lat' dir='ltr'>recollecta</span> <span class='ocrx_word' id='word_1_280' title='bbox 485 1911 584 1949; x_wconf 83' lang='lat' dir='ltr'>fuere,</span> <span class='ocrx_word' id='word_1_281' title='bbox 606 1912 840 1952; x_wconf 88' lang='lat' dir='ltr'>descripserunt</span> <span class='ocrx_word' id='word_1_282' title='bbox 862 1910 981 1941; x_wconf 89' lang='lat' dir='ltr'>omnia.</span> <span class='ocrx_word' id='word_1_283' title='bbox 1000 1909 1287 1947; x_wconf 84' lang='lat' dir='ltr'>Quemadmodum</span> 
     </span>
     <span class='ocr_line' id='line_1_38' title="bbox 210 1954 1287 1997; baseline -0.003 -11"><span class='ocrx_word' id='word_1_284' title='bbox 210 1959 286 1996; x_wconf 74' lang='lat' dir='ltr'>ergo</span> <span class='ocrx_word' id='word_1_285' title='bbox 307 1955 342 1986; x_wconf 90' lang='lat' dir='ltr'>in</span> <span class='ocrx_word' id='word_1_286' title='bbox 362 1955 457 1986; x_wconf 85' lang='lat' dir='ltr'>simili</span> <span class='ocrx_word' id='word_1_287' title='bbox 477 1955 663 1997; x_wconf 83' lang='lat' dir='ltr'>quaestione</span> <span class='ocrx_word' id='word_1_288' title='bbox 677 1956 717 1987; x_wconf 84' lang='lat' dir='ltr'>de</span> <span class='ocrx_word' id='word_1_289' title='bbox 731 1955 873 1987; x_wconf 86' lang='lat' dir='ltr'>Postillis</span> <span class='ocrx_word' id='word_1_290' title='bbox 894 1964 993 1996; x_wconf 82' lang='lat' dir='ltr'>super</span> <span class='ocrx_word' id='word_1_291' title='bbox 1013 1954 1160 1985; x_wconf 88' lang='lat' dir='ltr'>Genesim</span> <span class='ocrx_word' id='word_1_292' title='bbox 1185 1959 1216 1984; x_wconf 87' lang='lat' dir='ltr'>et</span> <span class='ocrx_word' id='word_1_293' title='bbox 1233 1963 1287 1984; x_wconf 85' lang='lat' dir='ltr'>su-</span> 
     </span>
     <span class='ocr_line' id='line_1_39' title="bbox 203 1998 1286 2045; baseline -0.003 -14"><span class='ocrx_word' id='word_1_294' title='bbox 203 2007 269 2045; x_wconf 70' lang='lat' dir='ltr'>per·</span> <span class='ocrx_word' id='word_1_295' title='bbox 285 1999 525 2039; x_wconf 85' lang='lat' dir='ltr'>Ecclesiastem,</span> <span class='ocrx_word' id='word_1_296' title='bbox 546 2011 583 2032; x_wconf 83' lang='lat' dir='ltr'>ex</span> <span class='ocrx_word' id='word_1_297' title='bbox 601 2008 746 2032; x_wconf 90' lang='lat' dir='ltr'>veterum</span> <span class='ocrx_word' id='word_1_298' title='bbox 765 2000 892 2031; x_wconf 86' lang='lat' dir='ltr'>silentio</span> <span class='ocrx_word' id='word_1_299' title='bbox 906 2005 1023 2040; x_wconf 86' lang='lat' dir='ltr'>patere</span> <span class='ocrx_word' id='word_1_300' title='bbox 1041 1999 1085 2029; x_wconf 88' lang='lat' dir='ltr'>ait</span> <span class='ocrx_word' id='word_1_301' title='bbox 1107 2009 1132 2028; x_wconf 92' lang='lat' dir='ltr'>s.</span> <span class='ocrx_word' id='word_1_302' title='bbox 1149 1998 1286 2029; x_wconf 90' lang='lat' dir='ltr'>Antoni-</span> 
     </span>
     <span class='ocr_line' id='line_1_40' title="bbox 210 2042 1287 2086; baseline -0.003 -10"><span class='ocrx_word' id='word_1_303' title='bbox 210 2053 271 2080; x_wconf 84' lang='lat' dir='ltr'>nus</span> <span class='ocrx_word' id='word_1_304' title='bbox 299 2055 364 2076; x_wconf 91' lang='lat' dir='ltr'>non</span> <span class='ocrx_word' id='word_1_305' title='bbox 393 2054 462 2076; x_wconf 88' lang='lat' dir='ltr'>esse</span> <span class='ocrx_word' id='word_1_306' title='bbox 493 2045 563 2076; x_wconf 90' lang='lat' dir='ltr'>illas</span> <span class='ocrx_word' id='word_1_307' title='bbox 597 2046 736 2076; x_wconf 84' lang='lat' dir='ltr'>Thomae</span> <span class='ocrx_word' id='word_1_308' title='bbox 755 2044 891 2086; x_wconf 87' lang='lat' dir='ltr'>foetus:</span> <span class='ocrx_word' id='word_1_309' title='bbox 918 2044 962 2075; x_wconf 86' lang='lat' dir='ltr'>ita</span> <span class='ocrx_word' id='word_1_310' title='bbox 987 2044 1102 2074; x_wconf 85' lang='lat' dir='ltr'>eodem</span> <span class='ocrx_word' id='word_1_311' title='bbox 1131 2042 1287 2074; x_wconf 89' lang='lat' dir='ltr'>evincitur</span> 
     </span>
     <span class='ocr_line' id='line_1_41' title="bbox 210 2087 1286 2131; baseline -0.004 -10"><span class='ocrx_word' id='word_1_312' title='bbox 210 2087 440 2131; x_wconf 84' lang='lat' dir='ltr'>conficiturque</span> <span class='ocrx_word' id='word_1_313' title='bbox 464 2097 652 2130; x_wconf 88' lang='lat' dir='ltr'>argumento</span> <span class='ocrx_word' id='word_1_314' title='bbox 677 2090 716 2121; x_wconf 87' lang='lat' dir='ltr'>ab</span> <span class='ocrx_word' id='word_1_315' title='bbox 739 2089 854 2120; x_wconf 90' lang='lat' dir='ltr'>eodem</span> <span class='ocrx_word' id='word_1_316' title='bbox 873 2089 1033 2130; x_wconf 85' lang='lat' dir='ltr'>Aquinate</span> <span class='ocrx_word' id='word_1_317' title='bbox 1057 2087 1286 2118; x_wconf 88' lang='lat' dir='ltr'>abiudicandos</span> 
     </span>
     <span class='ocr_line' id='line_1_42' title="bbox 209 2132 1284 2176; baseline -0.002 -12"><span class='ocrx_word' id='word_1_318' title='bbox 209 2143 277 2169; x_wconf 88' lang='lat' dir='ltr'>esse</span> <span class='ocrx_word' id='word_1_319' title='bbox 301 2133 571 2172; x_wconf 83' lang='lat' dir='ltr'>Commentarios,</span> <span class='ocrx_word' id='word_1_320' title='bbox 596 2135 635 2165; x_wconf 91' lang='lat' dir='ltr'>de</span> <span class='ocrx_word' id='word_1_321' title='bbox 659 2135 776 2176; x_wconf 90' lang='lat' dir='ltr'>quibus</span> <span class='ocrx_word' id='word_1_322' title='bbox 800 2133 935 2174; x_wconf 88' lang='lat' dir='ltr'>agimus,</span> <span class='ocrx_word' id='word_1_323' title='bbox 961 2135 993 2164; x_wconf 92' lang='lat' dir='ltr'>in</span> <span class='ocrx_word' id='word_1_324' title='bbox 1017 2138 1135 2173; x_wconf 82' lang='lat' dir='ltr'>septem</span> <span class='ocrx_word' id='word_1_325' title='bbox 1159 2132 1284 2173; x_wconf 82' lang='lat' dir='ltr'>Episto-</span> 
     </span>
     <span class='ocr_line' id='line_1_43' title="bbox 209 2177 478 2210; baseline -0.004 0"><span class='ocrx_word' id='word_1_326' title='bbox 209 2177 262 2210; x_wconf 83' lang='lat' dir='ltr'>las</span> <span class='ocrx_word' id='word_1_327' title='bbox 285 2177 478 2209; x_wconf 86' lang='lat' dir='ltr'>Canonicas.</span> 
     </span>
    </p>

    <p class='ocr_par' dir='ltr' id='par_1_5' title="bbox 204 2221 1285 2875">
     <span class='ocr_line' id='line_1_44' title="bbox 275 2221 1285 2263; baseline -0.002 -10"><span class='ocrx_word' id='word_1_328' title='bbox 275 2221 414 2254; x_wconf 91' lang='lat' dir='ltr'>Codices</span> <span class='ocrx_word' id='word_1_329' title='bbox 436 2223 540 2253; x_wconf 90' lang='lat' dir='ltr'>bonae</span> <span class='ocrx_word' id='word_1_330' title='bbox 564 2230 659 2254; x_wconf 89' lang='lat' dir='ltr'>notae</span> <span class='ocrx_word' id='word_1_331' title='bbox 683 2222 782 2253; x_wconf 83' lang='lat' dir='ltr'>afferri</span> <span class='ocrx_word' id='word_1_332' title='bbox 810 2228 947 2263; x_wconf 87' lang='lat' dir='ltr'>possunt</span> <span class='ocrx_word' id='word_1_333' title='bbox 970 2221 1061 2259; x_wconf 88' lang='lat' dir='ltr'>nulli,</span> <span class='ocrx_word' id='word_1_334' title='bbox 1085 2221 1141 2262; x_wconf 92' lang='lat' dir='ltr'>qui</span> <span class='ocrx_word' id='word_1_335' title='bbox 1165 2231 1285 2252; x_wconf 89' lang='lat' dir='ltr'>nomen</span> 
     </span>
     <span class='ocr_line' id='line_1_45' title="bbox 208 2265 1285 2308; baseline -0.003 -10"><span class='ocrx_word' id='word_1_336' title='bbox 208 2266 357 2298; x_wconf 87' lang='lat' dir='ltr'>Thomae</span> <span class='ocrx_word' id='word_1_337' title='bbox 381 2267 420 2298; x_wconf 88' lang='lat' dir='ltr'>de</span> <span class='ocrx_word' id='word_1_338' title='bbox 443 2267 574 2308; x_wconf 88' lang='lat' dir='ltr'>Aquino</span> <span class='ocrx_word' id='word_1_339' title='bbox 594 2274 818 2308; x_wconf 88' lang='lat' dir='ltr'>praenotatum</span> <span class='ocrx_word' id='word_1_340' title='bbox 841 2267 986 2297; x_wconf 84' lang='lat' dir='ltr'>habeant.</span> <span class='ocrx_word' id='word_1_341' title='bbox 1007 2265 1163 2297; x_wconf 91' lang='lat' dir='ltr'>Codicem</span> <span class='ocrx_word' id='word_1_342' title='bbox 1183 2266 1285 2296; x_wconf 89' lang='lat' dir='ltr'>Lova-</span> 
     </span>
     <span class='ocr_line' id='line_1_46' title="bbox 209 2310 1284 2353; baseline -0.001 -11"><span class='ocrx_word' id='word_1_343' title='bbox 209 2310 353 2342; x_wconf 86' lang='lat' dir='ltr'>niensem</span> <span class='ocrx_word' id='word_1_344' title='bbox 377 2311 464 2343; x_wconf 83' lang='lat' dir='ltr'>affert</span> <span class='ocrx_word' id='word_1_345' title='bbox 491 2311 663 2352; x_wconf 87' lang='lat' dir='ltr'>Spinaeus,</span> <span class='ocrx_word' id='word_1_346' title='bbox 686 2312 843 2353; x_wconf 91' lang='lat' dir='ltr'>illumque</span> <span class='ocrx_word' id='word_1_347' title='bbox 872 2316 949 2342; x_wconf 87' lang='lat' dir='ltr'>ante</span> <span class='ocrx_word' id='word_1_348' title='bbox 976 2320 1081 2342; x_wconf 85' lang='lat' dir='ltr'>annos</span> <span class='ocrx_word' id='word_1_349' title='bbox 1104 2312 1284 2352; x_wconf 81' lang='lat' dir='ltr'>nonaginta</span> 
     </span>
     <span class='ocr_line' id='line_1_47' title="bbox 209 2355 1285 2397; baseline -0.002 -10"><span class='ocrx_word' id='word_1_350' title='bbox 209 2355 393 2387; x_wconf 75' lang='lat' dir='ltr'>exaratum.</span> <span class='ocrx_word' id='word_1_351' title='bbox 418 2355 498 2387; x_wconf 86' lang='lat' dir='ltr'>Heic</span> <span class='ocrx_word' id='word_1_352' title='bbox 521 2356 574 2388; x_wconf 88' lang='lat' dir='ltr'>ille</span> <span class='ocrx_word' id='word_1_353' title='bbox 597 2357 752 2388; x_wconf 84' lang='lat' dir='ltr'>scribebat</span> <span class='ocrx_word' id='word_1_354' title='bbox 774 2366 859 2387; x_wconf 89' lang='lat' dir='ltr'>anno</span> <span class='ocrx_word' id='word_1_355' title='bbox 889 2356 970 2395; x_wconf 84' lang='lat'>1543</span> <span class='ocrx_word' id='word_1_356' title='bbox 995 2365 1062 2397; x_wconf 93' lang='lat' dir='ltr'>quo</span> <span class='ocrx_word' id='word_1_357' title='bbox 1089 2356 1200 2386; x_wconf 88' lang='lat' dir='ltr'>eadem</span> <span class='ocrx_word' id='word_1_358' title='bbox 1225 2355 1285 2385; x_wconf 89' lang='lat' dir='ltr'>Ex-</span> 
     </span>
     <span class='ocr_line' id='line_1_48' title="bbox 207 2399 1284 2445; baseline -0.002 -14"><span class='ocrx_word' id='word_1_359' title='bbox 207 2400 327 2445; x_wconf 82' lang='lat' dir='ltr'>positio</span> <span class='ocrx_word' id='word_1_360' title='bbox 342 2402 375 2431; x_wconf 90' lang='lat' dir='ltr'>in</span> <span class='ocrx_word' id='word_1_361' title='bbox 386 2401 548 2441; x_wconf 78' lang='lat' dir='ltr'>Epistulas</span> <span class='ocrx_word' id='word_1_362' title='bbox 561 2401 755 2438; x_wconf 88' lang='lat' dir='ltr'>Canonicas‚</span> <span class='ocrx_word' id='word_1_363' title='bbox 766 2400 838 2441; x_wconf 94' lang='lat' dir='ltr'>ipso</span> <span class='ocrx_word' id='word_1_364' title='bbox 854 2406 1031 2438; x_wconf 87' lang='lat' dir='ltr'>accurante,</span> <span class='ocrx_word' id='word_1_365' title='bbox 1042 2399 1167 2430; x_wconf 88' lang='lat' dir='ltr'>Parisiis</span> <span class='ocrx_word' id='word_1_366' title='bbox 1182 2399 1284 2440; x_wconf 88' lang='lat' dir='ltr'>prima</span> 
     </span>
     <span class='ocr_line' id='line_1_49' title="bbox 207 2444 1284 2486; baseline -0.002 -10"><span class='ocrx_word' id='word_1_367' title='bbox 207 2444 275 2477; x_wconf 77' lang='lat' dir='ltr'>vic&#39;e</span> <span class='ocrx_word' id='word_1_368' title='bbox 298 2444 431 2486; x_wconf 86' lang='lat' dir='ltr'>prodiit:</span> <span class='ocrx_word' id='word_1_369' title='bbox 460 2445 546 2476; x_wconf 89' lang='lat' dir='ltr'>unde</span> <span class='ocrx_word' id='word_1_370' title='bbox 570 2446 714 2476; x_wconf 90' lang='lat' dir='ltr'>codicem</span> <span class='ocrx_word' id='word_1_371' title='bbox 743 2445 836 2476; x_wconf 89' lang='lat' dir='ltr'>illum</span> <span class='ocrx_word' id='word_1_372' title='bbox 860 2444 1094 2475; x_wconf 89' lang='lat' dir='ltr'>Lovaniensem</span> <span class='ocrx_word' id='word_1_373' title='bbox 1117 2454 1202 2474; x_wconf 89' lang='lat' dir='ltr'>anno</span> <span class='ocrx_word' id='word_1_374' title='bbox 1227 2444 1284 2475; x_wconf 90' lang='lat' dir='ltr'>cir-</span> 
     </span>
     <span class='ocr_line' id='line_1_50' title="bbox 208 2488 1284 2528; baseline -0.003 -8"><span class='ocrx_word' id='word_1_375' title='bbox 208 2489 285 2520; x_wconf 87' lang='lat' dir='ltr'>citer</span> <span class='ocrx_word' id='word_1_376' title='bbox 312 2490 395 2528; x_wconf 85' lang='lat'>1450</span> <span class='ocrx_word' id='word_1_377' title='bbox 418 2499 517 2520; x_wconf 87' lang='lat' dir='ltr'>manu</span> <span class='ocrx_word' id='word_1_378' title='bbox 541 2497 703 2521; x_wconf 87' lang='lat' dir='ltr'>exaratum</span> <span class='ocrx_word' id='word_1_379' title='bbox 731 2489 828 2520; x_wconf 88' lang='lat' dir='ltr'>fuisse</span> <span class='ocrx_word' id='word_1_380' title='bbox 852 2488 1020 2528; x_wconf 88' lang='lat' dir='ltr'>colligitur.</span> <span class='ocrx_word' id='word_1_381' title='bbox 1045 2491 1088 2518; x_wconf 91' lang='lat' dir='ltr'>At</span> <span class='ocrx_word' id='word_1_382' title='bbox 1113 2488 1208 2528; x_wconf 89' lang='lat' dir='ltr'>longe</span> <span class='ocrx_word' id='word_1_383' title='bbox 1232 2498 1284 2518; x_wconf 87' lang='lat' dir='ltr'>ve-</span> 
     </span>
     <span class='ocr_line' id='line_1_51' title="bbox 207 2533 1283 2576; baseline -0.002 -11"><span class='ocrx_word' id='word_1_384' title='bbox 207 2533 356 2565; x_wconf 87' lang='lat' dir='ltr'>tustiores</span> <span class='ocrx_word' id='word_1_385' title='bbox 374 2533 454 2564; x_wconf 88' lang='lat' dir='ltr'>vidit</span> <span class='ocrx_word' id='word_1_386' title='bbox 475 2541 697 2576; x_wconf 82' lang='lat' dir='ltr'>memoratque</span> <span class='ocrx_word' id='word_1_387' title='bbox 721 2533 846 2564; x_wconf 92' lang='lat' dir='ltr'>codices</span> <span class='ocrx_word' id='word_1_388' title='bbox 866 2533 999 2564; x_wconf 88' lang='lat' dir='ltr'>Iacobus</span> <span class='ocrx_word' id='word_1_389' title='bbox 1017 2533 1193 2570; x_wconf 88' lang='lat' dir='ltr'>Echardus‚</span> <span class='ocrx_word' id='word_1_390' title='bbox 1217 2533 1283 2573; x_wconf 90' lang='lat' dir='ltr'>ple—</span> 
     </span>
     <span class='ocr_line' id='line_1_52' title="bbox 205 2577 1282 2619; baseline -0.001 -11"><span class='ocrx_word' id='word_1_391' title='bbox 205 2578 323 2619; x_wconf 83' lang='lat' dir='ltr'>rosque</span> <span class='ocrx_word' id='word_1_392' title='bbox 340 2577 407 2608; x_wconf 90' lang='lat' dir='ltr'>sine</span> <span class='ocrx_word' id='word_1_393' title='bbox 422 2578 565 2616; x_wconf 89' lang='lat' dir='ltr'>nomine,</span> <span class='ocrx_word' id='word_1_394' title='bbox 583 2589 618 2609; x_wconf 91' lang='lat' dir='ltr'>ac</span> <span class='ocrx_word' id='word_1_395' title='bbox 635 2578 766 2609; x_wconf 90' lang='lat' dir='ltr'>nomine</span> <span class='ocrx_word' id='word_1_396' title='bbox 784 2577 909 2608; x_wconf 87' lang='lat' dir='ltr'>Nicolai</span> <span class='ocrx_word' id='word_1_397' title='bbox 929 2577 1063 2608; x_wconf 87' lang='lat' dir='ltr'>Gorrani</span> <span class='ocrx_word' id='word_1_398' title='bbox 1080 2583 1282 2617; x_wconf 87' lang='lat' dir='ltr'>praenotatos</span> 
     </span>
     <span class='ocr_line' id='line_1_53' title="bbox 206 2621 1281 2664; baseline 0 -12"><span class='ocrx_word' id='word_1_399' title='bbox 206 2621 341 2664; x_wconf 85' lang='lat' dir='ltr'>aliquos:</span> <span class='ocrx_word' id='word_1_400' title='bbox 357 2629 418 2653; x_wconf 87' lang='lat' dir='ltr'>tres</span> <span class='ocrx_word' id='word_1_401' title='bbox 433 2633 549 2663; x_wconf 90' lang='lat' dir='ltr'>nempe</span> <span class='ocrx_word' id='word_1_402' title='bbox 560 2623 753 2654; x_wconf 90' lang='lat' dir='ltr'>Sorbonicos</span> <span class='ocrx_word' id='word_1_403' title='bbox 768 2621 988 2653; x_wconf 90' lang='lat' dir='ltr'>tertiodecimo</span> <span class='ocrx_word' id='word_1_404' title='bbox 999 2622 1126 2652; x_wconf 85' lang='lat' dir='ltr'>saeculo</span> <span class='ocrx_word' id='word_1_405' title='bbox 1137 2621 1281 2662; x_wconf 89' lang='lat' dir='ltr'>scriptos,</span> 
     </span>
     <span class='ocr_line' id='line_1_54' title="bbox 205 2664 1282 2708; baseline -0.001 -11"><span class='ocrx_word' id='word_1_406' title='bbox 205 2664 350 2708; x_wconf 75' lang='lat' dir='ltr'>aliosque</span> <span class='ocrx_word' id='word_1_407' title='bbox 383 2667 468 2707; x_wconf 88' lang='lat' dir='ltr'>apud</span> <span class='ocrx_word' id='word_1_408' title='bbox 501 2667 752 2707; x_wconf 85' lang='lat' dir='ltr'>Augustinianos</span> <span class='ocrx_word' id='word_1_409' title='bbox 786 2667 825 2697; x_wconf 93' lang='lat' dir='ltr'>ad</span> <span class='ocrx_word' id='word_1_410' title='bbox 857 2667 1162 2705; x_wconf 86' lang='lat' dir='ltr'>Pontem-novum,</span> <span class='ocrx_word' id='word_1_411' title='bbox 1196 2667 1282 2706; x_wconf 90' lang='lat' dir='ltr'>apud</span> 
     </span>
     <span class='ocr_line' id='line_1_55' title="bbox 206 2709 1282 2752; baseline -0.001 -10"><span class='ocrx_word' id='word_1_412' title='bbox 206 2720 231 2742; x_wconf 85' lang='lat' dir='ltr'>s.</span> <span class='ocrx_word' id='word_1_413' title='bbox 249 2709 448 2742; x_wconf 84' lang='lat' dir='ltr'>Germanum</span> <span class='ocrx_word' id='word_1_414' title='bbox 467 2721 484 2742; x_wconf 89' lang='lat' dir='ltr'>a</span> <span class='ocrx_word' id='word_1_415' title='bbox 503 2711 613 2750; x_wconf 88' lang='lat' dir='ltr'>Pratis,</span> <span class='ocrx_word' id='word_1_416' title='bbox 633 2718 664 2742; x_wconf 94' lang='lat' dir='ltr'>et</span> <span class='ocrx_word' id='word_1_417' title='bbox 687 2711 772 2752; x_wconf 88' lang='lat' dir='ltr'>apud</span> <span class='ocrx_word' id='word_1_418' title='bbox 788 2710 972 2742; x_wconf 84' lang='lat' dir='ltr'>canonicos</span> <span class='ocrx_word' id='word_1_419' title='bbox 995 2711 1152 2751; x_wconf 85' lang='lat' dir='ltr'>regulares</span> <span class='ocrx_word' id='word_1_420' title='bbox 1175 2711 1282 2742; x_wconf 88' lang='lat' dir='ltr'>Victo—</span> 
     </span>
     <span class='ocr_line' id='line_1_56' title="bbox 204 2754 1282 2797; baseline -0.001 -10"><span class='ocrx_word' id='word_1_421' title='bbox 204 2754 302 2789; x_wconf 72' lang='lat' dir='ltr'>r&#39;mOS.</span> <span class='ocrx_word' id='word_1_422' title='bbox 323 2755 444 2794; x_wconf 89' lang='lat' dir='ltr'>Quidni</span> <span class='ocrx_word' id='word_1_423' title='bbox 463 2762 530 2786; x_wconf 89' lang='lat' dir='ltr'>tam</span> <span class='ocrx_word' id='word_1_424' title='bbox 547 2757 743 2787; x_wconf 87' lang='lat' dir='ltr'>venerandae</span> <span class='ocrx_word' id='word_1_425' title='bbox 755 2755 956 2797; x_wconf 68' lang='lat' dir='ltr'>‘antiquitatis</span> <span class='ocrx_word' id='word_1_426' title='bbox 973 2755 1116 2796; x_wconf 83' lang='lat' dir='ltr'>exempla</span> <span class='ocrx_word' id='word_1_427' title='bbox 1135 2755 1282 2796; x_wconf 89' lang='lat' dir='ltr'>praeferri</span> 
     </span>
     <span class='ocr_line' id='line_1_57' title="bbox 207 2797 1284 2842; baseline 0.001 -12"><span class='ocrx_word' id='word_1_428' title='bbox 207 2797 342 2831; x_wconf 78' lang='lat' dir='ltr'>debeant</span> <span class='ocrx_word' id='word_1_429' title='bbox 363 2799 555 2831; x_wconf 88' lang='lat' dir='ltr'>Lovaniensi</span> <span class='ocrx_word' id='word_1_430' title='bbox 579 2801 699 2840; x_wconf 91' lang='lat' dir='ltr'>codici,</span> <span class='ocrx_word' id='word_1_431' title='bbox 723 2810 822 2842; x_wconf 88' lang='lat' dir='ltr'>quem</span> <span class='ocrx_word' id='word_1_432' title='bbox 844 2810 904 2841; x_wconf 93' lang='lat' dir='ltr'>pro</span> <span class='ocrx_word' id='word_1_433' title='bbox 932 2800 1028 2840; x_wconf 91' lang='lat' dir='ltr'>genio</span> <span class='ocrx_word' id='word_1_434' title='bbox 1051 2801 1284 2840; x_wconf 84' lang='lat' dir='ltr'>praenotaverit</span> 
     </span>
     <span class='ocr_line' id='line_1_58' title="bbox 207 2842 520 2875; baseline 0 0"><span class='ocrx_word' id='word_1_435' title='bbox 207 2844 363 2875; x_wconf 85' lang='lat' dir='ltr'>recentior</span> <span class='ocrx_word' id='word_1_436' title='bbox 385 2842 520 2875; x_wconf 87' lang='lat' dir='ltr'>manus?</span> 
     </span>
    </p>

    <p class='ocr_par' dir='ltr' id='par_1_6' title="bbox 206 2888 1283 3636">
     <span class='ocr_line' id='line_1_59' title="bbox 271 2888 1283 2931; baseline 0 -11"><span class='ocrx_word' id='word_1_437' title='bbox 271 2888 386 2930; x_wconf 86' lang='lat' dir='ltr'>Neque</span> <span class='ocrx_word' id='word_1_438' title='bbox 408 2895 515 2920; x_wconf 91' lang='lat' dir='ltr'>tutum</span> <span class='ocrx_word' id='word_1_439' title='bbox 539 2889 676 2931; x_wconf 90' lang='lat' dir='ltr'>denique</span> <span class='ocrx_word' id='word_1_440' title='bbox 699 2900 735 2921; x_wconf 88' lang='lat' dir='ltr'>ac</span> <span class='ocrx_word' id='word_1_441' title='bbox 758 2888 1011 2930; x_wconf 89' lang='lat' dir='ltr'>peremptorium</span> <span class='ocrx_word' id='word_1_442' title='bbox 1034 2889 1171 2929; x_wconf 87' lang='lat' dir='ltr'>reputari</span> <span class='ocrx_word' id='word_1_443' title='bbox 1191 2899 1283 2929; x_wconf 85' lang='lat' dir='ltr'>argu-</span> 
     </span>
     <span class='ocr_line' id='line_1_60' title="bbox 206 2931 1282 2975; baseline 0.002 -12"><span class='ocrx_word' id='word_1_444' title='bbox 206 2931 353 2964; x_wconf 71' lang='lat' dir='ltr'>mentum</span> <span class='ocrx_word' id='word_1_445' title='bbox 376 2933 484 2971; x_wconf 87' lang='lat' dir='ltr'>debet,</span> <span class='ocrx_word' id='word_1_446' title='bbox 508 2934 598 2974; x_wconf 90' lang='lat' dir='ltr'>quod</span> <span class='ocrx_word' id='word_1_447' title='bbox 628 2944 665 2965; x_wconf 89' lang='lat' dir='ltr'>ex</span> <span class='ocrx_word' id='word_1_448' title='bbox 688 2934 792 2974; x_wconf 90' lang='lat' dir='ltr'>operis</span> <span class='ocrx_word' id='word_1_449' title='bbox 817 2934 899 2975; x_wconf 93' lang='lat' dir='ltr'>stylo</span> <span class='ocrx_word' id='word_1_450' title='bbox 923 2933 1050 2965; x_wconf 91' lang='lat' dir='ltr'>ducitur</span> <span class='ocrx_word' id='word_1_451' title='bbox 1073 2944 1108 2964; x_wconf 88' lang='lat' dir='ltr'>ac</span> <span class='ocrx_word' id='word_1_452' title='bbox 1132 2934 1282 2973; x_wconf 85' lang='lat' dir='ltr'>artificio,</span> 
     </span>
     <span class='ocr_line' id='line_1_61' title="bbox 207 2975 1282 3018; baseline 0.003 -12"><span class='ocrx_word' id='word_1_453' title='bbox 207 2975 297 3016; x_wconf 86' lang='lat' dir='ltr'>quod</span> <span class='ocrx_word' id='word_1_454' title='bbox 319 2975 353 3007; x_wconf 86' lang='lat' dir='ltr'>in</span> <span class='ocrx_word' id='word_1_455' title='bbox 375 2977 443 3008; x_wconf 87' lang='lat' dir='ltr'>aliis</span> <span class='ocrx_word' id='word_1_456' title='bbox 466 2977 619 3009; x_wconf 87' lang='lat' dir='ltr'>familiare</span> <span class='ocrx_word' id='word_1_457' title='bbox 643 2985 689 3009; x_wconf 88' lang='lat' dir='ltr'>est</span> <span class='ocrx_word' id='word_1_458' title='bbox 707 2979 855 3010; x_wconf 89' lang='lat' dir='ltr'>Thomae</span> <span class='ocrx_word' id='word_1_459' title='bbox 879 2978 1038 3018; x_wconf 88' lang='lat' dir='ltr'>operibus.</span> <span class='ocrx_word' id='word_1_460' title='bbox 1060 2979 1168 3016; x_wconf 84' lang='lat' dir='ltr'>Quam</span> <span class='ocrx_word' id='word_1_461' title='bbox 1193 2979 1282 3009; x_wconf 87' lang='lat' dir='ltr'>facile</span> 
     </span>
     <span class='ocr_line' id='line_1_62' title="bbox 206 3021 1281 3063; baseline 0.004 -14"><span class='ocrx_word' id='word_1_462' title='bbox 206 3021 411 3061; x_wconf 80' lang='lat' dir='ltr'>pronumque</span> <span class='ocrx_word' id='word_1_463' title='bbox 441 3021 482 3052; x_wconf 89' lang='lat' dir='ltr'>sit</span> <span class='ocrx_word' id='word_1_464' title='bbox 510 3022 583 3052; x_wconf 86' lang='lat' dir='ltr'>viris</span> <span class='ocrx_word' id='word_1_465' title='bbox 614 3022 727 3053; x_wconf 86' lang='lat' dir='ltr'>criticis</span> <span class='ocrx_word' id='word_1_466' title='bbox 763 3023 857 3063; x_wconf 91' lang='lat' dir='ltr'>genio</span> <span class='ocrx_word' id='word_1_467' title='bbox 891 3032 951 3053; x_wconf 91' lang='lat' dir='ltr'>suo</span> <span class='ocrx_word' id='word_1_468' title='bbox 982 3022 1166 3063; x_wconf 85' lang='lat' dir='ltr'>indulgere,</span> <span class='ocrx_word' id='word_1_469' title='bbox 1191 3030 1222 3054; x_wconf 92' lang='lat' dir='ltr'>et</span> <span class='ocrx_word' id='word_1_470' title='bbox 1244 3033 1281 3054; x_wconf 92' lang='lat' dir='ltr'>ex</span> 
     </span>
     <span class='ocr_line' id='line_1_63' title="bbox 206 3065 1280 3108; baseline 0.004 -14"><span class='ocrx_word' id='word_1_471' title='bbox 206 3070 436 3105; x_wconf 85' lang='lat' dir='ltr'>praeconcepta</span> <span class='ocrx_word' id='word_1_472' title='bbox 454 3065 533 3096; x_wconf 88' lang='lat' dir='ltr'>ferre</span> <span class='ocrx_word' id='word_1_473' title='bbox 551 3067 740 3097; x_wconf 85' lang='lat' dir='ltr'>sententiam</span> <span class='ocrx_word' id='word_1_474' title='bbox 759 3067 923 3108; x_wconf 89' lang='lat' dir='ltr'>opinione,</span> <span class='ocrx_word' id='word_1_475' title='bbox 942 3077 981 3097; x_wconf 94' lang='lat' dir='ltr'>ne</span> <span class='ocrx_word' id='word_1_476' title='bbox 997 3067 1169 3097; x_wconf 90' lang='lat' dir='ltr'>remotiora</span> <span class='ocrx_word' id='word_1_477' title='bbox 1185 3078 1280 3108; x_wconf 87' lang='lat' dir='ltr'>quae-</span> 
     </span>
     <span class='ocr_line' id='line_1_64' title="bbox 206 3108 1280 3152; baseline 0.005 -15"><span class='ocrx_word' id='word_1_478' title='bbox 206 3118 314 3138; x_wconf 90' lang='lat' dir='ltr'>ramus</span> <span class='ocrx_word' id='word_1_479' title='bbox 338 3108 492 3149; x_wconf 87' lang='lat' dir='ltr'>exempla,</span> <span class='ocrx_word' id='word_1_480' title='bbox 516 3109 590 3140; x_wconf 87' lang='lat' dir='ltr'>satis</span> <span class='ocrx_word' id='word_1_481' title='bbox 613 3111 806 3151; x_wconf 87' lang='lat' dir='ltr'>patefaciunt</span> <span class='ocrx_word' id='word_1_482' title='bbox 828 3112 924 3151; x_wconf 89' lang='lat' dir='ltr'>longe</span> <span class='ocrx_word' id='word_1_483' title='bbox 943 3110 1051 3143; x_wconf 85' lang='lat' dir='ltr'>dissita</span> <span class='ocrx_word' id='word_1_484' title='bbox 1073 3111 1192 3142; x_wconf 88' lang='lat' dir='ltr'>laudati</span> <span class='ocrx_word' id='word_1_485' title='bbox 1211 3112 1280 3152; x_wconf 91' lang='lat' dir='ltr'>Spi—</span> 
     </span>
     <span class='ocr_line' id='line_1_65' title="bbox 208 3152 1281 3196; baseline 0.004 -14"><span class='ocrx_word' id='word_1_486' title='bbox 208 3152 280 3182; x_wconf 90' lang='lat' dir='ltr'>naei</span> <span class='ocrx_word' id='word_1_487' title='bbox 304 3159 335 3183; x_wconf 91' lang='lat' dir='ltr'>et</span> <span class='ocrx_word' id='word_1_488' title='bbox 352 3152 481 3183; x_wconf 87' lang='lat' dir='ltr'>Vielmii</span> <span class='ocrx_word' id='word_1_489' title='bbox 499 3153 623 3185; x_wconf 88' lang='lat' dir='ltr'>iudicia.</span> <span class='ocrx_word' id='word_1_490' title='bbox 656 3155 711 3186; x_wconf 91' lang='lat' dir='ltr'>Ait</span> <span class='ocrx_word' id='word_1_491' title='bbox 729 3155 781 3186; x_wconf 88' lang='lat' dir='ltr'>ille</span> <span class='ocrx_word' id='word_1_492' title='bbox 800 3155 831 3186; x_wconf 91' lang='lat' dir='ltr'>in</span> <span class='ocrx_word' id='word_1_493' title='bbox 854 3155 939 3186; x_wconf 92' lang='lat' dir='ltr'>hisce</span> <span class='ocrx_word' id='word_1_494' title='bbox 958 3154 1205 3187; x_wconf 89' lang='lat' dir='ltr'>Commentariis</span> <span class='ocrx_word' id='word_1_495' title='bbox 1224 3166 1281 3196; x_wconf 91' lang='lat' dir='ltr'>per</span> 
     </span>
     <span class='ocr_line' id='line_1_66' title="bbox 206 3196 1279 3241; baseline 0.005 -15"><span class='ocrx_word' id='word_1_496' title='bbox 206 3206 274 3227; x_wconf 91' lang='lat' dir='ltr'>sese</span> <span class='ocrx_word' id='word_1_497' title='bbox 291 3196 424 3227; x_wconf 88' lang='lat' dir='ltr'>emicare</span> <span class='ocrx_word' id='word_1_498' title='bbox 441 3197 543 3228; x_wconf 86' lang='lat' dir='ltr'>incliti</span> <span class='ocrx_word' id='word_1_499' title='bbox 561 3198 700 3229; x_wconf 64' lang='lat' dir='ltr'>Thomae</span> <span class='ocrx_word' id='word_1_500' title='bbox 715 3200 840 3240; x_wconf 82' lang='lat' dir='ltr'>ingenii</span> <span class='ocrx_word' id='word_1_501' title='bbox 854 3200 1088 3238; x_wconf 80' lang='lat' dir='ltr'>dexteritatem,</span> <span class='ocrx_word' id='word_1_502' title='bbox 1101 3201 1279 3241; x_wconf 86' lang='lat' dir='ltr'>puritatem</span> 
     </span>
     <span class='ocr_line' id='line_1_67' title="bbox 207 3239 1279 3281; baseline 0.002 -8"><span class='ocrx_word' id='word_1_503' title='bbox 207 3239 387 3278; x_wconf 81' lang='lat' dir='ltr'>locutionis,</span> <span class='ocrx_word' id='word_1_504' title='bbox 407 3243 639 3272; x_wconf 83' lang='lat' dir='ltr'>sententiarum</span> <span class='ocrx_word' id='word_1_505' title='bbox 663 3243 783 3281; x_wconf 80' lang='lat' dir='ltr'>lumen,</span> <span class='ocrx_word' id='word_1_506' title='bbox 802 3244 938 3275; x_wconf 85' lang='lat' dir='ltr'>docendi</span> <span class='ocrx_word' id='word_1_507' title='bbox 954 3253 1119 3275; x_wconf 86' lang='lat' dir='ltr'>succosam</span> <span class='ocrx_word' id='word_1_508' title='bbox 1143 3245 1279 3276; x_wconf 79' lang='lat' dir='ltr'>brevita-</span> 
     </span>
     <span class='ocr_line' id='line_1_68' title="bbox 208 3285 1279 3330; baseline 0.004 -15"><span class='ocrx_word' id='word_1_509' title='bbox 208 3289 281 3316; x_wconf 87' lang='lat' dir='ltr'>tem.</span> <span class='ocrx_word' id='word_1_510' title='bbox 316 3285 437 3316; x_wconf 88' lang='lat' dir='ltr'>Contra</span> <span class='ocrx_word' id='word_1_511' title='bbox 460 3285 504 3316; x_wconf 86' lang='lat' dir='ltr'>ait</span> <span class='ocrx_word' id='word_1_512' title='bbox 525 3285 583 3316; x_wconf 91' lang='lat' dir='ltr'>iste</span> <span class='ocrx_word' id='word_1_513' title='bbox 607 3296 690 3326; x_wconf 90' lang='lat' dir='ltr'>opus</span> <span class='ocrx_word' id='word_1_514' title='bbox 713 3287 798 3318; x_wconf 86' lang='lat' dir='ltr'>istud</span> <span class='ocrx_word' id='word_1_515' title='bbox 821 3298 880 3319; x_wconf 88' lang='lat' dir='ltr'>nec</span> <span class='ocrx_word' id='word_1_516' title='bbox 901 3288 1000 3329; x_wconf 69' lang='lat' dir='ltr'>strIO,</span> <span class='ocrx_word' id='word_1_517' title='bbox 1026 3298 1085 3319; x_wconf 88' lang='lat' dir='ltr'>nec</span> <span class='ocrx_word' id='word_1_518' title='bbox 1108 3289 1279 3330; x_wconf 77' lang='lat' dir='ltr'>diligentia</span> 
     </span>
     <span class='ocr_line' id='line_1_69' title="bbox 208 3329 1279 3374; baseline 0.003 -14"><span class='ocrx_word' id='word_1_519' title='bbox 208 3338 280 3360; x_wconf 86' lang='lat' dir='ltr'>cum</span> <span class='ocrx_word' id='word_1_520' title='bbox 305 3330 379 3360; x_wconf 88' lang='lat' dir='ltr'>aliis</span> <span class='ocrx_word' id='word_1_521' title='bbox 406 3329 574 3370; x_wconf 84' lang='lat' dir='ltr'>Aquinatis</span> <span class='ocrx_word' id='word_1_522' title='bbox 604 3330 852 3363; x_wconf 73' lang='lat' dir='ltr'>Commentariis</span> <span class='ocrx_word' id='word_1_523' title='bbox 874 3332 1020 3374; x_wconf 80' lang='lat' dir='ltr'>conferri</span> <span class='ocrx_word' id='word_1_524' title='bbox 1043 3342 1150 3372; x_wconf 81' lang='lat' dir='ltr'>posse.</span> <span class='ocrx_word' id='word_1_525' title='bbox 1181 3334 1279 3370; x_wconf 90' lang='lat' dir='ltr'>Quod</span> 
     </span>
     <span class='ocr_line' id='line_1_70' title="bbox 207 3373 1279 3416; baseline 0.003 -12"><span class='ocrx_word' id='word_1_526' title='bbox 207 3373 318 3405; x_wconf 72' lang='lat' dir='ltr'>attinet</span> <span class='ocrx_word' id='word_1_527' title='bbox 340 3384 416 3404; x_wconf 88' lang='lat' dir='ltr'>vero</span> <span class='ocrx_word' id='word_1_528' title='bbox 439 3374 484 3404; x_wconf 85' lang='lat' dir='ltr'>ad</span> <span class='ocrx_word' id='word_1_529' title='bbox 505 3374 679 3415; x_wconf 78' lang='lat' dir='ltr'>artificium</span> <span class='ocrx_word' id='word_1_530' title='bbox 703 3375 876 3413; x_wconf 76' lang='lat' dir='ltr'>dividendi,</span> <span class='ocrx_word' id='word_1_531' title='bbox 900 3376 1001 3416; x_wconf 83' lang='lat' dir='ltr'>magis</span> <span class='ocrx_word' id='word_1_532' title='bbox 1021 3375 1176 3406; x_wconf 89' lang='lat' dir='ltr'>lubricam</span> <span class='ocrx_word' id='word_1_533' title='bbox 1199 3383 1279 3416; x_wconf 91' lang='lat' dir='ltr'>puto</span> 
     </span>
     <span class='ocr_line' id='line_1_71' title="bbox 207 3418 1280 3460; baseline 0.002 -12"><span class='ocrx_word' id='word_1_534' title='bbox 207 3426 280 3458; x_wconf 83' lang='lat' dir='ltr'>ego,</span> <span class='ocrx_word' id='word_1_535' title='bbox 303 3428 386 3460; x_wconf 88' lang='lat' dir='ltr'>quae</span> <span class='ocrx_word' id='word_1_536' title='bbox 406 3418 480 3448; x_wconf 91' lang='lat' dir='ltr'>inde</span> <span class='ocrx_word' id='word_1_537' title='bbox 505 3418 623 3449; x_wconf 86' lang='lat' dir='ltr'>eruitur</span> <span class='ocrx_word' id='word_1_538' title='bbox 642 3419 889 3458; x_wconf 83' lang='lat' dir='ltr'>argumentatio:</span> <span class='ocrx_word' id='word_1_539' title='bbox 912 3419 964 3450; x_wconf 88' lang='lat' dir='ltr'>vix</span> <span class='ocrx_word' id='word_1_540' title='bbox 983 3419 1069 3450; x_wconf 89' lang='lat' dir='ltr'>enim</span> <span class='ocrx_word' id='word_1_541' title='bbox 1088 3430 1167 3450; x_wconf 91' lang='lat' dir='ltr'>aevo</span> <span class='ocrx_word' id='word_1_542' title='bbox 1189 3421 1280 3450; x_wconf 91' lang='lat' dir='ltr'>Tho·-</span> 
     </span>
     <span class='ocr_line' id='line_1_72' title="bbox 207 3462 1279 3504; baseline 0.002 -12"><span class='ocrx_word' id='word_1_543' title='bbox 207 3465 295 3503; x_wconf 66' lang='lat' dir='ltr'>rnae‚</span> <span class='ocrx_word' id='word_1_544' title='bbox 310 3471 360 3494; x_wconf 68' lang='lat' dir='ltr'>‘ac</span> <span class='ocrx_word' id='word_1_545' title='bbox 384 3469 483 3493; x_wconf 89' lang='lat' dir='ltr'>aetate</span> <span class='ocrx_word' id='word_1_546' title='bbox 507 3462 652 3504; x_wconf 88' lang='lat' dir='ltr'>sequiore</span> <span class='ocrx_word' id='word_1_547' title='bbox 680 3463 814 3503; x_wconf 88' lang='lat' dir='ltr'>scriptor</span> <span class='ocrx_word' id='word_1_548' title='bbox 841 3463 954 3504; x_wconf 85' lang='lat' dir='ltr'>aliquis</span> <span class='ocrx_word' id='word_1_549' title='bbox 973 3470 1112 3501; x_wconf 89' lang='lat' dir='ltr'>occurat,</span> <span class='ocrx_word' id='word_1_550' title='bbox 1138 3464 1194 3504; x_wconf 93' lang='lat' dir='ltr'>qui</span> <span class='ocrx_word' id='word_1_551' title='bbox 1213 3474 1279 3494; x_wconf 91' lang='lat' dir='ltr'>me-</span> 
     </span>
     <span class='ocr_line' id='line_1_73' title="bbox 207 3505 1280 3548; baseline 0.002 -12"><span class='ocrx_word' id='word_1_552' title='bbox 207 3505 345 3537; x_wconf 67' lang='lat' dir='ltr'>thodum</span> <span class='ocrx_word' id='word_1_553' title='bbox 367 3506 537 3544; x_wconf 86' lang='lat' dir='ltr'>dividendi,</span> <span class='ocrx_word' id='word_1_554' title='bbox 561 3517 660 3548; x_wconf 89' lang='lat' dir='ltr'>quam</span> <span class='ocrx_word' id='word_1_555' title='bbox 676 3507 826 3537; x_wconf 87' lang='lat' dir='ltr'>didicerat</span> <span class='ocrx_word' id='word_1_556' title='bbox 847 3507 880 3537; x_wconf 89' lang='lat' dir='ltr'>in</span> <span class='ocrx_word' id='word_1_557' title='bbox 895 3507 1027 3544; x_wconf 91' lang='lat' dir='ltr'>scholis,</span> <span class='ocrx_word' id='word_1_558' title='bbox 1051 3507 1085 3537; x_wconf 90' lang='lat' dir='ltr'>in</span> <span class='ocrx_word' id='word_1_559' title='bbox 1099 3507 1168 3547; x_wconf 91' lang='lat' dir='ltr'>ipsa</span> <span class='ocrx_word' id='word_1_560' title='bbox 1183 3508 1280 3538; x_wconf 88' lang='lat' dir='ltr'>etiam</span> 
     </span>
     <span class='ocr_line' id='line_1_74' title="bbox 209 3549 1279 3593; baseline 0.002 -13"><span class='ocrx_word' id='word_1_561' title='bbox 209 3549 392 3581; x_wconf 79' lang='lat' dir='ltr'>divinorum</span> <span class='ocrx_word' id='word_1_562' title='bbox 425 3551 630 3592; x_wconf 87' lang='lat' dir='ltr'>eloquiorum</span> <span class='ocrx_word' id='word_1_563' title='bbox 657 3551 854 3591; x_wconf 87' lang='lat' dir='ltr'>expositione</span> <span class='ocrx_word' id='word_1_564' title='bbox 882 3561 950 3582; x_wconf 92' lang='lat' dir='ltr'>non</span> <span class='ocrx_word' id='word_1_565' title='bbox 979 3550 1133 3581; x_wconf 87' lang='lat' dir='ltr'>adhibeat.</span> <span class='ocrx_word' id='word_1_566' title='bbox 1167 3552 1279 3593; x_wconf 89' lang='lat' dir='ltr'>Neque</span> 
     </span>
     <span class='ocr_line' id='line_1_75' title="bbox 207 3594 1278 3636; baseline 0.002 -12"><span class='ocrx_word' id='word_1_567' title='bbox 207 3596 314 3625; x_wconf 82' lang='lat' dir='ltr'>tamen</span> <span class='ocrx_word' id='word_1_568' title='bbox 337 3594 457 3626; x_wconf 82' lang='lat' dir='ltr'>inficias</span> <span class='ocrx_word' id='word_1_569' title='bbox 480 3595 591 3626; x_wconf 87' lang='lat' dir='ltr'>iverim</span> <span class='ocrx_word' id='word_1_570' title='bbox 614 3596 648 3626; x_wconf 88' lang='lat' dir='ltr'>in</span> <span class='ocrx_word' id='word_1_571' title='bbox 666 3606 706 3626; x_wconf 87' lang='lat' dir='ltr'>eo</span> <span class='ocrx_word' id='word_1_572' title='bbox 730 3595 926 3626; x_wconf 88' lang='lat' dir='ltr'>divisionum</span> <span class='ocrx_word' id='word_1_573' title='bbox 945 3605 980 3626; x_wconf 89' lang='lat' dir='ltr'>ac</span> <span class='ocrx_word' id='word_1_574' title='bbox 996 3595 1204 3636; x_wconf 82' lang='lat' dir='ltr'>partitionum</span> <span class='ocrx_word' id='word_1_575' title='bbox 1232 3606 1278 3626; x_wconf 87' lang='lat' dir='ltr'>ar-</span> 
     </span>
    </p>
   </div>
   <div class='ocr_carea' id='block_1_3' title="bbox 2323 294 2420 319">
    <p class='ocr_par' dir='ltr' id='par_1_7' title="bbox 2323 294 2420 319">
     <span class='ocr_line' id='line_1_76' title="bbox 2323 294 2420 319; baseline 0 0"><span class='ocrx_word' id='word_1_576' title='bbox 2323 294 2420 319; x_wconf 85' lang='lat' dir='ltr'>CXXV</span> 
     </span>
    </p>
   </div>
   <div class='ocr_carea' id='block_1_4' title="bbox 1330 351 2427 3635">
    <p class='ocr_par' dir='ltr' id='par_1_8' title="bbox 1347 351 2427 958">
     <span class='ocr_line' id='line_1_77' title="bbox 1351 351 2423 396; baseline 0.014 -16"><span class='ocrx_word' id='word_1_577' title='bbox 1351 351 1438 390; x_wconf 90' lang='lat' dir='ltr'>piam</span> <span class='ocrx_word' id='word_1_578' title='bbox 1454 352 1611 392; x_wconf 88' lang='lat' dir='ltr'>peculiare</span> <span class='ocrx_word' id='word_1_579' title='bbox 1626 353 1789 394; x_wconf 88' lang='lat' dir='ltr'>effulgere,</span> <span class='ocrx_word' id='word_1_580' title='bbox 1814 356 1902 396; x_wconf 91' lang='lat' dir='ltr'>quod</span> <span class='ocrx_word' id='word_1_581' title='bbox 1919 357 2105 396; x_wconf 88' lang='lat' dir='ltr'>Angelicam</span> <span class='ocrx_word' id='word_1_582' title='bbox 2120 359 2237 391; x_wconf 90' lang='lat' dir='ltr'>indicet</span> <span class='ocrx_word' id='word_1_583' title='bbox 2251 362 2318 392; x_wconf 91' lang='lat' dir='ltr'>eius</span> <span class='ocrx_word' id='word_1_584' title='bbox 2334 374 2423 396; x_wconf 90' lang='lat' dir='ltr'>men—</span> 
     </span>
     <span class='ocr_line' id='line_1_78' title="bbox 1350 396 2421 440; baseline 0.013 -15"><span class='ocrx_word' id='word_1_585' title='bbox 1350 402 1425 426; x_wconf 88' lang='lat' dir='ltr'>tem.</span> <span class='ocrx_word' id='word_1_586' title='bbox 1444 396 1570 437; x_wconf 90' lang='lat' dir='ltr'>Stylum</span> <span class='ocrx_word' id='word_1_587' title='bbox 1580 397 1712 438; x_wconf 91' lang='lat' dir='ltr'>quidem</span> <span class='ocrx_word' id='word_1_588' title='bbox 1722 409 1757 429; x_wconf 89' lang='lat' dir='ltr'>ac</span> <span class='ocrx_word' id='word_1_589' title='bbox 1773 399 1932 430; x_wconf 90' lang='lat' dir='ltr'>dividendi</span> <span class='ocrx_word' id='word_1_590' title='bbox 1943 401 2111 432; x_wconf 85' lang='lat' dir='ltr'>artificium</span> <span class='ocrx_word' id='word_1_591' title='bbox 2127 412 2285 435; x_wconf 87' lang='lat' dir='ltr'>servatum</span> <span class='ocrx_word' id='word_1_592' title='bbox 2296 407 2328 436; x_wconf 90' lang='lat' dir='ltr'>in</span> <span class='ocrx_word' id='word_1_593' title='bbox 2339 419 2378 438; x_wconf 91' lang='lat' dir='ltr'>eo</span> <span class='ocrx_word' id='word_1_594' title='bbox 2389 411 2421 440; x_wconf 89' lang='lat' dir='ltr'>in</span> 
     </span>
     <span class='ocr_line' id='line_1_79' title="bbox 1354 436 2425 485; baseline 0.013 -16"><span class='ocrx_word' id='word_1_595' title='bbox 1354 439 1488 471; x_wconf 86' lang='lat' dir='ltr'>Cantica</span> <span class='ocrx_word' id='word_1_596' title='bbox 1505 441 1759 480; x_wconf 88' lang='lat' dir='ltr'>Commentario,</span> <span class='ocrx_word' id='word_1_597' title='bbox 1775 444 1831 484; x_wconf 92' lang='lat' dir='ltr'>qui</span> <span class='ocrx_word' id='word_1_598' title='bbox 1845 436 1957 485; x_wconf 73' lang='lat' dir='ltr'>incipit</span> <span class='ocrx_word' id='word_1_599' title='bbox 1970 446 2068 477; x_wconf 88' lang='lat' dir='ltr'>Sonet</span> <span class='ocrx_word' id='word_1_600' title='bbox 2087 457 2151 478; x_wconf 79' lang='lat' dir='ltr'>vox</span> <span class='ocrx_word' id='word_1_601' title='bbox 2164 454 2221 479; x_wconf 88' lang='lat' dir='ltr'>tua</span> <span class='ocrx_word' id='word_1_602' title='bbox 2238 451 2270 479; x_wconf 86' lang='lat' dir='ltr'>in</span> <span class='ocrx_word' id='word_1_603' title='bbox 2290 453 2425 484; x_wconf 83' lang='lat' dir='ltr'>auribus</span> 
     </span>
     <span class='ocr_line' id='line_1_80' title="bbox 1351 485 2425 529; baseline 0.012 -16"><span class='ocrx_word' id='word_1_604' title='bbox 1351 485 1438 522; x_wconf 88' lang='lat' dir='ltr'>meis,</span> <span class='ocrx_word' id='word_1_605' title='bbox 1464 495 1523 515; x_wconf 90' lang='lat' dir='ltr'>nos</span> <span class='ocrx_word' id='word_1_606' title='bbox 1538 486 1633 516; x_wconf 84' lang='lat' dir='ltr'>etiam</span> <span class='ocrx_word' id='word_1_607' title='bbox 1648 487 1863 526; x_wconf 88' lang='lat' dir='ltr'>adhibuimus,</span> <span class='ocrx_word' id='word_1_608' title='bbox 1889 499 1954 529; x_wconf 89' lang='lat' dir='ltr'>quo</span> <span class='ocrx_word' id='word_1_609' title='bbox 1974 490 2067 521; x_wconf 91' lang='lat' dir='ltr'>illum</span> <span class='ocrx_word' id='word_1_610' title='bbox 2083 499 2191 522; x_wconf 91' lang='lat' dir='ltr'>sancto</span> <span class='ocrx_word' id='word_1_611' title='bbox 2209 494 2356 526; x_wconf 89' lang='lat' dir='ltr'>Thomae</span> <span class='ocrx_word' id='word_1_612' title='bbox 2371 498 2425 527; x_wconf 92' lang='lat' dir='ltr'>ad-</span> 
     </span>
     <span class='ocr_line' id='line_1_81' title="bbox 1350 527 2426 573; baseline 0.013 -16"><span class='ocrx_word' id='word_1_613' title='bbox 1350 527 1572 567; x_wconf 86' lang='lat' dir='ltr'>iudicaremus;</span> <span class='ocrx_word' id='word_1_614' title='bbox 1583 538 1615 561; x_wconf 89' lang='lat' dir='ltr'>at</span> <span class='ocrx_word' id='word_1_615' title='bbox 1625 531 1893 571; x_wconf 87' lang='lat' dir='ltr'>fulgentissimum</span> <span class='ocrx_word' id='word_1_616' title='bbox 1908 534 2109 573; x_wconf 87' lang='lat' dir='ltr'>praelucebat</span> <span class='ocrx_word' id='word_1_617' title='bbox 2122 544 2265 568; x_wconf 88' lang='lat' dir='ltr'>veterum</span> <span class='ocrx_word' id='word_1_618' title='bbox 2276 540 2426 571; x_wconf 91' lang='lat' dir='ltr'>omnium</span> 
     </span>
     <span class='ocr_line' id='line_1_82' title="bbox 1350 572 2427 622; baseline 0.013 -21"><span class='ocrx_word' id='word_1_619' title='bbox 1350 572 1570 604; x_wconf 88' lang='lat' dir='ltr'>testimonium</span> <span class='ocrx_word' id='word_1_620' title='bbox 1599 575 1637 605; x_wconf 88' lang='lat' dir='ltr'>de</span> <span class='ocrx_word' id='word_1_621' title='bbox 1658 575 1899 607; x_wconf 87' lang='lat' dir='ltr'>Commentario</span> <span class='ocrx_word' id='word_1_622' title='bbox 1919 579 1951 608; x_wconf 91' lang='lat' dir='ltr'>in</span> <span class='ocrx_word' id='word_1_623' title='bbox 1972 579 2109 610; x_wconf 88' lang='lat' dir='ltr'>Cantica</span> <span class='ocrx_word' id='word_1_624' title='bbox 2126 581 2164 610; x_wconf 83' lang='lat' dir='ltr'>ab</span> <span class='ocrx_word' id='word_1_625' title='bbox 2182 582 2341 622; x_wconf 75' lang='lat' dir='ltr'>AquInate</span> <span class='ocrx_word' id='word_1_626' title='bbox 2359 585 2427 615; x_wconf 88' lang='lat' dir='ltr'>elu-</span> 
     </span>
     <span class='ocr_line' id='line_1_83' title="bbox 1350 617 2423 668; baseline 0.012 -22"><span class='ocrx_word' id='word_1_627' title='bbox 1350 617 1495 655; x_wconf 89' lang='lat' dir='ltr'>cubrato;</span> <span class='ocrx_word' id='word_1_628' title='bbox 1520 619 1559 648; x_wconf 91' lang='lat' dir='ltr'>ad</span> <span class='ocrx_word' id='word_1_629' title='bbox 1583 619 1643 649; x_wconf 89' lang='lat' dir='ltr'>alia</span> <span class='ocrx_word' id='word_1_630' title='bbox 1666 619 1730 650; x_wconf 90' lang='lat' dir='ltr'>iarn</span> <span class='ocrx_word' id='word_1_631' title='bbox 1753 621 1865 652; x_wconf 89' lang='lat' dir='ltr'>tradita</span> <span class='ocrx_word' id='word_1_632' title='bbox 1894 629 1949 653; x_wconf 89' lang='lat' dir='ltr'>aut</span> <span class='ocrx_word' id='word_1_633' title='bbox 1972 624 2113 663; x_wconf 88' lang='lat' dir='ltr'>exposita</span> <span class='ocrx_word' id='word_1_634' title='bbox 2136 625 2297 657; x_wconf 89' lang='lat' dir='ltr'>doctrinae</span> <span class='ocrx_word' id='word_1_635' title='bbox 2322 629 2423 668; x_wconf 90' lang='lat' dir='ltr'>capita</span> 
     </span>
     <span class='ocr_line' id='line_1_84' title="bbox 1349 661 2425 710; baseline 0.012 -20"><span class='ocrx_word' id='word_1_636' title='bbox 1349 671 1381 690; x_wconf 90' lang='lat' dir='ltr'>se</span> <span class='ocrx_word' id='word_1_637' title='bbox 1398 661 1549 693; x_wconf 83' lang='lat' dir='ltr'>referebat</span> <span class='ocrx_word' id='word_1_638' title='bbox 1564 663 1648 693; x_wconf 90' lang='lat' dir='ltr'>illius</span> <span class='ocrx_word' id='word_1_639' title='bbox 1666 666 1884 696; x_wconf 90' lang='lat' dir='ltr'>commentarii</span> <span class='ocrx_word' id='word_1_640' title='bbox 1901 674 2022 706; x_wconf 90' lang='lat' dir='ltr'>auctor,</span> <span class='ocrx_word' id='word_1_641' title='bbox 2040 679 2121 709; x_wconf 87' lang='lat' dir='ltr'>quae</span> <span class='ocrx_word' id='word_1_642' title='bbox 2145 670 2184 699; x_wconf 87' lang='lat' dir='ltr'>ab</span> <span class='ocrx_word' id='word_1_643' title='bbox 2203 670 2274 710; x_wconf 92' lang='lat' dir='ltr'>ipso</span> <span class='ocrx_word' id='word_1_644' title='bbox 2295 672 2425 704; x_wconf 88' lang='lat' dir='ltr'>Thoma</span> 
     </span>
     <span class='ocr_line' id='line_1_85' title="bbox 1348 705 2423 756; baseline 0.013 -22"><span class='ocrx_word' id='word_1_645' title='bbox 1348 705 1421 735; x_wconf 88' lang='lat' dir='ltr'>alibi</span> <span class='ocrx_word' id='word_1_646' title='bbox 1439 706 1550 737; x_wconf 88' lang='lat' dir='ltr'>tradita</span> <span class='ocrx_word' id='word_1_647' title='bbox 1569 714 1623 738; x_wconf 92' lang='lat' dir='ltr'>aut</span> <span class='ocrx_word' id='word_1_648' title='bbox 1647 709 1788 748; x_wconf 85' lang='lat' dir='ltr'>exposita</span> <span class='ocrx_word' id='word_1_649' title='bbox 1807 709 1840 740; x_wconf 92' lang='lat' dir='ltr'>in</span> <span class='ocrx_word' id='word_1_650' title='bbox 1859 711 2004 751; x_wconf 88' lang='lat' dir='ltr'>genuinis</span> <span class='ocrx_word' id='word_1_651' title='bbox 2021 712 2181 753; x_wconf 89' lang='lat' dir='ltr'>Operibus</span> <span class='ocrx_word' id='word_1_652' title='bbox 2198 714 2423 756; x_wconf 86' lang='lat' dir='ltr'>inveniuntur;</span> 
     </span>
     <span class='ocr_line' id='line_1_86' title="bbox 1347 749 2423 796; baseline 0.012 -17"><span class='ocrx_word' id='word_1_653' title='bbox 1347 749 1519 791; x_wconf 91' lang='lat' dir='ltr'>ipsumque</span> <span class='ocrx_word' id='word_1_654' title='bbox 1543 752 1686 790; x_wconf 89' lang='lat' dir='ltr'>demum,</span> <span class='ocrx_word' id='word_1_655' title='bbox 1707 760 1742 783; x_wconf 90' lang='lat' dir='ltr'>ut</span> <span class='ocrx_word' id='word_1_656' title='bbox 1757 753 1800 783; x_wconf 89' lang='lat' dir='ltr'>ita</span> <span class='ocrx_word' id='word_1_657' title='bbox 1819 755 1933 793; x_wconf 88' lang='lat' dir='ltr'>dicam,</span> <span class='ocrx_word' id='word_1_658' title='bbox 1958 756 2172 796; x_wconf 88' lang='lat' dir='ltr'>individuum,</span> <span class='ocrx_word' id='word_1_659' title='bbox 2192 759 2256 790; x_wconf 90' lang='lat' dir='ltr'>divi</span> <span class='ocrx_word' id='word_1_660' title='bbox 2275 760 2423 792; x_wconf 89' lang='lat' dir='ltr'>Thomae</span> 
     </span>
     <span class='ocr_line' id='line_1_87' title="bbox 1348 794 2422 843; baseline 0.012 -20"><span class='ocrx_word' id='word_1_661' title='bbox 1348 794 1526 834; x_wconf 90' lang='lat' dir='ltr'>proprium,</span> <span class='ocrx_word' id='word_1_662' title='bbox 1544 795 1703 826; x_wconf 85' lang='lat' dir='ltr'>dividendi</span> <span class='ocrx_word' id='word_1_663' title='bbox 1723 797 1900 837; x_wconf 86' lang='lat' dir='ltr'>artificium,</span> <span class='ocrx_word' id='word_1_664' title='bbox 1917 800 2076 831; x_wconf 89' lang='lat' dir='ltr'>iniiciendi</span> <span class='ocrx_word' id='word_1_665' title='bbox 2093 803 2305 843; x_wconf 86' lang='lat' dir='ltr'>quaestiones,</span> <span class='ocrx_word' id='word_1_666' title='bbox 2322 806 2422 836; x_wconf 88' lang='lat' dir='ltr'>varias</span> 
     </span>
     <span class='ocr_line' id='line_1_88' title="bbox 1347 837 2422 890; baseline 0.013 -23"><span class='ocrx_word' id='word_1_667' title='bbox 1347 837 1483 868; x_wconf 90' lang='lat' dir='ltr'>invicem</span> <span class='ocrx_word' id='word_1_668' title='bbox 1500 840 1734 880; x_wconf 89' lang='lat' dir='ltr'>Scripturarum</span> <span class='ocrx_word' id='word_1_669' title='bbox 1753 843 1921 873; x_wconf 87' lang='lat' dir='ltr'>sententias</span> <span class='ocrx_word' id='word_1_670' title='bbox 1938 845 2138 884; x_wconf 88' lang='lat' dir='ltr'>conciliandi,</span> <span class='ocrx_word' id='word_1_671' title='bbox 2158 854 2194 877; x_wconf 91' lang='lat' dir='ltr'>ut</span> <span class='ocrx_word' id='word_1_672' title='bbox 2212 848 2280 878; x_wconf 89' lang='lat' dir='ltr'>aliis</span> <span class='ocrx_word' id='word_1_673' title='bbox 2295 849 2328 879; x_wconf 91' lang='lat' dir='ltr'>in</span> <span class='ocrx_word' id='word_1_674' title='bbox 2346 860 2422 890; x_wconf 91' lang='lat' dir='ltr'>ope-</span> 
     </span>
     <span class='ocr_line' id='line_1_89' title="bbox 1347 882 2421 932; baseline 0.012 -20"><span class='ocrx_word' id='word_1_675' title='bbox 1347 882 1445 920; x_wconf 86' lang='lat' dir='ltr'>ribus,</span> <span class='ocrx_word' id='word_1_676' title='bbox 1469 883 1511 914; x_wconf 89' lang='lat' dir='ltr'>ita</span> <span class='ocrx_word' id='word_1_677' title='bbox 1535 884 1590 914; x_wconf 92' lang='lat' dir='ltr'>illo</span> <span class='ocrx_word' id='word_1_678' title='bbox 1611 884 1706 914; x_wconf 87' lang='lat' dir='ltr'>etiam</span> <span class='ocrx_word' id='word_1_679' title='bbox 1723 885 1757 915; x_wconf 89' lang='lat' dir='ltr'>in</span> <span class='ocrx_word' id='word_1_680' title='bbox 1777 889 2006 918; x_wconf 88' lang='lat' dir='ltr'>commentario</span> <span class='ocrx_word' id='word_1_681' title='bbox 2026 897 2186 921; x_wconf 88' lang='lat' dir='ltr'>servatum</span> <span class='ocrx_word' id='word_1_682' title='bbox 2209 892 2308 932; x_wconf 88' lang='lat' dir='ltr'>digito</span> <span class='ocrx_word' id='word_1_683' title='bbox 2327 903 2421 925; x_wconf 89' lang='lat' dir='ltr'>mon-</span> 
     </span>
     <span class='ocr_line' id='line_1_90' title="bbox 1347 927 1534 958; baseline 0.011 -2"><span class='ocrx_word' id='word_1_684' title='bbox 1347 927 1534 958; x_wconf 89' lang='lat' dir='ltr'>strabamus.</span> 
     </span>
    </p>

    <p class='ocr_par' dir='ltr' id='par_1_9' title="bbox 1341 971 2421 2350">
     <span class='ocr_line' id='line_1_91' title="bbox 1415 971 2421 1017; baseline 0.013 -17"><span class='ocrx_word' id='word_1_685' title='bbox 1415 971 1468 1002; x_wconf 93' lang='lat' dir='ltr'>VI.</span> <span class='ocrx_word' id='word_1_686' title='bbox 1493 971 1556 1002; x_wconf 92' lang='lat' dir='ltr'>Sed</span> <span class='ocrx_word' id='word_1_687' title='bbox 1578 972 1789 1004; x_wconf 88' lang='lat' dir='ltr'>luculentiora</span> <span class='ocrx_word' id='word_1_688' title='bbox 1812 975 1915 1006; x_wconf 91' lang='lat' dir='ltr'>adhuc</span> <span class='ocrx_word' id='word_1_689' title='bbox 1939 985 2118 1017; x_wconf 87' lang='lat' dir='ltr'>supersunt.</span> <span class='ocrx_word' id='word_1_690' title='bbox 2141 980 2269 1011; x_wconf 88' lang='lat' dir='ltr'>Praesto</span> <span class='ocrx_word' id='word_1_691' title='bbox 2297 981 2421 1013; x_wconf 87' lang='lat' dir='ltr'>codices</span> 
     </span>
     <span class='ocr_line' id='line_1_92' title="bbox 1348 1015 2420 1067; baseline 0.012 -23"><span class='ocrx_word' id='word_1_692' title='bbox 1348 1015 1434 1054; x_wconf 91' lang='lat' dir='ltr'>apud</span> <span class='ocrx_word' id='word_1_693' title='bbox 1464 1015 1646 1056; x_wconf 84' lang='lat' dir='ltr'>Echardurn</span> <span class='ocrx_word' id='word_1_694' title='bbox 1675 1017 1848 1058; x_wconf 87' lang='lat' dir='ltr'>habemus,</span> <span class='ocrx_word' id='word_1_695' title='bbox 1879 1030 1962 1061; x_wconf 92' lang='lat' dir='ltr'>quos</span> <span class='ocrx_word' id='word_1_696' title='bbox 1992 1021 2060 1061; x_wconf 90' lang='lat' dir='ltr'>ipse</span> <span class='ocrx_word' id='word_1_697' title='bbox 2088 1023 2167 1055; x_wconf 90' lang='lat' dir='ltr'>vidit</span> <span class='ocrx_word' id='word_1_698' title='bbox 2195 1025 2420 1067; x_wconf 88' lang='lat' dir='ltr'>lustravitque,</span> 
     </span>
     <span class='ocr_line' id='line_1_93' title="bbox 1346 1061 2421 1110; baseline 0.012 -22"><span class='ocrx_word' id='word_1_699' title='bbox 1346 1065 1488 1089; x_wconf 83' lang='lat' dir='ltr'>vetustos</span> <span class='ocrx_word' id='word_1_700' title='bbox 1517 1070 1552 1091; x_wconf 90' lang='lat' dir='ltr'>ac</span> <span class='ocrx_word' id='word_1_701' title='bbox 1576 1061 1717 1100; x_wconf 88' lang='lat' dir='ltr'>optimae</span> <span class='ocrx_word' id='word_1_702' title='bbox 1741 1069 1846 1101; x_wconf 91' lang='lat' dir='ltr'>notae,</span> <span class='ocrx_word' id='word_1_703' title='bbox 1875 1065 1992 1105; x_wconf 90' lang='lat' dir='ltr'>quibus</span> <span class='ocrx_word' id='word_1_704' title='bbox 2015 1076 2109 1106; x_wconf 84' lang='lat' dir='ltr'>opus,</span> <span class='ocrx_word' id='word_1_705' title='bbox 2133 1068 2172 1098; x_wconf 93' lang='lat' dir='ltr'>de</span> <span class='ocrx_word' id='word_1_706' title='bbox 2196 1079 2262 1109; x_wconf 92' lang='lat' dir='ltr'>quo</span> <span class='ocrx_word' id='word_1_707' title='bbox 2286 1070 2421 1110; x_wconf 87' lang='lat' dir='ltr'>agimus,</span> 
     </span>
     <span class='ocr_line' id='line_1_94' title="bbox 1347 1102 2421 1150; baseline 0.013 -18"><span class='ocrx_word' id='word_1_708' title='bbox 1347 1102 1482 1133; x_wconf 91' lang='lat' dir='ltr'>Nicolao</span> <span class='ocrx_word' id='word_1_709' title='bbox 1507 1105 1545 1134; x_wconf 87' lang='lat' dir='ltr'>de</span> <span class='ocrx_word' id='word_1_710' title='bbox 1565 1104 1688 1136; x_wconf 87' lang='lat' dir='ltr'>Gorran</span> <span class='ocrx_word' id='word_1_711' title='bbox 1712 1107 1901 1139; x_wconf 86' lang='lat' dir='ltr'>attribuitur.</span> <span class='ocrx_word' id='word_1_712' title='bbox 1927 1109 2009 1140; x_wconf 90' lang='lat' dir='ltr'>Suae</span> <span class='ocrx_word' id='word_1_713' title='bbox 2027 1112 2113 1150; x_wconf 85' lang='lat' dir='ltr'>genti</span> <span class='ocrx_word' id='word_1_714' title='bbox 2133 1113 2354 1145; x_wconf 89' lang='lat' dir='ltr'>doctissimum</span> <span class='ocrx_word' id='word_1_715' title='bbox 2376 1115 2421 1145; x_wconf 92' lang='lat' dir='ltr'>vi-</span> 
     </span>
     <span class='ocr_line' id='line_1_95' title="bbox 1347 1149 2421 1193; baseline 0.013 -17"><span class='ocrx_word' id='word_1_716' title='bbox 1347 1156 1421 1176; x_wconf 89' lang='lat' dir='ltr'>rum</span> <span class='ocrx_word' id='word_1_717' title='bbox 1444 1156 1586 1179; x_wconf 87' lang='lat' dir='ltr'>accenset</span> <span class='ocrx_word' id='word_1_718' title='bbox 1609 1149 1806 1190; x_wconf 87' lang='lat' dir='ltr'>Wadingus;</span> <span class='ocrx_word' id='word_1_719' title='bbox 1837 1162 1934 1193; x_wconf 91' lang='lat' dir='ltr'>quem</span> <span class='ocrx_word' id='word_1_720' title='bbox 1958 1153 2072 1186; x_wconf 90' lang='lat' dir='ltr'>Ordini</span> <span class='ocrx_word' id='word_1_721' title='bbox 2095 1156 2352 1189; x_wconf 88' lang='lat' dir='ltr'>Praedicatorum</span> <span class='ocrx_word' id='word_1_722' title='bbox 2374 1169 2421 1190; x_wconf 92' lang='lat' dir='ltr'>re-</span> 
     </span>
     <span class='ocr_line' id='line_1_96' title="bbox 1347 1191 2420 1242; baseline 0.012 -21"><span class='ocrx_word' id='word_1_723' title='bbox 1347 1191 1545 1223; x_wconf 89' lang='lat' dir='ltr'>stituendum</span> <span class='ocrx_word' id='word_1_724' title='bbox 1568 1193 1713 1233; x_wconf 86' lang='lat' dir='ltr'>pluribus</span> <span class='ocrx_word' id='word_1_725' title='bbox 1737 1195 1852 1227; x_wconf 91' lang='lat' dir='ltr'>evincit</span> <span class='ocrx_word' id='word_1_726' title='bbox 1870 1197 2032 1229; x_wconf 87' lang='lat' dir='ltr'>Echardus</span> <span class='ocrx_word' id='word_1_727' title='bbox 2055 1199 2088 1230; x_wconf 93' lang='lat' dir='ltr'>in</span> <span class='ocrx_word' id='word_1_728' title='bbox 2108 1200 2175 1231; x_wconf 92' lang='lat' dir='ltr'>eius</span> <span class='ocrx_word' id='word_1_729' title='bbox 2201 1202 2326 1242; x_wconf 85' lang='lat' dir='ltr'>Elogio.</span> <span class='ocrx_word' id='word_1_730' title='bbox 2353 1206 2420 1234; x_wconf 85' lang='lat' dir='ltr'>An-</span> 
     </span>
     <span class='ocr_line' id='line_1_97' title="bbox 1347 1235 2420 1282; baseline 0.013 -17"><span class='ocrx_word' id='word_1_731' title='bbox 1347 1235 1438 1274; x_wconf 86' lang='lat' dir='ltr'>glum</span> <span class='ocrx_word' id='word_1_732' title='bbox 1461 1237 1562 1276; x_wconf 86' lang='lat' dir='ltr'>patria</span> <span class='ocrx_word' id='word_1_733' title='bbox 1593 1237 1690 1269; x_wconf 86' lang='lat' dir='ltr'>fuisse</span> <span class='ocrx_word' id='word_1_734' title='bbox 1720 1241 1884 1272; x_wconf 90' lang='lat' dir='ltr'>nonnullis</span> <span class='ocrx_word' id='word_1_735' title='bbox 1912 1243 2029 1282; x_wconf 90' lang='lat' dir='ltr'>placet;</span> <span class='ocrx_word' id='word_1_736' title='bbox 2054 1244 2184 1276; x_wconf 85' lang='lat' dir='ltr'>Gallum</span> <span class='ocrx_word' id='word_1_737' title='bbox 2211 1257 2286 1277; x_wconf 92' lang='lat' dir='ltr'>vero</span> <span class='ocrx_word' id='word_1_738' title='bbox 2316 1247 2420 1278; x_wconf 87' lang='lat' dir='ltr'>eidem</span> 
     </span>
     <span class='ocr_line' id='line_1_98' title="bbox 1347 1280 2421 1322; baseline 0.013 -13"><span class='ocrx_word' id='word_1_739' title='bbox 1347 1280 1514 1318; x_wconf 88' lang='lat' dir='ltr'>Echardo,</span> <span class='ocrx_word' id='word_1_740' title='bbox 1548 1281 1581 1312; x_wconf 92' lang='lat' dir='ltr'>in</span> <span class='ocrx_word' id='word_1_741' title='bbox 1614 1282 1759 1314; x_wconf 86' lang='lat' dir='ltr'>confiniis</span> <span class='ocrx_word' id='word_1_742' title='bbox 1793 1285 2089 1318; x_wconf 88' lang='lat' dir='ltr'>Cenomanensium</span> <span class='ocrx_word' id='word_1_743' title='bbox 2119 1296 2149 1320; x_wconf 91' lang='lat' dir='ltr'>et</span> <span class='ocrx_word' id='word_1_744' title='bbox 2178 1291 2421 1322; x_wconf 89' lang='lat' dir='ltr'>Armoricorum</span> 
     </span>
     <span class='ocr_line' id='line_1_99' title="bbox 1348 1326 2420 1376; baseline 0.012 -22"><span class='ocrx_word' id='word_1_745' title='bbox 1348 1331 1470 1356; x_wconf 90' lang='lat' dir='ltr'>natum.</span> <span class='ocrx_word' id='word_1_746' title='bbox 1487 1326 1631 1358; x_wconf 83' lang='lat' dir='ltr'>Eximius</span> <span class='ocrx_word' id='word_1_747' title='bbox 1648 1327 1708 1359; x_wconf 90' lang='lat' dir='ltr'>fuit</span> <span class='ocrx_word' id='word_1_748' title='bbox 1723 1339 1801 1360; x_wconf 90' lang='lat' dir='ltr'>aevo</span> <span class='ocrx_word' id='word_1_749' title='bbox 1819 1340 1878 1361; x_wconf 92' lang='lat' dir='ltr'>suo</span> <span class='ocrx_word' id='word_1_750' title='bbox 1895 1332 2103 1364; x_wconf 87' lang='lat' dir='ltr'>concionator</span> <span class='ocrx_word' id='word_1_751' title='bbox 2126 1341 2157 1364; x_wconf 91' lang='lat' dir='ltr'>et</span> <span class='ocrx_word' id='word_1_752' title='bbox 2187 1335 2420 1376; x_wconf 77' lang='lat' dir='ltr'>Scripturarum</span> 
     </span>
     <span class='ocr_line' id='line_1_100' title="bbox 1347 1369 2421 1417; baseline 0.012 -18"><span class='ocrx_word' id='word_1_753' title='bbox 1347 1369 1510 1410; x_wconf 89' lang='lat' dir='ltr'>interpres.</span> <span class='ocrx_word' id='word_1_754' title='bbox 1530 1372 1655 1403; x_wconf 88' lang='lat' dir='ltr'>Parisiis</span> <span class='ocrx_word' id='word_1_755' title='bbox 1683 1374 1808 1405; x_wconf 82' lang='lat' dir='ltr'>venales</span> <span class='ocrx_word' id='word_1_756' title='bbox 1832 1385 1917 1406; x_wconf 91' lang='lat' dir='ltr'>anno</span> <span class='ocrx_word' id='word_1_757' title='bbox 1942 1377 2023 1417; x_wconf 57' lang='lat'>1323</span> <span class='ocrx_word' id='word_1_758' title='bbox 2049 1378 2108 1408; x_wconf 91' lang='lat' dir='ltr'>sub</span> <span class='ocrx_word' id='word_1_759' title='bbox 2136 1379 2268 1410; x_wconf 90' lang='lat' dir='ltr'>nomine</span> <span class='ocrx_word' id='word_1_760' title='bbox 2291 1381 2421 1412; x_wconf 87' lang='lat' dir='ltr'>Nicolai</span> 
     </span>
     <span class='ocr_line' id='line_1_101' title="bbox 1349 1413 2419 1463; baseline 0.012 -19"><span class='ocrx_word' id='word_1_761' title='bbox 1349 1413 1493 1446; x_wconf 86' lang='lat' dir='ltr'>Gorrani</span> <span class='ocrx_word' id='word_1_762' title='bbox 1521 1417 1705 1456; x_wconf 89' lang='lat' dir='ltr'>prostabant</span> <span class='ocrx_word' id='word_1_763' title='bbox 1727 1419 1880 1450; x_wconf 88' lang='lat' dir='ltr'>Postillae</span> <span class='ocrx_word' id='word_1_764' title='bbox 1901 1430 2000 1461; x_wconf 83' lang='lat' dir='ltr'>super</span> <span class='ocrx_word' id='word_1_765' title='bbox 2028 1422 2192 1462; x_wconf 82' lang='lat' dir='ltr'>Epistolas</span> <span class='ocrx_word' id='word_1_766' title='bbox 2219 1424 2419 1463; x_wconf 87' lang='lat' dir='ltr'>Canonicas,</span> 
     </span>
     <span class='ocr_line' id='line_1_102' title="bbox 1346 1460 2421 1508; baseline 0.01 -19"><span class='ocrx_word' id='word_1_767' title='bbox 1346 1460 1435 1499; x_wconf 88' lang='lat' dir='ltr'>quod</span> <span class='ocrx_word' id='word_1_768' title='bbox 1459 1460 1492 1490; x_wconf 92' lang='lat' dir='ltr'>in</span> <span class='ocrx_word' id='word_1_769' title='bbox 1515 1461 1597 1491; x_wconf 90' lang='lat' dir='ltr'>libro</span> <span class='ocrx_word' id='word_1_770' title='bbox 1621 1462 1764 1493; x_wconf 88' lang='lat' dir='ltr'>Rectoris</span> <span class='ocrx_word' id='word_1_771' title='bbox 1788 1464 2005 1496; x_wconf 88' lang='lat' dir='ltr'>Universitatis</span> <span class='ocrx_word' id='word_1_772' title='bbox 2028 1466 2093 1497; x_wconf 84' lang='lat' dir='ltr'>iam</span> <span class='ocrx_word' id='word_1_773' title='bbox 2112 1468 2236 1508; x_wconf 90' lang='lat' dir='ltr'>saepius</span> <span class='ocrx_word' id='word_1_774' title='bbox 2256 1469 2350 1500; x_wconf 88' lang='lat' dir='ltr'>citato</span> <span class='ocrx_word' id='word_1_775' title='bbox 2367 1470 2421 1500; x_wconf 88' lang='lat' dir='ltr'>ad-</span> 
     </span>
     <span class='ocr_line' id='line_1_103' title="bbox 1346 1506 2420 1546; baseline 0.011 -13"><span class='ocrx_word' id='word_1_776' title='bbox 1346 1511 1494 1535; x_wconf 87' lang='lat' dir='ltr'>notatum</span> <span class='ocrx_word' id='word_1_777' title='bbox 1512 1506 1635 1546; x_wconf 88' lang='lat' dir='ltr'>legitur.</span> <span class='ocrx_word' id='word_1_778' title='bbox 1658 1507 1898 1540; x_wconf 89' lang='lat' dir='ltr'>Vetustissimus</span> <span class='ocrx_word' id='word_1_779' title='bbox 1918 1512 2017 1541; x_wconf 87' lang='lat' dir='ltr'>codex</span> <span class='ocrx_word' id='word_1_780' title='bbox 2032 1511 2064 1542; x_wconf 89' lang='lat' dir='ltr'>in</span> <span class='ocrx_word' id='word_1_781' title='bbox 2084 1513 2224 1543; x_wconf 86' lang='lat' dir='ltr'>Pan&#39;sina</span> <span class='ocrx_word' id='word_1_782' title='bbox 2243 1524 2266 1544; x_wconf 92' lang='lat' dir='ltr'>s.</span> <span class='ocrx_word' id='word_1_783' title='bbox 2285 1514 2420 1545; x_wconf 85' lang='lat' dir='ltr'>Victoris</span> 
     </span>
     <span class='ocr_line' id='line_1_104' title="bbox 1343 1548 2419 1596; baseline 0.011 -18"><span class='ocrx_word' id='word_1_784' title='bbox 1343 1548 1535 1581; x_wconf 89' lang='lat' dir='ltr'>bibliotheca</span> <span class='ocrx_word' id='word_1_785' title='bbox 1554 1558 1705 1590; x_wconf 88' lang='lat' dir='ltr'>servatur,</span> <span class='ocrx_word' id='word_1_786' title='bbox 1729 1553 1820 1584; x_wconf 89' lang='lat' dir='ltr'>cuius</span> <span class='ocrx_word' id='word_1_787' title='bbox 1836 1565 1908 1595; x_wconf 89' lang='lat' dir='ltr'>pars</span> <span class='ocrx_word' id='word_1_788' title='bbox 1927 1556 2031 1596; x_wconf 90' lang='lat' dir='ltr'>prima</span> <span class='ocrx_word' id='word_1_789' title='bbox 2058 1557 2248 1594; x_wconf 84' lang='lat' dir='ltr'>Quodlibeta</span> <span class='ocrx_word' id='word_1_790' title='bbox 2265 1560 2312 1590; x_wconf 89' lang='lat' dir='ltr'>M.</span> <span class='ocrx_word' id='word_1_791' title='bbox 2330 1560 2419 1590; x_wconf 88' lang='lat' dir='ltr'>Petri</span> 
     </span>
     <span class='ocr_line' id='line_1_105' title="bbox 1343 1592 2417 1638; baseline 0.011 -15"><span class='ocrx_word' id='word_1_792' title='bbox 1343 1592 1383 1624; x_wconf 85' lang='lat' dir='ltr'>de</span> <span class='ocrx_word' id='word_1_793' title='bbox 1405 1594 1561 1625; x_wconf 75' lang='lat' dir='ltr'>Alvernia</span> <span class='ocrx_word' id='word_1_794' title='bbox 1586 1596 1742 1628; x_wconf 89' lang='lat' dir='ltr'>continet:</span> <span class='ocrx_word' id='word_1_795' title='bbox 1767 1609 1838 1638; x_wconf 90' lang='lat' dir='ltr'>pars</span> <span class='ocrx_word' id='word_1_796' title='bbox 1862 1600 1957 1630; x_wconf 80' lang='lat' dir='ltr'>altera</span> <span class='ocrx_word' id='word_1_797' title='bbox 1980 1601 2106 1632; x_wconf 84' lang='lat' dir='ltr'>exhibet</span> <span class='ocrx_word' id='word_1_798' title='bbox 2122 1603 2289 1634; x_wconf 84' lang='lat' dir='ltr'>Postillam</span> <span class='ocrx_word' id='word_1_799' title='bbox 2311 1604 2417 1635; x_wconf 89' lang='lat' dir='ltr'>Guor-</span> 
     </span>
     <span class='ocr_line' id='line_1_106' title="bbox 1344 1639 2418 1689; baseline 0.012 -22"><span class='ocrx_word' id='word_1_800' title='bbox 1344 1639 1434 1676; x_wconf 83' lang='lat' dir='ltr'>rani,</span> <span class='ocrx_word' id='word_1_801' title='bbox 1466 1640 1520 1669; x_wconf 90' lang='lat' dir='ltr'>sed</span> <span class='ocrx_word' id='word_1_802' title='bbox 1544 1650 1610 1670; x_wconf 93' lang='lat' dir='ltr'>non</span> <span class='ocrx_word' id='word_1_803' title='bbox 1634 1640 1804 1682; x_wconf 87' lang='lat' dir='ltr'>integram;</span> <span class='ocrx_word' id='word_1_804' title='bbox 1832 1654 1867 1674; x_wconf 89' lang='lat' dir='ltr'>ac</span> <span class='ocrx_word' id='word_1_805' title='bbox 1891 1644 1978 1675; x_wconf 88' lang='lat' dir='ltr'>illam</span> <span class='ocrx_word' id='word_1_806' title='bbox 2007 1645 2074 1676; x_wconf 91' lang='lat' dir='ltr'>sine</span> <span class='ocrx_word' id='word_1_807' title='bbox 2104 1646 2221 1686; x_wconf 90' lang='lat' dir='ltr'>dubio,</span> <span class='ocrx_word' id='word_1_808' title='bbox 2253 1658 2335 1689; x_wconf 84' lang='lat' dir='ltr'>quae</span> <span class='ocrx_word' id='word_1_809' title='bbox 2359 1650 2418 1680; x_wconf 92' lang='lat' dir='ltr'>sub</span> 
     </span>
     <span class='ocr_line' id='line_1_107' title="bbox 1341 1683 2418 1734; baseline 0.011 -22"><span class='ocrx_word' id='word_1_810' title='bbox 1341 1683 1476 1714; x_wconf 86' lang='lat' dir='ltr'>nomine</span> <span class='ocrx_word' id='word_1_811' title='bbox 1509 1695 1533 1714; x_wconf 92' lang='lat' dir='ltr'>s.</span> <span class='ocrx_word' id='word_1_812' title='bbox 1561 1684 1709 1716; x_wconf 89' lang='lat' dir='ltr'>Thomae</span> <span class='ocrx_word' id='word_1_813' title='bbox 1741 1688 1825 1728; x_wconf 91' lang='lat' dir='ltr'>typis</span> <span class='ocrx_word' id='word_1_814' title='bbox 1858 1689 1941 1719; x_wconf 91' lang='lat' dir='ltr'>edita</span> <span class='ocrx_word' id='word_1_815' title='bbox 1973 1697 2029 1720; x_wconf 88' lang='lat' dir='ltr'>est.</span> <span class='ocrx_word' id='word_1_816' title='bbox 2060 1690 2122 1721; x_wconf 90' lang='lat' dir='ltr'>Ubi</span> <span class='ocrx_word' id='word_1_817' title='bbox 2146 1691 2281 1723; x_wconf 88' lang='lat' dir='ltr'>Gorrani</span> <span class='ocrx_word' id='word_1_818' title='bbox 2314 1703 2418 1734; x_wconf 88' lang='lat' dir='ltr'>opus,</span> 
     </span>
     <span class='ocr_line' id='line_1_108' title="bbox 1344 1728 2418 1777; baseline 0.011 -20"><span class='ocrx_word' id='word_1_819' title='bbox 1344 1728 1434 1767; x_wconf 94' lang='lat' dir='ltr'>quod</span> <span class='ocrx_word' id='word_1_820' title='bbox 1458 1739 1609 1760; x_wconf 89' lang='lat' dir='ltr'>mancum</span> <span class='ocrx_word' id='word_1_821' title='bbox 1637 1730 1670 1761; x_wconf 93' lang='lat' dir='ltr'>in</span> <span class='ocrx_word' id='word_1_822' title='bbox 1694 1742 1733 1762; x_wconf 94' lang='lat' dir='ltr'>eo</span> <span class='ocrx_word' id='word_1_823' title='bbox 1758 1733 1866 1763; x_wconf 91' lang='lat' dir='ltr'>codice</span> <span class='ocrx_word' id='word_1_824' title='bbox 1895 1734 2040 1764; x_wconf 84' lang='lat' dir='ltr'>exhiberi</span> <span class='ocrx_word' id='word_1_825' title='bbox 2060 1735 2262 1776; x_wconf 86' lang='lat' dir='ltr'>notavimus,</span> <span class='ocrx_word' id='word_1_826' title='bbox 2295 1737 2418 1777; x_wconf 89' lang='lat' dir='ltr'>deficit,</span> 
     </span>
     <span class='ocr_line' id='line_1_109' title="bbox 1344 1773 2419 1822; baseline 0.011 -20"><span class='ocrx_word' id='word_1_827' title='bbox 1344 1773 1607 1812; x_wconf 88' lang='lat' dir='ltr'>supplementum</span> <span class='ocrx_word' id='word_1_828' title='bbox 1635 1775 1762 1806; x_wconf 85' lang='lat' dir='ltr'>alterius</span> <span class='ocrx_word' id='word_1_829' title='bbox 1785 1778 1934 1808; x_wconf 88' lang='lat' dir='ltr'>Auctoris</span> <span class='ocrx_word' id='word_1_830' title='bbox 1961 1779 2113 1810; x_wconf 86' lang='lat' dir='ltr'>habetur:</span> <span class='ocrx_word' id='word_1_831' title='bbox 2144 1780 2287 1822; x_wconf 90' lang='lat' dir='ltr'>illudque</span> <span class='ocrx_word' id='word_1_832' title='bbox 2313 1783 2419 1814; x_wconf 87' lang='lat' dir='ltr'>confe-</span> 
     </span>
     <span class='ocr_line' id='line_1_110' title="bbox 1345 1818 2418 1867; baseline 0.011 -20"><span class='ocrx_word' id='word_1_833' title='bbox 1345 1823 1434 1847; x_wconf 89' lang='lat' dir='ltr'>ctum</span> <span class='ocrx_word' id='word_1_834' title='bbox 1457 1818 1572 1850; x_wconf 87' lang='lat' dir='ltr'>dicitur</span> <span class='ocrx_word' id='word_1_835' title='bbox 1594 1829 1682 1850; x_wconf 88' lang='lat' dir='ltr'>anno</span> <span class='ocrx_word' id='word_1_836' title='bbox 1704 1821 1839 1852; x_wconf 87' lang='lat' dir='ltr'>Domini</span> <span class='ocrx_word' id='word_1_837' title='bbox 1861 1821 1936 1852; x_wconf 82' lang='lat'><em>1281</em></span> <span class='ocrx_word' id='word_1_838' title='bbox 1964 1823 2016 1853; x_wconf 85' lang='lat' dir='ltr'>die</span> <span class='ocrx_word' id='word_1_839' title='bbox 2040 1826 2167 1855; x_wconf 64' lang='lat' dir='ltr'>veneris</span> <span class='ocrx_word' id='word_1_840' title='bbox 2189 1831 2266 1856; x_wconf 89' lang='lat' dir='ltr'>ante</span> <span class='ocrx_word' id='word_1_841' title='bbox 2289 1826 2418 1867; x_wconf 85' lang='lat' dir='ltr'>festum</span> 
     </span>
     <span class='ocr_line' id='line_1_111' title="bbox 1344 1858 2419 1903; baseline 0.01 -11"><span class='ocrx_word' id='word_1_842' title='bbox 1344 1862 1429 1892; x_wconf 86' lang='lat' dir='ltr'>beati</span> <span class='ocrx_word' id='word_1_843' title='bbox 1451 1858 1637 1894; x_wconf 56' lang='lat' dir='ltr'>Laurentii:</span> <span class='ocrx_word' id='word_1_844' title='bbox 1662 1867 1776 1895; x_wconf 84' lang='lat' dir='ltr'>Annus</span> <span class='ocrx_word' id='word_1_845' title='bbox 1799 1876 1888 1896; x_wconf 87' lang='lat' dir='ltr'>aerae</span> <span class='ocrx_word' id='word_1_846' title='bbox 1918 1867 2102 1898; x_wconf 86' lang='lat' dir='ltr'>christianae</span> <span class='ocrx_word' id='word_1_847' title='bbox 2132 1869 2209 1899; x_wconf 87' lang='lat'>1281</span> <span class='ocrx_word' id='word_1_848' title='bbox 2242 1870 2330 1902; x_wconf 86' lang='lat' dir='ltr'>litera</span> <span class='ocrx_word' id='word_1_849' title='bbox 2353 1872 2419 1903; x_wconf 90' lang='lat' dir='ltr'>Do-</span> 
     </span>
     <span class='ocr_line' id='line_1_112' title="bbox 1343 1906 2420 1948; baseline 0.01 -12"><span class='ocrx_word' id='word_1_850' title='bbox 1343 1906 1483 1937; x_wconf 86' lang='lat' dir='ltr'>minicali</span> <span class='ocrx_word' id='word_1_851' title='bbox 1506 1908 1533 1937; x_wconf 92' lang='lat' dir='ltr'>E</span> <span class='ocrx_word' id='word_1_852' title='bbox 1557 1908 1725 1948; x_wconf 87' lang='lat' dir='ltr'>insignitus</span> <span class='ocrx_word' id='word_1_853' title='bbox 1750 1908 1831 1941; x_wconf 83' lang='lat' dir='ltr'>erat:</span> <span class='ocrx_word' id='word_1_854' title='bbox 1864 1912 1949 1941; x_wconf 89' lang='lat' dir='ltr'>unde</span> <span class='ocrx_word' id='word_1_855' title='bbox 1973 1912 2038 1942; x_wconf 90' lang='lat' dir='ltr'>dies</span> <span class='ocrx_word' id='word_1_856' title='bbox 2063 1915 2189 1944; x_wconf 82' lang='lat' dir='ltr'>veneris</span> <span class='ocrx_word' id='word_1_857' title='bbox 2213 1924 2268 1945; x_wconf 92' lang='lat' dir='ltr'>seu</span> <span class='ocrx_word' id='word_1_858' title='bbox 2293 1915 2369 1946; x_wconf 85' lang='lat' dir='ltr'>feria</span> <span class='ocrx_word' id='word_1_859' title='bbox 2387 1926 2420 1947; x_wconf 76' lang='lat' dir='ltr'>vr</span> 
     </span>
     <span class='ocr_line' id='line_1_113' title="bbox 1343 1950 2420 1997; baseline 0.009 -16"><span class='ocrx_word' id='word_1_860' title='bbox 1343 1950 1501 1983; x_wconf 90' lang='lat' dir='ltr'>incidebat</span> <span class='ocrx_word' id='word_1_861' title='bbox 1523 1952 1557 1983; x_wconf 87' lang='lat' dir='ltr'>in</span> <span class='ocrx_word' id='word_1_862' title='bbox 1581 1953 1667 1983; x_wconf 86' lang='lat' dir='ltr'>diem</span> <span class='ocrx_word' id='word_1_863' title='bbox 1693 1961 1838 1985; x_wconf 88' lang='lat' dir='ltr'>octavam</span> <span class='ocrx_word' id='word_1_864' title='bbox 1861 1956 2004 1995; x_wconf 88' lang='lat' dir='ltr'>augusti,</span> <span class='ocrx_word' id='word_1_865' title='bbox 2025 1956 2118 1997; x_wconf 89' lang='lat' dir='ltr'>festo</span> <span class='ocrx_word' id='word_1_866' title='bbox 2142 1958 2227 1989; x_wconf 86' lang='lat' dir='ltr'>beati</span> <span class='ocrx_word' id='word_1_867' title='bbox 2249 1959 2420 1991; x_wconf 82' lang='lat' dir='ltr'>Laurentii</span> 
     </span>
     <span class='ocr_line' id='line_1_114' title="bbox 1343 1996 2419 2038; baseline 0.008 -12"><span class='ocrx_word' id='word_1_868' title='bbox 1343 2002 1374 2026; x_wconf 93' lang='lat' dir='ltr'>et</span> <span class='ocrx_word' id='word_1_869' title='bbox 1389 1996 1457 2027; x_wconf 88' lang='lat' dir='ltr'>eius</span> <span class='ocrx_word' id='word_1_870' title='bbox 1481 1997 1605 2037; x_wconf 86' lang='lat' dir='ltr'>vigiliae</span> <span class='ocrx_word' id='word_1_871' title='bbox 1628 1999 1878 2038; x_wconf 88' lang='lat' dir='ltr'>praecedentem.</span> <span class='ocrx_word' id='word_1_872' title='bbox 1904 2000 2016 2031; x_wconf 92' lang='lat' dir='ltr'>Incidit</span> <span class='ocrx_word' id='word_1_873' title='bbox 2039 2011 2113 2032; x_wconf 90' lang='lat' dir='ltr'>vero</span> <span class='ocrx_word' id='word_1_874' title='bbox 2138 2002 2214 2032; x_wconf 83' lang='lat' dir='ltr'>feria</span> <span class='ocrx_word' id='word_1_875' title='bbox 2228 2013 2260 2033; x_wconf 85' lang='lat' dir='ltr'>vt</span> <span class='ocrx_word' id='word_1_876' title='bbox 2283 2003 2316 2034; x_wconf 90' lang='lat' dir='ltr'>in</span> <span class='ocrx_word' id='word_1_877' title='bbox 2333 2004 2419 2036; x_wconf 89' lang='lat' dir='ltr'>diem</span> 
     </span>
     <span class='ocr_line' id='line_1_115' title="bbox 1342 2042 2417 2084; baseline 0.009 -14"><span class='ocrx_word' id='word_1_878' title='bbox 1342 2050 1464 2071; x_wconf 91' lang='lat' dir='ltr'>nonam</span> <span class='ocrx_word' id='word_1_879' title='bbox 1488 2042 1633 2081; x_wconf 88' lang='lat' dir='ltr'>augusti,</span> <span class='ocrx_word' id='word_1_880' title='bbox 1664 2043 1806 2083; x_wconf 89' lang='lat' dir='ltr'>vigiliam</span> <span class='ocrx_word' id='word_1_881' title='bbox 1830 2055 1853 2074; x_wconf 90' lang='lat' dir='ltr'>s.</span> <span class='ocrx_word' id='word_1_882' title='bbox 1872 2045 2048 2084; x_wconf 88' lang='lat' dir='ltr'>Laurentii,</span> <span class='ocrx_word' id='word_1_883' title='bbox 2078 2057 2163 2077; x_wconf 93' lang='lat' dir='ltr'>anno</span> <span class='ocrx_word' id='word_1_884' title='bbox 2188 2047 2305 2079; x_wconf 87' lang='lat' dir='ltr'>Christi</span> <span class='ocrx_word' id='word_1_885' title='bbox 2335 2049 2417 2080; x_wconf 87' lang='lat'>1280</span> 
     </span>
     <span class='ocr_line' id='line_1_116' title="bbox 1341 2085 2418 2125; baseline 0.008 -10"><span class='ocrx_word' id='word_1_886' title='bbox 1341 2085 1492 2125; x_wconf 89' lang='lat' dir='ltr'>insignito</span> <span class='ocrx_word' id='word_1_887' title='bbox 1508 2086 1610 2117; x_wconf 87' lang='lat' dir='ltr'>littera</span> <span class='ocrx_word' id='word_1_888' title='bbox 1626 2087 1818 2119; x_wconf 88' lang='lat' dir='ltr'>Dominicali</span> <span class='ocrx_word' id='word_1_889' title='bbox 1843 2088 1916 2119; x_wconf 89' lang='lat' dir='ltr'>GF.</span> <span class='ocrx_word' id='word_1_890' title='bbox 1942 2089 2027 2121; x_wconf 91' lang='lat' dir='ltr'>Hinc</span> <span class='ocrx_word' id='word_1_891' title='bbox 2051 2091 2264 2122; x_wconf 87' lang='lat' dir='ltr'>animadverte</span> <span class='ocrx_word' id='word_1_892' title='bbox 2283 2099 2418 2124; x_wconf 89' lang='lat' dir='ltr'>aetatem</span> 
     </span>
     <span class='ocr_line' id='line_1_117' title="bbox 1342 2130 2417 2177; baseline 0.007 -17"><span class='ocrx_word' id='word_1_893' title='bbox 1342 2130 1478 2168; x_wconf 84' lang='lat' dir='ltr'>codicis,</span> <span class='ocrx_word' id='word_1_894' title='bbox 1509 2141 1544 2162; x_wconf 91' lang='lat' dir='ltr'>ac</span> <span class='ocrx_word' id='word_1_895' title='bbox 1567 2131 1653 2162; x_wconf 91' lang='lat' dir='ltr'>illius</span> <span class='ocrx_word' id='word_1_896' title='bbox 1685 2132 1741 2173; x_wconf 93' lang='lat' dir='ltr'>qui</span> <span class='ocrx_word' id='word_1_897' title='bbox 1774 2133 1992 2173; x_wconf 84' lang='lat' dir='ltr'>imperfectam</span> <span class='ocrx_word' id='word_1_898' title='bbox 2021 2135 2156 2166; x_wconf 90' lang='lat' dir='ltr'>Gorrani</span> <span class='ocrx_word' id='word_1_899' title='bbox 2184 2137 2417 2177; x_wconf 89' lang='lat' dir='ltr'>expositionem</span> 
     </span>
     <span class='ocr_line' id='line_1_118' title="bbox 1341 2175 2415 2221; baseline 0.007 -17"><span class='ocrx_word' id='word_1_900' title='bbox 1341 2175 1519 2215; x_wconf 89' lang='lat' dir='ltr'>supplebat.</span> <span class='ocrx_word' id='word_1_901' title='bbox 1536 2175 1660 2207; x_wconf 89' lang='lat' dir='ltr'>Citatus</span> <span class='ocrx_word' id='word_1_902' title='bbox 1675 2177 1770 2207; x_wconf 87' lang='lat' dir='ltr'>etiam</span> <span class='ocrx_word' id='word_1_903' title='bbox 1785 2178 1895 2215; x_wconf 83' lang='lat' dir='ltr'>codex,</span> <span class='ocrx_word' id='word_1_904' title='bbox 1911 2188 2008 2219; x_wconf 89' lang='lat' dir='ltr'>quem</span> <span class='ocrx_word' id='word_1_905' title='bbox 2023 2187 2147 2211; x_wconf 88' lang='lat' dir='ltr'>servant</span> <span class='ocrx_word' id='word_1_906' title='bbox 2159 2181 2290 2211; x_wconf 90' lang='lat' dir='ltr'>Parisini</span> <span class='ocrx_word' id='word_1_907' title='bbox 2304 2183 2415 2221; x_wconf 90' lang='lat' dir='ltr'>Augu-</span> 
     </span>
     <span class='ocr_line' id='line_1_119' title="bbox 1341 2219 2416 2263; baseline 0.007 -14"><span class='ocrx_word' id='word_1_908' title='bbox 1341 2219 1467 2250; x_wconf 86' lang='lat' dir='ltr'>stiniani</span> <span class='ocrx_word' id='word_1_909' title='bbox 1484 2220 1523 2250; x_wconf 87' lang='lat' dir='ltr'>ad</span> <span class='ocrx_word' id='word_1_910' title='bbox 1539 2221 1825 2260; x_wconf 87' lang='lat' dir='ltr'>Pontem-novum,</span> <span class='ocrx_word' id='word_1_911' title='bbox 1837 2222 1981 2253; x_wconf 85' lang='lat' dir='ltr'>Gorrani</span> <span class='ocrx_word' id='word_1_912' title='bbox 1992 2225 2157 2263; x_wconf 83' lang='lat' dir='ltr'>postillam</span> <span class='ocrx_word' id='word_1_913' title='bbox 2178 2225 2272 2256; x_wconf 90' lang='lat' dir='ltr'>habet</span> <span class='ocrx_word' id='word_1_914' title='bbox 2288 2225 2320 2256; x_wconf 89' lang='lat' dir='ltr'>in</span> <span class='ocrx_word' id='word_1_915' title='bbox 2335 2227 2416 2257; x_wconf 89' lang='lat' dir='ltr'>Mat-</span> 
     </span>
     <span class='ocr_line' id='line_1_120' title="bbox 1341 2264 2414 2307; baseline 0.007 -13"><span class='ocrx_word' id='word_1_916' title='bbox 1341 2264 1472 2295; x_wconf 86' lang='lat' dir='ltr'>thaeum</span> <span class='ocrx_word' id='word_1_917' title='bbox 1488 2271 1519 2295; x_wconf 90' lang='lat' dir='ltr'>et</span> <span class='ocrx_word' id='word_1_918' title='bbox 1534 2272 1608 2304; x_wconf 91' lang='lat' dir='ltr'>post</span> <span class='ocrx_word' id='word_1_919' title='bbox 1618 2265 1699 2296; x_wconf 87' lang='lat' dir='ltr'>hanc</span> <span class='ocrx_word' id='word_1_920' title='bbox 1716 2267 1882 2306; x_wconf 83' lang='lat' dir='ltr'>postillam</span> <span class='ocrx_word' id='word_1_921' title='bbox 1901 2268 1933 2297; x_wconf 91' lang='lat' dir='ltr'>in</span> <span class='ocrx_word' id='word_1_922' title='bbox 1943 2267 2107 2307; x_wconf 76' lang='lat' dir='ltr'>Epistulas</span> <span class='ocrx_word' id='word_1_923' title='bbox 2120 2269 2312 2307; x_wconf 83' lang='lat' dir='ltr'>Canonicas,</span> <span class='ocrx_word' id='word_1_924' title='bbox 2330 2280 2414 2300; x_wconf 88' lang='lat' dir='ltr'>eam-</span> 
     </span>
     <span class='ocr_line' id='line_1_121' title="bbox 1342 2309 2381 2350; baseline 0.007 -12"><span class='ocrx_word' id='word_1_925' title='bbox 1342 2309 1416 2339; x_wconf 90' lang='lat' dir='ltr'>dem</span> <span class='ocrx_word' id='word_1_926' title='bbox 1432 2309 1548 2340; x_wconf 86' lang='lat' dir='ltr'>scilicet</span> <span class='ocrx_word' id='word_1_927' title='bbox 1564 2320 1627 2350; x_wconf 92' lang='lat' dir='ltr'>qua</span> <span class='ocrx_word' id='word_1_928' title='bbox 1644 2311 1683 2340; x_wconf 92' lang='lat' dir='ltr'>de</span> <span class='ocrx_word' id='word_1_929' title='bbox 1700 2310 1823 2350; x_wconf 90' lang='lat' dir='ltr'>agimus</span> <span class='ocrx_word' id='word_1_930' title='bbox 1840 2318 1871 2341; x_wconf 90' lang='lat' dir='ltr'>et</span> <span class='ocrx_word' id='word_1_931' title='bbox 1886 2311 2028 2342; x_wconf 90' lang='lat' dir='ltr'>eiusdem</span> <span class='ocrx_word' id='word_1_932' title='bbox 2045 2319 2081 2343; x_wconf 91' lang='lat' dir='ltr'>ut</span> <span class='ocrx_word' id='word_1_933' title='bbox 2095 2312 2220 2343; x_wconf 89' lang='lat' dir='ltr'>videtur</span> <span class='ocrx_word' id='word_1_934' title='bbox 2235 2314 2381 2345; x_wconf 83' lang='lat' dir='ltr'>auctoris.</span> 
     </span>
    </p>

    <p class='ocr_par' dir='ltr' id='par_1_10' title="bbox 1338 2353 2415 2748">
     <span class='ocr_line' id='line_1_122' title="bbox 1408 2353 2414 2399; baseline 0.007 -16"><span class='ocrx_word' id='word_1_935' title='bbox 1408 2353 1547 2384; x_wconf 87' lang='lat' dir='ltr'>Aliunde</span> <span class='ocrx_word' id='word_1_936' title='bbox 1570 2354 1690 2395; x_wconf 91' lang='lat' dir='ltr'>quippe</span> <span class='ocrx_word' id='word_1_937' title='bbox 1714 2362 1830 2385; x_wconf 90' lang='lat' dir='ltr'>notum</span> <span class='ocrx_word' id='word_1_938' title='bbox 1853 2362 1900 2386; x_wconf 87' lang='lat' dir='ltr'>est</span> <span class='ocrx_word' id='word_1_939' title='bbox 1923 2363 2189 2398; x_wconf 88' lang='lat' dir='ltr'>compertumque</span> <span class='ocrx_word' id='word_1_940' title='bbox 2212 2358 2314 2389; x_wconf 85' lang='lat' dir='ltr'>simile</span> <span class='ocrx_word' id='word_1_941' title='bbox 2331 2369 2414 2399; x_wconf 87' lang='lat' dir='ltr'>opus</span> 
     </span>
     <span class='ocr_line' id='line_1_123' title="bbox 1341 2397 2414 2434; baseline 0.007 -7"><span class='ocrx_word' id='word_1_942' title='bbox 1341 2407 1359 2426; x_wconf 89' lang='lat' dir='ltr'>a</span> <span class='ocrx_word' id='word_1_943' title='bbox 1383 2397 1528 2428; x_wconf 87' lang='lat' dir='ltr'>Gorrano</span> <span class='ocrx_word' id='word_1_944' title='bbox 1554 2398 1745 2429; x_wconf 84' lang='lat' dir='ltr'>confectum.</span> <span class='ocrx_word' id='word_1_945' title='bbox 1772 2399 1867 2430; x_wconf 91' lang='lat' dir='ltr'>Illum</span> <span class='ocrx_word' id='word_1_946' title='bbox 1890 2400 2004 2430; x_wconf 86' lang='lat' dir='ltr'>diserte</span> <span class='ocrx_word' id='word_1_947' title='bbox 2033 2408 2145 2432; x_wconf 89' lang='lat' dir='ltr'>notant</span> <span class='ocrx_word' id='word_1_948' title='bbox 2161 2403 2350 2434; x_wconf 89' lang='lat' dir='ltr'>Laurentius</span> <span class='ocrx_word' id='word_1_949' title='bbox 2364 2403 2414 2434; x_wconf 90' lang='lat' dir='ltr'>Pi—</span> 
     </span>
     <span class='ocr_line' id='line_1_124' title="bbox 1340 2443 2414 2481; baseline 0.007 -10"><span class='ocrx_word' id='word_1_950' title='bbox 1340 2451 1428 2481; x_wconf 90' lang='lat' dir='ltr'>gnon</span> <span class='ocrx_word' id='word_1_951' title='bbox 1452 2448 1483 2472; x_wconf 90' lang='lat' dir='ltr'>et</span> <span class='ocrx_word' id='word_1_952' title='bbox 1497 2443 1680 2473; x_wconf 92' lang='lat' dir='ltr'>Ludovicus</span> <span class='ocrx_word' id='word_1_953' title='bbox 1696 2443 1932 2475; x_wconf 88' lang='lat' dir='ltr'>Valleoletanus</span> <span class='ocrx_word' id='word_1_954' title='bbox 1956 2446 2202 2477; x_wconf 88' lang='lat' dir='ltr'>commentarios</span> <span class='ocrx_word' id='word_1_955' title='bbox 2227 2447 2360 2478; x_wconf 90' lang='lat' dir='ltr'>edidisse</span> <span class='ocrx_word' id='word_1_956' title='bbox 2381 2449 2414 2478; x_wconf 90' lang='lat' dir='ltr'>in</span> 
     </span>
     <span class='ocr_line' id='line_1_125' title="bbox 1340 2485 2415 2526; baseline 0.007 -11"><span class='ocrx_word' id='word_1_957' title='bbox 1340 2485 1503 2525; x_wconf 85' lang='lat' dir='ltr'>Epistolas</span> <span class='ocrx_word' id='word_1_958' title='bbox 1522 2486 1724 2526; x_wconf 86' lang='lat' dir='ltr'>Canonicas;</span> <span class='ocrx_word' id='word_1_959' title='bbox 1748 2494 1778 2518; x_wconf 91' lang='lat' dir='ltr'>et</span> <span class='ocrx_word' id='word_1_960' title='bbox 1792 2489 1935 2519; x_wconf 84' lang='lat' dir='ltr'>Leander</span> <span class='ocrx_word' id='word_1_961' title='bbox 1950 2489 2098 2520; x_wconf 87' lang='lat' dir='ltr'>Albertus</span> <span class='ocrx_word' id='word_1_962' title='bbox 2111 2490 2193 2521; x_wconf 90' lang='lat' dir='ltr'>libro</span> <span class='ocrx_word' id='word_1_963' title='bbox 2211 2491 2254 2522; x_wconf 94' lang='lat' dir='ltr'>IV</span> <span class='ocrx_word' id='word_1_964' title='bbox 2278 2492 2316 2522; x_wconf 91' lang='lat' dir='ltr'>de</span> <span class='ocrx_word' id='word_1_965' title='bbox 2332 2492 2415 2523; x_wconf 89' lang='lat' dir='ltr'>Viris</span> 
     </span>
     <span class='ocr_line' id='line_1_126' title="bbox 1339 2529 2412 2576; baseline 0.007 -16"><span class='ocrx_word' id='word_1_966' title='bbox 1339 2529 1513 2561; x_wconf 90' lang='lat' dir='ltr'>illustribus</span> <span class='ocrx_word' id='word_1_967' title='bbox 1530 2531 1608 2562; x_wconf 88' lang='lat' dir='ltr'>Ord.</span> <span class='ocrx_word' id='word_1_968' title='bbox 1626 2532 1765 2563; x_wconf 89' lang='lat' dir='ltr'>Praedic.</span> <span class='ocrx_word' id='word_1_969' title='bbox 1786 2532 1830 2563; x_wconf 88' lang='lat' dir='ltr'>sic</span> <span class='ocrx_word' id='word_1_970' title='bbox 1846 2532 1904 2564; x_wconf 85' lang='lat' dir='ltr'>ait:</span> <span class='ocrx_word' id='word_1_971' title='bbox 1930 2534 2087 2565; x_wconf 88' lang='lat' dir='ltr'>Nicolaus</span> <span class='ocrx_word' id='word_1_972' title='bbox 2110 2535 2220 2566; x_wconf 88' lang='lat' dir='ltr'>Goran</span> <span class='ocrx_word' id='word_1_973' title='bbox 2236 2536 2348 2576; x_wconf 83' lang='lat' dir='ltr'>gallus</span> <span class='ocrx_word' id='word_1_974' title='bbox 2363 2537 2412 2567; x_wconf 87' lang='lat' dir='ltr'>in-</span> 
     </span>
     <span class='ocr_line' id='line_1_127' title="bbox 1340 2575 2413 2618; baseline 0.007 -14"><span class='ocrx_word' id='word_1_975' title='bbox 1340 2575 1423 2605; x_wconf 82' lang='lat' dir='ltr'>cedit</span> <span class='ocrx_word' id='word_1_976' title='bbox 1446 2585 1517 2605; x_wconf 87' lang='lat' dir='ltr'>cum</span> <span class='ocrx_word' id='word_1_977' title='bbox 1535 2576 1697 2607; x_wconf 83' lang='lat' dir='ltr'>volumine</span> <span class='ocrx_word' id='word_1_978' title='bbox 1711 2578 1791 2607; x_wconf 87' lang='lat' dir='ltr'>satis</span> <span class='ocrx_word' id='word_1_979' title='bbox 1813 2578 1947 2618; x_wconf 79' lang='lat' dir='ltr'>grandi,</span> <span class='ocrx_word' id='word_1_980' title='bbox 1972 2580 2154 2610; x_wconf 85' lang='lat' dir='ltr'>continente</span> <span class='ocrx_word' id='word_1_981' title='bbox 2173 2580 2413 2611; x_wconf 89' lang='lat' dir='ltr'>Commentaria</span> 
     </span>
     <span class='ocr_line' id='line_1_128' title="bbox 1339 2619 2414 2662; baseline 0.007 -13"><span class='ocrx_word' id='word_1_982' title='bbox 1339 2619 1380 2649; x_wconf 88' lang='lat' dir='ltr'>ab</span> <span class='ocrx_word' id='word_1_983' title='bbox 1401 2628 1437 2649; x_wconf 81' lang='lat' dir='ltr'>se</span> <span class='ocrx_word' id='word_1_984' title='bbox 1459 2620 1608 2651; x_wconf 66' lang='lat' dir='ltr'>editam..</span> <span class='ocrx_word' id='word_1_985' title='bbox 1625 2626 1656 2651; x_wconf 91' lang='lat' dir='ltr'>et</span> <span class='ocrx_word' id='word_1_986' title='bbox 1677 2631 1776 2661; x_wconf 87' lang='lat' dir='ltr'>super</span> <span class='ocrx_word' id='word_1_987' title='bbox 1797 2621 1961 2662; x_wconf 76' lang='lat' dir='ltr'>Epistulas</span> <span class='ocrx_word' id='word_1_988' title='bbox 1982 2622 2164 2654; x_wconf 88' lang='lat' dir='ltr'>Canonicas</span> <span class='ocrx_word' id='word_1_989' title='bbox 2179 2631 2237 2655; x_wconf 90' lang='lat' dir='ltr'>etc.</span> <span class='ocrx_word' id='word_1_990' title='bbox 2262 2625 2414 2662; x_wconf 91' lang='lat' dir='ltr'>Quorum</span> 
     </span>
     <span class='ocr_line' id='line_1_129' title="bbox 1339 2664 2412 2708; baseline 0.007 -15"><span class='ocrx_word' id='word_1_991' title='bbox 1339 2673 1414 2693; x_wconf 87' lang='lat' dir='ltr'>sane</span> <span class='ocrx_word' id='word_1_992' title='bbox 1437 2664 1566 2695; x_wconf 91' lang='lat' dir='ltr'>testium</span> <span class='ocrx_word' id='word_1_993' title='bbox 1594 2665 1672 2696; x_wconf 89' lang='lat' dir='ltr'>fides</span> <span class='ocrx_word' id='word_1_994' title='bbox 1701 2666 1863 2697; x_wconf 89' lang='lat' dir='ltr'>codicibus</span> <span class='ocrx_word' id='word_1_995' title='bbox 1887 2666 2008 2706; x_wconf 86' lang='lat' dir='ltr'>allatis,</span> <span class='ocrx_word' id='word_1_996' title='bbox 2038 2667 2093 2708; x_wconf 92' lang='lat' dir='ltr'>qui</span> <span class='ocrx_word' id='word_1_997' title='bbox 2117 2668 2251 2699; x_wconf 91' lang='lat' dir='ltr'>Gorrani</span> <span class='ocrx_word' id='word_1_998' title='bbox 2280 2669 2412 2700; x_wconf 85' lang='lat' dir='ltr'>nomine</span> 
     </span>
     <span class='ocr_line' id='line_1_130' title="bbox 1338 2707 2156 2748; baseline 0.006 -10"><span class='ocrx_word' id='word_1_999' title='bbox 1338 2707 1576 2748; x_wconf 83' lang='lat' dir='ltr'>praenotantur,</span> <span class='ocrx_word' id='word_1_1000' title='bbox 1600 2710 1821 2741; x_wconf 89' lang='lat' dir='ltr'>auctoritatem</span> <span class='ocrx_word' id='word_1_1001' title='bbox 1844 2721 1976 2741; x_wconf 89' lang='lat' dir='ltr'>omnem</span> <span class='ocrx_word' id='word_1_1002' title='bbox 2001 2712 2156 2743; x_wconf 88' lang='lat' dir='ltr'>conciliat.</span> 
     </span>
    </p>

    <p class='ocr_par' dir='ltr' id='par_1_11' title="bbox 1330 2752 2413 3635">
     <span class='ocr_line' id='line_1_131' title="bbox 1405 2752 2412 2798; baseline 0.006 -16"><span class='ocrx_word' id='word_1_1003' title='bbox 1405 2752 1547 2784; x_wconf 91' lang='lat' dir='ltr'>Eosdem</span> <span class='ocrx_word' id='word_1_1004' title='bbox 1571 2754 1694 2785; x_wconf 88' lang='lat' dir='ltr'>codices</span> <span class='ocrx_word' id='word_1_1005' title='bbox 1718 2755 1937 2786; x_wconf 88' lang='lat' dir='ltr'>tertiodecimo</span> <span class='ocrx_word' id='word_1_1006' title='bbox 1962 2756 2088 2786; x_wconf 89' lang='lat' dir='ltr'>saeculo</span> <span class='ocrx_word' id='word_1_1007' title='bbox 2113 2757 2260 2796; x_wconf 82' lang='lat' dir='ltr'>cadente,</span> <span class='ocrx_word' id='word_1_1008' title='bbox 2286 2757 2412 2798; x_wconf 90' lang='lat' dir='ltr'>aliquos</span> 
     </span>
     <span class='ocr_line' id='line_1_132' title="bbox 1339 2796 2412 2836; baseline 0.005 -9"><span class='ocrx_word' id='word_1_1009' title='bbox 1339 2796 1475 2836; x_wconf 89' lang='lat' dir='ltr'>scilicet,</span> <span class='ocrx_word' id='word_1_1010' title='bbox 1506 2808 1605 2829; x_wconf 87' lang='lat' dir='ltr'>manu</span> <span class='ocrx_word' id='word_1_1011' title='bbox 1637 2799 1733 2829; x_wconf 88' lang='lat' dir='ltr'>fuisse</span> <span class='ocrx_word' id='word_1_1012' title='bbox 1762 2806 1903 2830; x_wconf 83' lang='lat' dir='ltr'>exaratos</span> <span class='ocrx_word' id='word_1_1013' title='bbox 1928 2800 2160 2832; x_wconf 80' lang='lat' dir='ltr'>adnotavimus.</span> <span class='ocrx_word' id='word_1_1014' title='bbox 2190 2801 2274 2832; x_wconf 90' lang='lat' dir='ltr'>Hinc</span> <span class='ocrx_word' id='word_1_1015' title='bbox 2298 2802 2412 2832; x_wconf 90' lang='lat' dir='ltr'>eodem</span> 
     </span>
     <span class='ocr_line' id='line_1_133' title="bbox 1339 2842 2412 2885; baseline 0.005 -13"><span class='ocrx_word' id='word_1_1016' title='bbox 1339 2842 1470 2873; x_wconf 87' lang='lat' dir='ltr'>florebat</span> <span class='ocrx_word' id='word_1_1017' title='bbox 1493 2843 1620 2874; x_wconf 89' lang='lat' dir='ltr'>saeculo</span> <span class='ocrx_word' id='word_1_1018' title='bbox 1645 2843 1779 2874; x_wconf 88' lang='lat' dir='ltr'>eximius</span> <span class='ocrx_word' id='word_1_1019' title='bbox 1801 2844 1866 2882; x_wconf 90' lang='lat' dir='ltr'>vir;</span> <span class='ocrx_word' id='word_1_1020' title='bbox 1896 2854 2050 2885; x_wconf 89' lang='lat' dir='ltr'>suamque</span> <span class='ocrx_word' id='word_1_1021' title='bbox 2070 2846 2102 2875; x_wconf 87' lang='lat' dir='ltr'>in</span> <span class='ocrx_word' id='word_1_1022' title='bbox 2117 2846 2281 2885; x_wconf 88' lang='lat' dir='ltr'>Epistolas</span> <span class='ocrx_word' id='word_1_1023' title='bbox 2306 2846 2412 2877; x_wconf 88' lang='lat' dir='ltr'>Cano-</span> 
     </span>
     <span class='ocr_line' id='line_1_134' title="bbox 1339 2887 2411 2931; baseline 0.003 -14"><span class='ocrx_word' id='word_1_1024' title='bbox 1339 2888 1430 2917; x_wconf 88' lang='lat' dir='ltr'>nicas</span> <span class='ocrx_word' id='word_1_1025' title='bbox 1459 2887 1692 2928; x_wconf 88' lang='lat' dir='ltr'>expositionem</span> <span class='ocrx_word' id='word_1_1026' title='bbox 1718 2888 1954 2919; x_wconf 89' lang='lat' dir='ltr'>elucubraverat</span> <span class='ocrx_word' id='word_1_1027' title='bbox 1977 2896 2048 2920; x_wconf 87' lang='lat' dir='ltr'>ante</span> <span class='ocrx_word' id='word_1_1028' title='bbox 2072 2899 2194 2920; x_wconf 91' lang='lat' dir='ltr'>annum</span> <span class='ocrx_word' id='word_1_1029' title='bbox 2222 2890 2320 2928; x_wconf 83' lang='lat'>1281,</span> <span class='ocrx_word' id='word_1_1030' title='bbox 2343 2901 2411 2931; x_wconf 92' lang='lat' dir='ltr'>quo</span> 
     </span>
     <span class='ocr_line' id='line_1_135' title="bbox 1338 2931 2413 2972; baseline 0.004 -11"><span class='ocrx_word' id='word_1_1031' title='bbox 1338 2931 1477 2962; x_wconf 90' lang='lat' dir='ltr'>vidimus</span> <span class='ocrx_word' id='word_1_1032' title='bbox 1501 2932 1605 2962; x_wconf 89' lang='lat' dir='ltr'>eidem</span> <span class='ocrx_word' id='word_1_1033' title='bbox 1628 2933 1661 2962; x_wconf 92' lang='lat' dir='ltr'>in</span> <span class='ocrx_word' id='word_1_1034' title='bbox 1685 2933 1793 2964; x_wconf 91' lang='lat' dir='ltr'>codice</span> <span class='ocrx_word' id='word_1_1035' title='bbox 1817 2933 1993 2971; x_wconf 90' lang='lat' dir='ltr'>Victorino,</span> <span class='ocrx_word' id='word_1_1036' title='bbox 2018 2934 2073 2963; x_wconf 95' lang='lat' dir='ltr'>ubi</span> <span class='ocrx_word' id='word_1_1037' title='bbox 2099 2933 2282 2972; x_wconf 87' lang='lat' dir='ltr'>deficiebat,</span> <span class='ocrx_word' id='word_1_1038' title='bbox 2306 2935 2413 2965; x_wconf 89' lang='lat' dir='ltr'>addita</span> 
     </span>
     <span class='ocr_line' id='line_1_136' title="bbox 1339 2976 2410 3018; baseline 0.003 -12"><span class='ocrx_word' id='word_1_1039' title='bbox 1339 2977 1377 3006; x_wconf 87' lang='lat' dir='ltr'>ab</span> <span class='ocrx_word' id='word_1_1040' title='bbox 1395 2976 1457 3006; x_wconf 88' lang='lat' dir='ltr'>alio</span> <span class='ocrx_word' id='word_1_1041' title='bbox 1474 2977 1625 3016; x_wconf 91' lang='lat' dir='ltr'>scriptore</span> <span class='ocrx_word' id='word_1_1042' title='bbox 1649 2977 1871 3017; x_wconf 89' lang='lat' dir='ltr'>supplementa</span> <span class='ocrx_word' id='word_1_1043' title='bbox 1893 2977 2000 3008; x_wconf 89' lang='lat' dir='ltr'>fuisse.</span> <span class='ocrx_word' id='word_1_1044' title='bbox 2025 2978 2109 3008; x_wconf 89' lang='lat' dir='ltr'>Hinc</span> <span class='ocrx_word' id='word_1_1045' title='bbox 2129 2978 2224 3008; x_wconf 90' lang='lat' dir='ltr'>etiam</span> <span class='ocrx_word' id='word_1_1046' title='bbox 2240 2979 2309 3009; x_wconf 89' lang='lat' dir='ltr'>falsi</span> <span class='ocrx_word' id='word_1_1047' title='bbox 2325 2985 2410 3018; x_wconf 91' lang='lat' dir='ltr'>sunt,</span> 
     </span>
     <span class='ocr_line' id='line_1_137' title="bbox 1338 3021 2410 3061; baseline 0.004 -11"><span class='ocrx_word' id='word_1_1048' title='bbox 1338 3021 1394 3061; x_wconf 93' lang='lat' dir='ltr'>qui</span> <span class='ocrx_word' id='word_1_1049' title='bbox 1410 3021 1451 3050; x_wconf 88' lang='lat' dir='ltr'>ad</span> <span class='ocrx_word' id='word_1_1050' title='bbox 1466 3021 1648 3061; x_wconf 90' lang='lat' dir='ltr'>sequiorem</span> <span class='ocrx_word' id='word_1_1051' title='bbox 1663 3028 1798 3052; x_wconf 89' lang='lat' dir='ltr'>aetatem</span> <span class='ocrx_word' id='word_1_1052' title='bbox 1812 3021 1905 3052; x_wconf 87' lang='lat' dir='ltr'>illum</span> <span class='ocrx_word' id='word_1_1053' title='bbox 1922 3022 2108 3060; x_wconf 89' lang='lat' dir='ltr'>detrudunt;</span> <span class='ocrx_word' id='word_1_1054' title='bbox 2128 3023 2169 3052; x_wconf 90' lang='lat' dir='ltr'>ad</span> <span class='ocrx_word' id='word_1_1055' title='bbox 2185 3033 2306 3054; x_wconf 88' lang='lat' dir='ltr'>annum</span> <span class='ocrx_word' id='word_1_1056' title='bbox 2327 3034 2337 3053; x_wconf 91' lang='lat'><em>1</em></span> <span class='ocrx_word' id='word_1_1057' title='bbox 2348 3024 2410 3054; x_wconf 85' lang='lat'>350</span> 
     </span>
     <span class='ocr_line' id='line_1_138' title="bbox 1337 3065 2411 3106; baseline 0.003 -11"><span class='ocrx_word' id='word_1_1058' title='bbox 1337 3065 1563 3103; x_wconf 90' lang='lat' dir='ltr'>Bellarminus,</span> <span class='ocrx_word' id='word_1_1059' title='bbox 1587 3066 1627 3095; x_wconf 89' lang='lat' dir='ltr'>ad</span> <span class='ocrx_word' id='word_1_1060' title='bbox 1652 3076 1775 3096; x_wconf 90' lang='lat' dir='ltr'>annum</span> <span class='ocrx_word' id='word_1_1061' title='bbox 1807 3066 1889 3096; x_wconf 82' lang='lat'>1380</span> <span class='ocrx_word' id='word_1_1062' title='bbox 1915 3066 2090 3097; x_wconf 89' lang='lat' dir='ltr'>Casimirus</span> <span class='ocrx_word' id='word_1_1063' title='bbox 2105 3066 2272 3106; x_wconf 90' lang='lat' dir='ltr'>Oudinus,</span> <span class='ocrx_word' id='word_1_1064' title='bbox 2292 3068 2333 3098; x_wconf 88' lang='lat' dir='ltr'>ad</span> <span class='ocrx_word' id='word_1_1065' title='bbox 2356 3077 2411 3098; x_wconf 85' lang='lat' dir='ltr'>an-</span> 
     </span>
     <span class='ocr_line' id='line_1_139' title="bbox 1338 3110 2409 3151; baseline 0.002 -11"><span class='ocrx_word' id='word_1_1066' title='bbox 1338 3119 1418 3140; x_wconf 92' lang='lat' dir='ltr'>num</span> <span class='ocrx_word' id='word_1_1067' title='bbox 1443 3120 1453 3139; x_wconf 92' lang='lat'>1</span> <span class='ocrx_word' id='word_1_1068' title='bbox 1463 3111 1525 3150; x_wconf 83' lang='lat'>390</span> <span class='ocrx_word' id='word_1_1069' title='bbox 1541 3110 1764 3150; x_wconf 91' lang='lat' dir='ltr'>Eisengrenius</span> <span class='ocrx_word' id='word_1_1070' title='bbox 1786 3117 1816 3141; x_wconf 89' lang='lat' dir='ltr'>et</span> <span class='ocrx_word' id='word_1_1071' title='bbox 1832 3111 1936 3141; x_wconf 85' lang='lat' dir='ltr'>Sixtus</span> <span class='ocrx_word' id='word_1_1072' title='bbox 1947 3110 2110 3149; x_wconf 82' lang='lat' dir='ltr'>Senensis,</span> <span class='ocrx_word' id='word_1_1073' title='bbox 2126 3111 2166 3141; x_wconf 91' lang='lat' dir='ltr'>ad</span> <span class='ocrx_word' id='word_1_1074' title='bbox 2189 3121 2311 3142; x_wconf 89' lang='lat' dir='ltr'>annum</span> <span class='ocrx_word' id='word_1_1075' title='bbox 2325 3121 2409 3151; x_wconf 86' lang='lat'>1400</span> 
     </span>
     <span class='ocr_line' id='line_1_140' title="bbox 1338 3154 2410 3194; baseline 0.003 -10"><span class='ocrx_word' id='word_1_1076' title='bbox 1338 3154 1510 3192; x_wconf 88' lang='lat' dir='ltr'>Simlerus,</span> <span class='ocrx_word' id='word_1_1077' title='bbox 1541 3154 1681 3193; x_wconf 90' lang='lat' dir='ltr'>Pitseus,</span> <span class='ocrx_word' id='word_1_1078' title='bbox 1713 3155 1847 3185; x_wconf 90' lang='lat' dir='ltr'>Caveus.</span> <span class='ocrx_word' id='word_1_1079' title='bbox 1880 3155 2004 3194; x_wconf 85' lang='lat' dir='ltr'>Integro</span> <span class='ocrx_word' id='word_1_1080' title='bbox 2029 3155 2155 3186; x_wconf 89' lang='lat' dir='ltr'>saeculo</span> <span class='ocrx_word' id='word_1_1081' title='bbox 2179 3156 2330 3187; x_wconf 89' lang='lat' dir='ltr'>labuntur</span> <span class='ocrx_word' id='word_1_1082' title='bbox 2352 3156 2410 3187; x_wconf 90' lang='lat' dir='ltr'>viri</span> 
     </span>
     <span class='ocr_line' id='line_1_141' title="bbox 1338 3198 2409 3240; baseline 0.003 -12"><span class='ocrx_word' id='word_1_1083' title='bbox 1338 3198 1432 3229; x_wconf 92' lang='lat' dir='ltr'>docti.</span> <span class='ocrx_word' id='word_1_1084' title='bbox 1458 3199 1521 3229; x_wconf 90' lang='lat' dir='ltr'>Sed</span> <span class='ocrx_word' id='word_1_1085' title='bbox 1543 3205 1678 3229; x_wconf 86' lang='lat' dir='ltr'>aetatem</span> <span class='ocrx_word' id='word_1_1086' title='bbox 1701 3199 1784 3237; x_wconf 91' lang='lat' dir='ltr'>eius,</span> <span class='ocrx_word' id='word_1_1087' title='bbox 1808 3209 1906 3240; x_wconf 87' lang='lat' dir='ltr'>quam</span> <span class='ocrx_word' id='word_1_1088' title='bbox 1930 3209 1967 3229; x_wconf 87' lang='lat' dir='ltr'>ex</span> <span class='ocrx_word' id='word_1_1089' title='bbox 1990 3199 2152 3230; x_wconf 91' lang='lat' dir='ltr'>codicibus</span> <span class='ocrx_word' id='word_1_1090' title='bbox 2175 3200 2284 3231; x_wconf 89' lang='lat' dir='ltr'>elicere</span> <span class='ocrx_word' id='word_1_1091' title='bbox 2302 3200 2409 3239; x_wconf 86' lang='lat' dir='ltr'>licuit,</span> 
     </span>
     <span class='ocr_line' id='line_1_142' title="bbox 1337 3242 2408 3284; baseline 0.003 -12"><span class='ocrx_word' id='word_1_1092' title='bbox 1337 3242 1528 3273; x_wconf 86' lang='lat' dir='ltr'>confirmant</span> <span class='ocrx_word' id='word_1_1093' title='bbox 1545 3243 1606 3273; x_wconf 88' lang='lat' dir='ltr'>alia</span> <span class='ocrx_word' id='word_1_1094' title='bbox 1621 3250 1840 3274; x_wconf 89' lang='lat' dir='ltr'>monumenta.</span> <span class='ocrx_word' id='word_1_1095' title='bbox 1867 3244 1976 3283; x_wconf 87' lang='lat' dir='ltr'>Ipsum</span> <span class='ocrx_word' id='word_1_1096' title='bbox 1999 3244 2172 3284; x_wconf 84' lang='lat' dir='ltr'>praefuisse</span> <span class='ocrx_word' id='word_1_1097' title='bbox 2186 3245 2329 3275; x_wconf 82' lang='lat' dir='ltr'>Priorem</span> <span class='ocrx_word' id='word_1_1098' title='bbox 2351 3245 2408 3274; x_wconf 83' lang='lat' dir='ltr'>Pa-</span> 
     </span>
     <span class='ocr_line' id='line_1_143' title="bbox 1337 3287 2406 3329; baseline 0.001 -12"><span class='ocrx_word' id='word_1_1099' title='bbox 1337 3287 1434 3317; x_wconf 89' lang='lat' dir='ltr'>risino</span> <span class='ocrx_word' id='word_1_1100' title='bbox 1456 3297 1480 3317; x_wconf 93' lang='lat' dir='ltr'>s.</span> <span class='ocrx_word' id='word_1_1101' title='bbox 1493 3287 1598 3329; x_wconf 75' lang='lat' dir='ltr'>iacobi</span> <span class='ocrx_word' id='word_1_1102' title='bbox 1621 3288 1778 3320; x_wconf 90' lang='lat' dir='ltr'>coenobio</span> <span class='ocrx_word' id='word_1_1103' title='bbox 1799 3293 1876 3318; x_wconf 86' lang='lat' dir='ltr'>ante</span> <span class='ocrx_word' id='word_1_1104' title='bbox 1893 3298 2015 3318; x_wconf 88' lang='lat' dir='ltr'>annum</span> <span class='ocrx_word' id='word_1_1105' title='bbox 2033 3287 2112 3318; x_wconf 77' lang='lat'><em>1280</em></span> <span class='ocrx_word' id='word_1_1106' title='bbox 2129 3295 2219 3319; x_wconf 90' lang='lat' dir='ltr'>notat</span> <span class='ocrx_word' id='word_1_1107' title='bbox 2234 3289 2406 3319; x_wconf 88' lang='lat' dir='ltr'>Echardus.</span> 
     </span>
     <span class='ocr_line' id='line_1_144' title="bbox 1337 3331 2408 3371; baseline 0.001 -10"><span class='ocrx_word' id='word_1_1108' title='bbox 1337 3331 1444 3361; x_wconf 86' lang='lat' dir='ltr'>Refert</span> <span class='ocrx_word' id='word_1_1109' title='bbox 1458 3331 1589 3371; x_wconf 88' lang='lat' dir='ltr'>insuper</span> <span class='ocrx_word' id='word_1_1110' title='bbox 1605 3331 1791 3362; x_wconf 92' lang='lat' dir='ltr'>Chronicon</span> <span class='ocrx_word' id='word_1_1111' title='bbox 1808 3332 1933 3362; x_wconf 89' lang='lat' dir='ltr'>Ioannis</span> <span class='ocrx_word' id='word_1_1112' title='bbox 1943 3332 2124 3362; x_wconf 79' lang='lat' dir='ltr'>parisiensis</span> <span class='ocrx_word' id='word_1_1113' title='bbox 2135 3332 2290 3363; x_wconf 92' lang='lat' dir='ltr'>Canonici</span> <span class='ocrx_word' id='word_1_1114' title='bbox 2301 3333 2408 3363; x_wconf 92' lang='lat' dir='ltr'>Victo-</span> 
     </span>
     <span class='ocr_line' id='line_1_145' title="bbox 1337 3375 2409 3416; baseline 0.002 -12"><span class='ocrx_word' id='word_1_1115' title='bbox 1337 3375 1407 3413; x_wconf 90' lang='lat' dir='ltr'>rini,</span> <span class='ocrx_word' id='word_1_1116' title='bbox 1432 3375 1521 3415; x_wconf 93' lang='lat' dir='ltr'>quod</span> <span class='ocrx_word' id='word_1_1117' title='bbox 1544 3376 1737 3406; x_wconf 87' lang='lat' dir='ltr'>Memoriale</span> <span class='ocrx_word' id='word_1_1118' title='bbox 1750 3376 1974 3406; x_wconf 73' lang='lat' dir='ltr'>ffstoriamm</span> <span class='ocrx_word' id='word_1_1119' title='bbox 1991 3376 2180 3415; x_wconf 89' lang='lat' dir='ltr'>inscribitur,</span> <span class='ocrx_word' id='word_1_1120' title='bbox 2205 3385 2409 3416; x_wconf 89' lang='lat' dir='ltr'>servaturque</span> 
     </span>
     <span class='ocr_line' id='line_1_146' title="bbox 1336 3418 2410 3461; baseline 0.003 -13"><span class='ocrx_word' id='word_1_1121' title='bbox 1336 3418 1591 3458; x_wconf 88' lang='lat' dir='ltr'>manuscriptum</span> <span class='ocrx_word' id='word_1_1122' title='bbox 1613 3419 1646 3448; x_wconf 90' lang='lat' dir='ltr'>in</span> <span class='ocrx_word' id='word_1_1123' title='bbox 1670 3420 1781 3450; x_wconf 91' lang='lat' dir='ltr'>eadem</span> <span class='ocrx_word' id='word_1_1124' title='bbox 1805 3430 1828 3450; x_wconf 94' lang='lat' dir='ltr'>s.</span> <span class='ocrx_word' id='word_1_1125' title='bbox 1846 3419 1982 3450; x_wconf 91' lang='lat' dir='ltr'>Victoris</span> <span class='ocrx_word' id='word_1_1126' title='bbox 2006 3420 2205 3458; x_wconf 87' lang='lat' dir='ltr'>bibliotheca,</span> <span class='ocrx_word' id='word_1_1127' title='bbox 2228 3420 2262 3450; x_wconf 89' lang='lat' dir='ltr'>in</span> <span class='ocrx_word' id='word_1_1128' title='bbox 2285 3430 2352 3461; x_wconf 94' lang='lat' dir='ltr'>quo</span> <span class='ocrx_word' id='word_1_1129' title='bbox 2368 3420 2410 3451; x_wconf 87' lang='lat' dir='ltr'>ad</span> 
     </span>
     <span class='ocr_line' id='line_1_147' title="bbox 1337 3463 2409 3504; baseline 0.003 -12"><span class='ocrx_word' id='word_1_1130' title='bbox 1337 3473 1458 3492; x_wconf 89' lang='lat' dir='ltr'>annum</span> <span class='ocrx_word' id='word_1_1131' title='bbox 1487 3463 1568 3492; x_wconf 85' lang='lat'>1286</span> <span class='ocrx_word' id='word_1_1132' title='bbox 1598 3464 1807 3493; x_wconf 90' lang='lat' dir='ltr'>emortualem</span> <span class='ocrx_word' id='word_1_1133' title='bbox 1830 3463 1969 3503; x_wconf 91' lang='lat' dir='ltr'>Philippi</span> <span class='ocrx_word' id='word_1_1134' title='bbox 1993 3464 2034 3493; x_wconf 90' lang='lat'>111</span> <span class='ocrx_word' id='word_1_1135' title='bbox 2063 3464 2177 3503; x_wconf 88' lang='lat' dir='ltr'>Regis,</span> <span class='ocrx_word' id='word_1_1136' title='bbox 2207 3464 2304 3504; x_wconf 84' lang='lat' dir='ltr'>vulgo</span> <span class='ocrx_word' id='word_1_1137' title='bbox 2334 3464 2409 3495; x_wconf 86' lang='lat' dir='ltr'>dicti</span> 
     </span>
     <span class='ocr_line' id='line_1_148' title="bbox 1336 3506 2409 3551; baseline 0.004 -15"><span class='ocrx_word' id='word_1_1138' title='bbox 1336 3506 1491 3544; x_wconf 85' lang='lat' dir='ltr'>Audacis,</span> <span class='ocrx_word' id='word_1_1139' title='bbox 1515 3507 1592 3537; x_wconf 89' lang='lat' dir='ltr'>haec</span> <span class='ocrx_word' id='word_1_1140' title='bbox 1615 3506 1787 3537; x_wconf 88' lang='lat' dir='ltr'>habentur:</span> <span class='ocrx_word' id='word_1_1141' title='bbox 1815 3508 1888 3538; x_wconf 88' lang='lat' dir='ltr'>Rex</span> <span class='ocrx_word' id='word_1_1142' title='bbox 1910 3507 2042 3538; x_wconf 78' lang='lat' dir='ltr'>Iuvenis</span> <span class='ocrx_word' id='word_1_1143' title='bbox 2065 3506 2250 3550; x_wconf 89' lang='lat' dir='ltr'>(Philippus</span> <span class='ocrx_word' id='word_1_1144' title='bbox 2274 3507 2336 3551; x_wconf 82' lang='lat' dir='ltr'>IV)</span> <span class='ocrx_word' id='word_1_1145' title='bbox 2365 3509 2409 3539; x_wconf 83' lang='lat' dir='ltr'>ad</span> 
     </span>
     <span class='ocr_line' id='line_1_149' title="bbox 1330 3550 2406 3592; baseline 0.003 -12"><span class='ocrx_word' id='word_1_1146' title='bbox 1330 3551 1516 3590; x_wconf 85' lang='lat' dir='ltr'>petitionem</span> <span class='ocrx_word' id='word_1_1147' title='bbox 1541 3550 1736 3591; x_wconf 87' lang='lat' dir='ltr'>confessoris</span> <span class='ocrx_word' id='word_1_1148' title='bbox 1757 3552 1810 3581; x_wconf 88' lang='lat' dir='ltr'>sui</span> <span class='ocrx_word' id='word_1_1149' title='bbox 1821 3551 1875 3592; x_wconf 87' lang='lat' dir='ltr'>fr.</span> <span class='ocrx_word' id='word_1_1150' title='bbox 1892 3551 2022 3582; x_wconf 86' lang='lat' dir='ltr'>Nicolai</span> <span class='ocrx_word' id='word_1_1151' title='bbox 2043 3552 2083 3582; x_wconf 86' lang='lat' dir='ltr'>de</span> <span class='ocrx_word' id='word_1_1152' title='bbox 2108 3552 2255 3583; x_wconf 86' lang='lat' dir='ltr'>Gorreno</span> <span class='ocrx_word' id='word_1_1153' title='bbox 2277 3553 2318 3583; x_wconf 86' lang='lat' dir='ltr'>de</span> <span class='ocrx_word' id='word_1_1154' title='bbox 2343 3552 2406 3583; x_wconf 88' lang='lat' dir='ltr'>Or-</span> 
     </span>
     <span class='ocr_line' id='line_1_150' title="bbox 1335 3594 2409 3635; baseline 0.004 -11"><span class='ocrx_word' id='word_1_1155' title='bbox 1335 3594 1411 3624; x_wconf 88' lang='lat' dir='ltr'>dine</span> <span class='ocrx_word' id='word_1_1156' title='bbox 1427 3594 1580 3635; x_wconf 86' lang='lat' dir='ltr'>fratrum</span> <span class='ocrx_word' id='word_1_1157' title='bbox 1604 3595 1868 3626; x_wconf 85' lang='lat' dir='ltr'>Praedicatorum</span> <span class='ocrx_word' id='word_1_1158' title='bbox 1879 3618 1889 3634; x_wconf 91' lang='lat'>‚</span> <span class='ocrx_word' id='word_1_1159' title='bbox 1920 3601 2122 3626; x_wconf 88' lang='lat' dir='ltr'>concesserat</span> <span class='ocrx_word' id='word_1_1160' title='bbox 2150 3597 2329 3628; x_wconf 88' lang='lat' dir='ltr'>inconsulte</span> <span class='ocrx_word' id='word_1_1161' title='bbox 2351 3607 2409 3628; x_wconf 87' lang='lat' dir='ltr'>cor</span> 
     </span>
    </p>
   </div>
   <div class='ocr_carea' id='block_1_5' title="bbox 207 3636 2407 3687">
    <p class='ocr_par' dir='ltr' id='par_1_12' title="bbox 207 3636 2407 3687">
     <span class='ocr_line' id='line_1_151' title="bbox 207 3636 2407 3687; baseline 0.002 -20"><span class='ocrx_word' id='word_1_1162' title='bbox 207 3636 316 3677; x_wconf 82' lang='lat' dir='ltr'>tificio,</span> <span class='ocrx_word' id='word_1_1163' title='bbox 340 3639 430 3680; x_wconf 88' lang='lat' dir='ltr'>quod</span> <span class='ocrx_word' id='word_1_1164' title='bbox 453 3639 486 3670; x_wconf 84' lang='lat' dir='ltr'>in</span> <span class='ocrx_word' id='word_1_1165' title='bbox 509 3639 655 3680; x_wconf 87' lang='lat' dir='ltr'>genuinis</span> <span class='ocrx_word' id='word_1_1166' title='bbox 674 3639 822 3670; x_wconf 85' lang='lat' dir='ltr'>Thomae</span> <span class='ocrx_word' id='word_1_1167' title='bbox 844 3639 1004 3680; x_wconf 76' lang='lat' dir='ltr'>Operibus</span> <span class='ocrx_word' id='word_1_1168' title='bbox 1022 3639 1166 3679; x_wconf 77' lang='lat' dir='ltr'>habetur,</span> <span class='ocrx_word' id='word_1_1169' title='bbox 1186 3639 1279 3681; x_wconf 84' lang='lat' dir='ltr'>quid·</span> <span class='ocrx_word' id='word_1_1170' title='bbox 1330 3639 1438 3678; x_wconf 84' lang='lat' dir='ltr'>patris</span> <span class='ocrx_word' id='word_1_1171' title='bbox 1459 3640 1512 3669; x_wconf 89' lang='lat' dir='ltr'>sui</span> <span class='ocrx_word' id='word_1_1172' title='bbox 1534 3639 1612 3679; x_wconf 72' lang='lat' dir='ltr'>ipsis</span> <span class='ocrx_word' id='word_1_1173' title='bbox 1623 3639 1792 3680; x_wconf 85' lang='lat' dir='ltr'>fratribus</span> <span class='ocrx_word' id='word_1_1174' title='bbox 1814 3639 2106 3687; x_wconf 73' lang='lat' dir='ltr'>Praedicatoribas,</span> <span class='ocrx_word' id='word_1_1175' title='bbox 2130 3641 2174 3671; x_wconf 86' lang='lat' dir='ltr'>ad</span> <span class='ocrx_word' id='word_1_1176' title='bbox 2194 3642 2297 3681; x_wconf 87' lang='lat' dir='ltr'>ipsum</span> <span class='ocrx_word' id='word_1_1177' title='bbox 2312 3642 2407 3672; x_wconf 87' lang='lat' dir='ltr'>Pari-</span> 
     </span>
    </p>
   </div>
  </div>
 </body>
</html>
