2788 4204
333 224 402 259 116

325 310 374 334 est
398 301 609 334 determinata
629 300 668 333 ad
688 311 792 332 unum
813 300 1055 343 oppositorum,
1075 299 1143 330 sive
1167 306 1315 330 sumatur
1332 309 1390 341 op-

326 350 472 394 positum
492 348 742 382 contradictorie
761 349 829 380 sive
854 348 1024 380 contrarie.
1046 346 1145 379 Verbi
1165 347 1281 389 gratia:
1303 346 1390 379 calor

325 410 394 431 non
418 405 527 441 potest
551 396 722 429 calefacere
748 405 779 429 et
803 408 869 429 non
896 395 1080 435 calefacere,
1105 407 1187 439 quae
1212 403 1289 427 sunt
1313 407 1389 428 con-

326 446 510 479 tradictorie
528 445 690 489 opposita,
708 456 813 487 neque
830 453 939 487 potest
956 443 1128 476 calefacere
1145 451 1177 475 et
1192 442 1388 486 frigefacere,

326 507 409 539 quae
433 504 509 527 sunt
533 494 709 533 contraria,
738 492 794 525 sed
820 492 859 525 ad
884 492 1129 525 calefactionem
1154 491 1388 524 determinatus

325 552 383 576 est.
409 544 449 576 Et
472 543 535 575 hoc
560 541 703 583 intellige
727 551 784 583 per
807 551 852 579 se,
878 541 953 583 quia
977 551 1034 583 per
1057 539 1206 572 accidens
1232 540 1319 573 calor
1334 540 1388 573 fri-

325 591 470 635 gefacere
485 599 603 635 potest,
617 589 668 622 vel
681 588 875 621 resolvendo
890 589 1059 621 materiam
1073 587 1199 628 caloris,
1212 588 1387 622 humidum

326 640 458 679 scilicet,
474 639 526 671 vel
542 649 599 682 per
618 637 856 681 antiperistasin
874 637 1036 669 contrarii.
1058 637 1099 670 Et
1115 637 1263 670 similiter
1279 647 1389 681 potest

326 700 392 721 non
413 687 583 720 calefacere
608 697 664 729 per
684 684 844 724 accidens,
864 684 988 717 scilicet
1011 685 1037 717 si
1058 684 1266 718 calefactibile
1287 685 1386 719 deest.

326 737 475 770 Potentia
499 744 609 768 autem
633 733 798 767 rationalis
830 742 939 776 potest
963 734 997 766 in
1021 735 1174 777 opposita
1198 743 1230 766 et
1262 744 1387 768 contra-

326 784 460 818 dictorie
493 793 524 816 et
556 783 725 816 contrarie.
757 782 838 814 Arte
871 782 1032 826 siquidem
1065 782 1246 816 medicinae
1279 792 1388 826 potest

324 833 470 866 medicus
499 831 650 865 adhibere
679 831 822 864 remedia
850 840 882 864 et
910 842 977 863 non
1002 830 1170 871 adhibere,
1201 842 1283 874 quae
1312 840 1388 863 sunt

325 881 585 919 contradictoria;
610 890 642 913 et
661 880 814 913 adhibere
838 880 981 913 remedia
1005 891 1082 912 sana
1102 889 1134 912 et
1153 880 1279 919 nociva,
1305 891 1387 923 quae

324 939 400 964 sunt
432 930 633 963 contraria.—
652 928 802 962 Secunda
835 928 1014 961 differentia
1049 937 1096 961 est
1128 927 1217 972 quod
1241 929 1388 972 potentia

324 979 426 1012 activa
451 978 655 1017 irrationalis,
678 986 848 1021 praesente
879 989 992 1021 passo,
1017 978 1199 1010 necessario
1224 986 1387 1020 operatur,

324 1027 472 1060 deductis
496 1026 753 1069 impedimentis:
784 1026 871 1059 calor
890 1027 978 1059 enim
995 1025 1203 1059 calefactibile
1220 1026 1280 1058 sibi
1298 1038 1388 1069 prae-

324 1086 397 1107 sens
417 1074 562 1108 calefacit
578 1075 772 1114 necessario,
786 1075 812 1107 si
826 1074 907 1107 nihil
923 1074 1095 1118 impediat3
1115 1075 1262 1118 potentia
1278 1083 1387 1107 autem

324 1123 499 1164 rationalis,
513 1135 609 1167 passo
626 1132 805 1167 praesente,
819 1135 885 1156 non
906 1125 1088 1157 necessario
1106 1133 1273 1167 operatur:
1298 1135 1388 1167 prae-

324 1182 414 1206 sente
446 1172 608 1217 siquidem
640 1172 788 1213 infirmo‚
820 1184 887 1205 non
916 1173 1044 1216 cogitur
1068 1172 1214 1205 medicus
1246 1172 1388 1205 remedia

325 1221 486 1255 adhibere.
701 1232 707 1235 “

393 1281 420 1312 5.
446 1270 662 1303 Dimittantur
690 1279 800 1302 autem
832 1269 1058 1313 metaphysico
1092 1268 1207 1301 harum
1240 1267 1387 1301 differen-

325 1320 443 1352 tiarum
459 1319 601 1351 rationes
619 1327 651 1351 et
667 1318 707 1351 ad
725 1326 850 1351 textum
866 1317 1048 1350 redeamus.
1074 1317 1139 1350 Ubi
1156 1328 1288 1349 narrans
1305 1329 1388 1361 quo-

324 1367 426 1401 modo
451 1379 485 1400 se
509 1366 625 1399 habeat
648 1367 794 1410 potentia
819 1365 1012 1398 irrationalis
1037 1365 1077 1398 ad
1098 1367 1302 1409 oppositum,
1326 1367 1388 1400 ait:

324 1418 364 1451 Et
381 1417 517 1461 primum
540 1416 673 1460 quidem,
699 1415 832 1455 scilicet,
854 1427 922 1447 non
951 1424 1000 1447 est
1023 1427 1138 1448 verum
1167 1416 1273 1449 dicere
1298 1417 1387 1461 quod

325 1466 366 1497 sit
389 1465 536 1508 potentia
560 1464 599 1497 ad
624 1465 775 1508 opposita
800 1465 833 1496 in
850 1464 900 1496 his
916 1474 994 1507 quae
1012 1470 1137 1508 possunt
1153 1476 1212 1497 non
1227 1465 1388 1498 secundum

325 1514 492 1553 rationem,
525 1513 622 1553 idest,
642 1514 675 1546 in
704 1513 753 1545 his
778 1524 920 1556 quorum
945 1524 1042 1556 posse
1067 1522 1116 1545 est
1143 1525 1201 1557 per
1225 1515 1387 1557 potentias

324 1561 540 1601 irrationales;
554 1568 587 1594 ut
600 1562 676 1605 ignis
692 1561 881 1605 calefactivus
897 1567 949 1601 est,
963 1561 1057 1601 idest,
1071 1570 1188 1604 potens
1204 1562 1387 1604 calefacere,

324 1617 351 1644 et-
365 1611 450 1644 habet
463 1611 541 1650 vim,
560 1610 653 1650 idest,
671 1610 852 1654 potentiam
876 1610 971 1643 istam
994 1610 1212 1644 irrationalem.
1238 1612 1327 1654 Ignis
1347 1613 1388 1645 si-

325 1659 458 1704 quidem
482 1670 549 1692 non
573 1668 682 1703 potest
706 1658 911 1702 frigefacere;
940 1670 1046 1703 neque
1070 1659 1104 1691 in
1128 1659 1198 1692 eius
1227 1669 1388 1703 potestate

324 1717 372 1741 est
385 1707 557 1740 calefacere
577 1717 610 1741 et
625 1719 693 1740 non
710 1706 893 1740 calefacere.
911 1707 1015 1747 Quod
1033 1716 1142 1740 autern
1160 1707 1240 1741 dixit
1252 1710 1387 1753 primum

324 1756 484 1797 ordinem,
501 1765 590 1796 nota,
608 1755 647 1788 ad
664 1755 847 1788 secundum
868 1766 972 1798 genus
990 1755 1154 1799 possibilis
1182 1755 1263 1789 infra
1281 1757 1388 1790 dicen-

325 1805 419 1846 dum,
443 1806 476 1838 in
493 1817 560 1850 quo
577 1805 675 1838 etiam
692 1816 758 1837 non
776 1804 941 1836 invenitur
958 1804 1105 1847 potentia
1123 1803 1162 1837 ad
1180 1806 1342 1848 opposita.

391 1856 421 1887 6.
447 1852 619 1893 Secundo,
647 1852 831 1885 manifestat
855 1852 1026 1896 quomodo
1051 1853 1198 1896 potentia
1221 1853 1388 1886 rationalis

325 1915 359 1936 se
375 1902 491 1935 habeat
510 1901 550 1935 ad
567 1902 730 1945 opposita,
751 1899 924 1933 intendens
942 1900 1031 1944 quod
1055 1901 1202 1944 potentia
1222 1901 1387 1934 rationalis

325 1959 435 1996 potest
450 1951 483 1983 in
501 1951 662 1994 opposita.
689 1949 786 1982 Unde
803 1948 929 1982 subdit:
954 1949 1034 1992 Ergo
1053 1956 1209 1994 potestates
1228 1950 1389 1983 secundum

325 2001 486 2039 rationem,
517 1998 600 2032 idest
623 1997 807 2038 rationales,
830 1998 910 2042 ipsae
933 1997 1048 2030 eaedem
1063 2004 1134 2030 sunt
1155 1999 1386 2038 contrariorum,

325 2061 393 2082 non
412 2047 520 2081 solum
538 2047 691 2086 duorum,
705 2046 761 2079 sed
781 2046 879 2079 etiam
897 2045 1127 2089 plurimorum,
1144 2055 1180 2079 ut
1204 2056 1270 2080 arte
1287 2047 1388 2080 medi-

326 2099 416 2132 cinae
432 2096 579 2130 medicus
593 2094 733 2139 plurima
750 2095 826 2138 iuga
844 2095 1082 2127 contrariorum
1100 2094 1252 2128 adhibere
1269 2104 1388 2139 potest,

325 2155 357 2179 et
388 2158 406 2179 a
430 2145 607 2179 multarum
632 2144 862 2187 operationum
887 2143 1199 2176 contradictionibus
1229 2143 1388 2178 abstinere

326 2203 444 2237 potest.
462 2193 656 2237 Praeposuit
671 2201 781 2225 autem
797 2190 832 2236 ly
846 2203 925 2235 ergo,
939 2200 975 2224 ut
992 2190 1055 2224 hoc
1073 2193 1230 2236 consequi
1243 2204 1282 2225 ex
1294 2192 1388 2226 dictis

325 2244 518 2276 insinuaret:
536 2254 612 2275 cum
629 2242 717 2274 enim
734 2241 966 2284 oppositorum
983 2241 1155 2284 oppositae
1169 2241 1234 2273 sint
1246 2242 1390 2285 proprie-

326 2301 422 2332 tates,
447 2301 479 2325 et
502 2291 648 2335 potentia
672 2290 866 2323 irrationalis
891 2301 930 2322 ex
954 2301 994 2322 eo
1021 2288 1111 2333 quod
1135 2289 1329 2323 irrationalis
1349 2290 1388 2324 ad

326 2342 478 2385 opposita
502 2351 569 2373 non
594 2351 628 2372 se
651 2338 817 2379 extendat;
842 2347 974 2382 oportet
994 2338 1175 2382 potentiam
1196 2338 1388 2371 rationalem

327 2390 367 2423 ad
391 2390 543 2433 opposita
560 2390 646 2422 viam
671 2388 802 2427 habere,
827 2399 868 2420 eo
889 2386 978 2431 quod
999 2387 1165 2420 rationalis
1185 2387 1236 2420 sit.

393 2449 423 2481 7.
448 2438 581 2478 Tertio,
612 2437 761 2481 explanat
785 2436 818 2469 id
843 2435 932 2480 quod
958 2435 1038 2469 dixit
1062 2435 1102 2469 de
1131 2436 1286 2479 potentiis
1310 2436 1388 2469 irra-

327 2486 512 2526 tionalibuS,
530 2495 664 2530 propter
680 2496 811 2518 causam
832 2484 913 2517 infra
937 2483 1165 2527 assignandam
1185 2483 1223 2517 ab
1241 2485 1334 2528 ipso;
1358 2493 1390 2517 et

327 2535 466 2569 intendit
490 2534 580 2579 quod
611 2533 691 2567 illud
716 2533 806 2578 quod
835 2533 914 2566 dixit
939 2532 978 2566 de
1010 2533 1156 2576 potentia
1188 2533 1388 2572 irrationali,

328 2584 450 2618 scilicet
466 2583 555 2628 quod
573 2595 640 2616 non
658 2591 766 2626 potest
789 2583 823 2614 in
840 2582 1007 2625 opposita,
1032 2592 1100 2614 non
1119 2589 1168 2614 est
1186 2593 1301 2614 verum
1318 2582 1389 2614 uni-

327 2632 511 2673 versaliter,
539 2631 596 2666 sed
629 2631 905 2676 particulariter.-
924 2630 989 2663 Ubi
1017 2638 1094 2662 nota
1122 2626 1211 2673 quod
1242 2630 1389 2672 potentia

328 2682 520 2715 irrationalis
539 2680 693 2714 dividitur
713 2681 746 2713 in
766 2679 947 2724 potentiam
967 2678 1117 2718 activam,
1134 2689 1217 2722 quae
1237 2686 1286 2710 est
1302 2678 1389 2721 prin-

329 2732 452 2775 cipium
475 2729 624 2769 faciendi,
649 2737 681 2762 et
707 2727 889 2772 potentiam
913 2727 1086 2770 passivam,
1103 2737 1186 2770 quae
1203 2734 1252 2758 est
1271 2725 1389 2768 princi-

329 2781 420 2824 pium
438 2778 598 2823 patiendi:
619 2777 708 2811 verbi
720 2777 832 2821 gratia,
845 2776 992 2820 potentia
1011 2774 1051 2808 ad
1071 2774 1214 2808 calorem
1231 2773 1387 2807 dividitur

1076 223 1193 258 PERI
1225 222 1571 259 HERMENEIAS
1602 224 1695 260 LIB.
1727 226 1757 260 II

1446 299 1479 331 in
1496 311 1594 342 posse
1612 300 1796 341 calefacere,
1814 310 1845 334 et
1861 302 1893 334 in
1915 314 2011 345 posse
2034 302 2181 335 calefieri.
2200 303 2236 335 In
2259 303 2415 346 potentiis
2432 303 2512 336 acti-

1445 348 1494 380 vis
1510 348 1749 381 irrationalibus
1762 361 1877 382 verum
1891 359 1939 382 est
1956 350 2045 394 quod
2060 362 2127 383 non
2144 359 2284 393 possunt
2296 351 2330 383 in
2345 352 2510 395 opposita,

1445 405 1482 428 ut
1499 396 1697 431 declaratum
1722 406 1789 438 est;
1821 399 1853 431 in
1886 400 2042 442 potentiis
2067 408 2177 432 autem
2208 400 2344 443 passivis
2369 411 2437 432 non
2461 409 2511 432 est

1444 456 1569 478 verum.
1595 445 1679 479 Illud
1696 447 1784 479 enim
1801 447 1891 491 quod
1915 457 2024 491 potest
2048 447 2196 488 calefieri,
2217 457 2326 491 potest
2341 449 2439 480 etiam
2456 447 2509 480 fri-

1444 492 1565 536 gefieri,
1583 495 1658 538 quia
1676 495 1789 528 eadem
1807 504 1856 528 est
1871 497 2020 535 materia,
2045 508 2101 528 seu
2119 497 2266 539 potentia
2285 496 2414 539 passiva
2431 507 2510 529 con-

1445 543 1616 575 trariorum
1630 569 1639 582 ,
1671 551 1708 575 ut
1731 542 1849 575 dicitur
1876 544 1910 576 in
1935 545 1967 577 II
1990 544 2038 576 De
2061 544 2139 577 caelo
2159 551 2184 577 et
2200 545 2323 585 mundo,
2350 554 2382 578 et
2401 553 2511 589 potest

1444 603 1511 624 non
1536 590 1685 630 calefieri,
1708 591 1783 634 quia
1807 591 1895 624 idem
1911 600 1960 624 est
1977 591 2159 625 subiectum
2184 594 2376 636 privationis
2396 601 2428 625 et
2443 591 2509 625 for-

1444 650 1526 679 mae,
1551 647 1588 671 ut
1612 639 1730 672 dicitur
1753 639 1787 671 in
1812 640 1826 672 Ι
1848 639 1961 684 Physic.
1987 641 2028 673 Et
2052 649 2186 684 propter
2209 641 2273 674 hoc
2295 653 2373 685 ergo
2398 642 2507 686 expla-

1444 688 1564 727 nando,
1588 688 1647 720 ait:
1675 687 1873 721 Irrationales
1899 700 1967 722 vero
1990 690 2138 733 potentiae
2161 701 2220 722 non
2244 701 2343 723 omnes
2370 701 2387 722 a
2412 703 2509 734 posse

1444 736 1478 768 in
1495 736 1648 779 opposita
1665 735 1794 768 excludi
1811 736 2039 779 intelligendae
2056 746 2143 777 sunt,
2160 737 2217 770 sed
2237 737 2310 770 illae
2331 751 2414 782 quae
2431 749 2508 772 sunt

1445 783 1728 829 quemadmodum
1756 785 1903 827 potentia
1932 785 2016 827 ignis
2046 784 2232 818 calefactiva
2256 786 2391 830 (ignem
2420 789 2507 821 enim

1444 845 1512 866 non
1537 844 1634 876 posse
1654 843 1721 865 non
1742 832 1915 865 calefacere
1939 832 2150 865 manifestum
2174 834 2249 878 est),
2269 844 2302 867 et
2322 836 2509 869 universali-

1444 891 1508 921 ter,
1533 893 1748 925 quaecunque
1780 881 1840 914 alia
1864 890 1940 914 sunt
1965 881 2037 914 talis
2061 883 2242 925 potentiae,
2266 883 2356 927 quod
2380 895 2510 928 semper

1444 939 1555 974 agunt,
1579 930 1664 963 idest
1688 929 1778 973 quod
1803 938 1963 973 quantum
1987 938 2035 962 est
2059 942 2098 962 ex
2122 942 2156 963 se
2181 942 2246 963 non
2276 940 2415 975 possunt
2441 944 2508 966 non

1444 990 1553 1022 agere,
1581 978 1638 1011 sed
1666 977 1705 1010 ad
1735 989 1864 1021 semper
1889 977 2053 1021 agendum
2083 990 2122 1010 ex
2150 990 2208 1011 sua
2236 978 2340 1012 forma
2368 982 2509 1014 necessi-

1444 1036 1562 1061 tantur.
1589 1026 1790 1060 Huiusmodi
1815 1035 1925 1059 autem
1954 1035 2040 1067 sunt,
2061 1035 2097 1059 ut
2121 1026 2368 1069 declaravimus,
2393 1041 2508 1064 omnes

1444 1077 1610 1120 potentiae
1639 1076 1762 1108 activae
1790 1075 2002 1108 irrationales.
2032 1075 2106 1108 Alia
2129 1087 2207 1109 vero
2232 1086 2309 1110 sunt
2333 1077 2405 1111 talis
2430 1089 2508 1111 con-

1445 1126 1578 1159 ditionis
1612 1123 1702 1168 quod
1743 1125 1841 1157 etiam
1873 1123 2056 1157 secundum
2091 1125 2293 1158 irrationales
2323 1127 2508 1169 potentias,

1444 1174 1567 1207 scilicet
1583 1174 1738 1217 passivaS,
1763 1172 1860 1205 simul
1885 1181 2024 1215 possunt
2048 1173 2081 1205 in
2099 1173 2260 1217 quaedam
2284 1175 2447 1218 opposita,
2473 1184 2508 1208 ut

1444 1234 1498 1256 aer
1522 1230 1630 1265 potest
1654 1220 1791 1254 calefieri
1816 1230 1848 1253 et
1871 1220 2031 1263 frigefieri.

1513 1269 1617 1310 Quod
1636 1280 1714 1302 vero
1739 1269 1793 1308 ait,
1816 1269 1919 1308 simul,
1946 1268 2032 1301 cadit
2055 1280 2154 1312 supra
2175 1268 2208 1313 ly
2227 1275 2364 1314 possunt,
2386 1279 2418 1303 et
2441 1282 2508 1304 non

1445 1330 1542 1363 supra
1558 1318 1593 1364 ly
1613 1318 1745 1363 opposita
1750 1329 1764 1357 ;
1781 1326 1813 1350 et
1828 1326 1877 1350 est
1901 1328 2027 1357 sensuS‚
2044 1317 2134 1361 quod
2154 1318 2253 1351 simul
2273 1318 2395 1363 aliquid
2412 1319 2509 1353 habet

1445 1368 1627 1411 potentiam
1652 1367 1815 1410 passivam
1844 1365 1883 1399 ad
1912 1375 2077 1410 utrunque
2102 1367 2352 1410 oppositorum,
2384 1377 2416 1400 et
2439 1379 2508 1401 non

1445 1414 1534 1460 quod
1559 1415 1676 1447 habeat
1699 1415 1880 1458 potentiam
1905 1415 2068 1458 passivam
2088 1414 2127 1447 ad
2148 1424 2312 1459 utrunque
2338 1417 2508 1459 opposito-

1444 1475 1518 1496 rum
1535 1462 1634 1496 simul
1658 1462 1855 1495 habendum.
1881 1463 2047 1507 Opposita
2072 1475 2213 1508 namque
2233 1464 2436 1508 impossibile
2459 1473 2509 1498 est

1444 1511 1554 1545 haberi
1571 1511 1679 1544 simul.
1705 1510 1803 1544 Unde
1819 1520 1851 1544 et
1868 1511 1933 1544 dici
1956 1511 2040 1544 solet
2055 1521 2087 1545 et
2103 1511 2203 1552 bene,
2232 1512 2323 1556 quod
2341 1514 2374 1546 in
2395 1513 2508 1547 huius-

1443 1560 1535 1593 modi
1553 1568 1602 1592 est
1618 1559 1767 1592 simultas
1787 1560 1964 1603 potentiae,
1979 1571 2047 1593 non
2064 1561 2211 1603 potentia
2227 1561 2410 1596 simultatis,
2427 1563 2508 1596 Irra-

1443 1609 1574 1643 tionalis
1592 1609 1692 1652 igitur
1710 1608 1858 1652 potentia
1874 1619 1942 1641 non
1962 1607 2144 1641 secundum
2165 1617 2272 1641 totum
2292 1620 2390 1643 suum
2407 1610 2508 1644 ambi-

1443 1667 1514 1691 tum
1533 1669 1551 1690 a
1567 1669 1665 1702 posse
1681 1658 1714 1689 in
1727 1657 1885 1700 opposita
1901 1655 2094 1696 excluditur,
2107 1655 2164 1689 sed
2181 1656 2364 1691 secundum
2382 1668 2508 1702 partem

1443 1707 1527 1747 eius,
1553 1706 1735 1739 secundum
1760 1705 1922 1748 potentias
1946 1704 2070 1738 scilicet
2093 1705 2224 1738 activas.

1510 1756 1540 1788 8.
1567 1755 1657 1795 Quia
1674 1763 1783 1787 autem
1802 1753 1972 1787 videbatur
1993 1752 2157 1797 superflue
2178 1753 2341 1787 addidisse
2358 1754 2508 1789 differen-

1443 1804 1503 1836 tias
1520 1804 1603 1837 inter
1622 1803 1742 1836 activas
1762 1810 1794 1834 et
1806 1803 1950 1846 passivas
1966 1801 2178 1842 irrationales,
2195 1802 2270 1846 quia
2286 1811 2335 1836 sat
2350 1813 2418 1838 erat
2433 1818 2508 1851 pro-

1444 1853 1554 1897 posito
1579 1850 1761 1885 ostendisse
1778 1849 1868 1895 quod
1893 1861 1960 1883 non
1985 1850 2094 1882 omnis
2111 1851 2258 1893 potentia
2274 1853 2507 1895 oppositorum

1443 1910 1510 1941 est;
1534 1900 1609 1934 ideo
1633 1899 1743 1933 subdit
1759 1898 1849 1943 quod
1874 1898 1937 1932 hoc
1954 1898 2076 1932 idcirco
2100 1898 2226 1932 dictum
2249 1908 2310 1940 est,
2334 1909 2371 1933 ut
2389 1911 2507 1936 notum

1443 1949 1499 1983 fiat
1514 1950 1671 1994 quoniam
1687 1948 1811 1981 nedum
1828 1959 1896 1980 non
1913 1948 2021 1980 omnis
2042 1955 2186 1990 potestas
2203 1948 2436 1992 oppositorum
2448 1960 2507 1991 est,

1443 1998 1612 2043 loquendo
1629 1997 1669 2031 de
1685 1997 1832 2041 potentia
1849 1996 2129 2036 communissime‚
2146 1995 2203 2028 sed
2220 2007 2327 2040 neque
2344 2009 2508 2041 quaecun-

1444 2060 1508 2092 que
1529 2046 1694 2091 potentiae
1723 2045 1877 2078 dicuntur
1911 2043 2093 2078 secundum
2122 2044 2271 2077 eamdem
2299 2046 2444 2088 speciem
2467 2048 2508 2082 ad

1444 2096 1597 2140 opposita
1614 2102 1762 2138 possunt.
1788 2093 1958 2126 Potentiae
1982 2092 2146 2136 siquidem
2166 2092 2368 2126 irrationales
2392 2105 2508 2129 omnes

1444 2144 1508 2178 sub
1525 2155 1590 2177 una
1606 2143 1714 2188 specie
1733 2141 1927 2175 irrationalis
1952 2141 2117 2185 potentiae
2142 2140 2395 2182 concluduntur,
2415 2151 2511 2182 et-ta·

1444 2204 1520 2226 men
1540 2204 1608 2226 non
1624 2202 1739 2225 omnes
1757 2191 1790 2223 in
1808 2190 1961 2234 opposita
1978 2198 2128 2234 possunt,
2144 2188 2201 2223 sed
2218 2189 2346 2233 passive
2369 2196 2507 2226 tantum.

1443 2243 1523 2277 Non
1540 2250 1779 2284 supervacanea
1802 2250 1881 2282 ergo
1905 2237 1967 2271 fuit
1993 2237 2174 2271 differentia
2197 2238 2282 2270 inter
2304 2239 2448 2282 passivas
2475 2248 2510 2273 et

1445 2291 1564 2324 activas
1579 2287 1796 2327 irrationales,
1820 2286 1877 2319 sed
1902 2286 2081 2319 necessaria
2106 2284 2146 2318 ad
2170 2285 2401 2319 declarandum
2417 2286 2508 2331 quod

1445 2351 1512 2373 non
1525 2349 1641 2372 omnes
1657 2337 1823 2380 potentiae
1838 2334 1987 2368 eiusdem
2003 2334 2124 2378 speciei
2141 2342 2282 2378 possunt
2298 2335 2331 2367 in
2344 2335 2508 2379 opposita.

1445 2389 1559 2421 Potest
1571 2395 1603 2419 et
1611 2385 1645 2430 ly
1658 2385 1709 2419 hoc
1725 2385 1948 2418 demonstrare
1962 2392 2122 2427 utranque
2139 2382 2366 2423 differentiam,
2376 2383 2509 2424 scilicet,

1445 2437 1529 2470 inter
1541 2434 1715 2468 rationales
1728 2442 1760 2467 et
1773 2432 2022 2473 irrationales,et
2035 2433 2119 2465 inter
2131 2431 2333 2465 irrationales
2346 2432 2467 2465 activas
2476 2440 2522 2465 et.

1445 2485 1589 2529 passivas
1603 2484 1686 2516 inter
1699 2491 1745 2521 se;
1757 2490 1790 2515 et
1803 2490 1880 2514 tunc
1894 2490 1942 2514 est
1955 2492 2081 2520 sensus,
2091 2479 2181 2524 quod
2195 2479 2258 2513 hoc
2272 2481 2348 2514 ideo
2361 2480 2510 2521 fecimus,

1445 2542 1482 2566 ut
1502 2527 1754 2565 'ostenderemus
1774 2529 1864 2574 quod
1889 2540 1956 2562 non
1980 2529 2088 2562 omnis
2109 2536 2265 2571 potestas,
2282 2540 2366 2573 quae
2385 2527 2510 2561 scilicet

1445 2579 1627 2614 secundum
1651 2578 1801 2612 eamdem
1825 2578 1986 2610 rationem
2010 2577 2175 2620 potentiae
2200 2576 2355 2620 physicae
2379 2575 2508 2616 dicitur,

1445 2630 1521 2674 quia
1545 2627 1668 2661 scilicet
1691 2635 1801 2670 potest
1824 2627 1857 2658 in
1882 2625 2004 2669 aliquid
2022 2634 2058 2658 ut
2074 2624 2239 2657 rationalis
2256 2633 2288 2658 et
2304 2622 2509 2663 irrationalis,

1445 2687 1551 2720 neque
1575 2676 1672 2708 etiam
1697 2675 1806 2707 omnis
1823 2682 1978 2717 potestaS,
1995 2684 2078 2717 quae
2095 2672 2155 2706 sub
2175 2672 2289 2706 eadem
2306 2672 2414 2716 specie
2431 2682 2509 2704 con-

1444 2725 1575 2763 tinetur,
1600 2732 1636 2756 ut
1664 2721 1858 2755 irrationalis
1883 2722 1986 2754 activa
2013 2729 2046 2754 et
2069 2721 2197 2765 passiva
2221 2720 2281 2753 sub
2305 2720 2413 2764 specie
2434 2719 2511 2752 irra-

1444 2771 1585 2811 tionalis,
1609 2770 1649 2804 ad
1673 2771 1826 2814 opposita
1851 2778 1968 2814 potest.
