2548 4192
265 349 357 379 Finis
383 347 624 379 Commentarii.

208 437 312 469 «Ecce
322 446 384 478 ego
392 435 552 467 vobiscum
562 444 634 465 sum
642 440 701 464 etc.

183 481 246 513 Hic
260 480 418 522 promittit
431 479 596 510 auxilium.
613 478 700 516 Qua-

183 536 216 558 re
234 525 406 566 respondet
430 523 624 556 dicentibus:
646 522 700 553 Tu

184 570 316 602 mandas
353 569 444 610 quod
467 569 640 599 doceamus
663 576 700 597 o-

184 621 286 653 mnes;
296 623 364 644 non
379 623 492 644 sumus
502 611 703 643 sufficientes.

183 660 259 690 Non
279 658 426 697 timeatis,
445 658 522 699 quia
537 667 598 698 ego
619 656 704 687 vobi-

184 713 274 735 scum
293 713 411 734 sum....
426 702 574 733 omnibus
592 701 704 732 diebus

186 757 288 789 usque
315 747 359 779 ad
395 747 702 778 consummationem

184 792 317 824 saeculi.
328 793 404 823 Non
413 791 458 822 sic
468 790 554 829 dicit,
562 797 598 821 ut
608 790 699 831 quasi

184 843 259 878 post
281 846 349 867 non
372 836 412 868 sit
432 835 618 873 nobiscum,
643 834 703 865 nisi

185 891 288 922 usque
317 881 357 911 ad
388 879 703 912 consummationem

923 265 978 301 IN
1010 265 1049 300 S.
1071 264 1315 300 THOMAM
1343 264 1669 311 AQUINATEM

825 344 917 375 Finis
943 343 1184 374 Commentarii.

797 446 812 461 «
825 433 910 463 Ecce
924 442 986 473 ego
1001 432 1161 463 vobiscum
1181 438 1267 469 sum,·

748 487 823 508 cum
842 477 911 517 ipse
930 475 1136 517 corporaliter
1150 475 1183 506 in
1199 485 1266 506 cae-

747 522 817 552 lum
836 518 1023 552 ascenderit?
1038 521 1133 561 Resp.
1151 520 1267 551 Intelli-

746 566 890 607 gendum
904 572 968 604 est,
992 565 1082 606 quod
1102 565 1265 596 nobiscum

751 616 799 642 est
822 620 923 651 usque
947 610 992 640 ad
1019 610 1267 640 consummatio-

752 665 823 686 nem
852 655 978 686 saeculi
1006 654 1040 685 in
1063 654 1267 685 Sacramento

748 699 863 731 altaris.
892 699 972 737 Vel,
997 699 1176 730 secundum
1191 699 1267 729 Ber-

750 744 897 782 nardum,
904 743 990 775 dicit:
1008 743 1170 774 Vobiscum
1181 753 1265 781 sum,

745 795 904 831 quantum
955 789 996 819 ad
1042 787 1240 819 divinitatem
1254 811 1264 826 ‚

750 833 917 865 auxiliator
946 833 980 863 in
1009 832 1267 864 tribulationibus

749 888 875 919 semper
892 877 1020 909 vestn's:
1036 884 1067 908 et
1081 887 1150 916 VOS,
1170 876 1267 908 finitis

748 923 927 962 laboribus,
947 932 1077 953 mecum
1097 921 1267 962 regnabitis

750 968 818 999 sine
843 967 907 998 fine
930 977 987 1008 per
1009 966 1133 998 infinita
1158 976 1266 997 saecu-

748 1013 856 1043 lorum
880 1011 1014 1042 saecula.
1029 1024 1044 1039 υ

185 925 318 965 saeculi;
333 926 389 956 sed
403 925 479 966 quia
493 931 570 956 tunc
584 924 703 955 erimus

185 980 243 1011 per
257 969 571 1002 consummationem
585 969 619 999 in
634 969 703 1009 glo-

185 1015 278 1046 ria...
302 1014 410 1056 Usque
431 1014 475 1045 ad
499 1023 702 1045 consumma-

186 1060 303 1091 tionem
322 1059 446 1091 saeculi
451 1067 464 1096 ;
486 1058 578 1100 quasi
602 1058 703 1089 dicat:

186 1103 356 1135 Generatio
366 1103 512 1134 fidelium
521 1102 635 1134 fortior
644 1109 702 1140 est,

148 1183 151 1186 Α
186 1158 286 1190 quam
297 1148 450 1179 mundus:
466 1157 532 1178 non
546 1147 632 1177 enim
647 1157 702 1187 pe-

185 1193 260 1225 ribit
287 1192 430 1223 mundus
461 1192 564 1226 donec
593 1191 704 1222 omnia

184 1236 279 1276 fiant,
302 1237 384 1268 idest
401 1236 542 1267 Ecclesia
558 1235 703 1266 fidelium

186 1287 439 1319 consummetur,
455 1287 486 1312 et
504 1280 705 1321 compleatur

185 1326 536 1367 numeruselectorum
550 1335 569 1356 a
582 1325 653 1356 Deo
667 1324 701 1355 in

184 1367 284 1403 vitam
294 1377 466 1408 aeternam,
475 1370 527 1401 cui
537 1377 584 1401 est
596 1369 703 1400 honor

184 1421 216 1449 et
229 1422 370 1457 potestas
387 1424 444 1456 per
457 1414 581 1445 infinita
595 1423 701 1445 saecu-

182 1459 292 1493 lorum
315 1460 450 1492 saecula.
474 1461 590 1490 Arnen.
610 1472 624 1487 »

246 1550 365 1590 ,Longe
383 1548 510 1590 lateque
529 1559 565 1580 ac
580 1547 716 1579 omnino
732 1546 893 1577 diversum
911 1546 994 1578 Petri
1014 1546 1162 1586 Scaligeri
1177 1556 1266 1578 com-

185 1593 379 1629 menmium
402 1595 435 1624 in
459 1594 662 1625 Matthaeum
682 1601 780 1622 nemo
811 1601 878 1622 non
901 1591 987 1622 videt
1013 1592 1052 1622 ab
1076 1591 1140 1622 alio
1165 1591 1266 1622 Com-

185 1638 361 1678 mentario,
391 1648 490 1679 quem
521 1638 580 1669 sub
611 1637 744 1668 nomine
775 1636 839 1666 divi
863 1636 1011 1667 Thomae
1039 1636 1073 1666 in
1101 1635 1266 1667 codicibus

186 1693 263 1715 mss.
287 1683 455 1714 inventum
474 1682 608 1723 protulit
626 1682 659 1712 in
678 1682 785 1712 lucem
803 1681 1069 1712 Bartholomaeus
1092 1681 1132 1711 de
1156 1680 1264 1721 Spina.

185 1730 254 1760 Aut
276 1737 351 1768 ergo
381 1727 533 1768 deceptus
555 1726 728 1765 Vielmius,
762 1732 874 1766 utpote
904 1725 1091 1757 adolescens
1119 1726 1266 1766 adeoque

167 1771 335 1804 'nondum
348 1772 383 1803 in
397 1779 567 1803 auctorum
580 1771 718 1802 lectione
736 1777 893 1807 versatuS,
918 1777 955 1801 ut
969 1770 1126 1801 coniectat
1148 1770 1266 1800 Echar-

186 1817 258 1856 dus,
271 1816 328 1860 fr.
342 1817 474 1848 Petrum
497 1817 538 1847 de
560 1816 658 1847 Scala
682 1815 715 1846 in
738 1815 801 1845 illis
825 1814 1100 1855 quaternionibus,
1125 1824 1209 1855 quos
1232 1814 1266 1845 in

185 1861 362 1896 Veronensi
381 1860 600 1892 s.Anastasiae
622 1860 813 1891 bibliotheca
836 1859 968 1898 invenit,
984 1859 1060 1900 legit
1083 1859 1266 1900 accepitque

185 1915 247 1947 pro
268 1905 324 1948 sr.
347 1906 444 1936 Petro
473 1905 514 1936 de
541 1905 687 1943 Andria,
716 1914 815 1946 quem
844 1904 994 1935 dictatam
1024 1914 1041 1935 e
1070 1910 1220 1944 suggestu
1249 1914 1267 1934 a

185 1949 261 1982 divo
284 1949 415 1981 Thoma
434 1950 679 1991 Expositionem
703 1950 735 1979 in
755 1949 959 1980 Matthaeum
984 1955 1160 1990 reportasse
1183 1948 1265 1979 litte-

185 1994 291 2037 risque
315 1994 473 2036 excepisse
504 1995 646 2036 produnt
675 2000 815 2032 veteres;
844 1993 895 2024 vel
918 1994 1014 2024 etiam
1042 1993 1267 2034 quaterniones

185 2049 262 2072 mss.
281 2049 388 2070 revera
412 2039 692 2071 Commentarium
716 2049 740 2069 s.
760 2039 908 2069 Thomae
928 2038 1191 2079 complectentes,
1211 2038 1266 2069 sed

185 2083 266 2116 falso
289 2084 373 2116 Petri
397 2084 545 2125 Scaligeri
569 2083 701 2115 nomine
715 2083 884 2124 inscriptos
908 2090 1019 2114 nactus
1041 2083 1151 2114 fuerit:
1177 2092 1266 2123 prae-

185 2129 398 2170 termissoque
430 2129 603 2160 maturiore
633 2128 794 2167 examine,
828 2127 959 2159 iuvenili
988 2135 1106 2159 tractus
1135 2127 1265 2166 ardore,

185 2173 417 2215 postulandum
435 2173 619 2214 repetundis
633 2173 790 2204 censuerit
803 2173 1088 2204 Bartholomaeum
1103 2172 1142 2203 de
1157 2172 1266 2213 Spina,

186 2217 331 2250 eiusdem
354 2217 586 2250 Commentarii
610 2218 753 2259 primum
777 2217 942 2248 editorem.
966 2217 1145 2248 Audaciam
1164 2217 1265 2247 modo

184 2262 256 2305 quis
286 2273 354 2294 non
377 2263 551 2294 admiretur
578 2262 661 2294 Petri
685 2273 703 2293 a
726 2262 816 2294 Valle
841 2261 976 2301 Clausa,
1006 2272 1062 2293 seu
1091 2261 1266 2302 Theophili

183 2307 372 2349 Raynaudi‚
390 2307 446 2349 qui
474 2307 616 2338 Diatriba
640 2307 666 2338 11
691 2307 730 2338 de
762 2307 966 2338 immunitate
992 2306 1193 2338 Ciriacorum
1222 2306 1266 2337 sic

182 2351 292 2384 habet:
320 2352 373 2383 De
404 2352 644 2384 Commentario
674 2352 764 2382 Petri
793 2350 971 2394 (Scaligeri)
1009 2351 1199 2382 Veronensis
1232 2353 1264 2382 in

184 2397 387 2428 Matthaeum
419 2397 476 2428 abs
505 2407 540 2428 se
561 2398 707 2438 primum
733 2397 887 2438 vulgato,
918 2402 948 2428 et
971 2397 1091 2437 absque
1114 2397 1183 2427 veri
1206 2406 1264 2427 au—

184 2442 282 2473 ctoris
313 2443 520 2483 ignoratione
549 2442 712 2482 supposito
743 2447 855 2472 sancto
884 2442 1043 2478 Thomae,
1072 2440 1192 2481 fassus
1218 2446 1264 2471 est

183 2485 392 2527 Hieronymo
429 2486 560 2517 Vielmio
597 2486 869 2517 Bartholomaeus
905 2485 1016 2526 Spina.
1049 2485 1265 2525 Imposturam

185 2529 297 2562 recinit
315 2530 457 2561 Diatriba
475 2531 537 2562 VI:
562 2530 781 2561 Intrusionem
804 2530 1038 2560 Commentarii
1056 2530 1145 2560 Petri
1170 2529 1264 2560 Vero-

186 2575 295 2607 nensis
325 2575 358 2605 in
382 2575 586 2606 Matthaeum
611 2576 696 2605 inter
727 2574 834 2616 Opera
863 2584 888 2605 s.
910 2575 1070 2612 Thomae,
1096 2574 1264 2615 inquiens,

178 2619 308 2660 factam
333 2620 491 2650 malitiose
510 2630 530 2650 a
549 2620 800 2650 Bartholomaeo
815 2619 916 2660 Spina
935 2620 1086 2659 superius
1108 2619 1206 2660 attigi
1224 2629 1266 2650 ex

191 2663 322 2695 Vielmio
350 2663 471 2705 Spinae
498 2664 665 2704 discipulo.
690 2664 850 2705 Equidem
873 2675 892 2694 a
923 2663 1059 2694 Vielmio
1083 2663 1266 2704 repetundis

185 2708 385 2750 postulatum
417 2708 550 2749 Spinam
579 2719 615 2739 ex
639 2708 711 2749 ipso
739 2708 878 2740 Vielmio
902 2708 1071 2739 novimus:
1096 2715 1127 2739 at
1147 2708 1265 2739 crimen

186 2753 435 2795 repetundarum
449 2753 571 2784 fassum
585 2763 652 2784 esse
673 2753 806 2794 Spinam
827 2753 942 2784 delirae
962 2753 1077 2784 mentis
1101 2753 1266 2784 somnium

186 2804 243 2837 est,
267 2807 303 2829 ac
325 2798 410 2829 Petri
433 2798 472 2829 de
495 2798 586 2830 Valle
610 2798 727 2829 Clausa
755 2805 862 2839 aperta
885 2798 1055 2829 calumnia.

584 2891 783 2929 CAPUT
822 2893 872 2928 ΙΙ.

188 2970 314 3004 Elogium
331 2971 525 2997 Banholomaei
539 2972 642 3005 Spinae,
657 2973 730 3005 quod
749 2972 819 3004 apud
833 2971 982 2996 Echardum
996 2975 1104 3004 prostat,
1121 2976 1226 2996 auctum
1241 2976 1268 2996 et

261 3012 415 3032 correctum.
435 3007 522 3032 Prima
540 3008 597 3033 eius
621 3007 810 3040 nuncupatoria
828 3007 947 3040 Epistola
966 3008 997 3032 ad
1017 3007 1184 3032 Dominicum
1208 3007 1266 3032 Gri-

261 3049 378 3073 manum,
402 3050 463 3068 cum
482 3043 759 3068 animadversionibus.
778 3043 868 3068 Altera
891 3043 923 3068 ad
947 3042 1076 3067 Marinum
1101 3043 1265 3074 Grimanum,

261 3077 379 3110 itemque
397 3078 646 3104 animadversiones.

190 3150 213 3181 I.
237 3141 290 3222 In
321 3155 392 3179 tuto
415 3148 481 3179 iam
512 3149 617 3189 posita
639 3150 758 3180 laudati
789 3150 917 3190 Spinaei
941 3149 1021 3188 fide,
1053 3150 1112 3181 sibi
1144 3157 1267 3182 constat

270 3193 365 3224 etiam
389 3192 472 3223 edita
490 3203 547 3233 per
569 3193 678 3234 ipsum
696 3195 755 3225 sub
779 3194 911 3225 nomine
926 3195 1074 3225 Thomae
1096 3195 1266 3236 Aquinatis

189 3238 357 3279 Expositio
377 3238 409 3268 in
433 3238 655 3276 Matthaeum3
678 3239 790 3269 eadem
811 3239 910 3270 dubio
934 3239 1059 3285 procul,
1088 3250 1187 3280 quarn
1211 3250 1266 3270 an-

189 3283 271 3325 tiqui
301 3289 394 3313 testes
425 3281 649 3313 meminerunt.
679 3283 728 3313 De
750 3283 819 3313 viro
851 3283 1121 3324 praestantissimo
1152 3284 1266 3314 addere

189 3328 252 3359 hoc
279 3327 353 3358 loco
382 3337 484 3367 pauca
507 3326 614 3365 liceat,
638 3337 720 3368 quae
742 3327 793 3358 vel
820 3334 937 3367 augent
965 3328 1107 3368 elogium
1130 3328 1198 3358 eius
1227 3329 1266 3358 ab

188 3372 336 3403 Echardo
369 3371 597 3402 concinnatum
626 3371 676 3402 vel
704 3371 875 3411 corrigunt.
904 3372 1163 3412 Nuncupatoriae
1190 3373 1265 3413 Epi-

189 3417 300 3456 stolae,
315 3427 394 3458 quas
413 3415 663 3446 memoravimus
688 3426 723 3446 ac
749 3416 884 3455 integras
903 3426 943 3446 ne
966 3423 1096 3456 pereant
1119 3416 1265 3447 dabimus

189 3461 281 3500 infra,
295 3461 404 3502 ipsum
422 3466 656 3501 repraesentant
674 3459 831 3500 imprimis
855 3470 965 3490 carum
984 3460 1153 3490 Grimanae
1168 3461 1264 3500 genti,

190 3505 330 3536 Venetiis
353 3505 434 3536 inter
456 3505 604 3536 Patricias
628 3503 808 3542 nobilitate,
836 3504 1032 3543 honoribus,
1060 3504 1265 3544 dignitatibus

191 3550 373 3591 opibusque
403 3549 621 3591 praepollenti.
663 3548 836 3579 Dominico
864 3548 895 3579 S.
911 3549 950 3578 R.
966 3549 1003 3578 E.
1034 3547 1195 3579 Cardinali
1228 3559 1264 3579 ac

191 3594 316 3625 Marino
339 3594 450 3635 nepoti
463 3593 660 3635 Aquileiensi
683 3592 879 3624 Patriarchae
901 3596 1106 3633 nuncupatos
1125 3592 1264 3627 vidimus

193 3638 451 3670 Commentarios
481 3639 544 3669 divi
573 3638 738 3678 Thomae,
770 3648 853 3679 quos
882 3637 950 3678 ipse
973 3637 1096 3678 primus
1125 3637 1264 3668 edendos

335 3708 404 3741 Opp.
424 3709 454 3733 D.
470 3708 585 3733 Tuomau
604 3708 635 3732 T.
656 3709 673 3733 1.

2299 285 2394 310 XCVII

1322 351 1408 372 anno
1443 344 1520 373 1521
1551 350 1581 374 et
1615 345 1697 386 1527
1725 345 1862 383 curavit,
1892 347 1924 377 in
1948 347 2102 386 Esaiam,
2131 349 2332 382 Hieremiam
2356 362 2397 383 ac

1328 386 1471 418 Threnos
1495 387 1639 418 eiusdem
1663 394 1694 419 et
1716 390 1930 421 Matthaeum.

1390 431 1497 462 Refert
1520 432 1698 463 Echardus:
1727 436 1852 465 «Anno
1880 436 1960 466 1536
1986 442 2116 467 mortuo
2136 437 2264 468 Thoma
2284 439 2396 470 Omni-

1326 487 1340 501 »
1363 475 1451 505 bono
1471 476 1595 507 Veneto
1619 477 1688 508 viro
1713 478 1905 517 clarissimo,
1935 480 1991 520 qui
2015 480 2196 511 cathedram
2219 482 2397 523 theologiae

1326 531 1340 545 »
1362 518 1396 548 in
1423 519 1475 549 via
1508 531 1532 550 s.
1558 521 1705 552 Thomae
1740 523 1860 554 Patavii
1892 524 2131 563 moderabatur,
2165 526 2279 556 eodem
2312 537 2396 558 anno

1326 574 1340 589 »
1364 563 1414 593 die
1444 574 1481 604 19
1506 566 1688 596 novembris
1712 577 1730 597 a
1754 567 1872 598 Senatu
1895 568 2019 600 Veneto
2050 569 2217 601 suffectum
2248 571 2276 601 ei
2300 571 2397 602 fuisse

1326 619 1340 634 »
1363 605 1555 647 (Grimanis
1578 610 1696 650 absque
1714 611 1810 642 dubio
1827 612 1984 653 favorem
2007 614 2273 657 praestantibus)
2293 615 2326 646 in
2345 626 2396 646 ea-

1326 664 1340 678 »
1363 651 1438 682 dem
1462 652 1608 683 cathedra
1631 654 1914 687 Bartholomaeum
1942 665 2107 697 nostrum,
2138 654 2174 690 ut
2202 666 2307 690 narrat
2330 660 2395 691 To-

1325 708 1339 724 »
1362 696 1505 727 masinus
1520 697 1638 738 Gymn.
1654 699 1760 730 Patav.
1776 711 1848 740 pag.
1862 701 1935 732 282.
1951 702 2073 734 Exinde
2088 710 2196 734 evecto
2216 704 2256 734 ad
2274 714 2395 745 purpu-

1326 752 1340 767 »
1362 750 1431 771 ram
1450 741 1580 772 Thoma
1602 742 1700 773 Badia
1723 745 1800 774 sacri
1819 745 1929 777 Palatii
1950 747 2112 787 Magistro,
2136 748 2274 779 Paulum
2299 749 2339 779 111
2366 749 2395 779 ei

1325 797 1339 812 »
1363 795 1440 815 mox
1457 785 1590 826 Spinam
1609 787 1806 819 substituisse
1826 800 1910 820 anno
1936 792 2017 831 1542
2038 802 2147 823 mense
2165 792 2279 824 iulio...
2297 793 2394 824 Senio

1326 842 1340 857 »
1364 830 1497 861 demum
1512 840 1548 861 ac
1572 831 1691 862 meritis
1714 842 1843 872 gravem
1866 835 1988 866 Romae
2012 836 2099 876 piam
2123 837 2313 868 exhalavisse
2327 838 2394 869 ani-

1325 887 1339 901 »
1362 884 1452 904 mam
1477 884 1563 905 anno
1583 875 1701 906 Christi
1731 878 1823 917 1546.
1843 891 1857 906 »
1891 879 2047 910 Eamdem
2075 881 2196 922 indepti
2224 882 2395 922 Magisterii

1323 918 1401 949 sacri
1415 918 1526 950 Palatii
1550 919 1708 960 epocham
1732 921 1917 954 definierant
1930 924 2115 956 Vincentius
2132 926 2231 956 Maria
2250 927 2396 958 Fontana

1322 962 1356 993 in
1379 964 1518 994 Theatro
1536 964 1751 996 Dominicano
1775 973 1806 997 et
1824 968 2013 999 Ambrosius
2038 970 2076 1000 de
2094 970 2260 1001 Altamura
2283 971 2316 1001 in
2338 972 2395 1002 Bi-

1322 1007 1488 1038 bliotheca.
1501 1008 1563 1039 Sed
1577 1009 1659 1040 hanc
1674 1010 1805 1045 dubiam
1821 1011 1961 1043 efficiunt
1975 1023 2009 1044 ac
2024 1024 2105 1054 pene
2121 1015 2303 1046 convellunt
2318 1026 2395 1056 epo-

1323 1051 1417 1082 cham
1436 1053 1532 1083 verba
1554 1053 1673 1084 laudati
1692 1055 1860 1086 Tomasini
1883 1057 1957 1088 loco
1982 1058 2088 1097 citato,
2112 1069 2194 1100 quae
2213 1059 2329 1090 refero:
2354 1060 2394 1091 In

1323 1097 1393 1127 eius
1407 1094 1627 1141 (Omniboni)
1646 1099 1750 1130 locum
1769 1103 1920 1132 successit
1940 1103 2034 1140 1536,
2055 1114 2091 1143 19
2108 1104 2297 1142 novembris,
2311 1105 2396 1135 Bar-

1323 1141 1523 1172 tholomaeus
1533 1142 1634 1183 Spina
1647 1145 1788 1184 pisanus
1802 1146 1942 1176 eiusdem
1966 1146 2117 1185 Ordinis,·
2135 1150 2190 1189 qui
2206 1159 2293 1179 anno
2313 1150 2393 1189 1545

1324 1185 1444 1217 electus
1463 1196 1483 1216 a
1502 1186 1635 1218 Summo
1653 1189 1808 1230 Pontifice
1825 1191 1913 1221 sacri
1931 1191 2051 1222 Palatii
2064 1192 2204 1223 Romani
2217 1194 2395 1235 Magister,

1323 1230 1510 1261 cathedram
1535 1233 1676 1273 reliquit,
1702 1234 1734 1264 in
1759 1244 1855 1274 quam
1880 1236 2003 1266 accitus
2026 1241 2072 1267 est
2098 1238 2178 1276 1545
2200 1238 2312 1269 Sixtus
2326 1239 2395 1269 Me-

1323 1274 1410 1306 dices
1437 1281 1579 1308 venetus.
1604 1277 1724 1308 Mirum
1748 1285 1811 1317 est,
1832 1279 2109 1319 diligentissimum
2123 1282 2305 1313 Echardum
2329 1293 2395 1314 non

1323 1319 1492 1351 advertisse
1506 1320 1652 1352 animum
1666 1322 1700 1352 in
1715 1333 1751 1353 ea
1770 1324 1939 1354 Tomasini
1962 1325 2066 1363 verba,
2082 1336 2163 1366 quae
2187 1327 2264 1358 sacri
2285 1328 2396 1358 Palatii

1322 1364 1541 1404 Magisterium
1561 1376 1646 1397 anno
1671 1368 1752 1407 1545
1779 1369 1943 1400 conlatum
1966 1369 2212 1401 Bartholomaeo
2237 1372 2275 1402 de
2299 1372 2397 1413 Spina

1323 1408 1472 1448 efferunt;
1495 1409 1529 1440 in
1558 1411 1667 1452 eisque
1696 1413 1866 1444 cubantem
1893 1424 1960 1444 non
1984 1415 2158 1446 ostendisse
2184 1426 2342 1455 errorem,
2370 1417 2396 1447 si

1322 1453 1447 1494 pridem
1468 1464 1554 1485 anno
1579 1466 1589 1486 1
1600 1457 1660 1496 542
1682 1457 1722 1487 ad
1737 1467 1808 1488 eam
1822 1458 1954 1499 quidem
1969 1458 2154 1499 dignitatem
2173 1460 2290 1492 electus
2305 1461 2399 1492 fuerit

1323 1498 1493 1538 Spinaeus!
1519 1501 1562 1530 At
1580 1499 1677 1531 fidem
1697 1502 1865 1533 Tomasini
1885 1502 2075 1535 confirmant
2093 1512 2304 1536 monumenta
2319 1506 2398 1537 Uni-

1322 1543 1475 1574 versitatis
1490 1544 1668 1576 Patavinae.
1683 1546 1771 1578 Haec
1782 1547 1974 1587 diligentius,
1984 1549 2039 1579 abs
2054 1559 2106 1579 me
2128 1549 2311 1589 sciscitatus,
2324 1560 2398 1581 curn

1321 1587 1499 1619 lustraverit
1518 1589 1720 1621 doctissimus
1740 1592 1874 1622 Iacobus
1889 1593 2097 1632 Facciolatus,
2108 1594 2164 1635 qui
2179 1594 2211 1624 in
2222 1594 2398 1625 Historiam

1323 1631 1467 1663 eiusdem
1481 1633 1700 1666 Universitatis
1718 1637 1887 1667 texendam
1906 1644 1993 1668 totus
2012 1637 2178 1677 incumbit,
2200 1638 2397 1670 humanitate

1322 1686 1450 1707 summa
1468 1678 1626 1719 rescripsit
1645 1679 1678 1710 in
1697 1680 1774 1711 haec
1792 1682 1901 1712 verba:
1930 1695 1945 1710 «ι
1963 1684 2058 1713 Anno
2084 1683 2178 1722 1536,
2194 1694 2235 1714 vn
2256 1684 2318 1715 kal.
2343 1684 2397 1715 de-

1325 1734 1339 1748 »
1363 1722 1496 1752 cembn's
1517 1722 1553 1754 fr.
1565 1724 1649 1764 Mag.
1662 1725 1926 1757 Bartholomaeus
1946 1726 2043 1767 Spina
2062 1727 2191 1767 pisanus
2210 1727 2287 1759 Ord.
2304 1729 2396 1759 Prae·-

1325 1778 1338 1792 »
1362 1766 1541 1797 dicatorum
1569 1769 1807 1801 observantium
1835 1771 1875 1801 ad
1894 1771 2090 1811 theologiam
2115 1782 2151 1805 ex
2171 1773 2314 1804 doctrina
2333 1773 2396 1803 divi

1325 1823 1339 1837 »
1362 1811 1511 1842 Thomae
1534 1813 1720 1844 tradendam
1745 1815 1922 1846 conductus
1949 1816 2076 1846 florenis
2106 1817 2159 1848 80.
2186 1820 2282 1848 Anno
2313 1818 2390 1857 1541

1325 1868 1339 1882 2>
1362 1855 1529 1887 Prorector
1551 1857 1680 1888 Artium
1709 1866 1739 1890 et
1763 1859 1964 1899 Consilian'i,
1996 1857 2215 1892 Universitatis
2242 1862 2394 1901 nomine,

1326 1912 1339 1926 »
1362 1899 1472 1931 litteris
1503 1901 1543 1931 ad
1567 1902 1770 1934 Triumviros
1791 1915 1812 1934 v
1839 1904 1881 1936 id.
1906 1905 1968 1936 ian.
1994 1905 2073 1936 datis
2102 1913 2279 1947 queruntur
2310 1907 2394 1947 Mag.

1325 1957 1339 1971 »
1362 1944 1495 1986 Spinam
1525 1953 1595 1978 toto
1628 1958 1714 1978 anno
1748 1948 1922 1988 Religionis
1955 1960 2030 1980 suae
2065 1950 2200 1990 negotiis
2231 1951 2396 1982 detentum

1325 2001 1339 2016 »
1361 1990 1530 2031 gymnasio
1555 1992 1761 2023 abstinuisse:
1790 1993 1898 2035 itaque
1926 2001 2056 2034 rogant,
2085 2001 2121 2025 ut
2149 2005 2187 2026 eo
2217 1996 2396 2035 abdicante,

1326 2047 1339 2061 »
1363 2034 1538 2066 sufficiatur
1560 2037 1644 2077 Mag.
1669 2037 1756 2068 Paris
1780 2038 1818 2068 de
1843 2038 1983 2078 Cingulo
2007 2039 2139 2079 picenus
2161 2039 2291 2071 Ordinis
2315 2040 2398 2071 eius-

1326 2092 1339 2106 »
1363 2079 1448 2118 dem,
1459 2090 1558 2121 quem
1573 2081 1663 2112 aiunt
1677 2083 1716 2113 ab
1727 2082 1875 2113 universo
1891 2084 2049 2115 coenobio
2064 2085 2290 2115 commendari.
2310 2085 2398 2116 Con-

1325 2136 1339 2150 »
1362 2130 1409 2154 tra
1424 2134 1474 2155 an.
1493 2127 1574 2165 1542
1594 2127 1679 2167 Mag.
1696 2127 1794 2168 Spina
1826 2128 1969 2168 queritur
1992 2129 2079 2169 apud
2097 2130 2316 2169 Magistratum
2345 2129 2397 2160 sti-

1325 2182 1339 2195 »
1362 2169 1479 2209 pendia
1502 2170 1561 2200 sibi
1585 2171 1703 2211 negari,
1719 2172 1865 2213 quamvis
1884 2173 2009 2204 muneri
2029 2183 2088 2204 suo
2108 2174 2241 2204 minime
2260 2175 2396 2205 deesset:

1324 2226 1338 2241 »
1362 2214 1452 2254 quod
1481 2215 1663 2246 cuiusmodi
1692 2216 1732 2247 sit
1769 2216 1943 2247 Triumviri
1981 2225 2139 2258 quaerunt
2168 2229 2186 2248 a
2209 2219 2396 2249 Rectoribus

1325 2272 1338 2285 2>
1362 2257 1507 2290 Civitatis
1531 2270 1587 2300 per
1614 2260 1731 2291 litteras
1758 2271 1779 2290 v
1802 2261 1862 2291 kal.
1895 2261 2028 2292 ianuarii
2058 2263 2155 2293 datas.
2187 2264 2393 2303 Anno-1545

1325 2316 1338 2330 ›>
1363 2312 1437 2333 cum
1462 2305 1545 2344 Mag.
1562 2304 1661 2344 Spina
1678 2306 1826 2336 Romam·
1841 2305 2005 2346 migrasset
2028 2317 2089 2337 sac.
2114 2307 2225 2338 Palatii
2248 2307 2396 2348 Magister

1325 2362 1338 2375 »
1361 2357 1380 2377 a
1403 2348 1557 2387 Pontifice
1582 2349 1700 2388 dictus,
1727 2350 1801 2380 loco
1827 2349 1894 2380 eius
1922 2361 1942 2380 v
1964 2351 2025 2382 kal.
2051 2351 2232 2382 novembris
2257 2352 2396 2383 succedit

1324 2406 1338 2419 »
1362 2391 1398 2423 fr.
1419 2393 1503 2433 Mag.
1528 2393 1633 2424 sixtus
1658 2394 1696 2424 de
1720 2394 1850 2425 Medicis
1875 2404 1912 2425 ex
1935 2395 2051 2426 eodem
2070 2396 2201 2427 Ordine.
2221 2409 2235 2424 2>
2263 2397 2338 2434 Quo
2362 2397 2395 2427 in

1320 2437 1394 2467 loco
1409 2437 1694 2469 Bartholomaeum
1712 2439 1831 2470 Patavii
1851 2447 2107 2471 commorantem
2126 2441 2222 2471 habes
2241 2452 2326 2471 anno
2347 2451 2396 2472 ca-

1322 2482 1414 2512 dente
1444 2483 1526 2522 ¹542
1555 2492 1610 2513 seu
1634 2493 1654 2513 v
1677 2483 1737 2514 kal.
1763 2483 1918 2522 ianuarii;
1947 2494 1983 2515 ac
2006 2485 2123 2516 iterum
2151 2485 2318 2516 definitum
2342 2496 2397 2516 an-

1321 2536 1402 2557 num
1436 2527 1516 2566 1545
1543 2537 1610 2568 quo
1634 2527 1783 2568 Magister
1813 2528 1891 2559 sacri
1913 2529 2024 2560 Palatii
2053 2530 2191 2560 Romani
2220 2530 2321 2561 dictus
2345 2530 2397 2561 ille

1322 2577 1388 2609 est,
1422 2571 1515 2612 eique
1545 2572 1579 2602 in
1613 2572 1800 2603 Patavinam
1833 2573 2014 2604 cathedram
2044 2574 2194 2606 successit
2221 2575 2326 2606 Sixtus
2359 2575 2397 2605 de

1321 2615 1462 2646 Medicis.
1487 2618 1535 2647 Ac
1555 2626 1630 2647 sane
1648 2617 1782 2648 huiusce
1803 2617 1862 2648 viri
1882 2618 2121 2658 praeclarissimi
2149 2626 2300 2650 stromata
2319 2630 2394 2650 mSS.

1321 2660 1459 2700 propriis
1478 2661 1580 2691 oculis
1603 2661 1734 2692 lustrare
1757 2662 1856 2701 licuit,
1877 2662 2000 2694 favente
2024 2663 2196 2694 Dominico
2220 2664 2319 2694 Maria
2337 2664 2396 2694 Be-

1321 2705 1456 2735 rardello
1485 2706 1632 2736 coenobii
1666 2717 1705 2737 ss.
1732 2707 1858 2737 Ioannis
1890 2714 1921 2738 et
1948 2707 2038 2738 Pauli
2062 2708 2194 2738 alumno
2220 2719 2255 2739 ac
2283 2708 2396 2738 biblio—

1322 2749 1485 2788 thecario;
1521 2760 1663 2791 quorum
1694 2751 1860 2782 volumine
1896 2752 2011 2793 quinto
2043 2759 2222 2783 recensetur
2254 2753 2396 2783 eiusdem

1326 2793 1440 2825 Oratio
1463 2795 1503 2826 de
1522 2796 1654 2836 ingenio
1673 2796 1859 2838 theologicis
1871 2796 2092 2838 facultatibus
2111 2798 2304 2835 excolendo,
2333 2798 2395 2827 Pa-

1322 2840 1402 2870 tavii
1423 2840 1552 2877 habita,
1577 2846 1750 2881 antequam
1774 2851 1902 2872 sacram
1932 2842 2124 2882 theologiam
2148 2843 2393 2882 auspicaretur,

1321 2889 1413 2914 sexto
1429 2884 1501 2915 idus
1516 2885 1695 2916 novembris
1709 2886 1808 2924 1545,
1819 2887 2091 2917 Marco-Antonio
2100 2887 2283 2917 Foscareno
2297 2887 2394 2916 Prae-

1322 2934 1411 2966 tore,
1438 2929 1645 2970 Hieronymo
1678 2931 1770 2960 Zane
1803 2931 1992 2972 Praefecto:
2019 2930 2159 2971 itemque
2195 2930 2396 2961 continentur

1322 2973 1463 3004 Lectura
1480 2975 1584 3014 primi
1606 2976 1686 3005 anni
1700 2975 1788 3012 1545
1803 2976 1835 3005 in
1861 2976 1968 3006 eodem
1992 2977 2167 3015 gymnasio
2180 2976 2310 3015 publico
2333 2975 2393 3005 Pa-

1322 3019 1431 3048 tauino
1459 3019 1499 3049 de
1525 3019 1732 3050 Providentia
1751 3020 1831 3057 Dei,
1853 3021 1885 3050 in
1905 3020 2156 3060 quadragesima
2179 3020 2219 3050 de
2235 3025 2396 3060 potestate

1325 3062 1462 3093 Concilii
1492 3069 1522 3094 et
1552 3064 1661 3104 Papae
1669 3071 1683 3102 ,·
1712 3064 1853 3095 Lectura
1881 3065 1961 3094 anni
1983 3065 2135 3101 secundi,
2168 3074 2280 3104 nempe
2308 3063 2397 3101 1546

1322 3108 1354 3137 in
1378 3109 1570 3148 gymnasio,
1603 3108 1644 3139 de
1672 3109 1849 3146 Trinitate,
1879 3109 1919 3139 de
1942 3109 2057 3139 Libero
2080 3109 2230 3146 arbitrio,
2260 3109 2300 3140 de
2327 3109 2394 3138 An-

1320 3153 1423 3192 gelis,·
1442 3159 1473 3182 et
1487 3152 1531 3183 sic
1549 3152 1707 3193 deinceps.
1728 3154 1904 3184 Memorata
1923 3153 1999 3184 Sixti
2014 3153 2145 3184 Medicis
2164 3154 2279 3191 oratio,
2296 3163 2395 3194 quam

1322 3196 1432 3227 habuit
1462 3197 1529 3237 ipse
1561 3207 1636 3227 cum
1663 3197 1806 3237 primum
1836 3198 1876 3227 ad
1908 3197 2104 3238 theologiam
2128 3198 2253 3238 publice
2281 3198 2314 3228 in
2337 3208 2393 3238 gy-

1321 3240 1446 3271 mnasio
1475 3241 1628 3272 Patavino
1656 3242 1842 3272 tradendam
1869 3243 2044 3280 accederet,
2072 3242 2178 3273 lucem
2205 3242 2284 3273 vidit
2310 3242 2393 3283 typis

1321 3285 1449 3316 Venetis
1474 3285 1556 3316 edita
1580 3296 1665 3316 anno
1695 3287 1788 3317 1555.
1822 3286 1893 3317 Alia
1916 3287 2059 3317 eiusdem
2085 3287 2198 3317 eodem
2223 3296 2307 3317 anno
2331 3286 2391 3316 im-

1321 3339 1427 3369 pressa
1450 3336 1571 3369 prostat
1598 3330 1712 3361 Oratio
1735 3331 1775 3361 de
1797 3331 1959 3361 humanae
1973 3331 2153 3362 industriae
2169 3331 2390 3371 praestantia,

1321 3383 1396 3403 cum
1419 3374 1652 3414 nuncupatoria
1685 3375 1818 3415 epistola
1845 3376 2034 3406 clarissimis
2061 3377 2158 3413 viris,
2183 3376 2231 3405 M.
2252 3375 2392 3405 Antonio

1327 3418 1459 3448 Venerio
1482 3418 1606 3448 doctori
1622 3420 1922 3458 praestantissimo,
1947 3421 2063 3450 Marco
2087 3420 2222 3456 Molino,
2252 3419 2392 3449 Antonio

1319 3462 1428 3491 Priolo
1447 3467 1478 3492 et
1501 3463 1642 3492 Antonio
1669 3464 1836 3493 Mocenico
1866 3464 2017 3494 Patriciis
2035 3465 2174 3500 venetis,
2199 3463 2266 3494 divi
2283 3464 2394 3494 Marci

1319 3506 1589 3536 Procuratoribus
1612 3508 1824 3537 meritissimis
1864 3507 2028 3547 inscripta,
2058 3508 2091 3537 in
2115 3517 2179 3548 qua
2203 3517 2235 3537 se
2258 3508 2391 3538 Bartho-

1319 3550 1446 3580 lornaeo
1465 3550 1581 3580 Pisano
1601 3550 1768 3581 suffectum
1787 3550 1820 3581 in
1839 3551 1983 3582 cathedra
2016 3552 2167 3582 Patavina
2190 3552 2392 3583 disertissime

1319 3600 1459 3624 testatur.
1490 3595 1594 3625 Verba
1622 3602 1710 3626 sunt:
1744 3595 1866 3626 Sacrae
1889 3606 1965 3626 vero
1993 3597 2173 3637 theologiae
2201 3597 2391 3637 interpretes

1318 3639 1446 3670 Patavii
1464 3638 1611 3680 fuerunt
1633 3649 1675 3670 ex
1697 3640 1756 3671 hoc
1779 3640 1887 3671 eodem
1912 3638 1971 3682 (ss,
1997 3641 2123 3671 loannis
2147 3651 2182 3672 ac
2205 3641 2295 3672 Pauli
2320 3651 2391 3672 coe-

2218 3711 2246 3736 13
