2788 4204
88 597 142 645 “tCtZ
150 598 234 625 lectur,
242 603 280 619 nn.
287 603 298 618 2

87 630 99 645 e
122 630 143 652 3.

88 704 97 713 “
113 702 216 729 cap.v11,
227 708 250 723 n.
266 707 297 725 ς.-

89 729 241 750 Comment.s.
253 725 297 749 Th.

86 755 126 776 lib.
137 755 166 779 V.
179 756 228 775 lect.
240 761 269 775 1x.

86 781 96 792 ⁸
104 781 195 802 Deinde
204 787 253 802 cum
262 780 297 801 di-

86 808 120 829 cit
127 814 154 829 ex
169 807 238 829 codd.

84 1600 92 1608 ·
103 1598 135 1620 Et
147 1604 175 1620 ex
190 1598 261 1620 codd.

81 1867 231 1889 Ammonius.

80 2019 138 2065 lant
149 2026 154 2039 :
186 2018 291 2046 affirma-

80 2177 91 2188 *
132 2184 137 2198 :
161 2177 240 2205 magis
265 2183 292 2199 se

79 2203 149 2225 habet
161 2204 200 2225 ad.

338 239 385 284 54
1097 239 1216 274 PERI
1247 237 1594 274 HERMENEIAS
1624 238 1718 274 LIB.
1749 238 1763 273 1

326 325 395 365 ter,
416 317 555 355 scilicet
574 325 757 366 quantum
778 317 827 354 ad
854 329 971 354 unam
993 329 1135 363 earum,
1157 316 1236 353 sive
1266 316 1390 363 singu-

326 371 462 408 larium
492 371 810 417 emundationum,
838 382 990 418 semper
1019 381 1172 406 necesse
1203 376 1257 405 est
1285 369 1391 417 quod

325 437 403 461 una
431 423 476 461 sit
502 436 594 461 vera
623 432 658 460 et
686 424 800 460 altera
828 423 930 459 falsa.
953 423 1089 470 Neque
1117 421 1218 458 enirn
1247 421 1390 458 contin-

326 477 377 525 git
406 489 486 513 esse
506 477 617 513 simul
636 489 746 513 veras
779 483 843 511 aut
871 475 982 511 simul
1002 475 1123 520 falsas,
1146 474 1234 522 quia
1252 487 1389 511 verum

327 530 416 567 nihil
438 529 538 566 aliud
568 537 632 575 est,
653 528 723 565 nisi
744 527 896 576 quando
928 527 1061 564 dicitur
1087 539 1168 563 esse
1198 527 1302 575 quod
1322 535 1387 574 est,

327 591 391 620 aut
404 594 482 619 non
503 594 583 618 esse
604 581 708 630 quod
723 593 802 617 non
818 588 872 616 est
887 581 928 625 *3
949 580 1086 616 falsum
1106 587 1247 627 autem,
1268 592 1386 628 quan-

328 635 377 673 do
407 634 539 672 dicitur
560 646 640 670 esse
670 633 775 682 quod
802 645 880 669 non
901 640 966 679 est,
988 640 1052 669 aut
1079 645 1158 669 non
1182 645 1264 669 esse
1284 633 1390 681 quod

328 695 397 734 est,
417 695 459 723 ut
485 694 587 735 patet
615 698 660 722 ex
689 687 740 723 IV
757 686 1109 733 Metaphysicorum
1128 686 1159 722 *.

380 741 414 776 8.
435 739 582 776 Deinde
603 751 691 775 curn
711 739 799 776 dicit
813 739 854 775 ἐ
880 739 1145 786 Quaecumque
1163 744 1287 775 autem
1309 739 1388 775 uni-

323 792 525 830 versalium
555 799 636 838 etc.,
658 792 821 828 ostendit
835 791 994 840 qualiter
1017 804 1056 828 se
1072 792 1238 828 habeant
1251 791 1389 828 veritas

326 853 361 882 et
388 845 526 881 falsitas
553 844 592 881 in
610 844 680 891 his,
701 857 798 893 quae
826 844 1004 881 videntur
1028 857 1109 881 esse
1139 844 1388 882 contradicto—

324 898 389 945 ria,
410 897 477 934 sed
506 910 584 934 non
613 905 709 934 sunt.
731 899 779 934 Et
808 898 905 934 circa
932 898 1007 934 hoc
1025 897 1094 934 tria
1122 898 1228 934 facit:
1248 898 1386 946 primo,

323 950 502 1000 proponit
529 950 635 999 quod
655 950 830 997 intendit3
857 950 1038 997 secundo,
1058 951 1196 999 probat
1213 951 1387 999 proposi-

323 1011 425 1049 tum;
459 1003 531 1040 ibi:
565 1004 608 1040 Si
637 1004 735 1041 enim
769 1004 886 1052 turpis
905 1016 978 1040 non
1002 1005 1146 1052 probus
1165 1004 1179 1030 ζ
1199 1012 1287 1050 etc.;
1316 1011 1388 1041 ter-

323 1056 391 1103 tio,
418 1056 580 1093 excludit
602 1056 641 1093 id
660 1057 765 1105 quod
789 1057 911 1093 facere
939 1065 1068 1105 posset
1092 1057 1385 1103 dubitationem3

323 1109 390 1146 ibi:
418 1109 607 1146 Videbitur
619 1115 744 1146 autem
758 1110 877 1146 subito
893 1110 1155 1147 inconveniens
1170 1118 1266 1147 etc.-
1278 1110 1388 1147 Circa

323 1162 491 1211 primum
512 1162 831 1199 considerandum
848 1170 902 1199 est
923 1163 1028 1211 quod
1048 1163 1249 1200 affirmatio
1273 1171 1308 1200 et
1322 1176 1387 1200 ne-

324 1215 422 1263 gatio
448 1215 486 1252 in
514 1215 717 1253 indefinitis
740 1215 1064 1264 propositionibus
1092 1216 1270 1253 videntur
1298 1228 1387 1253 con-

323 1268 535 1307 tradictorie
565 1269 708 1317 opponi
735 1276 891 1317 propter
919 1269 1010 1316 hoc,
1046 1269 1150 1318 quod
1184 1276 1239 1305 est
1265 1282 1387 1305 unum

323 1321 536 1358 subiectum
555 1334 634 1358 non
654 1321 946 1358 determinatum
964 1334 1034 1370 per
1057 1322 1206 1369 signum
1225 1322 1387 1370 particu-

323 1375 411 1421 lare,
434 1382 470 1411 et
496 1374 583 1411 ideo
603 1374 754 1411 videtur
772 1374 973 1411 affirmatio
1003 1382 1039 1410 et
1057 1374 1206 1421 negatio
1236 1387 1318 1411 esse
1340 1374 1386 1411 de

324 1427 473 1464 eodem.
506 1427 583 1464 Sed
611 1427 659 1464 ad
673 1428 748 1464 hoc
763 1427 1044 1464 removendum
1060 1427 1316 1475 Philosophus
1332 1427 1386 1463 di-

324 1480 372 1516 cit
397 1480 502 1528 quod
530 1492 794 1528 quaecumque
821 1480 1048 1516 affirmative
1078 1487 1114 1516 et
1137 1479 1312 1527 negative
1333 1480 1386 1516 di—

323 1540 458 1569 cuntur
474 1532 520 1569 de
545 1532 821 1570 universalibus
840 1545 919 1569 non
937 1532 1199 1570 universaliter
1213 1532 1385 1581 sumptis,

321 1598 399 1622 non
415 1597 566 1634 semper
580 1593 728 1634 oportet
738 1585 843 1633 quod
852 1598 974 1622 unum
989 1585 1036 1622 sit
1047 1597 1197 1632 verum,
1210 1593 1247 1622 et
1259 1585 1387 1622 *aliud

322 1638 368 1675 sit
395 1639 551 1685 falsum,
582 1638 650 1675 sed
679 1646 839 1686 possunt
867 1638 979 1675 simul
1019 1651 1100 1675 esse
1128 1650 1231 1675 vera.
1264 1638 1386 1675 Simul

322 1690 423 1727 enim
453 1698 508 1727 est
532 1703 669 1728 verum
699 1691 823 1728 dicere
849 1691 954 1740 quod
974 1692 1086 1728 homo
1111 1697 1166 1728 est
1186 1692 1309 1737 albus,
1338 1699 1384 1739 et,

320 1745 431 1780 homo
461 1756 534 1780 non
564 1749 619 1781 est
635 1744 753 1790 albus,
776 1752 811 1781 et
830 1744 935 1793 quod
958 1745 1071 1781 homo
1091 1750 1146 1781 est
1159 1745 1316 1793 probus,
1338 1752 1385 1792 et,

319 1797 431 1833 homo
452 1809 526 1833 non
555 1802 609 1833 est
628 1798 773 1845 probus
786 1802 811 1834 ⁷¹.
895 1795 898 1798 ⁴

374 1862 409 1897 9.
423 1851 465 1886 In
476 1862 552 1898 quo
569 1849 736 1898 quidem,
745 1857 787 1886 ut
796 1850 1028 1887 Ammonius
1048 1851 1169 1896 refert,
1179 1850 1292 1899 aliqui
1303 1850 1386 1886 Ari-

320 1902 442 1939 stoteli
471 1902 775 1940 contradixerunt
797 1900 811 1924 ⁰
837 1911 1024 1951 ponentes
1058 1903 1164 1952 quod
1190 1903 1386 1940 indefinita

319 1955 494 2003 negativa
526 1968 679 2004 semper
697 1956 743 1993 sit
761 1956 981 2004 accipienda
1007 1969 1078 2004 pro
1098 1955 1302 1993 universali
1321 1968 1386 1992 ne-

319 2008 455 2056 gativa.
477 2009 527 2045 Et
553 2009 628 2045 hoc
647 2009 865 2046 astruebant
878 2010 898 2030 *
915 2009 1042 2058 primo
1063 2009 1219 2058 quidem
1243 2009 1306 2046 tali
1326 2021 1383 2046 ra-

318 2061 441 2098 tione:
463 2061 552 2110 quia
579 2061 791 2109 indefinita,
822 2074 910 2099 cum
939 2061 985 2099 sit
1012 2062 1321 2108 indeterminata,
1343 2074 1383 2098 se

318 2114 432 2150 habet
459 2114 498 2150 in
526 2114 670 2151 ratione
690 2115 887 2160 materiae;
909 2115 1067 2152 materia
1095 2123 1222 2152 autem
1252 2127 1384 2151 secun-

319 2167 412 2204 dum
441 2179 480 2203 se
511 2167 763 2214 considerata,
790 2167 910 2215 magis
943 2168 1102 2205 trahitur
1129 2168 1207 2205 ad*
1216 2167 1255 2204 id
1279 2167 1385 2217 quod

317 2220 506 2267 indignius
536 2228 610 2267 est3
633 2220 780 2268 dignior
798 2229 926 2258 autem
956 2229 1011 2258 est
1029 2220 1254 2258 universalis
1283 2221 1382 2258 affir—

319 2351 385 2376 diate
404 2359 434 2376 ex
452 2351 560 2380 obiecto,
576 2358 670 2383 nempe
689 2358 719 2375 ex
738 2358 770 2375 eo
788 2351 859 2383 quod
884 2359 937 2376 non
955 2351 1095 2385 contingat
1117 2351 1197 2376 simul
1219 2358 1275 2376 esse
1294 2359 1385 2376 uerum

317 2394 373 2412 esse
391 2390 417 2411 et
435 2394 486 2411 non
506 2393 560 2411 esse
579 2390 626 2410 etc.
642 2386 715 2416 Quae
733 2386 796 2410 ratio
815 2387 918 2411 nonnisi
937 2386 1059 2419 implicite
1078 2391 1103 2411 et
1127 2391 1317 2419 consequenter
1341 2387 1385 2411 da-

317 2426 360 2446 tur
378 2429 392 2446 a
411 2422 489 2446 Piana
508 2421 533 2445 in
551 2421 644 2449 verbis„
661 2429 728 2453 quae
746 2426 771 2446 et
789 2422 890 2446 codices
905 2422 1007 2447 habent.
1022 2422 1110 2447 Posito
1123 2422 1192 2447 enim
1207 2422 1278 2455 quod
1293 2429 1384 2447 verum

318 2465 370 2482 non
389 2457 424 2481 sit
441 2457 517 2481 aliud
531 2456 581 2481 nisi
599 2457 706 2488 quando
719 2456 818 2481 dicitur
831 2464 885 2482 esse
903 2457 975 2489 quod
988 2461 1028 2482 est
1046 2462 1102 2488 etc„
1118 2462 1143 2482 et
1157 2458 1293 2491 supposito
1312 2458 1384 2490 quod

318 2500 377 2517 esse
391 2492 468 2516 simul
483 2496 508 2516 et
522 2499 574 2516 non
589 2499 648 2516 esse
667 2491 783 2516 eiusdem
799 2492 905 2516 subiecti
920 2498 1046 2525 repugnet
1052 2500 1059 2523 ;
1075 2493 1241 2518 manifestum
1260 2498 1300 2518 est
1312 2493 1384 2526 quod

318 2536 371 2552 non
389 2527 521 2560 contingit
535 2526 614 2551 simul
628 2534 683 2551 esse
700 2534 789 2551 uerum
809 2534 864 2552 esse
879 2530 906 2552 et
921 2535 972 2552 non
989 2535 1043 2553 esse
1057 2533 1106 2553 etc.
1115 2542 1134 2546 —
1146 2528 1269 2560 Aegidius
1282 2528 1383 2553 videtur

317 2563 412 2596 legisse
431 2570 482 2587 non
508 2561 679 2586 diversimode
698 2569 712 2586 a
732 2562 823 2586 Piana:
839 2571 853 2586 ‹
874 2562 939 2587 Dicit
957 2571 1019 2595 ergo
1044 2563 1221 2596 Philosophus
1236 2564 1307 2596 quod
1326 2563 1381 2588 sive

319 2607 333 2622 >
348 2598 502 2630 accipiantur
521 2597 734 2622 contradictiones
758 2597 942 2622 universalium
963 2598 1169 2622 enunciationurn
1188 2598 1243 2623 sive
1267 2599 1380 2631 singula-

318 2642 333 2658 »
348 2634 429 2664 rium3
445 2639 551 2657 necesse
570 2637 610 2657 est
634 2632 705 2664 quod
723 2639 774 2656 una
800 2632 833 2657 sit
850 2640 911 2657 vera
935 2638 960 2658 et
978 2633 1056 2657 altera
1075 2633 1152 2663 falsa,
1173 2633 1207 2658 ita
1225 2634 1296 2666 quod
1315 2641 1381 2658 nun-

318 2677 332 2692 »
348 2677 427 2702 quam
446 2668 523 2693 simul
542 2667 592 2692 sint
610 2675 686 2692 verae
705 2668 747 2692 vel
767 2667 843 2692 simul
867 2668 946 2692 falsae
962 2677 976 2692 »
993 2666 1037 2702 (In
1062 2668 1105 2693 lib.
1123 2669 1133 2693 1
1152 2669 1210 2693 Peri
1229 2668 1325 2696 herm..
1340 2668 1381 2693 ed.

317 2704 367 2735 cit„
382 2704 426 2728 fol.
444 2703 484 2735 54,
498 2703 547 2727 col.
564 2702 598 2735 3).

369 2739 395 2773 ζ)
416 2739 446 2763 Si
464 2739 532 2763 enim
552 2738 645 2770 turpis,
661 2745 712 2762 non
723 2738 832 2770 probus.
852 2738 923 2763 Haec
941 2738 1015 2763 lectio
1034 2738 1111 2763 Piana
1131 2746 1160 2763 ea
1174 2742 1213 2763 est
1227 2746 1294 2771 quae
1308 2739 1382 2763 datur

316 2775 348 2800 ab
361 2774 483 2799 omnibus
498 2774 556 2799 edd.
566 2774 631 2799 Ven.
646 2778 671 2798 et
683 2774 861 2799 codd.-Unus
877 2774 914 2798 A:
929 2774 952 2799 si
962 2774 1031 2799 enim
1046 2773 1132 2806 turpis
1153 2781 1204 2799 non
1220 2777 1260 2798 est
1268 2774 1382 2806 pulcher

263 2812 268 2817 ⁴
316 2810 367 2844 (Cf.
382 2808 462 2841 text.).

369 2844 396 2879 η)
417 2845 505 2870 Homo
523 2848 563 2870 est
575 2843 678 2877 probus
695 2846 723 2868 et
739 2844 818 2869 homo
836 2851 887 2869 non
906 2847 946 2869 est
959 2844 1069 2876 probus.
1088 2844 1243 2877 Exemplum
1268 2843 1381 2877 primum

316 2885 357 2906 est
374 2879 526 2912 Aristotelis,
546 2880 592 2904 sed
611 2880 721 2904 alterum
740 2887 791 2904 non
811 2883 851 2904 est
869 2887 962 2912 neque,
973 2879 999 2904 in
1017 2884 1085 2904 textu
1106 2879 1276 2910 Aristotelim,
1295 2887 1382 2912 neque

316 2916 341 2941 in
361 2915 525 2940 translatione
544 2915 620 2940 latina
639 2922 717 2947 quam
736 2914 814 2939 textui
829 2915 997 2939 adnectimus.
1017 2915 1064 2939 Est
1076 2919 1163 2939 tamen
1177 2914 1202 2939 in
1216 2915 1381 2939 translatione

316 2959 368 2984 qua
381 2951 500 2976 utebatur
514 2950 637 2975 Boethius
647 2950 699 2983 (Cf.
707 2951 748 2975 De
758 2950 932 2982 interpretat„
944 2950 991 2975 Ed.
999 2950 1027 2980 11,
1043 2949 1085 2974 lib.
1093 2950 1122 2979 11,
1132 2957 1191 2982 pag.
1199 2949 1257 2981 351,
1267 2950 1308 2974 ed.
1319 2949 1389 2982 cit.),=

316 2991 341 3011 et
354 2987 379 3011 in
393 2986 558 3011 translatione
572 2990 655 3010 textus
670 2993 736 3018 quae
750 2985 775 3010 in
785 2986 842 3010 cod.
853 2986 875 3010 A
889 2985 1059 3018 praemittitur
1072 2985 1263 3010 Commentario
1277 2992 1299 3009 s.
1309 2984 1380 3009 Tho-

316 3029 382 3046 mae.
402 3021 440 3045 En
464 3021 540 3046 huius
560 3021 616 3046 cod.
633 3021 775 3046 translatio:
796 3030 808 3043 ‹
827 3020 908 3045 Simul
929 3020 998 3045 enim
1022 3028 1114 3045 verum
1133 3025 1172 3045 est
1194 3020 1317 3053 quoniam
1342 3025 1382 3045 est

317 3065 332 3080 ι
346 3056 426 3081 homo
453 3056 527 3081 albus
552 3061 577 3081 et
601 3063 652 3080 non
671 3061 711 3081 est
734 3056 814 3080 homo
837 3055 923 3086 albus;
943 3061 968 3080 et
991 3056 1030 3080 es't
1051 3055 1132 3080 homo
1155 3055 1253 3089 probus
1276 3060 1302 3080 et
1328 3063 1380 3080 non

317 3101 331 3115 ι
346 3097 385 3116 est
403 3091 481 3116 homo
495 3092 606 3124 probus:
622 3091 643 3115 ai
658 3091 727 3116 enim
741 3091 823 3124 turpis
841 3096 887 3122 est,
903 3099 954 3115 non
974 3096 1014 3115 est
1027 3091 1138 3123 probus;
1153 3095 1179 3115 et
1192 3090 1272 3115 homo
1290 3091 1380 3123 pulcer

318 3137 331 3150 »
346 3132 392 3158 est,
412 3131 437 3151 et
455 3134 507 3150 non
535 3131 574 3151 est
592 3126 672 3151 homo
690 3127 786 3159 pulcer.
805 3126 831 3150 Si
851 3126 920 3151 enim
944 3125 1035 3150 foedus
1059 3131 1085 3150 et
1103 3133 1156 3150 non
1178 3131 1218 3151 est
1235 3126 1336 3159 pulcer;
1355 3131 1381 3150 et

317 3171 332 3186 »
346 3162 368 3186 si
386 3160 414 3186 fit
427 3161 530 3194 aliquid,
545 3169 597 3186 non
616 3167 663 3186 est.
682 3171 694 3184 »
714 3161 837 3186 Boethius
855 3162 904 3186 loc.
923 3161 964 3186 cit.
980 3161 1052 3193 legit:
1068 3170 1082 3185 ι
1098 3161 1179 3186 Simul
1199 3161 1267 3186 enirn
1286 3168 1378 3186 verum

317 3206 331 3221 ι
347 3202 387 3222 est
406 3197 489 3222 dicere
508 3197 640 3229 quoniam,
656 3201 696 3221 est
713 3196 794 3221 homo
812 3196 885 3221 albus
906 3201 931 3221 et
955 3204 1007 3221 non
1027 3201 1066 3221 est
1088 3196 1168 3221 horno
1187 3196 1277 3227 albus,
1298 3201 1323 3221 et
1341 3201 1380 3221 est

317 3241 331 3256 »
347 3232 427 3257 homo
447 3232 544 3265 probus
563 3237 588 3257 et
607 3239 659 3256 non
674 3236 713 3256 est
731 3231 810 3256 homo
830 3231 935 3264 probus.
955 3231 982 3256 Si
1002 3231 1071 3256 enim
1090 3231 1171 3264 turpis
1190 3236 1237 3263 est,
1251 3239 1304 3256 non
1318 3239 1378 3264 pro-

317 3276 331 3291 »
347 3268 396 3292 bus
415 3272 462 3298 est,
478 3272 503 3292 et
521 3267 542 3291 si
561 3266 589 3292 fit
607 3267 710 3300 aliquid,
725 3267 864 3292 etiamnum
884 3274 936 3291 non
955 3272 1002 3291 est.
1018 3275 1032 3290 a

369 3301 393 3336 θ)
412 3302 502 3335 Aliqui
519 3302 656 3327 Aristoteli
673 3302 899 3327 contradixerunt
917 3307 964 3327 etc.
984 3302 1082 3326 Eorum
1101 3302 1145 3335 qui
1164 3302 1294 3327 Aristoteli
1317 3309 1379 3327 con-

316 3338 471 3362 tradixerunt
490 3338 620 3362 neminem
638 3342 755 3362 recenset
773 3337 925 3362 nominatim
944 3337 1099 3362 Ammonius
1115 3338 1140 3362 in
1155 3345 1202 3362 sua
1217 3337 1379 3370 Interpreta-

317 3373 387 3398 tione
396 3373 421 3397 in
434 3373 527 3397 librum
543 3373 599 3398 Peri
613 3372 782 3398 hermeneias.
800 3373 843 3397 Ait
856 3373 925 3397 enim
940 3377 1001 3397 sect.
1013 3373 1042 3403 ll,
1057 3372 1082 3405 g.
1097 3379 1136 3397 tv:
1151 3373 1227 3398 Haec
1240 3373 1329 3405 itaque
1342 3372 1381 3398 sic

312 3408 508 3440 pronunciante
520 3408 670 3437 Aristotele,
686 3408 940 3440 reclamantibusque
952 3407 991 3432 illi
1003 3407 1084 3433 claris
1099 3407 1164 3432 uiris
1177 3414 1210 3433 ac
1224 3407 1289 3433 mihi
1302 3414 1377 3433 vene-

318 3443 421 3468 ratione
434 3443 632 3476 prosequendis,
648 3451 703 3475 par
717 3443 805 3475 utique
818 3443 906 3477 suerit
919 3448 966 3468 etc.
982 3441 1037 3476 (fol.
1056 3442 1086 3468 16
1100 3450 1184 3472 verso,
1199 3443 1247 3468 col.
1264 3443 1379 3468 a.-Ve-

318 3478 391 3502 netiis
406 3477 491 3512 1546).
506 3478 628 3503 Boethius
648 3477 711 3512 (Op.
726 3483 751 3503 et
766 3479 815 3503 loc.
825 3479 866 3503 cit.
881 3486 940 3511 pag.
953 3477 1014 3511 352)
1028 3483 1144 3503 recenset
1162 3478 1297 3511 syrianum
1316 3485 1378 3503 neo-

319 3513 487 3545 platonicum:
505 3522 517 3535 «
529 3513 665 3546 Syr-ianus,
681 3513 766 3546 inquit
785 3513 924 3542 Boethius,
944 3513 1032 3538 nititur
1046 3512 1201 3538 indefinitam
1217 3513 1378 3545 negationem

320 3555 334 3570 x
348 3547 401 3571 vim
421 3546 537 3572 definitae
561 3548 676 3573 obtinere
700 3548 841 3580 negationis
865 3549 1015 3578 ostendere:
1035 3553 1060 3572 et
1082 3548 1131 3573 hoc
1156 3548 1244 3573 multis
1269 3548 1379 3581 probare

321 3591 334 3605 ι
350 3582 435 3606 nititur
453 3583 618 3614 argumentis,
637 3583 774 3608 Aristotele
787 3583 898 3608 maxime
922 3584 1088 3613 reclamante;
1108 3590 1192 3616 neque
1212 3582 1261 3608 hoc
1279 3588 1378 3608 tannim

1445 316 1598 363 mativa,
1621 328 1737 365 quam
1760 315 1994 364 particularis
2014 316 2261 362 affirmativa3
2287 323 2323 352 et
2350 315 2437 352 ideo
2457 315 2511 351 in-

1446 369 1641 406 definitam
1662 369 1930 406 affirmativam
1947 370 2076 406 dicunt
2094 382 2176 406 esse
2192 369 2421 406 sumendam
2440 380 2510 416 pro

1443 422 1658 470 particulari
1673 422 1917 459 affirmativa:
1929 422 1997 459 sed
2012 423 2227 470 negativam
2242 422 2510 468 universalem,

1445 486 1542 522 quae
1562 482 1685 511 totum
1702 474 1868 522 destruit,
1887 475 2016 512 dicunt
2031 488 2112 512 esse
2131 475 2383 523 indigniorem
2394 475 2414 496 '¹‘
2426 486 2511 522 par-

1444 527 1587 564 ticulari
1616 528 1801 575 negativa,
1823 540 1920 577 quae
1950 528 2106 565 destruit
2127 536 2287 577 partem,
2309 528 2403 564 sicut
2429 526 2511 563 uni-

1443 580 1600 617 versalis
1629 581 1819 629 corruptio
1839 581 1948 629 peior
1977 589 2032 618 est
2059 594 2176 630 quam
2200 580 2454 630 particularis;
2477 587 2513 616 et

1443 632 1530 669 ideo
1551 633 1681 670 dicunt
1708 633 1813 682 quod
1832 633 2027 670 indefinita
2046 634 2222 682 negativa
2246 634 2433 671 sumenda
2457 640 2512 669 est

1442 697 1513 733 pro
1528 685 1733 722 universali
1753 686 1938 734 negativa.
1960 686 2022 724 Ad
2037 687 2143 735 quod
2158 687 2271 724 etiarn
2296 686 2510 724 inducunt*

1444 738 1549 786 quod
1575 738 1805 787 philosophi,
1837 746 1873 775 et
1901 739 2014 776 etiam
2043 739 2123 787 ipse
2151 740 2371 777 Aristoteles
2395 739 2512 776 utitur

1443 791 1646 828 indefinitis
1665 791 1849 839 negativis
1863 803 1934 839 pro
1950 792 2246 838 universalibus;
2267 792 2363 829 sicut
2377 792 2511 829 dicitur

1442 844 1480 881 in
1499 844 1595 880 libro
1614 844 1763 892 Physic.
1780 844 1800 865 '¹‘
1821 844 1927 892 quod
1946 857 2025 881 non
2046 852 2102 881 est
2120 852 2248 881 motus
2266 852 2416 893 praeter
2431 857 2508 890 res;

1443 905 1479 933 et
1498 897 1536 933 in
1555 897 1651 933 libro
1671 898 1732 933 De
1751 897 1881 934 anima
1895 897 1926 944 *,
1949 897 2054 946 quod
2073 910 2152 934 non
2172 905 2228 934 est
2251 910 2384 934 sensus
2402 909 2510 946 prae-

1442 958 1498 986 ter
1526 950 1705 998 quinque.

1496 1003 1574 1040 Sed
1594 1002 1685 1039 istae
1706 1002 1871 1039 rationes
1891 1014 1969 1039 non
1985 1002 2218 1040 concludunt
2230 1003 2260 1039 *.
2275 1002 2392 1050 Quod
2408 1002 2510 1039 enim

1440 1056 1565 1104 primo
1581 1056 1601 1077 '¹‘
1615 1055 1749 1093 dicitur
1767 1055 1872 1104 quod
1892 1056 2049 1093 materia
2068 1056 2280 1093 secundum
2300 1068 2340 1092 se
2360 1063 2512 1104 sumpta

1442 1109 1602 1146 sumitur
1629 1121 1699 1157 pro
1723 1108 1855 1157 peiori,
1877 1121 2015 1146 verum
2045 1117 2100 1146 est
2127 1109 2342 1146 secundum
2362 1116 2510 1145 senten-

1440 1162 1532 1198 tiam
1556 1162 1735 1209 Platonis,
1758 1162 1823 1210 qui
1842 1174 1922 1199 non
1942 1162 2194 1210 distinguebat
2210 1162 2469 1210 privationem
2489 1173 2512 1198 a
2538 1174 2611 1196 amo.

1441 1215 1598 1251 materia
1608 1221 1627 1262 ³,
1644 1227 1723 1252 non
1743 1223 1871 1252 autem
1892 1222 1948 1252 est
1966 1227 2104 1252 verum
2123 1215 2336 1252 secundum
2365 1214 2509 1252 Aristo-

1440 1269 1576 1315 telem,
1612 1268 1676 1317 qui
1706 1267 1794 1305 dicit
1821 1268 1860 1304 in
1888 1268 1950 1304 lib.
1979 1269 1993 1304 Ι
2018 1269 2166 1316 Ρὴγεὶε.
2183 1269 2203 1289 *
2231 1268 2337 1317 quod
2365 1268 2510 1304 malum

1442 1328 1477 1357 et
1500 1328 1608 1369 turpe
1636 1328 1671 1357 et
1695 1320 1766 1357 alia
1794 1320 2014 1357 huiusmodi
2035 1321 2083 1358 ad
2113 1321 2302 1358 defectum
2321 1320 2509 1370 pertinen-

1440 1373 1491 1409 tia
1527 1385 1606 1410 non
1643 1373 1818 1410 dicuntur
1858 1373 1905 1411 de
1938 1374 2096 1411 materia
2128 1374 2199 1411 nisi
2226 1386 2300 1422 per
2326 1374 2508 1411 accidens.

1443 1427 1492 1462 Et
1509 1425 1596 1462 ideo
1625 1438 1704 1463 non
1732 1434 1882 1475 oportet
1909 1427 2015 1475 quod
2038 1427 2234 1464 indefinita
2262 1439 2414 1476 semper
2441 1434 2512 1464 stet

1441 1490 1512 1527 pro
1541 1490 1673 1526 pelorl.

1496 1532 1596 1568 Dato
1630 1531 1744 1567 etiam
1781 1531 1886 1580 quod
1913 1531 2110 1569 indefinita
2136 1545 2291 1569 necesse
2329 1532 2375 1569 sit
2410 1532 2511 1569 sumi

1439 1597 1510 1632 pro
1538 1583 1679 1632 peiori,
1706 1596 1785 1620 non
1813 1587 1964 1633 oportet
1991 1585 2097 1633 quod
2125 1592 2297 1622 sumatur
2327 1597 2398 1633 pro
2426 1585 2509 1622 uni-

1440 1637 1577 1674 versali
1606 1636 1798 1685 negativa;
1829 1637 1918 1686 quia
1946 1637 2042 1674 sicut
2066 1637 2104 1674 in
2124 1650 2261 1685 genere
2290 1637 2509 1675 affirmatio-

1441 1690 1509 1737 nis,
1530 1689 1754 1727 universalis
1783 1690 2012 1727 affirmativa
2041 1698 2096 1727 est
2122 1690 2250 1739 potior
2275 1690 2508 1739 particulari,

1440 1750 1571 1792 utpote
1607 1742 1874 1791 particularem
1909 1744 2178 1781 affirmativam
2212 1743 2430 1790 continens;
2458 1743 2510 1781 ita

1442 1796 1555 1833 etiam
1583 1796 1622 1833 in
1649 1808 1787 1844 genere
1807 1796 2054 1844 negationum
2082 1796 2306 1834 universalis
2334 1796 2510 1844 negativa

1438 1849 1566 1898 potior
1594 1856 1649 1886 est
1667 1855 1691 1885 '‘.
1720 1849 1882 1897 Oportet
1901 1857 2030 1886 autem
2058 1849 2097 1886 in
2114 1862 2350 1898 unoquoque
2369 1861 2508 1897 genere

1441 1902 1679 1939 considerare
1700 1901 1740 1938 id
1759 1901 1866 1950 quod
1885 1909 1940 1939 est
1966 1902 2093 1951 potius
2111 1902 2150 1939 in
2170 1914 2306 1950 genere
2332 1902 2408 1950 illo,
2429 1914 2508 1939 non

1441 1963 1569 1992 autem
1597 1954 1636 1992 id
1655 1954 1761 2004 quod
1791 1962 1846 1992 est
1872 1954 2256 2004 potiussimpliciter.

1493 2008 1656 2046 Ulterius
1676 2007 1802 2054 etiam,
1824 2008 1912 2045 dato
1942 2008 2047 2057 quod
2070 2007 2304 2057 particularis
2332 2007 2508 2056 negativa

1440 2068 1538 2098 esset
1563 2060 1690 2109 potior
1727 2061 1906 2098 omnibus
1935 2061 2081 2108 modis,
2111 2073 2191 2098 non
2218 2069 2347 2098 tamen
2381 2061 2507 2098 adhuc

1439 2114 1532 2151 ratio
1562 2121 1800 2162 sequeretur:
1816 2126 1895 2151 non
1914 2115 1934 2133 ¹*
1964 2114 2066 2151 enim
2085 2113 2173 2151 ideo
2193 2113 2389 2151 indefinita
2407 2113 2508 2151 affir-

1439 2167 1581 2204 mativa
1609 2167 1770 2204 sumitur
1802 2179 1873 2216 pro
1901 2167 2116 2215 particulari
2153 2166 2397 2213 affirmativa,
2419 2165 2508 2216 quia

1438 2220 1484 2257 sit
1498 2220 1686 2268 indignior
1698 2218 1722 2267 λ,
1744 2220 1812 2257 sed
1831 2220 1919 2269 quia
1935 2220 1981 2257 de
2000 2219 2204 2257 universali
2222 2227 2348 2269 potest
2366 2219 2507 2269 aliquid

1441 2361 1453 2374 »
1470 2351 1538 2382 suis,
1557 2351 1603 2376 sed
1627 2351 1761 2384 platonicis
1780 2359 1885 2384 quoque
1907 2351 2122 2384 aristotelicisque
2143 2350 2285 2376 rationibus
2310 2351 2420 2383 probare
2444 2359 2506 2378 con-

1440 2395 1454 2410 »
1469 2387 1557 2417 tendit,
1577 2394 1635 2412 eam
1654 2394 1720 2419 quae
1739 2386 1811 2416 dicit,
1835 2394 1887 2412 non
1906 2390 1946 2412 est
1963 2386 2042 2412 homo
2061 2387 2153 2416 iustus,
2172 2386 2320 2411 huiusmodi
2339 2394 2406 2417 esse,
2421 2388 2506 2420 qualia

1440 2432 1453 2445 »
1469 2427 1509 2447 est
1527 2429 1558 2447 ea
1570 2429 1636 2455 quae
1655 2422 1722 2452 dicit,
1742 2423 1829 2447 nullus
1843 2422 1921 2447 homo
1936 2422 2020 2447 iustus
2038 2425 2085 2447 est.
2097 2432 2110 2445 2
2125 2436 2144 2441 —
2153 2421 2218 2447 Infra
2233 2422 2343 2454 legimus
2356 2430 2415 2447 cum
2430 2423 2506 2449 codd.

1438 2457 1541 2482 ABCD:
1560 2457 1598 2482 ad
1615 2457 1687 2490 quod
1704 2457 1785 2482 etiam
1810 2457 1940 2482 inducunt
1953 2457 2007 2490 (illi
2026 2465 2121 2490 nempe
2139 2457 2184 2490 qui
2203 2457 2333 2482 Aristoteli
2348 2458 2506 2484 cona-adixe-

1437 2492 1514 2525 runt)
1533 2493 1604 2526 quod
1618 2498 1680 2518 etc.:
1699 2500 1767 2525 quae
1791 2498 1832 2518 est
1850 2493 1924 2518 lectio
1943 2493 2087 2526 perspicua.
2106 2493 2232 2518 Eamdem
2256 2492 2350 2518 indicat
2368 2493 2505 2519 lectionem

1438 2528 1494 2553 cod.
1506 2528 1539 2553 E:
1558 2528 1596 2553 ad
1613 2528 1686 2560 quod
1703 2535 1758 2553 esse
1777 2528 1907 2553 inducunt
1915 2528 2068 2560 philosophi
2085 2528 2157 2561 quod
2175 2531 2288 2553 utuntur
2306 2531 2333 2553 et
2350 2529 2431 2554 etiam
2450 2529 2506 2561 ipse

1435 2563 1592 2588 Aristoteles
1605 2563 1697 2588 utitur.
1719 2563 1812 2593 Placet,
1822 2563 1974 2595 philosophi
1988 2566 2109 2588 utuntur.
2118 2577 2130 2582 -
2141 2563 2184 2588 R:
2198 2563 2236 2588 ad
2247 2563 2319 2596 quod
2331 2563 2411 2588 etiam
2426 2564 2504 2589 indu-

1436 2602 1533 2624 cuntur
1541 2598 1695 2630 philosophi
1712 2601 1739 2623 et
1757 2598 1812 2630 ipse
1829 2599 1985 2624 Aristoteles
2004 2598 2240 2623 etc.·-1mmediate
2259 2598 2324 2622 infra
2343 2599 2417 2623 codd.
2436 2599 2503 2624 BCD

1437 2633 1530 2658 melius
1553 2633 1661 2658 habent:
1684 2633 1754 2658 sicut
1770 2641 1830 2658 cum
1859 2633 1958 2658 dicitur
1977 2631 2023 2666 (D,
2045 2633 2125 2667 dicit)
2145 2634 2171 2658 in
2191 2633 2258 2658 libro
2281 2633 2504 2666 Pityaia-Porro

1413 2686 1416 2689 i
1436 2668 1462 2693 in
1476 2667 1527 2693 fine
1541 2668 1617 2693 huius
1634 2668 1733 2693 numeri
1748 2668 1888 2701 explicatur
1901 2676 1916 2693 a
1930 2676 1951 2693 ε.
1961 2668 2064 2693 Thoma
2078 2669 2245 2701 quandonam
2259 2671 2372 2693 utuntur
2383 2668 2503 2700 philoso-

1430 2703 1482 2735 phi
1499 2703 1643 2735 indefinitis
1658 2703 1788 2736 negativis
1801 2710 1855 2735 pro
1870 2703 2069 2728 uniuersalibus.

1490 2737 1509 2772 ι)
1528 2738 1588 2763 Νοη
1608 2738 1789 2771 distinguebat
1807 2738 1987 2770 privationem
2011 2745 2029 2763 a
2053 2739 2175 2764 materia.
2200 2739 2272 2764 Plato
2295 2738 2320 2764 in
2343 2739 2452 2765 Timaeo
2471 2740 2503 2765 de

1436 2773 1541 2798 materia
1560 2773 1642 2806 prima
1665 2774 1775 2806 loquens
1798 2774 1848 2798 ait:
1874 2773 1922 2798 Ex
1939 2774 2054 2805 propria
2072 2774 2196 2806 potentia
2220 2774 2320 2800 recedit
2343 2782 2487 2808 numquam
2493 2792 2503 2805 ,

1436 2806 1464 2833 ἐκ
1481 2806 1531 2842 γὰρ
1550 2810 1595 2840 τῆς
1613 2807 1705 2840 ἑαυτῆς
1723 2806 1888 2842 τοπαρὰπευν
1912 2805 1959 2833 οὒκ
1973 2806 2103 2838 ἐξίσταται
2126 2806 2267 2844 ὄυμάμεως.
2297 2810 2415 2842 Suscipit
2432 2810 2502 2836 enim

1435 2851 1538 2876 semper
1555 2844 1645 2869 omnia
1663 2851 1710 2869 nec
1729 2844 1810 2868 ullam
1829 2851 1944 2876 unquam
1964 2844 1996 2869 iis
2014 2843 2125 2869 similem
2146 2845 2199 2870 ullo
2217 2848 2300 2877 pacto
2319 2845 2369 2870 sibi
2381 2845 2503 2880 formam

1435 2879 1570 2904 contrahit
1585 2877 1646 2913 (Ed.
1657 2878 1698 2904 cit.
1709 2879 1812 2903 Marsilii
1822 2879 1910 2910 Ficini,
1921 2887 1979 2912 pag.
1999 2878 2089 2914 1060).
2104 2879 2162 2904 Duo
2177 2887 2239 2912 ergo
2254 2885 2314 2905 sunt
2332 2880 2358 2905 in
2373 2885 2501 2914 conceptu

1436 2914 1565 2945 materiae,
1580 2922 1675 2947 nempe
1688 2914 1752 2939 ratio
1766 2914 1880 2945 subiecti,
1895 2915 1966 2947 quod
1980 2919 2071 2939 cuncta
2088 2915 2178 2948 recipit
2196 2923 2290 2948 genera
2307 2914 2315 2950 (
2323 2914 2380 2951 lh),
2400 2922 2425 2942 et
2438 2916 2503 2942 ndo

1436 2949 1584 2982 privationis
1604 2957 1654 2982 qua
1673 2949 1818 2974 subiectum
1837 2949 1905 2974 istud
1920 2948 2035 2975 afficitur.
2055 2950 2113 2981 Qua
2126 2950 2152 2975 in
2165 2958 2194 2975 re
2206 2951 2359 2976 Aristotelea
2374 2959 2426 2976 non
2439 2959 2502 2977 con-

1435 2984 1534 3009 tradicit
1555 2985 1601 3009 sed
1624 2984 1763 3009 subscribit
1781 2984 1890 3010 Platoni.
1913 2985 2058 3010 Discrimen
2077 2990 2117 3010 est
2140 2986 2212 3018 quod
2234 2986 2279 3011 ubi
2303 2986 2377 3011 Plano
2395 2991 2501 3012 conten-

1436 3020 1471 3044 dit
1490 3020 1622 3044 materiam
1641 3024 1666 3044 et
1684 3019 1853 3052 privationem
1873 3027 1958 3053 neque
1975 3028 2005 3045 re
2029 3028 2115 3053 neque
2138 3021 2236 3046 ratione
2254 3021 2320 3046 inter
2338 3029 2368 3047 se
2386 3022 2501 3054 differre,

1435 3055 1588 3080 Aristoteles
1606 3060 1694 3079 contra
1712 3059 1797 3080 tuetur
1815 3055 2005 3080 distinctionem
2024 3063 2077 3080 non
2097 3056 2202 3089 quidem
2221 3057 2318 3082 realem
2334 3057 2380 3082 aed
2394 3057 2501 3083 rationis

1435 3090 1500 3115 inter
1518 3090 1651 3115 materiam
1663 3094 1689 3114 et
1702 3090 1872 3123 privationem
1891 3098 1935 3115 seu
1956 3091 2176 3124 potentialitatem.
2195 3091 2265 3122 Quid
2278 3097 2364 3117 autem
2377 3097 2503 3125 eeqmmr

1435 3133 1466 3150 ex
1484 3125 1533 3150 hoc
1557 3125 1716 3156 discrimine,
1740 3126 1811 3158 quod
1830 3126 1914 3158 prima
1932 3125 2016 3151 fronte
2033 3126 2113 3151 videri
2138 3126 2270 3159 aliquibus
2295 3132 2381 3160 potest
2405 3127 2500 3153 nullius

1435 3161 1567 3192 momenti,
1578 3161 1767 3186 demonstr-amr
1780 3161 1806 3186 in
1821 3161 1886 3186 libro
1900 3161 1985 3193 primo
1998 3161 2129 3195 Physica
2142 3162 2352 3192 auscultationis,
2367 3170 2414 3188 seu
2427 3162 2501 3197 Phy-

1433 3196 1549 3221 sicorum
1569 3194 1622 3230 (Cf.
1632 3196 1667 3221 ib.
1682 3196 1829 3221 Commeat.
1844 3204 1865 3221 s.
1880 3196 1931 3222 Th.
1950 3197 2008 3222 lect.
2022 3195 2075 3231 xvj.

1487 3230 1512 3266 κ)
1537 3231 1697 3257 Universalis
1720 3231 1845 3265 negativa
1865 3232 1957 3264 potior
1978 3235 2025 3257 est.
2044 3232 2120 3257 Ratio
2138 3231 2214 3257 huius
2237 3233 2328 3258 asserti
2346 3240 2399 3258 non
2418 3233 2499 3264 daur,

1434 3267 1495 3300 quia
1514 3267 1604 3292 eadem
1627 3272 1667 3292 eet
1685 3274 1714 3291 ac
1732 3267 1789 3292 data
1808 3274 1856 3300 pro
1881 3267 2058 3292 enunciatione
2082 3267 2220 3292 universali
2245 3267 2402 3293 affirmativa.
2429 3267 2501 3293 Sicut

1434 3302 1503 3326 enim
1521 3301 1584 3326 haec
1603 3302 1715 3327 continet
1732 3301 1912 3334 particularem
1931 3301 2117 3333 affirmativam,
2136 3302 2169 3328 ita
2183 3303 2328 3328 enuntiatio
2345 3302 2499 3328 univeaalia

1434 3337 1550 3370 negativa
1569 3337 1682 3362 continet
1699 3337 1877 3370 particularem
1897 3337 2049 3370 negativam.
2058 3351 2078 3357 -
2087 3337 2170 3363 Codd.
2183 3338 2229 3363 AC
2242 3338 2363 3363 omittunt
2375 3337 2498 3370 particu-

1433 3373 1486 3397 lari
1505 3378 1530 3397 et
1548 3372 1652 3405 legunt:
1672 3372 1782 3405 potior,
1809 3375 1899 3405 utpote
1921 3373 2112 3406 affirmativam
2131 3373 2324 3406 particularem
2347 3371 2500 3402 continent-35

1432 3408 1453 3432 B
1467 3412 1553 3432 autem
1568 3408 1642 3440 legit:
1658 3407 1815 3433 uniuersalis
1827 3408 1994 3442 affirmativa
2006 3411 2047 3434 est
2052 3407 2159 3440 porion
2177 3408 2216 3434 ita
2229 3408 2310 3433 etiam
2323 3412 2386 3433 em:
2401 3414 2499 3440 nempe

1432 3443 1526 3468 omittit
1543 3443 1668 3468 rationem
1687 3451 1702 3468 a
1711 3450 1733 3467 s.
1747 3442 1850 3468 Thoma
1869 3443 2034 3474 assignatam,
2049 3451 2094 3468 cur
2107 3443 2259 3469 universalia
2272 3441 2415 3476 propositio
2429 3441 2497 3467 affir-

1432 3477 1526 3503 mativa
1544 3478 1578 3502 sit
1595 3477 1680 3511 potior
1698 3476 1850 3503 affirmativa
1868 3478 2022 3511 particulari.

1484 3511 1502 3537 λ
1530 3513 1600 3543 Quia
1613 3513 1648 3538 sit
1666 3513 1804 3547 indignior
1817 3517 1865 3538 etc.
1880 3513 1915 3538 Ita
1930 3513 2009 3538 Pinna
2022 3518 2048 3538 et
2059 3513 2125 3539 Ven.
2139 3513 2198 3538 edd.
2211 3519 2270 3538 cum
2284 3512 2341 3537 cod,
2351 3511 2496 3538 D.-Codd.

1431 3549 1498 3573 ΑΒΕ
1526 3556 1533 3579 3
1548 3548 1610 3581 qm'a
1623 3548 1659 3573 sit
1677 3548 1794 3581 dignior.
1816 3548 1905 3573 Lectio
1923 3548 1953 3573 P.
1968 3553 2008 3573 eat
2029 3556 2098 3574 vera.
2117 3548 2183 3574 Nam
2197 3547 2345 3580 philosophi
2367 3554 2443 3579 quos,
2454 3547 2496 3572 hic

1432 3591 1454 3608 ι.
1468 3583 1584 3608 Thomas
1599 3582 1719 3614 confutat,
1733 3583 1939 3616 propositionem
1950 3582 2107 3608 indefinitam
2116 3581 2293 3608 affirmativam
2304 3582 2422 3607 dicebant
2435 3590 2496 3608 esse

2540 482 2548 490 ·
2558 487 2586 502 a:
2603 480 2753 509 digniorem,-

2541 508 2580 529 sed
2590 510 2624 528 est
2637 513 2700 530 error
2710 507 2752 535 (Cf.

2539 542 2588 560 not.
2603 533 2637 570 κ).

2540 695 2548 703 ”
2562 700 2577 715 1>
2585 702 2589 716 :
2604 694 2701 716 inducit.

2539 854 2609 876 ''Lib.
2625 855 2670 882 111,
2694 861 2714 877 c.
2729 861 2752 884 ι,

2620 881 2753 904 Commeat.

2607 914 2655 929 om.
2666 909 2718 930 lect.
2733 915 2750 930 ι.

2535 934 2544 942 ·
2555 933 2606 955 Lib.
2614 934 2652 961 111,
2662 940 2754 962 c.1‚n.1.

2539 960 2754 983 —Comment.s.Th.

2538 986 2590 1008 lect.
2601 993 2616 1008 1.
2679 1006 2682 1008 .

2538 1013 2548 1022 '
2559 1013 2646 1035 cudda
2657 1019 2704 1036 non
2713 1019 2755 1036 co·

2536 1041 2684 1089 eiam
2701 1072 2755 1089 ,η

2538 887 2605 928 ἓῐἪ

2539 1281 2548 1288 “
2563 1281 2620 1309 cap.
2637 1287 2673 1308 tx,
2683 1287 2723 1303 nn.
2734 1288 2753 1309 1,

2537 1307 2751 1365 Ξῑτῇωὲῗὶἓέῗέῖ

2538 1366 2567 1382 r.:
2577 1367 2602 1382 ηι
2611 1360 2650 1382 lt’b.
2659 1360 2732 1389 Phys.
2740 1372 2754 1377 —

2538 1392 2592 1409 aaa:
2607 1387 2632 1409 in
2642 1387 2730 1416 primo.

2534 2128 2546 2140 ⁸
2554 2133 2613 2150 Aac:
2619 2126 2696 2149 omitt.
2705 2133 2750 2149 ra-

2534 2155 2589 2176 ab.-
2597 2160 2622 2176 ιε
2635 2159 2663 2175 se
2721 2160 2748 2175 e—

2534 2183 2574 2203 tur
2582 2180 2647 2209 quod
2679 2182 2750 2202 cunt:

2534 2213 2581 2230 non
2595 2209 2639 2229 etc.
