2788 4204
352 237 421 272 108

1092 239 1210 275 PERI
1241 239 1587 276 HERMENEIAS
1626 241 1720 278 LIB.
1752 243 1783 278 II

1157 455 1457 512 LECTIO
1495 458 1717 513 NONA

1238 588 1335 624 (Cium.
1355 591 1483 617 Cum-Am
1502 593 1560 617 lect.
1577 591 1627 628 vn)

583 687 638 717 DE
663 686 914 717 NEGATIONE
938 686 1198 718 APPONENDA
1221 687 1314 719 NON
1337 689 1481 720 VERBO
1505 689 1583 720 SED
1607 690 1741 722 MODIS
1765 691 1807 721 IN
1831 690 2288 725 CONTRADICTIONIBUS

1127 748 1482 781 PROPOSITIONUM
1505 751 1740 783 MODALIUM

337 873 451 903 Ἔστιν
480 869 544 913 ἄρα
572 867 738 911 ἀπόφασις
766 870 827 901 τοῦ
852 865 998 902 δυνατὸν
1025 867 1109 901 εἶναι
1131 870 1172 903 τὸ
1189 869 1235 914 μ’),
1258 865 1404 903 δυνατὸν

411 912 507 947 εἶναι.
543 914 579 945 ‘0
603 909 632 944 δ’
662 913 767 951 αὐτὸς
792 913 892 959 λόγος
916 916 973 945 καὶ
1000 917 1072 957 περὶ
1098 916 1160 947 τοῦ
1188 910 1403 960 ἐνδεχόμενον

411 957 507 992 εἶναι·
533 960 590 990 καὶ
615 958 680 1004 γοὶρ
705 957 832 990 τούτου
859 958 1026 1003 ἀπόφασις
1051 959 1092 991 τὸ
1118 959 1164 1003 μὴ
1187 955 1404 1005 ἐνδεχόμενον

411 1002 515 1043 εἶναι,
552 1004 609 1034 καὶ
642 1003 696 1035 ἐπὶ
730 1004 797 1035 τῶν
834 1003 942 1036 ἄλλων
979 998 1016 1036 δὲ
1050 1004 1300 1048 ὁμοιοτρόπως,
1336 1006 1403 1036 οἷον

413 1049 600 1094 ἀναγκαίου
625 1059 663 1079 τε
688 1050 746 1079 καὶ
775 1044 958 1081 ἀδυνάτου.

345 1097 478 1126 Γίνεται
503 1092 580 1138 γάρ,
604 1090 713 1134 ὥσπερ
732 1093 786 1124 ἐπ’
809 1094 940 1125 ἐκείνων
959 1093 1001 1125 τὸ
1018 1090 1103 1124 εἶναι
1120 1095 1178 1125 καὶ
1196 1093 1237 1126 τὸ
1254 1094 1300 1137 μή
1319 1090 1405 1125 εἶναι

411 1136 625 1183 προσθέσεις,
659 1137 707 1170 τοὶ
734 1132 762 1168 δ’
792 1139 996 1180 ὑποκείμενα
1030 1137 1242 1182 πράγματα,
1274 1139 1315 1170 τὸ
1337 1139 1404 1192 μὲν

407 1182 540 1222 λευκόν,
559 1182 601 1213 το
618 1178 656 1214 δὲ
675 1179 859 1225 ἄνθρωπος·
886 1181 993 1220 οὕτως
1014 1181 1164 1214 ἐνταῦθα
1182 1183 1223 1215 τὸ
1241 1183 1300 1226 μὲν
1319 1196 1405 1216 ειναι

410 1229 468 1259 καὶ
493 1227 539 1271 μὴ
564 1224 663 1267 εἶναι,
690 1227 730 1263 ὠς
757 1228 974 1269 ὑποκείμενον
1000 1229 1152 1273 γίνεται,
1179 1228 1220 1259 τὸ
1246 1224 1282 1260 δὲ
1307 1223 1405 1260 δύνα-

411 1271 489 1304 σθαι
505 1273 562 1303 καὶ
582 1272 622 1303 τὸ
638 1266 846 1316 ἐνδέχεσθαι,
861 1270 1051 1315 προσθέσεις
1066 1267 1282 1314 διορίζουσαι,
1298 1272 1405 1316 ὥσπερ

413 1318 463 1349 ἐπ’
493 1317 623 1348 ἐκείνων
651 1315 691 1348 τὸ
716 1314 801 1348 εἶναι
825 1318 882 1348 καὶ
910 1316 956 1359 μή
974 1313 1072 1357 εἶναι,
1092 1317 1133 1348 τὸ
1153 1316 1272 1355 ἀληθὲς
1289 1320 1347 1349 καὶ
1366 1318 1406 1350 τό

411 1356 542 1406 ψεῦδος,
563 1361 683 1404 ὁμοίως
702 1361 807 1393 αὗται
825 1362 878 1393 ἐπὶ
898 1361 960 1392 τοῦ
979 1357 1064 1393 εἶναι
1081 1356 1227 1393 δυνατὸν
1245 1365 1303 1394 mel.
1322 1360 1406 1394 εἶναι

413 1407 451 1438 οὐ
475 1401 634 1445 δυνατόν.

345 1452 411 1483 Τοῦ
436 1446 473 1481 δὲ
497 1445 642 1481 δυνατὸν
673 1449 718 1493 μή
745 1445 830 1479 εἶναι
862 1448 1030 1493 ἀπόφασις
1056 1449 1093 1480 οὐ
1120 1450 1161 1481 τὸ
1191 1451 1228 1481 οὗ
1259 1445 1405 1483 δυνατὸν

412 1492 510 1535 εἶναι,
531 1493 621 1526 ἀλλά
636 1494 678 1525 τὸ
697 1494 734 1525 οὐ
752 1489 899 1525 δυνατόν
918 1494 963 1536 μὴ
983 1491 1080 1534 εἶναι,
1098 1496 1156 1525 καὶ
1179 1495 1241 1526 τοῦ
1259 1490 1406 1528 δυνατὸν

413 1537 498 1571 εἶναι
516 1539 554 1570 οὐ
576 1537 617 1570 τὸ
641 1533 787 1570 δυνατὸν
836 1537 855 1573 ἡ
881 1534 979 1579 εἶναι,
1009 1538 1100 1571 ἀλλά
1123 1538 1165 1570 τὸ
1187 1539 1234 1592 μή
1260 1534 1406 1572 δυνατὸν

413 1581 511 1616 εἶναι.
531 1581 585 1614 Διό
603 1584 659 1613 καὶ
680 1583 871 1614 ἀκολουθεῖν
893 1580 931 1613 ἂν
949 1577 1084 1623 δόξειαν
1105 1583 1270 1621 ἀλληλαις
1294 1580 1328 1615 οίὶ
1345 1585 1407 1616 τοῦ

413 1624 558 1660 δυνατὸν
577 1623 663 1658 εἶναι
678 1629 735 1659 καὶ
757 1622 905 1658 δυνατόν
924 1627 970 1670 μή
985 1625 1083 1659 εἶναι·
1106 1627 1147 1659 τὸ
1164 1629 1228 1673 γάρ
1247 1628 1335 1660 αὐτὰ
1353 1624 1410 1660 ’δυ-

411 1673 516 1704 νατὸν
538 1668 622 1703 εἶναι
642 1674 699 1703 καὶ
718 1671 765 1716 μή
781 1668 879 1702 εἶναι·
900 1672 936 1703 οὐ
953 1672 1017 1718 γάρ
1038 1671 1232 1717 ἀντιφάσεις
1252 1673 1406 1710 ἀλλήλων

414 1720 447 1749 αἱ
469 1716 646 1754 τοιαῦται,
668 1716 709 1748 τὸ
727 1711 872 1748 δυνατὸν
894 1713 981 1748 εἶναι
1002 1719 1059 1749 καὶ
1077 1712 1223 1749 δυνατὸν
1242 1717 1289 1761 μή
1307 1714 1406 1750 εἶναι·

415 1761 504 1795 ἀλλά
528 1760 569 1793 τὸ
594 1754 739 1793 δυνατὸν
767 1757 852 1791 εἶναι
876 1762 933 1792 καὶ
959 1761 1006 1803 μή
1032 1757 1177 1793 δυνατὸν
1205 1759 1289 1794 εἶναι
1316 1757 1408 1794 οὐδέ-

412 1819 498 1839 ποτε
523 1806 578 1838 ἐπὶ
604 1806 666 1836 τοῦ
693 1806 801 1837 αὐτοῦ
829 1804 900 1849 ἅμα
928 1805 1168 1843 ἀληθεύονται·
1197 1807 1408 1839 ἀντίκειντάι

412 1851 490 1897 γάρ·
518 1845 596 1882 οὐδέ
621 1861 659 1893 γε
685 1850 726 1883 τὸ
751 1846 897 1882 δυνατὸν
924 1851 970 1894 μή
997 1848 1081 1882 εἶναι
1110 1853 1168 1882 καὶ
1194 1851 1232 1883 οὗ
1261 1847 1407 1884 δυνατὸν

412 1896 458 1940 μή
478 1892 562 1927 εἶναι
581 1891 747 1927 οὐδέποτε
772 1894 843 1938 ἅμα
868 1894 923 1926 ἐπὶ
950 1896 1013 1927 τοῦ
1032 1896 1140 1928 αὑτοῦ
1168 1895 1405 1933 ἀληθεύονται.

409 1942 548 1984 Ὁμοίως
573 1935 610 1971 δὲ
633 1942 691 1972 καὶ
717 1940 779 1972 τοῦ
807 1939 992 1984 ἀναγκαῖον
1012 1938 1096 1972 εἶναι
1124 1939 1291 1983 ἀπόφασις
1312 1941 1348 1972 οὐ
1366 1941 1408 1973 τὸ

415 1986 600 2030 ἀναγκαῖον
628 1985 674 2028 μή
702 1981 808 2025 εἶναι,
836 1985 926 2017 ἀλλά
949 1985 990 2017 τό
1017 1986 1063 2028 μή
1093 1986 1279 2031 ἀναγκαῖον
1307 1983 1406 2018 εἶναι·

414 2031 476 2063 τοῦ
493 2028 530 2063 δὲ
545 2030 609 2062 ἀνα
634 2033 730 2062 καῖον
749 2029 795 2073 μή
813 2026 911 2068 εἶναι,
926 2030 968 2062 τό
982 2030 1027 2069 ur*
1042 2031 1227 2076 ἀναγκαῖον
1244 2029 1291 2074 μή
1309 2027 1404 2062 εἶναι.

412 2077 476 2107 Καὶ
502 2076 564 2108 τοῦ
591 2042 760 2109 &gihai-ov
787 2071 873 2106 εἶναι
899 2074 936 2106 οὐ
961 2074 1002 2106 τὸ
1029 2071 1199 2107 ἀδύνατον
1229 2074 1276 2117 μή
1302 2071 1405 2115 εἶναι,

414 2121 504 2153 ἀλλά
519 2121 560 2153 τὸ
572 2123 618 2162 μή
637 2115 806 2154 ἀδύνατον
826 2116 926 2151 εἶναι·
946 2121 1007 2151 τοῦ
1024 2115 1061 2151 δὲ
1080 2114 1250 2152 ἀδύνατον
1263 2119 1309 2163 μή
1322 2116 1407 2152 εἶναι

414 2165 454 2197 τὸ
480 2166 539 2197 οὐκ
566 2162 736 2198 ἀδύνατον
762 2164 808 2208 μή
835 2161 932 2196 εἶναι.

347 2334 410 2364 Καὶ
435 2330 581 2363 καθόλου
606 2327 663 2368 δέ,
690 2330 800 2374 ὥσπερ
834 2333 983 2375 εἴρηται,
1011 2331 1051 2363 τὸ
1076 2330 1134 2375 μὲν
1168 2329 1253 2363 εἶναι
1277 2334 1334 2363 καὶ
1359 2331 1405 2376 μή

416 2373 500 2407 εἶναι
524 2371 576 2406 δεῖ
599 2374 742 2414 τιθέναι,
768 2377 809 2412 ὠς
835 2375 882 2408 τοὶ
906 2376 1123 2420 ὑποκείμενα,
1149 2375 1344 2419 κατάφασιν
1370 2372 1407 2408 δὲ

414 2423 471 2451 καὶ
498 2419 666 2464 ἀπόφασιν
692 2420 810 2452 ταῦτα
836 2421 1002 2452 ποιοῦντα
1029 2421 1108 2463 πρὸς
1125 2420 1166 2453 τὸ
1184 2417 1269 2452 εἶναι
1285 2423 1342 2452 καὶ
1360 2421 1406 2464 μή

415 2462 499 2496 εἶναι
523 2464 738 2497 συντάττειν.
766 2466 830 2496 Καὶ
856 2464 991 2502 ταύτας
1010 2463 1136 2496 οἴεσθαι
1158 2465 1223 2510 χρὴ
1242 2463 1326 2497 εἶναι
1344 2465 1407 2503 τοὶς

418 2509 648 2553 ἀντικειμένας
703 2509 805 2547 σία-εις·
831 2505 992 2549 δυνατόν,
1019 2510 1056 2541 οὐ
1082 2505 1243 2542 δυνατόν·
1276 2505 1409 2555 ἐνδεχό-

415 2566 533 2598 μενον,
565 2554 623 2585 οὐκ
649 2554 680 2585 ἐν
706 2554 877 2599 εχόμενον·
906 2549 1097 2595 ἀδύνατον,
1129 2555 1188 2586 οὐκ
1215 2550 1406 2594 ἀδύνατον,

418 2599 617 2644 ἀναγκαῖον,
645 2598 704 2630 οὐκ
732 2600 931 2644 ἀναγκαῖον·
960 2597 1094 2638 ἀληθές,
1122 2600 1181 2631 οὐκ
1208 2598 1339 2636 ἀληθές.

486 2725 512 2731 -«
531 2728 534 2733 .
546 2743 551 2747 .
561 2727 574 2747 θ
584 2704 755 2737 eterminat
765 2703 819 2736 ubi
831 2703 983 2747 ponenda
994 2704 1034 2736 sit
1049 2704 1179 2746 negatio
1191 2702 1231 2736 ad
1243 2714 1408 2736 assumen-

585 2752 659 2785 dam
676 2751 857 2786 modalium
874 2751 1175 2785 contradictionem.
1192 2752 1233 2784 Et
1246 2752 1328 2784 circa
1344 2751 1407 2784 hoc

585 2810 725 2845 quatuor
752 2800 844 2834 facit:
870 2801 977 2844 primo
988 2827 996 2840 ‚
1021 2799 1213 2833 determinat
1238 2801 1407 2832 veritatem

544 2869 573 2889 Α,
585 2850 772 2889 summarie;
787 2849 944 2888 secundo,
954 2849 1096 2892 assignat
1111 2848 1341 2881 determinatae
1351 2859 1407 2881 ve-

588 2899 689 2931 ritatis
709 2899 881 2937 rationem,
898 2909 980 2942 quae
997 2897 1114 2930 dicitur
1125 2897 1242 2930 rationi
1253 2896 1293 2929 ad
1304 2908 1408 2940 oppo-

113 2952 121 2961 '
132 2953 200 2974 Num·
212 2958 261 2980 και
351 2946 449 2977 situm
466 2945 632 2986 inductae;
650 2946 708 2979 ibi:
726 2947 820 2980 Fiunt
837 2946 939 2979 enim*
952 2955 1025 2986 etc.;
1038 2946 1145 2985 tertio,
1162 2945 1311 2989 explanat
1324 2957 1409 2978 eam-

115 2998 122 3005 ·
134 2997 201 3019 Num·
212 3004 235 3023 4-
351 2993 425 3026 dem
442 2995 610 3028 veritatem
624 2995 656 3027 in
675 2994 828 3028 omnibus
846 2994 1049 3034 modalibus;
1063 2994 1121 3028 ibi:
1140 2995 1215 3028 Eius
1233 2994 1327 3028 vero*
1338 3003 1410 3034 etc.;

352 3051 478 3086 quarto,
502 3043 720 3076 universalem
745 3043 891 3087 regulam
909 3042 1090 3083 concludit;
1111 3043 1172 3076 ibi:
1195 3042 1412 3076 Universaliter

116 3094 123 3101 ·
133 3091 203 3113 Num.
214 3098 233 3119 5.

350 3103 419 3125 vero
435 3091 450 3108 *
474 3100 533 3124 etc.
559 3092 649 3132 Quia
666 3093 763 3136 igitur
779 3092 909 3136 negatio
927 3101 982 3125 aut
997 3091 1097 3124 verbo
1115 3101 1170 3124 aut
1189 3090 1290 3124 modo
1306 3102 1410 3135 appo-

113 3150 322 3181 mma-ervum
352 3140 457 3173 nenda
481 3149 539 3181 est,
563 3150 595 3174 et
611 3141 701 3185 quod
720 3140 820 3174 verbo
839 3152 907 3173 non
928 3140 1074 3174 addenda
1098 3149 1147 3173 est
1162 3140 1188 3180 *‚
1213 3139 1410 3173 declaratum

114 3176 283 3224 {anggfflida
300 3184 322 3197 ”¹
352 3198 400 3222 est
416 3200 473 3232 per
494 3188 605 3222 locum
630 3202 647 3222 a
671 3190 846 3229 divisione3
872 3189 1098 3223 concludendo
1127 3189 1333 3222 determinat:
1358 3189 1412 3222 Est

352 3249 417 3280 ergo
441 3238 555 3281 negatio
578 3239 639 3271 eius
662 3249 738 3282 quae
761 3245 802 3271 est
819 3238 958 3283 possibile
982 3249 1049 3278 esse,
1075 3249 1109 3271 ca
1127 3249 1202 3282 quae
1218 3244 1258 3271 est
1272 3249 1333 3271 non
1344 3245 1411 3283 pos-

351 3285 435 3318 sibile
458 3297 525 3326 esse,
551 3287 584 3318 in
609 3298 671 3330 qua
695 3295 832 3329 negatur
855 3286 984 3319 modus.
1021 3287 1062 3319 Et
1085 3286 1198 3319 eadem
1215 3295 1264 3319 est
1279 3287 1361 3319 ratio
1379 3287 1411 3318 in

353 3334 635 3368 enunciationibus
660 3334 699 3368 de
731 3335 944 3377 contingenti.
971 3335 1080 3368 Huius
1110 3335 1214 3373 enim,
1239 3346 1321 3379 quae
1346 3343 1412 3374 est,

354 3383 546 3426 contingens
571 3395 651 3424 esse,
674 3384 805 3427 negatio
829 3392 888 3422 est,
906 3395 973 3416 non
991 3384 1184 3427 contingens
1208 3395 1289 3416 esse.
1315 3383 1356 3416 Et
1380 3384 1411 3415 in

354 3430 441 3470 aliis,
466 3431 587 3465 scilicet
611 3432 650 3465 de
674 3443 783 3466 necesse
805 3441 837 3465 et
859 3432 1037 3476 impossibile
1061 3431 1147 3465 idern
1172 3433 1221 3465 est'
1243 3431 1411 3465 iudicium.

440 3489 468 3512 2.
500 3479 627 3513 Deinde
663 3492 738 3513 cum
770 3480 868 3514 dicit:
904 3481 999 3514 Fiunt
1034 3482 1111 3514 enim
1139 3481 1171 3513 in
1201 3480 1263 3513 illis
1295 3481 1411 3524 apposi-

356 3526 444 3558 tiones
475 3536 555 3566 etc.‚
587 3527 695 3560 subdit
726 3528 823 3561 huius
853 3529 996 3561 veritatis
1029 3529 1190 3561 rationem
1221 3528 1329 3561 talem.
1360 3528 1412 3561 Ad

355 3574 547 3607 sumendam
576 3575 866 3609 contradictionem
896 3577 978 3609 inter
1010 3576 1133 3620 aliquas
1165 3577 1411 3609 enunciationes

1453 873 1476 907 ¹*
1490 873 1547 904 Est
1566 883 1640 913 ergo
1664 874 1789 913 negatio
1809 874 1875 904 eius
1891 885 1972 915 quae
1992 882 2048 913 est,
2064 875 2213 915 possibile
2233 885 2310 914 esse,
2327 886 2363 906 ea
2382 886 2463 917 quae
2480 884 2526 908 est

1527 927 1592 947 non
1616 918 1765 958 possibile
1790 928 1866 949 esse.
1896 919 2017 949 Eadem
2046 930 2176 960 quoque
2200 920 2279 950 ratio
2303 926 2349 951 est
2372 927 2403 951 et
2424 920 2457 950 in
2485 930 2525 952 eo

1527 962 1615 1002 quod
1640 969 1686 993 est
1709 963 1894 1003 contingens
1918 971 1999 994 esse:
2025 963 2141 994 etenim
2157 964 2282 1003 negatio
2303 964 2370 995 eius
2386 971 2442 1003 est,
2459 974 2525 995 non

1527 1006 1712 1046 contingens
1731 1015 1813 1045 esse;
1837 1014 1868 1037 et
1890 1007 1923 1037 in
1947 1008 2014 1038 aliis
2038 1018 2168 1049 quoque
2191 1008 2286 1038 simili
2304 1009 2420 1047 modo,
2442 1015 2478 1040 ut
2493 1009 2525 1039 in

1527 1051 1702 1082 necessario
1726 1058 1756 1082 et
1779 1051 1978 1091 impossibili.

1460 1094 1556 1126 Fiunt
1580 1095 1665 1125 enirn
1688 1096 1964 1136 quemadmodum
1982 1096 2015 1126 in
2030 1096 2102 1134 illis,
2118 1106 2184 1127 esse
2201 1103 2232 1127 et
2247 1107 2313 1127 non
2329 1106 2406 1135 esse,
2425 1106 2526 1137 appo-

1527 1139 1666 1178 sitiones,
1690 1140 1846 1170 subiectae
1869 1150 1945 1171 vero
1971 1150 2035 1179 reS‚
2058 1141 2121 1171 hoc
2144 1140 2274 1182 quidem
2297 1141 2422 1179 album,
2446 1141 2526 1172 illud

1526 1194 1601 1214 vero
1618 1184 1733 1215 homo:
1751 1185 1865 1215 eodem
1880 1194 2011 1225 quoque
2025 1185 2124 1215 modo
2140 1185 2201 1216 hoc
2224 1185 2257 1215 in
2270 1185 2355 1224 loco,
2373 1195 2440 1215 esse
2454 1185 2527 1226 qui-

1528 1228 1602 1258 dem
1625 1235 1655 1259 et
1678 1239 1743 1259 non
1767 1239 1844 1267 esse,
1869 1236 1904 1259 ut
1923 1228 2100 1259 subiectum
2119 1228 2165 1267 fit,
2187 1239 2281 1270 posse
2303 1239 2378 1260 vero
2396 1236 2427 1260 et
2450 1239 2526 1260 con-

1527 1272 1645 1312 tingere
1669 1273 1883 1313 appositiones
1912 1280 2002 1311 sunt,
2028 1273 2269 1304 determinantes
2299 1272 2525 1316 (quemadmo-

1529 1317 1608 1346 dum
1630 1316 1663 1346 in
1686 1317 1746 1348 illis
1770 1327 1836 1348 esse
1860 1324 1890 1348 et
1913 1327 1979 1347 non
2003 1316 2086 1360 esse)
2111 1317 2274 1348 veritatem
2294 1325 2324 1348 et
2346 1317 2524 1355 falsitatem,

1529 1361 1672 1391 similiter
1694 1361 1752 1392 hae
1774 1361 1806 1392 in
1831 1372 1868 1392 eo
1893 1362 1981 1402 quod
2006 1368 2062 1400 est,
2083 1372 2149 1392 esse
2165 1362 2314 1402 possibile
2331 1369 2362 1393 et
2377 1371 2443 1392 esse
2459 1371 2525 1392 non

1527 1404 1686 1444 possibile.

1461 1448 1539 1479 Eius
1562 1459 1649 1487 vero,
1666 1459 1747 1490 quae
1763 1456 1819 1486 est,
1836 1449 1986 1489 possibile
2009 1460 2075 1481 non
2099 1460 2177 1488 esse,
2193 1450 2319 1490 negatio
2339 1457 2386 1481 est
2400 1459 2466 1480 non
2490 1459 2526 1480 ea

1528 1503 1610 1533 quae
1633 1499 1690 1531 est,
1714 1503 1780 1523 non
1803 1503 1880 1532 esse,
1905 1494 1960 1524 sed
1983 1504 2019 1524 ea
2041 1504 2122 1534 quae
2146 1501 2202 1531 est,
2223 1504 2290 1524 non
2308 1494 2476 1534 possibile;
2495 1500 2526 1525 et

1529 1537 1595 1567 eius
1619 1547 1701 1577 quae
1725 1544 1788 1575 est,
1812 1537 1961 1577 possibile
1985 1548 2063 1576 esse,
2087 1548 2152 1568 non
2177 1548 2214 1568 ea
2236 1548 2318 1579 quae
2341 1545 2398 1576 est,
2422 1538 2522 1578 possi-

1530 1581 1591 1611 bile
1621 1591 1688 1612 non
1715 1591 1802 1619 esse,
1830 1582 1885 1612 sed
1913 1591 1949 1612 ea
1976 1592 2058 1622 quae
2086 1589 2147 1619 est,
2178 1592 2244 1612 non
2271 1582 2421 1622 possibile
2449 1592 2524 1613 esse.

1529 1626 1635 1663 Quare
1660 1632 1690 1656 et
1712 1625 1801 1666 sequi
1826 1635 1892 1656 sese
1915 1625 2051 1656 invicem
2074 1625 2275 1664 videbuntur,
2294 1625 2444 1666 possibile
2459 1635 2526 1657 esse

1530 1677 1560 1700 et
1583 1669 1733 1710 possibile
1757 1680 1821 1700 non
1846 1680 1922 1700 esse.
1948 1670 2035 1700 Idem
2054 1670 2140 1700 enim
2163 1669 2312 1710 possibile
2329 1680 2395 1703 esse
2414 1676 2446 1701 et
2459 1679 2526 1701 non

1530 1724 1606 1745 esse.
1635 1714 1711 1744 Non
1734 1714 1819 1744 enim
1843 1714 2104 1745 contradictiones
2133 1721 2207 1745 sunt
2229 1714 2288 1745 sibi
2310 1714 2446 1744 invicem
2467 1713 2526 1745 hu·

1529 1758 1679 1797 iusmodi,
1703 1758 1853 1799 possibile
1877 1768 1943 1789 esse
1967 1765 1998 1789 et
2019 1758 2169 1799 possibile
2189 1768 2255 1789 non
2271 1766 2354 1797 esse;
2379 1758 2433 1788 sed
2452 1767 2526 1799 pos-

1529 1802 1617 1833 sibile
1640 1812 1707 1833 esse
1731 1809 1761 1833 et
1784 1812 1849 1833 non
1873 1802 2021 1843 possibile
2045 1813 2123 1841 esse,
2144 1813 2311 1844 nunquam
2334 1802 2430 1833 simul
2452 1808 2527 1833 sunt

1529 1846 1561 1876 in
1585 1847 1699 1877 eodem
1714 1857 1805 1877 verae
1821 1854 1909 1877 sunt:
1926 1854 2136 1887 opponuntur
2152 1847 2256 1877 enirn:
2273 1856 2376 1888 neque
2393 1856 2428 1877 ea
2444 1855 2526 1887 quae

1529 1898 1585 1929 est,
1610 1891 1759 1931 possibile
1776 1901 1842 1922 non
1866 1901 1932 1922 esse
1955 1898 1986 1922 et
2011 1901 2077 1922 non
2093 1891 2243 1931 possibile
2266 1900 2332 1921 non
2348 1900 2426 1928 esse,
2443 1900 2525 1921 nun-

1528 1945 1627 1976 quam
1657 1935 1752 1966 simul
1774 1935 1807 1966 in
1831 1936 1944 1966 eodem
1967 1945 2057 1966 verae
2081 1942 2163 1966 sunt.
2193 1935 2342 1966 Similiter
2365 1941 2472 1965 autem
2495 1941 2526 1966 et

1529 1980 1596 2010 eius
1619 1990 1701 2021 quae
1725 1987 1781 2017 est,
1805 1980 2016 2010 necessarium
2041 1986 2102 2018 est,
2127 1980 2251 2019 negatio
2275 1989 2341 2010 non
2369 1986 2418 2010 est>
2443 1988 2525 2020 quae

2552 883 2560 890 ⁵
2573 880 2627 908 Seq.
2642 886 2694 908 cap.
2706 887 2747 902 xu-

1529 2030 1594 2062 est,
1618 2024 1830 2055 necessarium
1853 2034 1918 2054 non
1941 2034 2028 2062 esse,
2052 2024 2107 2054 sed
2130 2034 2166 2054 ea
2186 2033 2275 2064 *quae
2298 2030 2359 2061 est,
2381 2033 2447 2054 non
2471 2032 2527 2054 ne·
2556 2050 2560 2053 .

1529 2069 1699 2099 cessarium
1722 2076 1805 2106 esse;
1837 2068 1904 2099 eius
1925 2078 2001 2099 vero
2025 2078 2107 2109 quae
2134 2074 2198 2107 est,
2224 2067 2436 2098 necessarium
2458 2076 2525 2098 non

1528 2123 1606 2151 esse,
1624 2123 1660 2143 ea
1683 2123 1764 2153 quae
1789 2119 1851 2151 est,
1875 2122 1941 2143 non
1962 2112 2174 2143 necessarium
2196 2121 2262 2142 non
2285 2122 2362 2142 esse.
2387 2111 2428 2142 Et
2457 2110 2526 2142 eius

1529 2167 1610 2198 quae
1626 2164 1682 2195 est,
1703 2157 1897 2197 impossibile
1917 2167 1994 2195 esse,
2012 2167 2078 2187 non
2095 2166 2131 2187 ea
2146 2166 2228 2197 quae
2249 2163 2305 2195 est,
2330 2154 2526 2196 impossibile

1529 2211 1594 2232 non
1618 2211 1700 2239 esse,
1725 2202 1778 2232 sed
1803 2201 1899 2239 haec,
1924 2211 1990 2232 non
2018 2200 2214 2241 impossibile
2244 2207 2329 2239 esse;
2360 2199 2427 2231 eius
2449 2209 2525 2230 vero

1528 2256 1610 2287 quae
1634 2252 1689 2284 est,
1713 2245 1910 2286 impossibile
1934 2255 2000 2276 non
2024 2255 2105 2283 esse,
2131 2255 2167 2275 ea
2193 2254 2274 2286 quae
2298 2251 2354 2284 est,
2378 2254 2446 2275 non
2467 2243 2525 2275 im—

1527 2290 1676 2331 possibile
1699 2300 1765 2320 non
1789 2300 1864 2320 esse.

1462 2334 1684 2366 Universaliter
1702 2344 1788 2372 vero,
1804 2335 2078 2375 quemadmodum
2103 2333 2223 2364 dictum
2237 2340 2294 2372 est,
2313 2343 2379 2364 esse
2395 2333 2527 2374 quidam

1527 2386 1558 2410 et
1581 2388 1647 2409 non
1669 2388 1736 2409 esse
1769 2385 1894 2419 oportet
1916 2388 2035 2419 ponere
2063 2378 2338 2420 quemadmodum
2367 2377 2526 2417 subiecta,

1528 2423 1729 2463 negationem
1752 2433 1826 2454 vero
1851 2430 1882 2454 et
1904 2423 2146 2454 affirmationem
2173 2422 2250 2453 haec
2278 2422 2462 2458 facientem,
2486 2421 2527 2452 nd

1529 2477 1595 2498 esse
1619 2474 1650 2498 et
1673 2477 1739 2498 non
1762 2477 1828 2498 esse
1852 2477 2022 2508 apponere.
2047 2467 2087 2498 Et
2105 2467 2161 2497 has
2185 2473 2311 2507 oportet
2334 2473 2444 2507 putare
2460 2475 2527 2497 esse

1529 2512 1692 2552 oppositas
1716 2512 1885 2543 dictiones:
1910 2511 2060 2552 possibile
2076 2521 2141 2542 non
2157 2510 2322 2551 possibile;
2342 2510 2527 2551 contingens

1530 2566 1595 2586 non
1625 2556 1825 2595 contingens;
1849 2555 2045 2596 impossibile
2065 2565 2130 2586 non
2149 2554 2363 2595 impossibile;
2387 2564 2526 2586 necessa·

1530 2600 1613 2630 rium
1636 2610 1701 2630 non
1726 2600 1953 2638 necessarium;
1976 2609 2087 2630 verum
2111 2609 2177 2629 non
2200 2608 2321 2629 verum.

1463 2711 1593 2746 oportet
1616 2714 1738 2746 ponere
1762 2703 1971 2746 negationem
1990 2714 2089 2746 super
2112 2702 2330 2746 appositione,
2347 2701 2430 2735 idest
2446 2712 2526 2735 con-

1463 2752 1630 2784 iunctione
1655 2750 1828 2794 praedicati
1850 2763 1926 2784 cum
1942 2750 2105 2792 subiecto;
2129 2750 2186 2784 sed
2206 2751 2239 2783 in
2263 2749 2447 2784 modalibus
2471 2761 2527 2794 ap-

1463 2800 1644 2844 positiones
1678 2808 1754 2832 sunt
1785 2799 1900 2840 modi;
1933 2811 2011 2843 ergo
2040 2801 2073 2832 in
2101 2798 2285 2832 modalibus
2314 2799 2445 2842 negatio
2472 2810 2527 2843 ap-

1464 2848 1617 2892 ponenda
1641 2858 1690 2882 est
1713 2848 1833 2888 modo,
1858 2858 1894 2881 ut
1913 2848 1968 2882 fiat
1993 2847 2216 2881 contradictio.
2241 2848 2350 2880 Huius
2374 2847 2527 2887 rationis,

1464 2898 1587 2930 maiore
1619 2897 1863 2937 subintellecta,
1894 2898 2003 2930 minor
2027 2898 2162 2940 ponitur
2192 2897 2225 2929 in
2253 2896 2358 2929 littera
2388 2907 2446 2940 per
2475 2907 2527 2929 se-

1466 2946 1606 2979 cundam
1624 2945 1870 2978 similitudinem
1894 2945 1934 2978 ad
1958 2945 2028 2978 illas
2045 2944 2084 2978 de
2105 2945 2206 2978 inesse.
2231 2944 2273 2977 Et
2296 2943 2414 2976 dicitur
2437 2942 2527 2988 quod

1466 2993 1747 3039 quemadmodum
1771 2994 1804 3026 in
1832 2993 1894 3027 illis
1922 2993 2206 3027 enunciationibus
2235 2991 2274 3025 de
2301 2992 2393 3025 inesse
2423 3002 2526 3036 appo-

1466 3044 1620 3083 sitiones,
1653 3042 1736 3076 idest
1764 3042 2039 3087 praedicationes,
2072 3050 2148 3075 sunt
2179 3053 2249 3075 esse
2284 3050 2317 3074 et
2344 3052 2412 3074 non
2439 3050 2527 3080 esse,

1467 3091 1550 3125 idest
1576 3090 1673 3124 verba
1698 3090 1910 3135 significativa
1934 3102 2005 3124 esse
2028 3090 2080 3124 vel
2097 3101 2165 3123 non
2182 3101 2252 3123 esse
2268 3088 2422 3134 (verbum
2439 3089 2527 3121 enim

1466 3151 1596 3184 semper
1611 3148 1660 3173 est
1675 3148 1752 3172 nota
1769 3150 1885 3172 eorum
1906 3150 1988 3183 quae
2009 3138 2048 3172 de
2065 3138 2166 3172 altero
2183 3136 2437 3182 praedicantur),
2453 3135 2527 3170 sub-

1467 3189 1581 3222 iective
1604 3199 1683 3221 vero
1708 3186 1969 3231 appositionibus
1989 3198 2039 3220 res
2063 3195 2150 3225 sunt,
2170 3185 2289 3230 quibus
2305 3197 2376 3219 esse
2391 3184 2444 3218 vel
2459 3194 2528 3218 non

1466 3248 1536 3270 esse
1561 3236 1754 3280 apponitur,
1779 3243 1815 3268 ut
1838 3234 1967 3275 album,
1992 3246 2068 3268 cum
2092 3234 2227 3274 dicitur,
2251 3233 2362 3267 album
2385 3241 2448 3274 est,
2475 3231 2528 3266 vel
2558 3275 2560 3277 ι

1467 3286 1581 3325 homo,
1606 3296 1682 3318 cum
1706 3283 1834 3324 dicitur,
1851 3283 1953 3317 homo
1970 3292 2033 3322 est;
2058 3283 2175 3317 eodem
2192 3282 2294 3316 modo
2311 3283 2375 3316 hoc
2396 3283 2429 3314 in
2452 3280 2527 3314 loco

1467 3335 1500 3366 in
1524 3332 1708 3366 modalibus
1733 3331 1865 3365 accidit:
1891 3342 1948 3365 esse
1970 3331 2088 3376 quidem
2114 3331 2276 3365 subiectum
2293 3331 2351 3375 fit,
2376 3329 2459 3363 idest
2481 3328 2527 3362 di-

1468 3391 1556 3415 ctum
1585 3380 1771 3425 significans
1795 3392 1865 3414 esse
1886 3380 1937 3414 vel
1961 3392 2029 3414 non
2046 3392 2116 3414 esse
2140 3380 2277 3414 subiecti
2293 3379 2403 3412 locum
2420 3385 2526 3417 tenet;

1467 3432 1630 3474 contingere
1651 3442 1720 3464 vero
1743 3436 1769 3463 et
1781 3437 1864 3475 posse
1879 3430 2081 3475 oppositiones,
2100 3429 2183 3463 idest
2198 3427 2300 3468 modi,
2317 3425 2527 3471 praedicatio-

1468 3491 1525 3513 nes
1550 3488 1635 3512 sunt.
1661 3479 1702 3512 Et
1725 3477 2006 3522 quemadmodum
2030 3479 2063 3510 in
2084 3477 2145 3510 illis
2163 3477 2202 3510 de
2218 3477 2324 3509 inesse
2340 3485 2440 3519 penes
2456 3485 2527 3507 esse

1468 3537 1500 3561 et
1523 3539 1591 3561 non
1615 3539 1685 3561 esse
1701 3528 1869 3560 veritatem
1890 3526 1941 3560 vel
1965 3526 2138 3560 falsitatem
2161 3523 2460 3563 determinavimus,
2485 3523 2527 3555 ita

1467 3577 1500 3609 in
1524 3577 1593 3609 istis
1610 3574 1792 3608 modalibus
1809 3587 1909 3619 penes
1933 3574 2061 3608 modos.
2081 3574 2154 3606 Hoc
2174 3581 2223 3606 est
2239 3573 2327 3605 enim
2343 3569 2433 3616 quod
2450 3570 2526 3604 sub-
