2788 4204
101 2518 125 2538 S.
141 2517 252 2540 Thomas,

97 2854 104 2862 ⁶
121 2852 191 2874 Num,
208 2860 228 2881 5.

100 2908 107 2915 ·
124 2905 193 2927 Num.
209 2907 231 2928 8.

100 2951 108 2959 ⁶
118 2950 180 2972 Lect.
192 2958 240 2979 seq.

362 204 434 229 120

1106 206 1223 241 PERI
1256 206 1600 244 HERMENEIAS
1639 210 1733 246 LIB.
1764 211 1795 246 ΙΙ

962 419 1263 475 LECTIO
1300 423 1935 483 DECIMATERTIA

1252 546 1352 579 (Canu.
1373 548 1502 574 Cara-ram
1522 550 1578 575 lect.
1593 549 1633 585 xi)

718 634 1053 667 CONTRARIETAS
1078 637 1120 667 IN
1144 638 1265 668 ANIMI
1291 639 1563 672 OPINIONIBUS
1587 642 1913 676 CONSTITUITUR
1937 647 1992 677 Ex
2016 648 2180 685 ALIQUA

1114 695 1214 725 VERI
1238 696 1449 734 FALSIQUE
1474 698 1768 732 OPPOSITIONE.

353 800 496 842 Πότερον
521 789 559 826 δὲ
584 794 726 827 ἐναντία
751 794 841 828 ἐστὶν
869 797 889 832 ’ἡ
910 796 1104 841 κατάφασις
1129 799 1174 840 τῇ
1203 796 1371 843 ἀποφάσει
1397 798 1418 836 ἢ

420 845 440 880 ἡ
464 839 659 884 κατάφασις
686 841 731 882 τῇ
756 840 964 884 καταφάσει,
990 844 1047 873 καὶ
1076 844 1090 874 ὁ
1115 843 1215 889 λόγος
1240 846 1288 885 τῷ
1311 844 1414 890 λόγῳ,

421 890 436 919 ὀ
460 886 566 928 λέγων
594 884 647 916 ὅτι
674 886 739 922 πᾶς
762 884 933 929 ἄνθρωπος
951 884 1078 924 δίκαιος
1099 889 1145 929 τῷ
1166 884 1272 926 οὐδεὶς
1294 888 1415 932 ἄνθρω-

419 944 478 970 πος
503 929 632 967 δίκαιος
659 928 679 966 ἦ
707 930 747 962 τὸ
774 931 839 966 πᾶς
868 930 1038 973 ἄνθρωπος
1061 928 1189 970 δίκαιος
1209 935 1256 974 τῷ
1275 935 1341 971 πᾶς
1362 934 1415 966 ἄν-

417 977 544 1022 θρωπος
573 970 699 1015 ἄδικος,
720 975 786 1006 οἷον
814 975 886 1007 ἔστι
910 978 1061 1015 Καλλίας
1085 973 1235 1019 δίκαιος,
1263 976 1323 1009 οὐκ
1343 978 1415 1010 ἔστι

415 1024 567 1058 Καλλίας
593 1015 743 1073 δίκαιος,
769 1021 920 1058 Καλλίας
954 1017 1067 1059 ἄδικός
1099 1020 1185 1054 ἐστι·
1214 1024 1345 1067 ποτέρα
1370 1020 1412 1060 ’δή

417 1070 557 1099 εναντία
583 1074 737 1103 τουτων;

349 1111 386 1141 Εἰ
410 1111 474 1157 γάρ
503 1111 550 1143 τά
573 1110 631 1155 μὲν
659 1107 691 1140 ἐν
717 1109 763 1151 τῇ
793 1110 884 1152 φωνῇ
914 1107 1089 1142 ἀκολουθεῖ
1112 1115 1182 1148 τοῖς
1210 1110 1241 1143 ἐν
1268 1114 1314 1155 τῇ
1340 1108 1413 1146 δια-

415 1159 502 1197 νοίᾳ,
529 1154 598 1187 ἐκεῖ
621 1149 658 1186 δὲ
684 1151 825 1185 ἐναντία
850 1150 936 1194 δόξα
955 1156 975 1191 ἡ
994 1156 1056 1186 τοῦ
1080 1154 1251 1196 ἐναντίου,
1270 1159 1337 1190 οἷον
1361 1158 1414 1191 ὅτι

415 1202 481 1238 πᾶς
511 1199 680 1244 ἄνθρωπος
705 1193 835 1236 δίκαιος
861 1200 905 1241 τῇ
933 1200 998 1236 πᾶς
1019 1199 1189 1242 ἄνθρωπος
1209 1198 1335 1244 ἄδικος,
1354 1206 1412 1235 met

415 1244 469 1278 ἐπὶ
502 1246 568 1277 τῶν
600 1243 632 1276 ἐν
659 1243 703 1285 τῇ
738 1244 828 1285 φωνῇ
859 1244 1088 1287 καταφάσεων
1122 1243 1254 1290 ἀνάγκη
1293 1249 1411 1292 ὁμοίως

414 1291 516 1336 ἔχειν.
547 1290 584 1320 Εἰ
608 1284 646 1320 δὲ
671 1288 717 1331 μή
744 1287 813 1320 ἐκεῖ
837 1289 857 1324 ἡ
884 1290 946 1320 τοῦ
977 1287 1132 1320 ἐναντίου
1157 1285 1243 1331 ’δόξα
1270 1290 1412 1325 ἐναντία

413 1334 519 1374 ἐστίν,
539 1332 616 1366 οὐδὲ
642 1334 662 1369 ή
690 1332 883 1376 κατάφασις
910 1333 955 1375 τῇ
981 1333 1175 1375 καταφάσει
1202 1336 1299 1368 ἔσται
1318 1335 1412 1369 ἐναν-

413 1383 487 1419 τία,
508 1377 582 1413 ἀλλ’
605 1380 624 1414 ἡ
644 1377 796 1422 εἰρημένη
818 1376 1000 1421 ἀπόφασις.
1020 1377 1122 1408 ’Ὠστε
1145 1380 1311 1412 σκεπτέον
1330 1384 1412 1413 ποία

412 1421 498 1466 δόξα
526 1422 650 1460 ἀληθής
684 1418 796 1465 ψευδεῖ
819 1417 900 1462 δόξῃ
932 1420 1095 1460 ἐναντία,
1132 1422 1274 1468 πότερον
1300 1426 1320 1461 ’ἡ
1348 1427 1411 1463 τῆς

414 1468 605 1512 ἀποφάσεος
632 1466 652 1504 ἦ
678 1468 698 1503 τ’,
725 1467 766 1498 τὸ
793 1465 946 1498 ἐναντίον
974 1463 1059 1498 εἶναι
1081 1464 1287 1510 δοξάζουσα.
1314 1469 1411 1516 Λέγω

412 1510 450 1546 δὲ
465 1513 542 1548 ὦδε.
560 1513 658 1545 ’Έστι
683 1523 732 1548 τις
749 1506 835 1550 δόξα
864 1509 990 1548 ἀληθής
1010 1513 1072 1543 τοῦ
1097 1509 1227 1557 ἀγαθοῦ
1254 1512 1307 1546 ὅτι
1327 1512 1413 1559 ἀγα-

412 1558 482 1600 Θόν,
511 1559 594 1594 ἄλλη
621 1551 658 1588 δέ
684 1555 737 1588 ὅτι
763 1553 821 1586 ου’κ.
849 1554 978 1601 ἀγαθὸν
1005 1552 1141 1599 ψευδής,
1169 1557 1270 1601 ἑτέρα
1295 1554 1333 1590 δέ
1358 1558 1411 1591 ὅτι

410 1605 530 1637 κακόν,
557 1600 688 1645 Ποτέρα
713 1595 756 1636 δή
782 1599 914 1631 τούτων
943 1598 1084 1633 ἐναντία
1115 1602 1160 1643 τῇ
1188 1600 1325 1643 άληθεῖ;
1353 1606 1411 1635 καὶ

411 1650 438 1679 εἰ
464 1650 537 1681 ἔστι
563 1649 637 1691 μία,
662 1642 738 1676 καθ’
769 1644 938 1687 ὁποτέραν
965 1646 985 1682 ἡ
1013 1643 1174 1685 ἐναντία;

342 1736 387 1768 Τό
412 1737 470 1780 μέν
497 1732 539 1772 δή
567 1735 678 1775 τούτῳ
706 1733 833 1765 οἴεσθαι
860 1733 921 1771 τάς
949 1732 1107 1772 ἐναντίας
1132 1730 1234 1775 δόξας
1256 1735 1407 1780 ὠρίσθαι,

409 1783 457 1823 τῷ
482 1782 548 1813 τῶν
576 1778 736 1812 ἐναντίων
763 1776 862 1818 εἶναι,
881 1774 1013 1822 ψεῦδος·
1034 1781 1095 1810 τοῦ
1113 1779 1176 1826 γάρ
1197 1778 1330 1826 ἀγαθοῦ
1355 1780 1408 1813 ὅτι

411 1825 539 1872 ἀγαθὸν
567 1825 626 1856 καὶ
651 1824 713 1857 τοῦ
739 1824 848 1855 κακοῦ
875 1822 928 1855 ὅτι
952 1825 1056 1857 κακὸν
1084 1825 1104 1861 ἡ
1132 1825 1225 1862 αὐτή
1250 1826 1327 1863 ἴσως
1351 1827 1409 1857 καὶ

410 1869 535 1907 ἀληθής
556 1869 655 1901 ἔσται
681 1873 750 1902 εἴτε
776 1869 909 1910 πλείοος
933 1870 1002 1900 εἴτε
1030 1872 1092 1913 μία
1118 1867 1222 1902 ἐστίν.
1245 1868 1408 1902 Ἐναντία

408 1911 445 1947 δὲ
463 1912 698 1947 ταῦτα.Ἀλλ’
719 1910 757 1943 οὐ
778 1914 824 1954 τῷ
847 1911 1009 1945 ἐναντίων
1032 1911 1117 1945 εἶναι
1139 1911 1294 1955 ἐναντία,
1320 1912 1409 1947 ἀλλά

408 1961 537 2002 μᾶλλον
564 1959 611 2000 τῷ
638 1957 811 1994 ἐναντίως.

342 2005 379 2035 Εἰ
396 2000 440 2041 δὴ
457 2005 531 2036 ἔστι
551 2003 609 2048 μὲν
628 2005 690 2036 τοῦ
710 2000 731 2036 ἀ
758 2001 841 2034 αθοῦ
861 2003 914 2033 ὅτι
933 2000 1023 2034 ἐστὶν
1048 2001 1175 2049 ἀγαθὸν
1201 1998 1299 2043 δόξα,
1321 2003 1406 2040 ἄλλη

407 2045 437 2081 δ’
468 2048 520 2081 ὅτι
546 2047 607 2080 ουίι
634 2046 777 2093 ἀγαθον,
805 2047 877 2079 ἔστι
902 2042 939 2078 δὲ
967 2047 1050 2079 ἄλλο
1076 2059 1110 2080 τι
1137 2048 1152 2079 ὃ
1181 2045 1243 2093 οὐχ
1261 2047 1406 2092 ὑπάρχει

407 2089 479 2126 οὐδ’
506 2093 616 2126 οἷόντε
652 2092 822 2137 ὑπάρξαι,
857 2092 923 2124 τῶν
949 2092 1007 2136 μὲν
1033 2087 1075 2128 δή
1103 2092 1211 2124 ἄλλων
1245 2087 1405 2134 οὐδεμίαν

408 2137 537 2177 θετέον,
559 2138 637 2170 οὔτε
664 2137 741 2170 ὅσαι
767 2135 930 2181 ὑπάρχειν
949 2137 990 2168 τὸ
1009 2137 1055 2179 μή
1075 2136 1227 2182 ὑπάρχον
1245 2131 1408 2179 δοξάζου-

407 2195 470 2223 σιν,
500 2181 568 2215 οὕθ’
598 2181 674 2215 ὅσαι
692 2182 738 2227 μή
763 2180 926 2225 ύπάρχειν
944 2181 984 2213 τὸ
1003 2181 1156 2227 ὑπάρχον
1178 2182 1323 2236 (ἄπειροι
1340 2181 1404 2227 γάρ

409 2225 611 2272 ἀμφότεραι,
625 2229 684 2260 καὶ
704 2226 780 2259 ὅσαι
799 2225 963 2271 ὑπάρχειν
981 2221 1161 2268 δοξάζουσι
1179 2226 1220 2259 τὸ
1239 2239 1284 2271 μη
1301 2225 1407 2270 ύποίρ-

406 2284 480 2317 χον,
506 2274 565 2304 καὶ
590 2271 667 2305 ὅσαι
692 2272 738 2316 μή
764 2270 927 2315 ὑπάρχειν
953 2271 994 2303 τὸ
1021 2270 1202 2317 ὑπάρχον),

556 2379 574 2392 »·
591 2377 744 2412 ostquam
751 2367 1003 2401 determinatum
1013 2375 1061 2400 est
1070 2366 1109 2400 de
1119 2367 1349 2400 enunciatione
1359 2377 1406 2399 se-

591 2417 737 2450 cundum
751 2415 840 2460 quod
857 2415 1092 2449 diversificatur
1107 2424 1174 2448 tam
1187 2427 1225 2448 ex
1238 2415 1405 2448 additione

536 2514 576 2558 »ἦ
590 2515 671 2554 eius,
688 2514 739 2546 hic
751 2513 933 2546 secundum
945 2513 1141 2546 divisionem
1158 2524 1175 2545 a
1188 2512 1355 2546 s.Thoma
1370 2513 1403 2545 in

589 2562 751 2607 principio
768 2562 866 2595 huius
887 2561 1010 2595 Secundi
1030 2560 1158 2601 factam,
1174 2560 1312 2594 intendit
1329 2561 1403 2594 Ari-

340 2612 474 2646 stoteles
494 2621 629 2645 tractare
647 2610 811 2655 quandam
829 2610 1056 2655 quaestionem
1076 2610 1159 2642 circa
1175 2609 1403 2653 oppositiones

338 2661 607 2695 enunciationum
617 2660 846 2704 provenientes
856 2671 895 2692 ex
907 2671 947 2692 eo
959 2658 1048 2703 quod
1058 2658 1187 2692 additur
1197 2657 1319 2702 aliquid
1329 2659 1403 2690 sim-

337 2710 413 2754 plici
425 2709 657 2744 enunciationi.
671 2709 712 2742 Et
725 2709 808 2741 circa
821 2707 884 2740 hoc
897 2716 1038 2752 quatuor
1050 2706 1140 2740 facit:
1158 2707 1276 2750 primo,
1289 2715 1402 2739 movet

337 2759 579 2803 quaestionem;
596 2757 753 2797 secundo,
762 2756 902 2790 declarat
919 2755 1008 2800 quod
1025 2755 1104 2788 haec
1115 2756 1264 2800 quaestio
1278 2755 1400 2798 depen-

337 2807 392 2841 det
404 2806 442 2840 ab
456 2818 521 2840 una
530 2806 591 2839 alia
600 2806 792 2850 quaestione
801 2804 1056 2849 praetractanda;
1069 2803 1122 2837 ibi:
1136 2804 1221 2837 Nam
1233 2805 1258 2837 si
1270 2815 1315 2844 ea,
1324 2815 1401 2848 quae

335 2863 406 2890 sunt
424 2857 456 2889 in
471 2867 538 2889 voce
553 2855 569 2872 *
582 2864 654 2895 etc.;
672 2855 779 2895 tertio,
799 2854 993 2888 determinat
1012 2852 1100 2886 illam
1121 2852 1216 2886 aliam
1237 2853 1400 2897 quaestio-

336 2907 427 2945 nem;
447 2904 505 2938 ibi:
523 2904 609 2938 Nam
625 2903 799 2938 arbitrari*
812 2912 890 2943 etc.;
907 2911 1034 2947 quarto,
1051 2901 1134 2935 redit
1150 2901 1190 2935 ad
1203 2901 1400 2945 responden-

336 2954 415 2987 dum
429 2953 612 2998 quaestioni
623 2953 730 2997 primo
743 2962 863 2992 motae;
880 2952 941 2986 ibi:
965 2951 1070 2994 Quare
1087 2951 1113 2984 si
1124 2952 1156 2984 in
1168 2951 1325 2996 opinione*
1338 2960 1398 2984 etc.

404 3003 566 3043 Quaestio
584 3013 682 3046 quam
700 3013 833 3034 movere
858 3000 997 3034 intendit
1021 3009 1084 3034 est:
1101 3009 1212 3033 utrum
1232 2999 1398 3033 affirmati-

336 3062 394 3083 vae
423 3051 645 3083 enunciationi
678 3050 839 3083 contraria
867 3050 908 3083 sit
936 3050 1067 3093 negatio
1091 3048 1239 3082 eiusdem
1270 3048 1397 3092 praedi-

336 3100 409 3139 cati,
428 3111 467 3132 an
492 3099 665 3132 affirmatio
690 3098 730 3132 de
747 3099 932 3143 praedicato
957 3099 1120 3131 contrario
1137 3109 1194 3130 seu
1212 3098 1397 3141 privativo?

336 3148 433 3181 Unde
458 3148 554 3181 dicit:
589 3149 699 3182 Utrum
723 3149 876 3182 contraria
901 3154 942 3181 est
971 3148 1130 3192 affirmatio
1158 3147 1308 3190 negationi
1334 3159 1399 3181 con—

336 3197 535 3236 tradictoriae,
553 3196 685 3236 scilicet,
706 3205 738 3229 et
757 3196 982 3229 universaliter
1001 3197 1106 3229 oratio
1123 3194 1313 3228 affirmativa
1330 3207 1398 3228 ora-

335 3244 417 3277 tioni
445 3245 612 3288 negativae
621 3257 630 3285 ;
662 3254 708 3285 ut,
733 3243 924 3277 affirmativa
948 3245 1053 3277 oratio
1082 3255 1164 3288 quae
1189 3243 1278 3284 dicit,
1302 3244 1397 3277 omnis

334 3293 418 3326 homo
438 3299 478 3326 est
500 3294 607 3334 iustus,
629 3292 673 3326 illi
698 3294 858 3326 contraria
877 3294 918 3326 sit
938 3294 1077 3326 orationi
1097 3293 1276 3336 negativae,
1292 3293 1397 3326 nullus

334 3341 418 3374 homo
446 3348 486 3374 εει
519 3342 632 3382 iustus,
665 3351 721 3374 aut
753 3341 810 3382 illi,
835 3342 930 3375 omnis
954 3342 1038 3376 homo
1069 3348 1109 3375 est
1139 3342 1284 3382 iniustus,
1313 3353 1396 3386 quae

335 3399 383 3422 est
403 3389 593 3423 affirmativa
617 3390 657 3423 de
682 3390 867 3434 praedicato
892 3390 1072 3434 privativo?
1100 3391 1140 3424 Et
1164 3390 1311 3423 similiter
1334 3391 1395 3424 ista

336 3436 522 3478 affirmatio,
545 3438 662 3472 Callias
681 3445 721 3471 est
739 3439 845 3479 iustus,
867 3448 915 3472 est
931 3450 971 3472 ne
992 3440 1151 3472 contraria
1171 3438 1216 3471 illi
1234 3437 1394 3472 contradi—

336 3486 454 3518 ctoriae
474 3488 650 3529 negationi‚
669 3487 786 3521 Callias
803 3499 862 3520 non
881 3494 921 3520 εει
937 3489 1043 3528 iustus,
1064 3497 1120 3521 aut
1138 3487 1195 3528 illi,
1214 3487 1331 3521 Callias
1354 3494 1395 3520 εει

335 3533 474 3574 iniustus,
499 3546 582 3577 quae
606 3544 654 3567 est
677 3535 867 3568 affirmativa
895 3535 935 3569 de
959 3535 1146 3580 praedicato
1169 3535 1349 3580 privativo?

1431 2125 1435 2307 J

1430 2366 1435 2522 Ι

1471 805 1488 823 *
1504 806 1621 836 Utrum
1643 814 1751 837 autem
1774 809 1929 838 contraria
1958 816 2004 839 est
2027 809 2194 841 affirmatio
2218 813 2389 852 negationi,
2418 822 2472 845 aut
2495 815 2538 845 af·
2567 821 2575 829 '
2591 820 2648 847 cap.
2666 827 2711 842 κιν-

1538 849 1674 880 firmatio
1691 851 1892 883 affirmationi
1916 860 1947 883 et
1965 854 2066 883 oratio
2084 855 2231 893 orationi,
2248 866 2329 896 quae
2348 857 2433 895 dicit,
2450 860 2539 899 quod

1538 896 1643 926 omnis
1658 895 1759 926 homo
1775 897 1877 927 iustus
1901 904 1957 936 est,
1978 897 2006 927 ei
2023 908 2104 938 quae
2124 905 2180 937 est,
2196 900 2303 930 nullus
2320 900 2420 931 homo
2436 901 2538 933 iustus

1538 945 1600 976 est;
1625 948 1690 977 aut,
1714 941 1819 971 omnis
1842 941 1943 971 homo
1971 941 2073 972 iustus
2098 950 2157 981 est,
2183 943 2210 973 ei
2238 954 2319 984 quae
2343 952 2406 983 est,
2434 946 2539 977 omnis

1535 985 1637 1015 homo
1660 985 1796 1015 iniustus
1816 993 1877 1022 est;
1897 992 1943 1023 ut,
1964 986 2079 1016 Callias
2095 987 2196 1017 iustus
2213 995 2274 1026 est,
2299 988 2416 1019 Callias
2436 990 2537 1021 iustus

1536 1039 1602 1059 non
1627 1036 1682 1068 est,
1707 1029 1823 1060 Callias
1839 1030 1975 1060 iniustus
1999 1037 2060 1068 est;
2081 1038 2149 1061 utra
2164 1031 2278 1062 harum
2302 1033 2456 1064 contraria
2472 1033 2538 1065 est?

1468 1119 1551 1148 Nam
1575 1129 1588 1148 s
1624 1129 1663 1156 ta,
1688 1128 1769 1159 quae
1793 1125 1867 1149 sunt
1882 1119 1915 1149 in
1938 1128 2028 1157 voce,
2046 1126 2221 1160 sequuntur
2245 1131 2291 1158 ea,
2316 1131 2397 1162 quae
2414 1128 2488 1153 sunt
2503 1122 2536 1152 in

1535 1163 1713 1200 intellectu,
1736 1162 1799 1193 illic
1830 1170 1937 1193 autem
1968 1164 2122 1194 contraria
2153 1171 2199 1195 est
2229 1165 2339 1205 opinio
2369 1167 2535 1204 contrarii,

1535 1213 1570 1237 ut
1593 1207 1693 1247 quod,
1717 1207 1822 1237 omnis
1846 1208 1946 1238 homo
1971 1208 2072 1238 iustus
2097 1215 2160 1246 est,
2185 1209 2212 1239 ei
2237 1220 2318 1250 quae
2343 1217 2404 1248 est,
2429 1211 2535 1241 omnis

1534 1251 1635 1281 homo
1659 1251 1794 1282 iniustus
1818 1258 1874 1290 est,
1895 1259 1925 1282 et
1944 1252 2038 1283 etiam
2061 1253 2093 1282 in
2113 1253 2172 1291 his,
2196 1261 2371 1294 quaesunt
2392 1255 2425 1284 in
2443 1265 2533 1293 voce,

1534 1295 1807 1333 affirmationibus,
1823 1306 1948 1326 necesse
1965 1304 2011 1327 est
2026 1297 2168 1328 similiter
2185 1308 2217 1328 se
2237 1308 2269 1328 se
2289 1298 2412 1329 habere.
2437 1300 2536 1336 Quod

1535 1340 1559 1369 si
1585 1350 1687 1380 neque
1710 1340 1773 1370 illic
1790 1341 1936 1371 contrarii
1953 1341 2095 1381 opinatio
2119 1342 2274 1372 contraria
2290 1349 2346 1381 est,
2371 1353 2428 1373 nec
2455 1343 2534 1373 affir-

1534 1384 1632 1414 matio
1649 1384 1849 1414 affirmationi
1874 1385 2027 1415 contraria
2047 1385 2123 1424 erit;
2143 1387 2197 1416 sed
2221 1396 2258 1417 ea
2273 1397 2354 1427 quae
2383 1387 2465 1418 dicta
2489 1394 2535 1418 est

1534 1428 1669 1467 negatio.
1695 1429 1801 1466 Quare
1840 1429 2104 1460 considerandum
2137 1437 2183 1460 est
2205 1441 2286 1471 quae
2318 1431 2429 1471 opinio
2461 1442 2534 1462 vera

1534 1472 1680 1512 opinioni
1704 1472 1799 1503 falsae
1823 1473 1976 1503 contraria
2001 1481 2057 1512 est,
2082 1481 2190 1505 utrum
2214 1475 2400 1514 negationis,
2421 1486 2461 1506 an
2485 1486 2533 1515 ea,

1533 1526 1615 1557 quae
1635 1517 1828 1547 contrarium
1844 1527 1909 1547 esse
1934 1518 2091 1557 opinatur.
2107 1518 2187 1549 Dico
2212 1526 2318 1550 autem
2337 1519 2398 1550 hoc
2422 1521 2532 1551 modo.

1533 1562 1590 1591 Est
1612 1561 1769 1601 quaedam
1785 1561 1927 1601 opinatio
1943 1571 2016 1592 vera
2031 1562 2119 1599 boni,
2136 1563 2226 1603 quod
2249 1563 2372 1593 bonurn
2388 1564 2531 1602 est;-alia

1533 1615 1620 1643 vero,
1637 1606 1726 1646 quod
1749 1615 1815 1635 non
1839 1606 1973 1643 bonum,
1990 1612 2035 1636 est
2059 1606 2152 1644 falsa;
2170 1607 2230 1637 alia
2245 1617 2337 1645 vero,
2361 1608 2450 1648 quod
2466 1618 2534 1638 ma-

1533 1650 1616 1680 lum:
1637 1656 1707 1680 utra
1722 1649 1836 1680 harum
1855 1650 2009 1680 contraria
2033 1648 2145 1681 verae?
2164 1657 2195 1681 et
2218 1651 2243 1681 si
2260 1658 2306 1682 est
2330 1661 2403 1691 una,
2421 1648 2533 1683 secun-

1533 1695 1611 1724 dum
1635 1704 1810 1734 quamnam
1833 1694 1987 1724 contraria
2011 1692 2075 1725 est?

1465 1739 1548 1768 Nam
1573 1739 1712 1769 arbitrari
1737 1739 1906 1769 contrarias
1930 1739 2098 1779 opiniones
2122 1738 2263 1778 definiri,
2288 1750 2326 1770 eo
2346 1740 2435 1781 quod
2456 1750 2531 1771 con-

1531 1783 1700 1814 trariorum
1716 1790 1800 1821 sunt,
1818 1783 1933 1813 falsum
1950 1790 2005 1814 est:
2027 1783 2103 1814 boni
2119 1784 2216 1821 enirn,
2229 1785 2318 1825 quod
2335 1785 2458 1815 bonurn
2475 1791 2532 1824 est,

1531 1834 1562 1857 et
1580 1827 1667 1864 mali,
1693 1827 1782 1868 quod
1799 1827 1920 1857 malum
1945 1834 2001 1866 est,
2019 1828 2130 1858 eadem
2150 1827 2280 1859 fortasse
2297 1829 2408 1868 opinio
2433 1835 2479 1860 est
2502 1836 2534 1860 et

1530 1881 1613 1909 vera,
1637 1871 1702 1902 sive
1726 1871 1909 1912 plureS,sive
1932 1882 1996 1902 una
2019 1871 2068 1902 sit.
2093 1872 2174 1902 Sunt
2197 1879 2304 1903 autem
2327 1873 2386 1903 ista
2409 1880 2531 1903 contra-

1529 1916 1584 1946 ria.
1605 1916 1666 1946 Sed
1685 1926 1752 1946 non
1775 1926 1814 1946 eo
1834 1916 1923 1956 quod
1942 1915 2172 1946 contrariorum
2192 1916 2253 1947 sint
2272 1917 2426 1947 contraria
2437 1924 2530 1956 -sunt,

1530 1960 1584 1990 sed
1607 1960 1708 2000 magis
1731 1970 1770 1990 eo
1794 1961 1883 2000 quod
1902 1960 2065 1990 contrarie.

1463 2004 1494 2034 Si
1515 2014 1589 2044 ergo
1606 2011 1652 2035 est
1671 2004 1746 2034 boni
1766 2004 1907 2045 quidem,
1925 2004 2013 2044 quod
2031 2011 2077 2035 est
2095 2005 2229 2043 bonurn,
2249 2004 2373 2045 opinio,
2392 2005 2452 2036 alia
2474 2016 2531 2036 au-

1529 2056 1594 2079 tem
1610 2049 1699 2090 quod
1722 2058 1788 2078 non
1812 2055 1859 2079 est
1877 2049 2010 2079 bonurn:
2031 2055 2077 2079 est
2099 2058 2175 2078 vero
2194 2048 2313 2089 aliquid
2332 2049 2417 2079 aliud
2441 2049 2530 2090 quod

1529 2103 1595 2123 non
1615 2100 1670 2131 est,
1695 2102 1798 2134 neque
1814 2099 1919 2133 potest
1942 2100 2025 2123 esse:
2051 2093 2183 2123 aliarum
2206 2093 2338 2134 quidem
2361 2093 2448 2124 nulla
2471 2103 2545 2134 po-x

1491 2165 1498 2172 ,
1528 2138 1631 2168 nenda
1655 2144 1711 2175 est,
1736 2147 1839 2178 neque
1863 2147 2072 2178 quaecunque
2091 2147 2169 2175 esse,
2189 2138 2277 2178 quod
2297 2147 2362 2167 non
2383 2144 2439 2175 est,
2459 2137 2531 2178 opi·

1528 2189 1653 2220 namur,
1669 2191 1773 2223 neque
1789 2191 1998 2222 quaecunque
2022 2192 2088 2212 non
2105 2191 2171 2212 esse
2197 2182 2286 2223 quod
2307 2188 2352 2212 est
2376 2181 2530 2224 (infinitae

1528 2226 1614 2257 enim
1638 2233 1788 2267 utraeque
1813 2233 1897 2264 sunt,
1922 2233 1952 2257 et
1975 2236 2056 2267 quae
2076 2236 2144 2256 esse
2161 2226 2332 2267 opinantur
2351 2226 2439 2267 quod
2463 2236 2530 2257 non

1528 2278 1584 2308 est,
1608 2278 1639 2301 et
1661 2281 1743 2312 quae
1767 2280 1833 2301 non
1857 2280 1923 2301 esse
1947 2271 2035 2311 quod
2060 2268 2130 2312 est).

1533 2376 1562 2399 2.
1579 2366 1631 2400 Ad
1649 2366 1847 2400 evidentiam
1864 2367 1949 2401 tituli
1969 2367 2067 2400 huius
2088 2367 2300 2411 quaestionis,
2324 2369 2401 2412 quia
2420 2368 2528 2402 hacte-

1461 2427 1523 2448 nus
1543 2415 1725 2449 indiscusse
1753 2415 1791 2449 ab
1820 2415 1891 2449 aliis
1923 2425 1971 2449 est
1994 2415 2141 2456 relictus,
2166 2416 2371 2450 considerare
2396 2426 2528 2461 oportet

1461 2463 1551 2507 quod
1565 2475 1640 2497 cum
1653 2464 1686 2497 in
1700 2465 1930 2498 enunciatione
1943 2465 2008 2498 sint
2021 2464 2100 2504 duo,
2115 2464 2238 2498 scilicet
2254 2465 2324 2509 ipsa
2337 2466 2525 2500 enunciatio

1460 2524 1517 2545 seu
1534 2512 1730 2556 significatio
1750 2522 1782 2547 et
1798 2513 1918 2547 modus
1939 2512 2135 2547 enunciandi
2152 2524 2210 2546 seu
2227 2512 2443 2556 significandi,
2468 2513 2525 2548 du-

1459 2560 1533 2603 plex
1546 2562 1629 2595 inter
1645 2562 1892 2596 enunciationes
1909 2561 1978 2595 fieri
1997 2570 2107 2605 potest
2124 2562 2303 2605 oppositio,
2316 2573 2381 2595 una
2396 2563 2524 2597 ratione

1458 2610 1560 2652 ipsius
1584 2611 1835 2650 enunciationis,
1859 2610 1958 2643 altera
1988 2611 2114 2643 ratione
2139 2609 2230 2643 modi
2254 2610 2460 2644 enunciandi.
2487 2611 2522 2645 Si

1457 2658 1577 2691 modos
1599 2658 1795 2692 enunciandi
1812 2658 2022 2698 attendimus,
2047 2658 2127 2691 duas
2151 2659 2277 2702 species
2300 2659 2522 2703 oppositionis

1456 2707 1490 2740 in
1518 2707 1689 2741 latitudine
1718 2707 1987 2740 enunciationum
2018 2707 2235 2747 inveniemus,
2259 2709 2521 2742 contrarietatem

1456 2755 1579 2789 scilicet
1602 2765 1634 2789 et
1665 2755 1967 2789 contradictionem.
1992 2756 2126 2789 Divisae
2150 2756 2238 2789 enim
2269 2757 2419 2800 superius
2443 2765 2523 2791 sunt

1456 2805 1702 2838 enunciationes
1724 2805 1896 2848 oppositae
1920 2804 1954 2836 in
1978 2804 2154 2837 contrarias
2182 2813 2214 2837 et
2242 2804 2520 2839 contradictorias.

1456 2853 1682 2887 Contradictio
1698 2853 1783 2886 inter
1799 2853 2047 2886 enunciationes
2064 2853 2191 2886 ratione
2208 2853 2300 2887 modi
2322 2853 2520 2888 enunciandi

1455 2910 1504 2934 est
1521 2901 1653 2946 quando
1666 2901 1754 2935 idem
1774 2901 1978 2945 praedicatur
1996 2901 2036 2934 de
2057 2901 2175 2934 eodem
2195 2901 2343 2936 subiecto
2360 2902 2521 2937 contradi-

1455 2950 1559 2983 ctorio
1579 2949 1681 2983 modo
1698 2950 1914 2990 enunciandi;
1933 2959 1970 2983 ut
1989 2951 2074 2983 sicut
2098 2962 2203 2984 unum
2228 2951 2519 2986 contradictorium

1454 2997 1500 3031 nil
1518 2999 1623 3042 ponit,
1639 2999 1696 3033 sed
1716 2998 1854 3032 alterum
1871 3007 1998 3032 tantum
2019 2998 2165 3039 destruit,
2182 2999 2226 3032 ita
2244 3010 2310 3032 una
2329 3000 2518 3034 enunciatio

1453 3047 1499 3081 nil
1518 3047 1641 3087 asserit,
1658 3047 1714 3081 sed
1730 3047 1764 3081 id
1784 3056 1911 3081 tantum
1930 3046 2019 3092 quod
2040 3047 2139 3081 altera
2159 3047 2353 3081 enunciabat
2369 3047 2516 3083 destruit.

1453 3096 1654 3130 Huiusmodi
1678 3106 1788 3130 autem
1812 3106 1888 3130 sunt
1912 3109 2027 3130 omnes
2052 3108 2136 3142 quae
2160 3097 2429 3132 contradictoriae
2455 3109 2517 3132 vo-

1453 3155 1576 3186 cantur,
1601 3145 1734 3186 scilicet,
1750 3147 1845 3179 omnis
1864 3146 1948 3180 homo
1973 3153 2013 3179 εει
2035 3147 2143 3187 iustus,
2168 3158 2228 3180 non
2251 3147 2346 3180 omnis
2369 3146 2454 3181 homo
2476 3153 2518 3181 est

1451 3195 1558 3235 iustus,
1584 3194 1715 3229 Socrates
1738 3201 1779 3228 εει
1801 3195 1908 3235 iustus,
1934 3195 2065 3229 Socrates
2087 3206 2148 3228 non
2176 3201 2218 3228 εει
2239 3195 2346 3236 iustus,
2364 3204 2400 3228 ut
2423 3194 2464 3229 de
2480 3206 2516 3229 se

1451 3253 1548 3287 patet.
1574 3244 1615 3277 Et
1630 3255 1670 3276 ex
1685 3243 1749 3276 hoc
1773 3244 1926 3287 provenit
1949 3243 2040 3288 quod
2063 3255 2132 3277 non
2149 3252 2290 3287 possunt
2305 3243 2404 3277 simul
2421 3254 2515 3277 verae

1451 3302 1506 3326 aut
1523 3292 1620 3326 falsae
1637 3303 1717 3333 esse,
1742 3293 1826 3325 sicut
1842 3303 1903 3325 nec
1920 3291 1988 3326 duo
2005 3292 2265 3326 contradictoria.
2291 3292 2515 3326 Contrarietas

1450 3352 1529 3375 vero
1542 3341 1625 3374 inter
1637 3341 1884 3376 enunciationes
1901 3341 2028 3374 ratione
2040 3340 2131 3374 modi
2145 3340 2341 3374 enunciandi
2354 3349 2403 3373 est
2414 3350 2516 3384 quan-

1450 3390 1494 3424 do
1518 3390 1606 3424 idem
1630 3390 1834 3434 praedicatur
1850 3389 1890 3423 de
1907 3389 2026 3423 eodem
2050 3389 2198 3423 subiecto
2222 3389 2385 3423 contrario
2409 3387 2512 3421 modo

1448 3439 1655 3479 enunciandi;
1675 3448 1712 3473 ut
1735 3439 1820 3472 sicut
1838 3450 1944 3472 unum
1967 3439 2205 3472 contrariorum
2230 3438 2324 3482 ponit
2341 3437 2511 3470 materiam

1448 3487 1508 3521 sibi
1532 3497 1565 3521 et
1587 3488 1714 3533 reliquo
1738 3499 1950 3521 communem
1974 3489 2006 3521 in
2031 3497 2174 3522 extrema
2198 3486 2350 3520 distantia
2372 3485 2432 3518 sub
2453 3485 2513 3519 illo

1448 3547 1577 3580 genere,
1593 3546 1630 3570 ut
1646 3545 1735 3581 patet
1750 3536 1790 3570 de
1807 3535 1882 3570 albo
1898 3546 1931 3570 et
1947 3537 2052 3580 nigro,
2068 3537 2112 3569 ita
2128 3546 2193 3568 una
2213 3535 2399 3568 enunciatio
2415 3535 2511 3579 ponit
