2548 4192
193 281 300 307 XCVIII

194 346 306 390 nobio)
331 347 445 378 exorti.
461 369 469 377 .
485 368 493 376 .
520 346 595 376 Post
617 343 899 374 Bartholomaeum
923 341 1075 370 Pisanum
1100 347 1175 378 ego,
1204 336 1260 376 qui

187 403 251 434 per
273 397 342 423 octo
365 400 469 422 annos
488 390 585 420 nullis
600 388 761 419 laboribus
777 394 929 426 parcens,
951 383 1071 414 contuli
1099 390 1181 421 quae
1193 389 1258 419 pro

194 437 313 468 viribus
330 437 432 476 potui.
457 435 563 472 Quam
586 434 665 463 bene
689 436 865 462 consonant
888 427 1006 476 omnia.
1232 467 1239 472 .

260 481 350 518 Quae
374 479 499 519 negotia
529 475 702 517 Religionis
732 485 767 505 ac
798 472 944 509 Ordinis,
975 480 1007 500 111
1039 473 1256 498 monumentis

193 524 407 556 Universitatis
426 522 591 554 Patavinae
615 520 768 556 indicata,
795 517 967 547 detinerent
986 523 1070 543 anno
1100 513 1176 550 1541
1202 521 1255 541 oc-

193 575 405 610 cuparentque
434 566 715 597 Bartholomaeum
742 563 781 592 de
805 560 919 600 Spina,
951 557 1102 597 explicare
1132 555 1256 585 videtur

192 613 379 644 Dominicus
404 610 554 642 Codalius
583 609 615 638 in
639 606 779 637 Historia
801 604 921 634 insulae
952 612 976 631 5.
997 600 1134 631 Secundi
1153 608 1254 639 prope

192 657 337 689 Venetias
361 665 444 686 anno
474 655 554 693 1609
579 651 661 692 typis
690 650 780 680 edita.
806 649 929 687 Nempe
952 646 1062 675 locum
1085 644 1196 681 illum,
1214 652 1254 692 ex

192 702 305 732 eodem
327 699 410 730 abire
433 698 524 728 iussis
543 693 832 726 sanctimonialibus
855 689 1082 726 Benedictinis,
1103 693 1252 726 excepns-

191 756 252 786 que
275 745 308 774 in
326 742 439 782 insigni
458 739 648 771 monasterio
677 748 716 768 ss.
738 737 874 768 Cosmae
899 741 930 764 et
949 732 1116 769 Damiani‚
1141 729 1253 780 Veneti

191 790 321 820 Senatus
353 785 567 817 munificentia
599 782 743 813 fratribus
779 777 1048 811 Praedicatoribus
1079 781 1251 825 concessit,

189 832 371 863 immediato
390 829 528 870 Magistri
548 827 707 859 Generalis
726 824 869 865 regimini
889 822 1076 853 subiectum.
1094 820 1252 850 Vlcanam

189 876 415 918 praefecturam
438 874 558 914 primus
581 871 676 912 gessit
702 868 865 900 Zacharias
888 865 1045 899 Lunensis
1068 862 1252 895 Provinciae

188 923 350 952 Romanae
372 919 520 949 alumnus
539 917 577 947 ab
598 925 681 946 anno
702 915 781 945 1535
799 913 838 943 ad
862 920 982 942 annum
1002 910 1084 948 1540
1099 917 1166 948 quo
1181 917 1250 938 suc-

188 965 277 996 cessit
303 964 569 995 Bartholomaeus
596 960 636 991 de
662 959 762 999 Spina
787 958 945 998 pisanus,
981 955 1031 985 vir
1054 953 1170 983 litteris
1197 961 1250 982 or-

187 1010 387 1046 natissimus,
416 1008 572 1048 magister
584 1013 698 1036 sacrae
717 1002 905 1042 theologiae.
926 998 1025 1041 (Anni
1047 997 1249 1047 partem-Pa-

185 1054 257 1085 tavii
285 1053 503 1083 moderaturus
531 1048 742 1088 theologicam
768 1045 947 1077 cathedram
970 1042 1154 1073 traducebat
1176 1041 1249 1079 ille,

184 1104 305 1139 partem
322 1097 356 1127 in
371 1096 475 1127 Insula
494 1104 567 1126 cum
587 1089 755 1133 fratribus.)
774 1090 911 1120 Absente
930 1087 1005 1125 illo,
1031 1096 1103 1117 cum
1125 1086 1248 1116 Lucam

178 1142 346 1183 profectus
364 1145 444 1172 esset
466 1140 656 1170 Clementem
677 1135 770 1178 (V11,
798 1135 870 1176 lege
887 1132 1025 1183 Paulum
1045 1129 1106 1174 111)
1126 1132 1247 1182 Papam

184 1188 364 1224 invisurus,
396 1195 436 1215 ac
465 1184 541 1214 alibi
564 1185 827 1223 pertractaturus
858 1182 1006 1219 negotzav,
1033 1186 1098 1216 pro
1127 1176 1250 1206 viribus

185 1236 321 1273 egerunt
343 1230 468 1260 alumni
489 1227 677 1258 Provinciae
700 1223 932 1259 Lombardiae,
959 1226 994 1252 ut
1022 1230 1132 1251 eorum
1162 1221 1248 1262 regi-

183 1277 262 1306 mini
281 1275 361 1306 idem
386 1273 567 1305 coenobium
586 1281 612 1302 s.
624 1269 762 1301 Secundi
780 1268 985 1298 adiiceretur.
1004 1265 1100 1303 Quod
1118 1270 1248 1306 exopta-

183 1321 268 1357 bant,
290 1319 396 1350 eodem
417 1318 554 1358 Spinaeo
563 1315 698 1357 frustra
722 1314 889 1349 renitente,
905 1311 1080 1341 obtinuere.
1104 1310 1248 1340 Lucense

181 1362 414 1395 Bartholomaei
444 1362 502 1392 iter
531 1360 570 1390 ad
599 1368 719 1390 annum
755 1358 831 1396 1541
861 1355 1015 1396 pertinet,
1046 1364 1113 1396 quo
1138 1354 1247 1385 Ponti-

181 1409 240 1447 fex,
260 1415 337 1439 teste
356 1406 520 1447 Raynaldo
544 1404 577 1435 in
600 1403 795 1439 Annalibus,
821 1401 871 1431 die
897 1410 937 1442 27
962 1399 1088 1439 augusti
1107 1399 1249 1430 discessit

181 1454 304 1491 Roma,
331 1453 451 1482 Lucam
474 1451 629 1490 ingressus
654 1454 699 1478 est
725 1446 774 1477 die
799 1446 817 1476 8
838 1444 1044 1486 septembris,
1075 1444 1109 1474 in
1136 1443 1247 1474 eadem

181 1498 301 1529 civitate
325 1496 374 1526 die
407 1506 443 1536 19
468 1494 609 1525 eiusdem
633 1491 749 1523 mensis
771 1489 1048 1527 commorabatur,
1074 1488 1247 1529 elapsoque

179 1542 302 1572 dierum
329 1540 450 1581 aliquot
477 1538 639 1569 intervallo
663 1535 844 1567 Bononiam
868 1533 1014 1574 migravit
1037 1539 1067 1564 et
1095 1533 1245 1564 Romam.

178 1589 274 1617 Anno
300 1586 482 1626 insequente
516 1584 595 1622 1542
626 1582 664 1612 ad
693 1590 813 1611 sacram
835 1580 1015 1619 Purpuram
1039 1578 1090 1608 die
1120 1587 1138 1608 2
1167 1577 1246 1608 iunii

177 1631 263 1661 iuxta
281 1629 498 1671 Raynaldum,
522 1627 571 1657 vel
590 1626 639 1657 die
661 1635 677 1656 2
698 1625 784 1664 iulii,
805 1631 841 1655 ut
859 1623 1022 1654 Echardus
1047 1633 1082 1653 ac
1101 1622 1247 1653 Fontana

178 1682 299 1713 notant,
318 1674 480 1704 Thomam
502 1672 633 1702 Badiam
656 1670 845 1710 Magistrum
870 1668 947 1699 sacri
967 1667 1078 1699 Palatii
1102 1667 1246 1708 aliosque

177 1719 290 1750 evexit:
322 1718 497 1758 eodemque
525 1723 629 1747 tamen
660 1725 744 1745 anno
769 1714 900 1745 cadente
924 1723 1034 1743 mense
1057 1712 1245 1751 novembri,

177 1763 402 1794 coenobiolum
423 1762 457 1793 in
476 1761 578 1791 insula
610 1759 707 1790 sancti
731 1758 869 1790 Secundi
893 1758 997 1788 adhuc
1021 1757 1148 1797 regebat
1170 1757 1245 1787 Bar-

175 1806 374 1846 tholomaeus
399 1806 436 1836 de
460 1805 572 1846 Spina;
601 1811 637 1836 ut
660 1804 783 1845 epocha
810 1803 973 1834 electionis
997 1802 1064 1832 eius
1088 1801 1121 1832 in
1145 1801 1245 1842 Magi-

175 1859 275 1883 strum
304 1862 363 1882 sac.
392 1850 521 1889 Palatii,
555 1859 654 1891 quam
681 1859 757 1880 011111
786 1844 991 1889 praecedente
1025 1856 1134 1878 mense
1168 1846 1246 1877 iulio

174 1897 272 1937 illigat
299 1895 480 1934 Echardus‚
514 1895 578 1925 iarn
607 1894 706 1925 cadat.
745 1893 845 1931 Quod
875 1892 943 1931 aio,
975 1898 1097 1922 certum
1126 1890 1247 1922 faciunt

176 1947 437 1982 compertumque
473 1939 688 1979 autographae
720 1937 885 1975 Tabulae,
924 1946 1006 1978 quae
1039 1936 1072 1966 in
1106 1935 1245 1967 archivio

175 1986 316 2016 eiusdem
345 1984 489 2016 coenobii
525 1995 549 2014 5.
575 1983 711 2014 Secundi
741 1983 954 2013 adservantur.
987 1981 1092 2012 Verba
1122 1980 1245 2020 refero,

174 2041 255 2071 quae
278 2030 387 2060 initam
411 2028 656 2060 conventionem
678 2027 760 2058 inter
788 2026 1074 2058 Bartholomaeum
1098 2032 1246 2057 nostrum

174 2085 209 2106 ac
227 2074 506 2106 Bartholomaeum
530 2073 568 2104 de
590 2071 693 2103 Passis
716 2072 935 2112 bergomatem
959 2070 1144 2102 enunciant:
1176 2084 1190 2098 α
1209 2071 1245 2101 111

176 2132 190 2147 »
214 2119 328 2150 Christi
343 2119 473 2149 nomine
486 2120 599 2149 Amen.
616 2119 712 2148 Anno
728 2115 898 2147 nativitatis
914 2115 1057 2146 eiusdem
1072 2115 1244 2146 millesimo

176 2177 190 2191 »
213 2163 465 2205 quingentesimo
481 2162 723 2204 quadragesimo
748 2161 906 2199 secundo,
927 2160 1099 2191 indictione
1118 2160 1244 2201 quinta-

175 2221 189 2236 »
213 2208 350 2247 decima,
375 2208 423 2238 die
443 2208 537 2238 lunae
566 2214 653 2238 sexto
678 2206 796 2236 mensis
820 2205 1014 2236 novembris.
1040 2204 1244 2236 Constitutus

175 2266 189 2280 »
212 2263 318 2283 0010111
337 2261 388 2283 1110
405 2252 536 2283 Notario
561 2259 591 2283 et
610 2251 741 2282 testibus
765 2249 970 2290 infrascriptis
994 2249 1054 2280 sier
1075 2249 1243 2280 Bartholo-

176 2310 189 2325 »
212 2307 320 2328 maeus
340 2297 378 2327 de
396 2297 498 2327 Passis
527 2297 565 2326 de
589 2297 748 2336 Bergomo
769 2295 891 2337 quond.
913 2294 973 2326 sier
993 2293 1121 2325 Ioannis
1144 2294 1243 2332 Petri,

176 2355 190 2369 »
213 2341 346 2372 narravit
369 2348 399 2372 et
421 2341 576 2382 exposuit,
601 2341 659 2371 sibi
683 2351 702 2371 a
720 2339 890 2371 venerabili
905 2339 938 2370 in
954 2338 1082 2370 Christo
1106 2345 1194 2380 patre
1214 2345 1245 2370 et

175 2399 189 2414 »
213 2396 315 2416 sacrae
329 2386 506 2426 theologiae
520 2386 670 2425 Magistro
691 2385 730 2416 D.
743 2384 835 2416 fratre
850 2384 1098 2415 Bartholomaeo
1114 2384 1242 2422 Pisano,

176 2444 190 2458 »
213 2431 338 2462 vicario
362 2430 506 2461 Generali
530 2437 704 2461 conventus
728 2440 752 2460 s.
765 2429 902 2461 Secundi
918 2428 1125 2460 Venetiamm
1148 2428 1243 2460 Ordi—

176 2488 190 2503 »
213 2475 260 2505 1115
284 2475 557 2514 Praedicatorum,
591 2475 697 2506 datam
729 2474 826 2505 fuisse
859 2473 1007 2504 notitiam
1040 2473 1079 2503 de
1103 2473 1243 2515 quadam

175 2532 190 2547 ›>
213 2519 350 2550 minera:
375 2526 405 2550 et
428 2529 493 2550 non
504 2519 620 2550 habens
635 2519 721 2550 idem
745 2519 806 2550 sier
829 2518 1110 2556 Bartholomaeus,
1135 2524 1171 2548 ut
1194 2527 1242 2548 as-

175 2577 189 2591 »
212 2564 302 2602 serit,
336 2564 470 2594 modum
498 2563 630 2595 faciendi
664 2564 727 2594 huc
760 2563 907 2595 Venetias
939 2562 1118 2594 conducere
1139 2562 1243 2603 ipsam

175 2621 190 2636 »
212 2604 376 2646 mineram,
396 2608 583 2649 supplicavit
597 2608 774 2649 praefatum
793 2607 1006 2638 venerabilem
1022 2606 1148 2637 fratrem
1168 2607 1242 2637 Bar-

175 2666 189 2680 »
211 2653 431 2683 tholomaeum
454 2659 489 2683 ut
512 2653 569 2684 sibi
594 2653 666 2683 dare
689 2652 765 2684 velit
793 2652 947 2683 auxilium
966 2658 997 2682 et
1020 2651 1163 2682 favorem
1177 2658 1244 2682 10111

175 2710 189 2725 »
212 2697 250 2728 de
274 2697 432 2738 pecuniis,
457 2707 554 2738 quarn
577 2698 616 2728 de
640 2697 784 2738 personis
808 2707 867 2738 pro
892 2696 1037 2727 faciendo
1065 2696 1243 2726 conducere

175 2754 189 2769 >o
212 2742 350 2783 aliquam
374 2748 494 2782 partem
523 2742 622 2773 dictae
649 2742 787 2773 minerae
812 2749 869 2773 etc.
902 2743 1022 2772 Actum
1045 2740 1185 2771 venetiis
1210 2739 1242 2770 in

175 2799 189 2814 >›
213 2785 350 2817 confinio
369 2796 392 2817 s-
404 2786 593 2825 Hieremiae,
616 2787 704 2817 domi
729 2785 932 2817 habitationis
956 2784 1159 2826 suprascripti
1183 2784 1244 2815 sier

175 2844 189 2858 »
211 2831 460 2869 Bartholomaei;
476 2831 691 2871 praesentibus
706 2831 825 2862 ibidem
835 2830 896 2861 sier
911 2830 1059 2861 Iacobeto
1070 2829 1242 2860 Albanensi

175 2887 189 2902 »
211 2885 265 2916 qu.
281 2875 341 2906 sier
363 2875 445 2906 Petri
468 2876 652 2907 barcharolo
677 2876 717 2906 ad
740 2875 890 2916 tragitum
914 2874 1104 2915 Margariae,
1129 2880 1160 2904 et
1183 2873 1243 2904 sier

175 2933 189 2947 ιο
213 2919 328 2950 Ioanne
343 2919 468 2950 Andrea
482 2921 602 2961 quond.
615 2921 675 2951 sier
689 2920 771 2951 Boni
790 2920 942 2961 deputato
967 2929 1062 2960 super
1081 2918 1242 2949 coloribus

176 2977 189 2991 »
213 2964 252 2994 ad
267 2963 408 2995 officium
430 2964 672 3005 magnificorum
697 2965 905 2995 dominorum
919 2964 1126 2995 Provisorum
1141 2963 1242 2994 Corn-

177 3021 190 3035 »
214 3008 329 3047 munis,
351 3007 481 3039 testibus
504 3009 622 3040 vocatis
638 3016 668 3040 et
682 3009 808 3050 rogatis.
834 3010 904 3050 Ego
919 3009 1061 3049 Angelus
1082 3008 1121 3038 de
1136 3007 1242 3039 Calvis

177 3065 191 3079 »
214 3062 267 3093 qu.
284 3053 342 3083 sier
358 3053 515 3085 Ioannis...
531 3054 680 3085 Notarius
695 3054 866 3095 praemissa
881 3060 1010 3094 rogatus
1026 3052 1135 3093 scripsi
1151 3058 1208 3083 etc.
1223 3064 1238 3079 »

241 3097 321 3134 Quis
345 3107 418 3137 ergo
442 3098 587 3129 substitui
611 3099 738 3137 debeat,
763 3099 818 3140 qui
847 3105 921 3139 post
944 3097 1087 3135 Badiam,
1111 3103 1143 3128 et
1170 3103 1242 3127 ante

175 3140 367 3181 Spinaeum‚
396 3141 472 3172 sacri
500 3143 608 3174 Palatii
637 3143 774 3174 Romani
804 3142 1022 3183 Magisterium
1051 3141 1241 3179 obtinuerit,

175 3184 408 3225 incompertum
428 3186 515 3225 mihi,
540 3197 613 3218 cum
637 3195 719 3218 certa
742 3194 952 3219 monumenta
975 3186 1086 3217 desint.
1106 3185 1242 3218 Michael

174 3229 249 3259 Pius
280 3236 366 3269 parte
396 3230 421 3260 II
459 3231 497 3261 de
526 3232 607 3262 Viris
635 3232 807 3264 illustribus
842 3232 875 3263 in
909 3231 1071 3262 Ticinensi
1103 3230 1242 3262 editione

176 3273 249 3303 anni
282 3274 382 3312 1613,
411 3284 481 3315 pag.
516 3285 598 3313 210,
633 3277 744 3307 seriem
771 3277 997 3318 Magistrorum
1027 3275 1104 3306 sacri
1132 3274 1242 3306 Palatii

175 3317 276 3348 italice
290 3318 364 3349 texit
378 3318 439 3350 hoc
455 3320 567 3351 modo:
583 3321 638 3351 Fr.
654 3322 820 3353 Tommaso
835 3321 950 3352 Badia.
968 3321 1025 3351 Fr.
1036 3320 1242 3351 Bartolomeo

175 3362 274 3402 Spina
286 3363 413 3403 pisano.
429 3365 484 3395 Fr.
499 3365 605 3395 Pietro
619 3366 759 3397 Martire
777 3366 819 3397 da
830 3366 975 3404 Brescia,
986 3364 1123 3396 secondo
1141 3364 1165 3394 il
1180 3364 1241 3394 Pa-

178 3408 358 3438 normitano
377 3415 485 3440 creato
505 3410 596 3448 ¹⁵4²·
617 3410 672 3440 Fr.
685 3410 850 3442 Girolamo
866 3410 1072 3452 MozzareIIO.
1091 3410 1148 3440 Fr.
1162 3408 1242 3450 Egi—

177 3450 228 3480 dio
251 3451 433 3484 Foscarari.
470 3453 503 3484 Si
534 3453 748 3494 Magisterium
784 3455 861 3486 sacri
893 3455 1003 3486 Palatii
1039 3464 1124 3485 anno
1159 3454 1241 3493 1542

177 3493 262 3525 iuxta
283 3494 379 3527 fidem
402 3498 615 3528 Panormitani
639 3499 802 3530 conlatum
825 3499 918 3530 Petro
942 3499 1070 3540 Mai-tyri
1097 3497 1243 3530 brixiensi

179 3537 280 3577 fuerit,
305 3540 469 3590 difficultas
493 3543 647 3574 evanescit
671 3544 787 3582 omnis,
811 3554 909 3585 quam
933 3544 1084 3575 hactenus
1107 3542 1242 3574 versavi-

180 3589 266 3612 mus:
297 3585 454 3626 simulque
484 3595 558 3616 vero
590 3587 682 3617 series
714 3598 731 3618 a
759 3588 816 3618 Pio
848 3588 1012 3629 proposita
1042 3587 1244 3618 reformanda

181 3632 270 3664 esset,
294 3634 329 3657 ut
352 3629 530 3669 sequiorem
553 3637 625 3670 post
648 3631 797 3662 eumdem
820 3632 1014 3663 Brixiensem
1037 3632 1177 3663 obtineat
1195 3631 1243 3663 lo·

920 256 1379 298 DISSERTATIONES
1411 255 1661 292 CRITICAE

1318 343 1392 364 cum
1415 333 1679 364 Bartholomaeus
1704 332 1743 362 de
1766 331 1874 372 Spina.
1900 332 1974 369 Qua
1998 331 2131 361 demum
2153 330 2188 361 in
2216 330 2294 362 serie
2318 341 2396 362 con-

1316 378 1449 407 texenda
1468 377 1685 407 animadverto
1705 376 1812 406 minus
1832 382 1969 406 attentos
1992 375 2091 406 videri
2110 381 2284 414 nostrates,
2304 381 2341 406 ut
2359 385 2397 406 ex

1316 420 1459 461 sequenti
1479 427 1575 461 patet,
1595 430 1694 461 quam
1713 420 1838 450 exhibet
1856 420 2042 451 Vincentius
2064 420 2228 450 Fontana:
2257 420 2397 451 Thomae

1314 465 1421 494 Badia
1452 464 1586 502 scilicet,
1617 465 1861 495 Bar-tholomaei
1891 465 2011 505 Spina,
2043 465 2134 495 Petri
2161 465 2329 504 Martyris
2355 464 2396 495 de

1313 508 1442 546 Brixia,
1467 509 1581 549 Egidii
1603 509 1829 547 Foscherarii,
1854 509 2055 550 ffleronymi
2077 509 2292 550 Muzzarellij
2319 517 2395 539 cum

1314 562 1330 582 e
1346 559 1455 583 contra
1469 553 1706 594 Muzzarellum
1722 554 1941 594 praeposuerit
1953 554 2150 584 Foscarario
2160 553 2296 584 Michael
2305 552 2392 584 Pius.

1313 595 1516 636 Splendidior
1538 597 1603 635 lux,
1628 607 1710 638 quae
1734 598 1877 629 tenebras
1902 608 2015 629 omnes
2045 597 2207 639 dispellat,
2239 607 2276 628 ex
2303 606 2392 638 rege-

1312 640 1366 670 stis
1390 641 1545 671 Romanis
1569 642 1772 681 expectanda.

1379 685 1416 715 11.
1437 685 1694 726 Nuncupatorias
1707 687 1945 718 Bartholomaei
1959 687 2059 717 nostri
2075 686 2224 727 epistolas
2238 685 2304 716 iam
2317 695 2392 726 pro-

1311 727 1398 765 fero,
1423 736 1460 760 ut
1483 739 1535 760 eas
1559 740 1577 759 a
1600 730 1752 762 facillimo
1776 731 1924 771 interitu,
1955 741 2030 762 cum
2054 731 2153 762 semel
2175 730 2331 771 gothicis,
2355 737 2392 761 ut

1310 772 1409 812 aiunt,
1435 774 1665 806 characteribus
1684 775 1855 816 impressae
1879 776 2007 815 fuerint,
2021 776 2230 807 vindicemus.
2259 788 2274 803 «
2292 775 2391 806 Reve-

1313 829 1327 844 »
1351 818 1539 849 rendissimo
1563 819 1596 849 in
1621 819 1750 851 Christo
1774 820 1861 852 fratri
1890 821 1929 851 D.
1950 821 2124 851 Dominico
2149 820 2303 851 Grimano
2328 818 2390 862 (a),

1312 873 1327 888 »
1350 862 1514 903 Episcopo
1534 864 1702 895 Portuensi
1722 865 1753 896 S.
1765 866 1803 896 R.
1813 865 1850 896 E.
1871 865 1970 896 sancti
1990 865 2088 895 Marci
2107 865 2215 903 Card.,
2241 864 2387 895 Domino

1312 918 1326 932 »
1349 917 1424 938 meo
1458 908 1684 939 colendissimo
1714 909 1751 940 fr.
1771 910 2038 941 Bartholomaeus
2069 909 2108 940 de
2137 909 2237 949 Spina
2259 909 2391 949 pisanus

1312 962 1326 976 »
1349 951 1479 982 Ordinis
1494 953 1752 985 Praedicatorum
1767 954 1958 985 felicitatem.
1985 953 2072 984 Cum
2090 954 2244 994 primum,
2263 953 2390 993 praesul

1311 1007 1325 1022 »
1349 997 1555 1037 amplissime,
1581 1004 1611 1028 et
1635 1008 1746 1029 rumor
1767 1006 1798 1030 et
1815 999 1883 1040 ipse
1908 1004 2067 1037 constans,
2093 1004 2123 1029 et
2142 997 2322 1028 amicorum
2340 997 2390 1028 lit-
2422 1024 2425 1025 γ

1310 1052 1325 1066 >>
1348 1047 1431 1071 10100
1450 1042 1529 1072 1111111
1549 1042 1776 1082 significassent
1800 1044 2011 1075 clarissimum
2031 1049 2155 1083 patrem
2178 1049 2274 1073 tuum
2287 1044 2389 1072 Anto-

1310 1096 1324 1111 »
1348 1085 1439 1116 nium
1459 1086 1651 1118 Grimanum
1674 1088 1889 1120 nobilissimae
1908 1088 1995 1119 urbis
2014 1087 2221 1118 venetiarum
2234 1085 2282 1130 (b)
2301 1086 2389 1117 Prin-

1310 1141 1324 1155 »
1348 1130 1452 1171 cipem
1477 1132 1671 1163 declaratum
1695 1143 1782 1172 esse,
1812 1134 1910 1175 idque
1939 1132 2058 1164 civium
2082 1132 2232 1163 omnium
2260 1141 2389 1162 summa

1310 1186 1324 1200 >›
1347 1175 1557 1215 gratulatione
1594 1183 1625 1207 et
1654 1177 1752 1209 totius
1777 1178 1911 1209 Senatus
1940 1183 2091 1215 assensu;
2122 1177 2201 1207 nihil
2224 1176 2303 1207 mihi
2328 1176 2390 1207 fuit

1309 1230 1323 1245 »
1347 1220 1528 1261 antiquius,
1559 1231 1658 1262 quam
1686 1223 1733 1254 uti
1757 1223 1864 1254 Deum
1891 1222 2108 1254 immortalem
2136 1221 2188 1262 pie
2217 1227 2388 1262 sancteque

1309 1275 1323 1290 »
1352 1265 1460 1295 0010115
1485 1275 1521 1296 ex
1541 1266 1701 1306 religionis
1725 1268 1870 1299 instituto
1895 1274 2032 1306 nostrae,
2047 1266 2092 1297 illi
2110 1266 2224 1307 gratias
2244 1272 2388 1306 agerem3

1309 1319 1323 1334 2>
1347 1309 1507 1350 simulque
1532 1311 1622 1341 omni
1653 1312 1759 1343 studio
1785 1313 1823 1344 ab
1848 1323 1887 1344 eo
1911 1318 2053 1354 peterem
2081 1318 2118 1342 ut
2141 1311 2331 1342 diuturnum
2351 1319 2388 1341 ac

1308 1363 1323 1379 >
1346 1353 1419 1384 felix
1442 1354 1505 1386 hoc
1531 1365 1650 1386 munus
1679 1367 1777 1388 suum
1800 1358 1893 1389 nobis
1922 1367 1989 1389 esse
2012 1356 2115 1387 vellet.
2145 1355 2277 1397 Optime
2301 1354 2388 1385 enim

1308 1408 1323 1423 »
1345 1397 1493 1429 videbam
1517 1399 1560 1431 sic
1585 1401 1770 1432 consultum
1796 1403 1864 1434 fore
1893 1403 1999 1444 primo
2028 1400 2244 1442 amplissimae
2271 1398 2388 1431 civitati

1307 1453 1322 1468 ³>
1344 1449 1476 1482 vestrae,
1491 1454 1574 1485 quae
1588 1445 1666 1476 situs
1686 1447 1906 1486 admiratione,
1923 1448 2042 1478 civium
2061 1445 2242 1484 concordia,
2261 1443 2388 1485 imperii

1307 1498 1322 1513 x>
1345 1487 1551 1520 diuturnitate
1571 1496 1602 1521 et
1619 1491 1850 1531 magnitudine,
1871 1502 1978 1523 rerum
1996 1497 2157 1531 gestarum
2175 1489 2286 1530 gloria,
2307 1489 2386 1520 01111-

1307 1542 1322 1557 »
1345 1532 1464 1563 stianae
1486 1533 1612 1574 pietatis
1635 1537 1895 1577 propugnatione
1918 1538 2068 1568 adversus
2091 1536 2214 1567 Turcas
2239 1540 2386 1566 constan-

1307 1587 1322 1602 »
1344 1576 1477 1616 tissima,
1502 1579 1653 1610 omnibus
1677 1580 1767 1611 facile
1787 1581 1964 1613 civitatibus
1978 1581 2052 1612 aliis
2074 1586 2155 1611 esset
2173 1579 2385 1611 anteferenda.

1306 1632 1321 1647 >
1344 1621 1467 1653 Deinde
1487 1622 1577 1654 facile
1596 1634 1720 1665 sperare
1735 1633 1881 1666 poteram
1900 1626 1959 1657 1100
1977 1626 2074 1667 patris
2089 1625 2135 1656 tui
2155 1624 2385 1665 designatione,

1306 1677 1320 1692 »
1344 1676 1419 1696 011111
1438 1667 1492 1698 1011
1512 1669 1716 1709 Reipublicae
1732 1677 1888 1711 praeesset
1902 1671 1964 1703 hoc
1979 1678 2135 1712 tempore,
2155 1675 2192 1700 ut
2204 1669 2387 1700 Turcarum

1305 1722 1320 1736 »
1343 1710 1420 1742 haec
1435 1712 1535 1743 rabies
1551 1720 1581 1744 et
1595 1714 1777 1746 immanitas
1791 1716 1941 1747 adversus
1961 1715 2168 1747 christianum
2182 1723 2303 1745 nomen
2317 1712 2386 1744 eiua

1305 1767 1319 1781 »
1342 1756 1491 1797 auspiciis
1516 1764 1547 1789 et
1571 1759 1668 1790 ductu
1698 1770 1764 1791 non
1789 1761 1889 1792 modo
1913 1762 1946 1792 in
1970 1771 2118 1802 praesens
2146 1760 2385 1802 reprimeretur,

1304 1811 1319 1826 »
1342 1801 1398 1852 sed
1421 1801 1464 1832 ita
1487 1802 1520 1832 in
1545 1810 1711 1844 posterum
1735 1805 1918 1845 tolleretur,
1943 1813 1980 1838 ut
1999 1802 2085 1848 'quae
2103 1817 2180 1848 gens
2205 1808 2385 1850 septingen-

1304 1856 1318 1870 »
1341 1850 1493 1877 tes1mum
1517 1847 1582 1878 iam
1605 1859 1727 1879 annum
1751 1850 1783 1880 in
1808 1860 1868 1881 nos
1892 1851 2103 1882 debacchatur
2122 1862 2158 1884 ac
2177 1853 2292 1892 saevit,
2316 1860 2384 1885 tan-

1304 1901 1318 1915 »
1346 1890 1420 1921 dem
1452 1892 1587 1923 extincta
1617 1903 1692 1924 cum
1716 1894 1852 1935 imperio
1877 1905 1997 1927 nomen
2021 1896 2187 1928 amitteret.
2219 1898 2286 1929 Nec
2306 1907 2383 1929 vero

1303 1945 1318 1960 »
1341 1936 1488 1986 augurari
1503 1937 1536 1967 id
1551 1947 1642 1968 mens
1657 1938 1737 1970 falso
1752 1939 1918 1971 videbatur
1931 1951 2014 1980 mea,
2030 1951 2106 1972 cum
2125 1942 2238 1974 tacitus
2253 1952 2383 1974 mecum

1303 1990 1317 2005 >⁹
1341 1986 1492 2030 agitarem
1512 1982 1632 2022 animo,
1648 1984 1828 2024 qualisnam
1847 1995 1973 2026 semper
1991 1986 2030 2016 ab
2052 1986 2143 2018 initio
2163 1987 2272 2018 aetatis
2294 1994 2384 2028 pater

1303 2035 1318 2050 »
1340 2034 1408 2064 lpse
1428 2025 1539 2057 fuisset
1557 2033 1643 2066 tuus,
1663 2038 1802 2069 quamve
1821 2029 1965 2061 indolem
1978 2030 2031 2061 ille
2045 2030 2079 2061 in
2093 2031 2184 2062 omni
2197 2031 2280 2063 vitae
2294 2038 2383 2073 parte

1303 2079 1317 2094 »
1341 2069 1380 2099 de
1399 2079 1432 2100 se
1452 2071 1664 2111 praestitisset.
1690 2073 1755 2111 Qui
1776 2080 1868 2104 natus
1890 2074 1923 2105 in
1949 2075 2120 2106 clarissima
2139 2076 2289 2108 omnium
2308 2076 2382 2108 civi-

1303 2124 1317 2138 »
1341 2119 1403 2144 tate
1423 2121 1453 2145 et
1472 2115 1592 2146 familia
1611 2116 1643 2147 in
1663 2127 1699 2148 ea
1719 2118 1856 2149 maxime
1876 2118 2008 2160 insigni,
2033 2119 2098 2150 iarn
2117 2126 2188 2151 tum
2209 2130 2261 2151 eas
2281 2120 2382 2162 digni-

1303 2169 1317 2183 »
1340 2164 1419 2189 tates
1434 2159 1546 2191 fuisset
1561 2169 1723 2193 assecutus
1743 2163 1782 2193 ab
1802 2163 1966 2194 honorum
1981 2174 2116 2196 suorum
2131 2165 2286 2206 auspicio,
2301 2174 2382 2208 quas

1303 2213 1318 2228 ι·
1340 2203 1381 2233 ad
1405 2214 1481 2255 e.⁸m.
1499 2205 1584 2236 diem
1613 2206 1747 2247 adeptus
1777 2214 1858 2239 esset
1881 2218 1988 2240 nemo.
2019 2209 2132 2251 Neque
2161 2210 2268 2240 solum
2297 2209 2330 2241 id
2353 2209 2383 2242 ei

1303 2258 1317 2273 »
1341 2255 1508 2289 contingit,
1533 2256 1569 2281 ut
1591 2251 1682 2291 quasi
1708 2262 1763 2292 per
1786 2253 2001 2293 amplissimos
2025 2253 2185 2295 dignitatis
2204 2255 2384 2289 decurreret

1303 2303 1317 2318 >⁹
1340 2293 1476 2333 gradus,
1508 2295 1562 2325 sed
1586 2302 1623 2326 ut
1646 2295 1678 2326 in
1703 2297 1900 2338 amplissima
1926 2297 2054 2329 fortuna
2082 2298 2207 2339 positus
2236 2299 2383 2330 maximis

1302 2347 1317 2363 ›
1340 2347 1466 2379 semper
1489 2338 1667 2371 honoribus
1691 2341 1854 2373 excelleret
1877 2340 1934 2385 (c),
1959 2342 2015 2384 qui
2035 2342 2079 2373 illi
2099 2343 2192 2374 toties
2211 2344 2381 2375 demanda-

1302 2392 1317 2407 »
1340 2381 1466 2422 bantur,
1477 2383 1612 2434 ‘quoties
1631 2385 1683 2416 ille
1702 2395 1808 2426 gerere
1827 2387 1939 2418 voluit.
1960 2387 2069 2426 Quare
2088 2394 2123 2419 ut
2143 2388 2264 2430 reliqua
2281 2388 2381 2430 digni-

1302 2437 1317 2452 »
1339 2433 1443 2458 tatum
1458 2437 1526 2458 01115
1541 2429 1688 2460 omittam
1703 2437 1860 2472 tempora,
1876 2442 1943 2462 non
1957 2442 2093 2473 possum
2112 2442 2179 2463 non
2197 2433 2265 2464 eius
2279 2442 2381 2465 recor-

1302 2482 1316 2496 »
1340 2471 1406 2502 dari
1429 2473 1584 2514 temporis
1604 2483 1679 2505 cum
1698 2475 1742 2506 illi
1766 2476 1861 2506 maris
1885 2475 2058 2517 imperium
2082 2477 2223 2509 maximo
2248 2477 2381 2510 civitatis

1302 2528 1317 2543 »
1339 2526 1469 2547 assensu
1494 2517 1723 2550 demandatum
1747 2527 1802 2552 est.
1827 2521 1911 2552 Nam
1935 2531 2011 2552 cum
2043 2521 2247 2554 nunciaretur
2263 2523 2381 2565 Payze-

1302 2573 1316 2588 »
1340 2568 1405 2592 tem
1429 2562 1609 2593 Turcarum
1633 2564 1894 2605 potentissimum
1920 2565 2098 2607 principem
2126 2567 2206 2598 mari
2234 2573 2380 2610 terraque

1302 2617 1316 2632 ιο
1339 2606 1379 2636 ad
1403 2607 1611 2639 evertendum
1639 2609 1813 2650 imperium
1840 2617 1982 2641 vestrum
2011 2611 2222 2651 contendere,
2251 2611 2380 2654 iamque

1302 2662 1316 2676 ιο
1339 2650 1581 2683 instructissima
1604 2653 1710 2684 classis
1734 2653 1883 2686 Graeciae
1898 2665 1934 2686 00
1948 2654 2138 2696 Peloponesi
2162 2655 2267 2686 littora
2291 2665 2379 2687 com-

1302 2706 1316 2721 »
1340 2695 1440 2736 pleret
1463 2701 1494 2726 et
1517 2697 1635 2736 maria,
1661 2707 1758 2728 nemo
1783 2708 1858 2729 sane
1882 2699 1942 2730 fuit
1969 2699 2002 2730 in
2026 2706 2130 2730 vestro
2154 2699 2293 2739 Senatu,
2322 2700 2379 2742 qui
2431 2702 2433 2704 ’

1302 2751 1316 2766 »
1339 2749 1406 2770 11011
1426 2739 1532 2770 statim
1547 2742 1738 2773 existimaret
1752 2749 1807 2773 aut
1825 2743 1922 2784 patris
1941 2743 1988 2774 tui
2003 2744 2171 2784 prudentia
2185 2751 2216 2775 et
2232 2743 2378 2776 felicitate

1302 2795 1316 2810 ²
1339 2791 1460 2816 tantam
1484 2790 1705 2827 tempestatem
1725 2787 1826 2819 sedari
1845 2797 1950 2828 posse,
1975 2794 2030 2819 aut
2049 2795 2130 2820 certe
2155 2788 2378 2820 immanissimi

1301 2839 1316 2855 »
1339 2828 1439 2860 hostis
1462 2827 1585 2861 libidini
1610 2830 1812 2862 serviendum
1836 2842 1912 2863 esse.
1939 2833 2006 2863 Nec
2030 2843 2104 2864 sane
2129 2833 2379 2874 sapientissimos

1301 2884 1316 2899 »
1339 2873 1487 2905 homines
1511 2875 1637 2907 fallebat
1660 2875 1832 2915 divinatio,
1857 2876 1913 2918 qui
1939 2887 2013 2908 cum
2037 2877 2257 2909 meminissent
2280 2887 2379 2920 quam

1301 2930 1315 2945 »
1339 2919 1391 2949 ille
1411 2927 1536 2961 semper
1555 2920 1587 2951 in
1607 2919 1840 2960 Magistratibus
1859 2921 2011 2952 omnibus
2029 2922 2174 2963 gerendis
2191 2922 2379 2964 sapientiam

1301 2974 1315 2990 ιν
1339 2970 1370 2994 01
1392 2964 1612 2996 auctoritatem
1636 2964 1837 3004 exhibuisset,
1862 2976 2025 3008 quamque
2049 2966 2171 2998 fortiter
2191 2977 2228 2998 ac
2249 2966 2380 2999 feliciter

1301 3019 1315 3034 »
1338 3007 1481 3049 primum
1505 3009 1594 3040 classi
1627 3010 1766 3041 Venetae
1789 3010 1976 3051 praefuisset
1998 3010 2171 3052 imperator
2195 3021 2270 3043 cum
2293 3011 2378 3044 bello

1301 3064 1315 3079 »
1339 3052 1461 3085 Gallico
1490 3054 1595 3095 priore
1619 3054 1777 3095 Appuliae
1808 3055 1967 3096 oppidum
1995 3055 2249 3087 munitissimum
2279 3066 2376 3098 expu-

1299 3109 1314 3123 »
1337 3106 1482 3138 31105501,
1510 3109 1575 3130 11011
1600 3100 1747 3131 eamdem
1771 3099 1933 3131 fortunam
1957 3099 2015 3130 sibi
2040 3100 2102 3132 hoc
2125 3101 2210 3132 bello
2234 3100 2376 3142 polliceri

1300 3156 1315 3172 »
1338 3152 1404 3174 non
1423 3149 1579 3184 poterant.
1600 3143 1642 3175 Et
1665 3150 1746 3176 certe
1769 3151 1928 3186 quantum
1951 3145 2092 3176 humana
2115 3145 2284 3186 prudentia
2305 3153 2376 3187 per-

1300 3202 1315 3216 »
1338 3187 1427 3228 spici,
1451 3194 1610 3229 quantum
1633 3188 1818 3220 auctoritate
1842 3189 2039 3230 persuaderi,
2064 3197 2223 3231 quantum
2246 3188 2375 3221 scientia

1300 3246 1314 3261 »
1337 3242 1444 3263 rerum
1463 3231 1694 3264 maritimarum
1718 3233 1878 3274 praestari,
1894 3240 2051 3275 quantum
2075 3233 2221 3266 felicitate
2239 3233 2375 3275 impera-

1299 3291 1314 3306 »
1337 3277 1417 3308 toria
1441 3276 1556 3317 sperari
1580 3277 1619 3308 ab
1638 3277 1729 3309 initio
1753 3278 1869 3318 potuit,
1894 3278 2061 3310 declaravit
2085 3279 2174 3310 facile
2193 3278 2280 3310 solus
2299 3286 2375 3309 cum

1300 3336 1314 3351 »
1337 3321 1479 3363 primum
1502 3321 1603 3353 ventis
1626 3322 1695 3354 vela
1719 3320 1820 3365 (sicut
1843 3332 1902 3364 ego
1926 3322 2050 3366 accepi)
2076 3333 2112 3354 ex
2131 3323 2249 3365 patriae
2270 3321 2374 3354 littore

1300 3380 1314 3395 »
1338 3367 1484 3398 dedisset.
1509 3367 1593 3397 Nam
1611 3373 1733 3398 tantam
1757 3367 1889 3398 classem
1912 3367 2098 3399 brevissimo
2122 3374 2267 3409 tempore
2286 3376 2374 3398 com-

1301 3425 1314 3439 »
1338 3412 1469 3452 paravit,
1489 3418 1641 3452 quantam
1662 3422 1758 3443 nemo
1779 3422 1916 3454 usquam
1935 3418 2090 3453 sperasset
2107 3413 2146 3443 ab
2166 3410 2255 3443 omni
2275 3410 2374 3442 fenne

1301 3470 1315 3484 ι»
1338 3456 1469 3498 Europa
1488 3455 1618 3487 conflari
1637 3466 1722 3487 anno
1737 3463 1876 3488 vertente
1891 3467 1995 3498 posse.
2021 3457 2072 3488 Sic
2093 3465 2206 3487 omnes
2220 3454 2374 3486 'Graeciae

1289 3502 1315 3529 “»
1338 3501 1495 3532 tumultus
1520 3500 1658 3540 sedavit,
1687 3507 1724 3532 ut
1746 3501 1811 3532 iam
1834 3501 1999 3532 victoriam
2023 3510 2136 3532 omnes
2164 3500 2197 3530 in
2226 3498 2373 3530 manibus

1301 3559 1315 3573 »
1338 3545 1497 3576 haberent.
1519 3544 1569 3576 Sic
1589 3555 1721 3576 omnem
1741 3545 1873 3577 classem
1887 3552 1918 3577 01
1932 3545 2063 3576 navium
2077 3553 2224 3583 nurnero,
2244 3550 2275 3574 et
2288 3543 2372 3574 viro-

1301 3603 1315 3618 »
1338 3599 1411 3620 rum
1426 3590 1551 3628 robore,
1567 3596 1598 3621 et
1612 3590 1702 3620 omni
1717 3590 1839 3631 reliquo
1859 3595 2011 3631 apparatu
2026 3588 2182 3627 instruxit,
2198 3593 2235 3618 ut
2248 3587 2372 3619 Turcae

1301 3647 1316 3662 »
1339 3634 1379 3664 ad
1401 3634 1543 3675 primum
1567 3634 1723 3665 nuncium
1748 3634 1881 3674 trepidi,
1912 3633 1968 3675 qui
1999 3633 2037 3664 de
2066 3631 2187 3663 excidio
2214 3631 2372 3663 christiani
