2788 4204
102 794 219 815 Boethius.

349 240 418 266 122

342 307 422 339 ritur
438 319 520 351 quae
544 307 659 341 harum
675 309 716 342 sit
732 311 908 349 contraria;
933 321 1132 354 quamquam
1152 311 1292 342 sciamus
1311 309 1401 353 quod

342 366 409 388 non
433 365 569 400 utraque
594 356 650 390 sed
674 369 738 390 una
760 370 870 390 earum
888 367 936 390 est
952 357 1134 390 secundum
1152 369 1250 401 quam
1268 357 1305 390 fit
1321 370 1400 391 con-

341 404 496 437 trarietas.
511 424 523 430 -
539 404 654 438 Tertio
676 406 788 446 modo,
808 415 917 449 potest
940 406 1004 449 legi
1029 405 1205 439 dividendo
1230 406 1314 439 hanc
1333 418 1403 450 par-

342 451 493 492 ticulam,
516 453 556 486 Et
578 455 603 486 si
627 460 667 486 est
690 465 764 494 una,
789 454 827 487 ab
856 454 909 487 illa
933 455 1096 498 sequenti,
1126 455 1287 488 secundum
1309 466 1401 499 quam

341 503 493 535 contraria
516 503 574 542 est;
594 511 626 535 et
645 512 722 535 tunc
738 504 842 546 prima
859 515 932 547 pars
953 504 1147 547 expressive,
1163 503 1306 536 secunda
1322 516 1400 537 vero

342 548 519 584 dubitative
547 551 679 594 legitur3
703 560 735 583 et
759 560 807 584 est
831 562 960 584 sensus:
987 553 1152 596 quaeritur
1177 564 1259 596 quae
1284 552 1400 586 harum

340 596 493 630 falsarum
522 600 681 632 contraria
708 608 757 632 est
789 611 902 640 verae,
927 612 995 633 non
1023 600 1132 633 solum
1157 602 1183 633 si
1208 601 1287 634 istae
1316 601 1399 635 duae

340 645 438 679 falsae
461 648 544 680 inter
574 660 608 680 se
639 647 793 681 differunt
821 650 854 681 in
886 649 1138 693 consequendo,
1163 649 1219 682 sed
1244 650 1342 682 etiam
1373 651 1399 683 si

340 704 475 739 utraque
493 705 541 729 est
557 709 631 737 una,
652 697 735 730 idest
750 697 840 730 alteri
861 698 1097 731 indivisibiliter
1116 699 1217 738 unita,
1235 700 1400 743 quaeritur

339 744 519 777 secundum
551 757 649 789 quam
673 745 709 778 fit
745 748 963 780 contrarietas.
989 748 1030 780 Et
1053 746 1116 780 hoc
1140 746 1242 779 modo
1266 748 1399 790 exponit

338 793 510 834 Boethius,
535 793 645 827 dicens
677 795 766 839 quod
797 796 989 830 Aristoteles
1013 797 1167 841 apposuit
1195 796 1274 829 haec
1301 797 1399 830 verba

338 851 471 885 propter
499 845 658 876 contraria
675 845 873 886 immediata,
898 847 931 878 in
948 846 1066 890 quibus
1091 858 1158 879 non
1183 846 1290 879 differt
1318 857 1397 879 con-

338 892 471 924 trarium
488 903 505 924 a
522 893 693 936 privativo.
725 894 814 927 Inter
838 896 997 928 contraria
1022 896 1110 928 enim
1131 894 1271 928 mediata
1287 903 1319 928 et
1336 896 1397 928 im-

337 939 477 972 mediata
500 940 579 974 haec
596 951 644 974 est
662 941 852 984 differentia,
869 944 959 988 quod
976 944 1172 977 immediatis
1195 956 1213 977 a
1236 945 1397 988 privativo

330 989 535 1035 «contrarium
558 1001 627 1023 non
647 991 790 1024 infertur.
806 993 886 1026 Non
899 994 987 1026 enim
1002 993 1099 1033 valet,
1118 999 1223 1038 corpus
1241 993 1398 1026 colorabile

336 1044 376 1070 est
398 1049 458 1070 non
477 1038 592 1080 album,
614 1052 680 1084 ergo
695 1047 735 1073 est
753 1042 892 1084 nigrum:
916 1051 1026 1085 potest
1049 1042 1137 1074 enim
1157 1054 1227 1075 esse
1251 1041 1395 1074 rubrum.

336 1086 374 1119 In
398 1087 594 1121 immediatis
618 1098 727 1122 autem
756 1090 860 1130 valet;
883 1090 973 1124 verbi
989 1092 1109 1135 gratia:
1134 1091 1252 1125 animal
1275 1097 1315 1124 est
1338 1102 1398 1124 non

334 1146 462 1177 sanum,
494 1149 561 1180 ergo
584 1139 764 1182 infirmum;
788 1151 931 1174 numerus
954 1146 995 1173 est
1018 1152 1077 1173 non
1096 1147 1172 1185 par,
1198 1152 1263 1184 ergo
1287 1140 1396 1184 impar.

335 1184 452 1217 Voluit
475 1197 554 1229 ergo
573 1187 766 1221 Aristoteles
788 1190 968 1232 exprimere
988 1188 1078 1233 quod
1093 1200 1192 1229 nunc,
1210 1201 1285 1222 cum
1303 1201 1398 1233 quae-

334 1234 436 1266 rimus
461 1247 544 1278 quae
559 1235 675 1268 harum
692 1236 856 1278 falsarum,
874 1237 997 1271 scilicet
1013 1239 1182 1281 negativae
1206 1247 1238 1271 et
1256 1238 1396 1271 affirma-

334 1283 418 1316 tivae
436 1286 599 1324 contrarii,
621 1286 663 1318 sit
679 1287 838 1319 contraria
860 1286 1070 1319 affirmativae
1086 1298 1192 1326 verae,
1210 1287 1396 1331 quaerimus

335 1333 558 1366 universaliter
570 1334 638 1367 sive
659 1334 731 1368 illae
749 1334 831 1368 duae
845 1335 942 1368 falsae
959 1335 1197 1369 indivisibiliter
1209 1347 1243 1368 se
1262 1347 1397 1380 sequan-

334 1388 396 1422 tur,
421 1393 488 1415 slve
513 1394 590 1416 non.

401 1431 430 1463 8.
455 1431 583 1464 Deinde
604 1443 679 1465 cum
697 1432 788 1465 dicit:
808 1433 893 1466 Nam
913 1432 1069 1473 arbitrari,
1086 1433 1296 1477 prosequitur
1313 1433 1396 1465 hanc

333 1479 511 1518 secundam
524 1482 759 1524 quaestionem.
778 1482 819 1514 Et
834 1482 917 1514 circa
937 1481 1000 1514 hoc
1017 1490 1158 1526 quatuor
1170 1481 1254 1514 facit.
1273 1482 1395 1522 Primo,

333 1527 473 1561 declarat
486 1529 575 1573 quod
589 1531 797 1563 contrarietas
815 1531 1012 1574 opinionum
1025 1542 1094 1564 non
1107 1530 1283 1564 attenditur
1294 1542 1395 1574 penes

333 1578 592 1611 contrarietatem
608 1580 771 1619 materiae,
796 1580 879 1612 circa
895 1591 994 1624 quam
1014 1589 1193 1620 versantur,
1210 1579 1267 1613 sed
1283 1580 1394 1623 potius

332 1637 432 1670 penes
457 1628 702 1671 oppositionem
718 1629 786 1661 veri
801 1628 854 1662 vel
871 1628 954 1670 falsi;
974 1629 1131 1670 secundo,
1148 1629 1288 1662 declarat
1305 1629 1394 1674 quod

331 1686 400 1708 non
421 1687 520 1720 penes
546 1688 761 1722 quaecunque
786 1679 938 1722 opposita
964 1678 1146 1712 secundum
1169 1679 1339 1711 veritatem
1363 1687 1395 1711 et

331 1722 503 1757 falsitatem
520 1734 568 1758 est
581 1727 790 1759 contrarietas
807 1727 1021 1770 opinionum;
1038 1727 1096 1760 ibi:
1115 1727 1147 1761 Si
1159 1739 1224 1771 ergo
1238 1727 1307 1761 boni
1322 1736 1394 1768 etc.;

331 1774 438 1814 tertio,
456 1773 648 1808 determinat
666 1775 755 1820 quod
773 1777 982 1809 contrarietas
1000 1777 1198 1820 opinionum
1218 1776 1394 1810 attenditur

332 1835 431 1868 penes
449 1836 506 1868 per
521 1836 554 1857 se
574 1825 686 1868 primo
707 1825 860 1868 opposita
884 1825 1067 1859 secundum
1090 1826 1260 1858 veritatem
1284 1834 1316 1858 et
1334 1825 1393 1858 fal-

331 1874 459 1906 sitatem
488 1873 589 1906 tribus
618 1873 814 1914 rationibus;
842 1873 901 1907 ibi:
931 1874 986 1908 Sed
1007 1875 1039 1908 in
1057 1875 1166 1919 quibus
1177 1875 1276 1919 primo
1292 1875 1393 1919 falla-

331 1924 377 1957 cia
400 1931 476 1963 etc.;
497 1931 624 1967 quarto,
649 1922 790 1956 declarat
814 1922 897 1956 hanc
921 1922 1227 1956 determinationem
1255 1924 1394 1956 inveniri

332 1972 365 2004 in
389 1971 542 2004 omnibus
565 1981 696 2012 veram;
721 1971 782 2005 ibi:
807 1973 1005 2017 Manifestum
1029 1979 1069 2005 est
1091 1973 1184 2016 igitur
1207 1981 1267 2005 etc.

398 2021 487 2054 Dicit
510 2032 588 2064 ergo
616 2032 806 2064 proponens
832 2022 990 2054 intentam
1015 2021 1279 2062 conclusionem,
1303 2021 1393 2066 quod

331 2069 449 2103 falsum
466 2079 514 2103 est
530 2069 674 2102 arbitrari
699 2069 873 2114 opiniones
898 2070 1024 2104 definiri
1042 2083 1099 2104 seu
1118 2070 1325 2105 determinari
1343 2071 1395 2104 de-

331 2118 405 2151 bere
420 2119 594 2151 contrarias
608 2130 647 2151 ex
664 2130 704 2151 eo
722 2118 811 2163 quod
829 2120 1069 2152 contrariorum
1082 2119 1287 2154 obiectorum
1306 2129 1393 2153 sunt.

332 2167 373 2200 Et
398 2166 530 2200 adducit
554 2166 593 2200 ad
618 2167 682 2200 hoc
711 2167 875 2212 duplicem
905 2169 1075 2202 rationem.
1105 2169 1214 2201 Prima
1238 2178 1301 2202 est:
1327 2169 1395 2213 opi-

331 2217 447 2249 niones
472 2216 650 2249 contrariae
674 2228 741 2249 non
758 2226 834 2249 sunt
851 2216 965 2250 eadem
983 2218 1113 2261 opinio;
1137 2217 1194 2251 sed
1215 2218 1394 2251 contrario-

331 2276 405 2298 rum
421 2265 535 2298 eadem
553 2274 601 2298 est
618 2264 754 2298 fortasse
771 2266 901 2310 opinio;
922 2277 1001 2310 ergo
1028 2267 1202 2310 opiniones
1226 2278 1294 2299 non
1319 2276 1394 2300 sunt

332 2314 511 2346 contrariae
528 2326 567 2346 ex
582 2313 646 2346 hoc
666 2314 755 2358 quod
776 2315 1014 2347 contrariorum
1034 2324 1119 2348 sunt.
1132 2335 1146 2340 -
1161 2315 1311 2349 Secunda
1328 2324 1394 2348 est:

332 2363 505 2406 opiniones
523 2363 701 2395 contrariae
716 2374 783 2395 non
801 2372 878 2396 sunt
894 2362 992 2395 simul
1009 2373 1122 2404 verae;
1147 2363 1203 2397 sed
1220 2364 1395 2407 opiniones

333 2411 586 2451 contrariorum,
614 2412 681 2444 sive
709 2410 836 2454 plures,
868 2412 935 2445 sive
964 2423 1039 2452 una,
1067 2421 1144 2445 sunt
1175 2413 1273 2446 simul
1300 2424 1395 2446 verae

333 2460 546 2506 quandoque;
570 2472 649 2504 ergo
673 2461 846 2504 opiniones
871 2472 938 2493 non
963 2470 1039 2493 sunt
1063 2462 1242 2494 contrariae
1266 2473 1305 2494 ex
1331 2461 1394 2494 hoc

333 2509 423 2554 quod
448 2509 686 2542 contrariorum
717 2518 830 2542 sunt.-
849 2510 976 2542 Harum
1004 2510 1186 2551 rationum,
1215 2511 1394 2554 suppositis

333 2558 522 2599 maioribus,
545 2559 639 2602 ponit
655 2559 825 2603 utriusque
846 2559 982 2591 minoris
1015 2558 1266 2592 declarationem
1286 2559 1394 2600 simul,

333 2605 459 2639 dicens:
487 2607 563 2639 Boni
586 2607 674 2646 enim,
699 2607 842 2650 quoniam
865 2607 975 2640 bonum
999 2614 1061 2647 est,
1093 2613 1119 2640 et
1142 2607 1228 2647 mali,
1252 2608 1395 2651 quoniam

332 2655 449 2688 malum
472 2661 527 2696 est,
552 2655 652 2688 eadem
672 2655 802 2699 fortasse
829 2656 926 2699 opinio
954 2662 1009 2696 est,
1039 2654 1148 2699 quoad
1180 2656 1330 2699 primam.
1354 2657 1396 2690 Et

333 2703 442 2737 subdit
458 2716 528 2737 esse
555 2715 637 2744 vera,
661 2704 728 2737 sive
752 2704 862 2748 plures
886 2705 954 2737 sive
979 2716 1044 2738 una
1068 2705 1119 2745 sit,
1144 2705 1254 2749 quoad
1278 2717 1394 2738 secun-

333 2753 418 2786 dam.
451 2754 563 2786 Utitur
587 2762 695 2786 autem
721 2752 901 2786 dubitativo
925 2753 1079 2787 adverbio
1103 2762 1135 2786 et
1158 2752 1395 2796 disiunctione,

333 2802 409 2847 quia
433 2813 501 2835 non
525 2811 573 2835 est
596 2801 833 2835 determinandi
850 2801 943 2841 locus
968 2814 1009 2835 an
1026 2803 1263 2835 contrariorum
1281 2801 1395 2835 eadem

332 2852 382 2884 sit'
393 2852 517 2896 opinio,
535 2861 567 2885 et
586 2853 662 2896 quia
674 2851 785 2897 aliquo
802 2852 904 2885 modo
922 2861 970 2885 est
987 2851 1101 2885 eadem
1114 2861 1146 2885 et
1162 2851 1272 2896 aliquo
1291 2851 1394 2884 modo

332 2911 410 2933 non.
433 2900 466 2933 Si
483 2901 571 2933 enim
587 2900 762 2946 loquamur
779 2901 818 2934 de
838 2900 995 2934 habituali
1013 2901 1185 2945 opinione,
1210 2902 1256 2934 sic
1279 2900 1394 2934 eadem

332 2958 396 2988 est;
420 2949 446 2981 si
471 2958 580 2982 autem
604 2949 644 2983 de
669 2949 804 2990 actuali,
828 2951 874 2982 sic
897 2961 967 2983 non
991 2949 1106 2983 eadem
1125 2958 1182 2983 est.
1207 2948 1281 2982 Alia
1298 2950 1394 2994 siqui-

333 2996 407 3029 dem
432 2998 581 3031 mentalis
606 2999 804 3042 compositio
829 2998 996 3032 actualiter
1019 2998 1074 3038 fit,
1099 2997 1315 3042 concipiendo
1340 2997 1395 3031 bo-

333 3056 412 3077 num
426 3057 495 3079 esse
512 3046 648 3087 bonum,
665 3056 697 3080 et
713 3046 773 3080 alia
793 3046 1010 3091 concipiendo
1031 3046 1154 3080 malum
1171 3059 1241 3080 esse
1259 3046 1393 3087 malum,

1091 234 1209 269 PERI
1240 233 1586 271 HERMENEIAS
1615 237 1709 273 LIB.
1740 239 1771 274 II

1458 311 1533 344 licet
1556 313 1674 346 eodem
1698 313 1810 348 habitu
1835 325 2000 362 utrunque
2029 330 2278 362 cognoscamus,
2302 319 2383 353 illud
2407 331 2465 363 per
2488 331 2523 354 se

1458 361 1580 403 primo,
1605 370 1637 395 et
1660 362 1723 396 hoc
1747 365 1958 406 secundario,
1983 376 2020 399 ut
2044 367 2162 401 dicitur
2186 369 2236 401 IX
2261 368 2492 414 Metaphysicae.
2507 389 2521 394 -

1457 410 1586 443 Deinde
1617 411 1727 445 subdit
1750 413 1840 457 quod
1868 415 1928 447 ista
1953 427 2035 459 quae
2064 416 2104 449 ad
2133 416 2386 450 declarationem
2410 419 2519 451 mino-

1457 470 1530 491 rum
1554 469 1684 504 sumpta
1708 471 1801 502 sunt,
1826 462 1949 496 scilicet
1977 463 2102 497 bonum
2130 474 2162 498 et
2193 465 2332 505 malum,
2359 467 2519 499 contraria

1457 517 1533 540 sunt
1568 510 1665 542 etiam
1700 512 1926 544 contrarietate
1955 522 2086 556 sumpta
2114 515 2222 547 stricte
2258 515 2292 546 in
2323 514 2520 555 moralibus,

1456 567 1492 588 ac
1517 568 1574 599 per
1598 556 1660 590 hoc
1685 569 1829 602 congrua
1853 560 1904 591 usi
1931 572 2045 594 sumus
2070 561 2297 595 declaratione.
2317 562 2444 595 Ultimo
2469 563 2519 595 in-

1456 603 1547 637 ducit
1571 605 1827 639 conclusionem.
1856 608 1921 641 Sed
1945 620 2013 642 non
2037 610 2071 642 in
2095 621 2135 642 eo
2161 611 2251 654 quod
2280 611 2519 644 contrariorum

1456 653 1629 695 opiniones
1657 663 1747 694 sunt,
1776 657 1953 689 contrariae
1981 666 2072 698 sunt,
2098 659 2154 691 sed
2179 660 2282 702 magis
2306 660 2340 691 in
2365 671 2405 692 eo
2429 659 2519 703 quod

1456 702 1653 742 contrariae,
1677 702 1775 743 idest,
1804 704 1861 736 sed
1889 705 1999 747 potius
2029 707 2208 740 censendae
2239 716 2315 740 sunt
2344 708 2518 751 opiniones

1455 750 1634 782 contrariae
1651 762 1690 783 ex
1706 762 1746 783 eo
1760 751 1850 795 quod
1869 754 2028 786 contrarie
2048 753 2282 796 adverbialiter,
2296 755 2419 788 scilicet
2436 767 2518 788 con-

1454 797 1552 830 trario
1577 797 1695 839 modo,
1720 799 1803 832 idest
1837 811 1912 832 vere
1937 809 1969 833 et
1991 800 2070 834 false
2098 804 2283 836 enunciant,
2308 804 2350 836 Et
2364 804 2410 836 sic
2430 812 2518 847 patet

1453 856 1607 889 pnmum.
2222 871 2224 873 >

1521 906 1550 937 9.
1577 895 1608 928 Si
1623 908 1690 940 ergo
1706 896 1776 929 boni
1791 904 1851 928 etc.
1870 896 1961 936 Quia
1977 897 2100 931 dixerat
2116 898 2206 942 quod
2223 900 2433 932 contrarietas
2450 901 2519 943 opi-

1452 943 1592 976 nionum
1613 945 1771 988 accipitur
1791 945 1974 978 secundum
1994 947 2241 990 oppositionem
2257 947 2400 979 veritatis
2417 956 2450 980 et
2464 947 2517 980 fal-

1453 992 1555 1024 sitatis
1575 1004 1699 1033 earum,
1723 993 1863 1026 declarat
1893 994 1995 1027 modo
2020 994 2110 1039 quod
2134 1006 2202 1027 non
2227 1007 2442 1039 quaecunque
2466 1007 2516 1029 se-

1453 1040 1598 1073 cundum
1622 1042 1791 1074 veritatem
1811 1052 1843 1075 et
1859 1042 2030 1076 falsitatem
2052 1045 2224 1087 oppositae
2245 1045 2419 1087 opiniones
2441 1053 2518 1078 sunt

1453 1090 1642 1130 contrariae,
1656 1090 1710 1123 tali
1723 1091 1858 1124 ratione.
1879 1092 1930 1124 De
1947 1091 2048 1132 bono,
2064 1101 2154 1136 puta,
2170 1092 2209 1125 de
2230 1093 2362 1133 iustitia,
2376 1101 2517 1137 quatuor

1452 1147 1591 1182 possunt
1612 1140 1785 1182 opiniones
1807 1140 1928 1180 haberi,
1949 1140 2071 1173 scilicet
2091 1140 2180 1185 quod
2205 1141 2326 1175 iustitia
2350 1150 2399 1174 est
2419 1141 2516 1182 bona,

1452 1196 1484 1220 et
1501 1187 1590 1232 quod
1607 1199 1675 1221 non
1700 1197 1748 1221 est
1771 1188 1867 1229 bona,
1892 1198 1923 1222 et
1943 1188 2034 1233 quod
2051 1198 2100 1222 est
2122 1189 2276 1233 fugibilis,
2301 1199 2333 1223 et
2353 1190 2443 1235 quod
2468 1199 2517 1224 est

1451 1248 1519 1269 non
1544 1237 1736 1281 appetibilis.
1768 1238 1921 1277 Quarum
1948 1239 2052 1282 prima
2076 1247 2125 1271 est
2147 1250 2244 1279 vera,
2273 1238 2416 1283 reliquae
2440 1248 2517 1272 sunt

1451 1285 1559 1319 falsae.
1584 1287 1673 1320 Inter
1693 1298 1772 1331 quas
1793 1287 1873 1320 haec
1895 1296 1944 1320 est
1967 1287 2135 1320 diversitas
2160 1286 2267 1331 quod,
2291 1289 2397 1331 prima
2420 1296 2518 1331 negat
2567 1324 2569 1329 ,

1451 1333 1539 1367 idem
1559 1334 1782 1378 praedicatum
1797 1335 1887 1379 quod
1903 1347 1979 1368 vera
1996 1335 2194 1375 affirmabat;
2210 1335 2359 1380 [secunda
2378 1335 2517 1376 affirmat

1451 1382 1574 1427 aliquid
1598 1383 1686 1416 aliud
1706 1383 1796 1427 quod
1820 1383 1909 1417 bono
1933 1395 2001 1417 non
2026 1385 2127 1424 inest;
2151 1385 2245 1417 tertia
2261 1393 2359 1428 negat
2375 1384 2408 1417 id
2425 1384 2516 1428 quod
2540 1401 2546 1402 ⁷

1451 1431 1539 1465 bono
1564 1433 1658 1472 inest,
1682 1444 1750 1465 non
1773 1441 1883 1465 tamen
1899 1432 1979 1466 illud
1997 1433 2087 1477 quod
2103 1444 2179 1466 vera
2201 1432 2390 1466 affirmabat.
2416 1433 2516 1466 Tunc

1451 1482 1506 1514 sic.
1537 1481 1571 1514 Si
1596 1493 1711 1514 omnes
1736 1482 1910 1525 opiniones
1934 1482 2117 1515 secundum
2140 1483 2310 1515 veritatem
2339 1491 2370 1515 et
2393 1482 2514 1515 falsita-

1450 1541 1517 1564 tem
1541 1540 1619 1565 sunt
1635 1533 1823 1573 contrariae,
1843 1541 1922 1565 tunc
1939 1534 2007 1573 uni,
2024 1533 2147 1566 scilicet
2165 1545 2259 1566 verae
2280 1534 2430 1577 opinioni
2446 1545 2515 1567 non

1450 1580 1559 1614 solum
1581 1580 1684 1614 multa
1703 1589 1780 1614 sunt
1796 1581 1967 1621 contraria,
1988 1580 2045 1614 sed
2065 1582 2162 1614 etiam
2186 1581 2326 1614 infinita:
2352 1581 2443 1626 quod
2467 1591 2516 1615 est

1450 1631 1670 1675 impossibile,
1700 1631 1775 1676 quia
1792 1642 1896 1663 unum
1915 1631 1974 1663 uni
1997 1640 2046 1664 est
2070 1632 2279 1664 contrarium.
2305 1631 2415 1665 Tenet
2435 1643 2515 1666 con-

1450 1681 1630 1725 sequentia,
1654 1680 1730 1724 quia
1747 1688 1888 1724 possunt
1903 1679 2048 1712 infinitae
2064 1680 2234 1723 imaginari
2259 1681 2432 1723 opiniones
2455 1679 2514 1713 fal-

1450 1741 1503 1763 sae
1529 1729 1568 1762 de
1591 1741 1658 1762 una
1674 1741 1718 1769 re,
1742 1728 1864 1761 similes
1881 1727 2004 1761 ultimis
2021 1728 2109 1761 falsis
2126 1728 2338 1773 opinionibus
2355 1728 2515 1770 adductis,

1450 1778 1658 1814 affirmantes.
1682 1777 1805 1810 scilicet
1828 1789 1865 1810 ea
1889 1788 1971 1821 quae
1995 1788 2063 1810 non
2087 1777 2200 1810 insunt
2223 1777 2280 1818 illi,
2304 1786 2336 1811 et
2358 1786 2514 1821 negantes

1450 1839 1487 1860 ea
1512 1839 1595 1872 quae
1626 1826 1672 1859 illi
1703 1837 1903 1870 quocunque
1926 1825 2029 1859 modo
2054 1826 2229 1859 coniuncta
2253 1835 2347 1859 sunt:
2375 1834 2514 1874 utraque

1449 1888 1592 1920 namque
1624 1874 1874 1908 indeterminata
1901 1886 1971 1907 esse
1999 1882 2031 1907 et
2058 1873 2179 1919 absque
2203 1886 2343 1908 numero
2375 1883 2512 1908 constat.

1450 1923 1656 1958 Possumus*
1672 1924 1760 1957 enim
1778 1923 1905 1967 opinari
1922 1922 2012 1968 quod
2029 1923 2151 1956 iustitia
2167 1931 2216 1956 est
2233 1923 2406 1967 quantitas,
2423 1922 2513 1967 quod

1449 1983 1498 2006 est
1514 1973 1638 2014 relatio,
1655 1971 1745 2017 quod
1761 1981 1810 2005 est
1827 1972 1890 2005 hoc
1905 1980 1937 2005 et
1952 1971 2049 2011 illud;
2065 1980 2097 2005 et
2114 1971 2261 2004 similiter
2279 1972 2406 2016 opinari
2423 1970 2514 2016 quod

1449 2022 1571 2056 iustitia
1595 2033 1664 2054 non
1687 2022 1729 2054 sit
1752 2020 1908 2065 qualitas,
1932 2031 2000 2053 non
2023 2020 2065 2052 sit
2089 2019 2286 2064 appetibilis,
2309 2031 2378 2053 non
2398 2020 2439 2052 sit
2455 2019 2513 2052 ha-

1449 2071 1545 2104 bitus.
1575 2070 1673 2104 Unde
1705 2082 1744 2103 ex
1767 2067 1961 2114 supradictis
1986 2069 2019 2101 in
2050 2068 2277 2112 propositione
2302 2069 2513 2112 quaestionis,

1449 2119 1590 2152 inferens
1619 2119 1838 2163 pluralitatem
1867 2117 2019 2151 falsarum
2043 2125 2156 2150 contra
2183 2127 2284 2149 unam
2307 2127 2430 2157 veram,
2453 2117 2513 2150 ait:

1450 2169 1482 2202 Si
1505 2180 1570 2212 ergo
1594 2175 1635 2202 est
1661 2168 1791 2213 opinatio
1814 2178 1888 2201 vera
1911 2166 1997 2207 boni,
2023 2175 2101 2209 puta
2125 2165 2285 2206 iustitiae,
2308 2166 2452 2210 quoniam
2474 2171 2516 2199 est

1450 2218 1581 2258 bonum;
1606 2225 1638 2250 et
1661 2218 1687 2250 si
1712 2225 1760 2250 est
1777 2216 1875 2249 etiam
1899 2214 1978 2248 falsa
2002 2214 2150 2259 opinatio
2169 2225 2293 2258 negans
2317 2213 2416 2255 idem,
2432 2213 2516 2247 scili-

1450 2275 1510 2307 cet,
1533 2266 1677 2311 quoniam
1701 2277 1761 2299 non
1784 2271 1825 2298 est
1847 2264 1920 2309 quid
1943 2263 2076 2303 bonum;
2100 2271 2149 2296 est
2169 2274 2248 2296 vero
2269 2271 2302 2296 et
2323 2263 2417 2296 tertia
2441 2263 2514 2307 opi-

1449 2315 1540 2348 natio
1556 2313 1635 2347 falsa
1648 2326 1792 2359 quoque,
1805 2313 1969 2346 affirmans
1986 2312 2108 2357 aliquid
2122 2311 2210 2345 aliud
2226 2312 2332 2345 inesse
2351 2310 2409 2352 illi,
2423 2311 2515 2356 quod

1450 2375 1517 2396 non
1542 2364 1626 2397 inest
1648 2375 1709 2396 nec
1732 2363 1839 2396 inesse
1863 2370 1982 2406 potest,
2006 2370 2095 2405 puta,
2112 2360 2202 2406 quod
2226 2361 2349 2394 iustitia
2368 2362 2410 2394 sit
2428 2360 2513 2405 fugi-

1450 2411 1541 2452 bilis,
1566 2411 1656 2456 quod
1680 2412 1721 2444 sit
1744 2410 1873 2450 illicita;
1904 2419 1936 2443 et
1964 2409 2040 2443 hinc
2067 2408 2259 2453 intelligitur
2289 2418 2403 2454 quarta
2435 2408 2515 2443 falsa

1450 2471 1595 2505 quoque,
1612 2471 1694 2504 quae
1711 2459 1833 2493 scilicet
1851 2467 1950 2503 negat
1965 2457 2088 2504 aliquid
2113 2456 2201 2491 aliud
2218 2457 2256 2491 ab
2273 2469 2314 2491 eo
2331 2457 2421 2503 quod
2438 2469 2515 2492 vera

1450 2510 1565 2554 opinio
1581 2509 1720 2542 affirmat
1736 2509 1841 2542 inesse
1858 2508 2017 2548 iustitiae,
2041 2506 2132 2552 quod
2149 2516 2259 2540 tamen
2275 2507 2370 2547 inest,
2382 2515 2420 2539 ut
2434 2515 2514 2550 puta

1451 2558 1540 2603 quod
1561 2570 1629 2591 non
1646 2559 1687 2591 sit
1704 2557 1852 2602 qualitas,
1872 2556 1962 2602 quod
1978 2568 2046 2590 non
2062 2557 2104 2589 sit
2119 2556 2241 2595 virtus;
2265 2555 2292 2588 si
2315 2556 2360 2588 ita
2379 2556 2514 2599 inquam

1450 2616 1509 2647 est,
1527 2607 1615 2640 nulla
1632 2606 1768 2640 aliarum
1783 2605 1937 2639 falsarum
1954 2604 2106 2649 ponenda
2122 2613 2171 2637 est
2186 2604 2346 2637 contraria
2363 2603 2514 2647 opinioni

1450 2667 1553 2689 verae.
1574 2656 1616 2688 Et
1632 2666 1799 2699 exponens
1820 2654 1899 2699 quid
1919 2653 2121 2687 demonstret
2140 2664 2198 2696 per
2221 2651 2255 2696 ly
2272 2652 2418 2692 aliarum,
2439 2651 2513 2685 sub-

1450 2703 1514 2737 dit:
1539 2704 1644 2747 Neque
1665 2713 1867 2747 quaecumque
1893 2702 1990 2747 opinio
2014 2702 2157 2746 opinatur
2179 2711 2235 2734 esse
2261 2700 2342 2744 quod
2368 2711 2429 2733 non
2452 2706 2511 2741 est,

1449 2761 1486 2785 ut
1502 2753 1588 2785 tertii
1616 2751 1740 2785 ordinis
1765 2751 1939 2795 opiniones
1963 2749 2103 2783 faciunt:
2128 2761 2220 2793 neque
2237 2759 2429 2793 quaecunque
2450 2750 2513 2794 opi-

1449 2801 1498 2834 nio
1514 2801 1656 2845 opinatur
1671 2811 1732 2833 non
1758 2809 1816 2832 esse
1837 2798 1917 2843 quod
1939 2804 1990 2838 est,
2016 2806 2053 2830 ut
2072 2798 2177 2842 quarti
2194 2796 2318 2830 ordinis
2338 2797 2513 2841 opiniones

1450 2851 1643 2893 significant.
1679 2850 1721 2883 Et
1751 2860 1883 2882 causam
1913 2847 2045 2881 subdit:
2081 2848 2224 2893 Infinitae
2259 2847 2338 2880 enim
2372 2853 2514 2892 utraeque

1449 2904 1530 2938 sunt,
1555 2904 1582 2931 et
1604 2908 1680 2942 quae
1703 2909 1760 2931 esse
1783 2898 1946 2942 opinantur
1968 2897 2047 2941 quod
2069 2907 2130 2929 non
2153 2902 2205 2936 est,
2230 2901 2256 2929 et
2278 2906 2355 2940 quae
2377 2907 2438 2929 non
2456 2907 2514 2930 esse

1449 2947 1528 2991 quod
1551 2953 1602 2987 est,
1627 2955 1664 2980 ut
1687 2958 1785 2990 supra
1810 2945 2009 2979 declaratum
2032 2944 2103 2978 fuit.
2127 2945 2207 2979 Non
2236 2955 2314 2988 ergo
2347 2956 2511 2989 quaecun-

1451 3007 1514 3040 que
1543 2995 1716 3039 opiniones
1741 2995 1913 3039 oppositae
1937 2993 2119 3027 secundum
2142 2994 2313 3026 veritatem
2337 3001 2369 3026 et
2391 2991 2511 3027 falsita-

1450 3053 1517 3078 tem
1541 3043 1720 3077 contrariae
1744 3052 1829 3076 sunt.
1855 3043 1896 3076 Et
1919 3043 1965 3076 sic
1989 3050 2078 3086 patet
2101 3040 2293 3075 secundum.

2535 1934 2636 1989 aaa
2652 1939 2676 1958 0¹
