2788 4204
306 212 376 248 150

302 289 358 318 alia
379 288 518 323 conditio,
540 297 580 316 ex
596 288 705 326 primis
725 294 752 315 et
774 287 956 320 immediatis,
972 286 1031 313 sive
1045 283 1367 313 indemonstrabilibus:

301 339 370 358 nam
392 327 616 356 demonstrative
638 327 809 364 syllogizans
830 335 892 354 non
912 332 1007 362 potest
1028 325 1159 361 ignorare
1181 323 1320 359 principia
1335 332 1369 350 ex

303 369 407 406 quibus
422 368 610 396 solummodo
625 366 778 395 innotescit
793 366 941 394 conclusio
957 364 1126 397 scientifica,
1149 369 1176 391 et
1191 363 1259 399 quia
1273 362 1303 390 in
1318 363 1368 390 de-

302 407 561 437 monstrationibus
582 417 643 435 non
658 414 700 435 est
714 407 870 443 procedere
886 405 914 432 in
931 404 1084 438 infinitum,
1101 402 1311 431 deveniendum
1327 408 1369 430 est

302 449 340 476 ad
349 448 446 485 aliqua
457 446 732 481 indemonstrabilia,
748 455 822 482 quae
839 445 895 472 sint
909 443 1050 480 principia
1061 442 1154 479 prima
1165 449 1192 470 et
1202 441 1369 470 immediata

302 488 332 516 in
354 487 659 516 demonstrationibus.
670 501 692 508 -
708 486 751 513 15.
767 484 911 520 Principia
925 482 1180 511 demonstrationis
1194 488 1261 510 sunt
1282 490 1370 509 causa

303 527 512 561 conclusionis;
528 533 555 555 et
566 526 631 554 ideo
643 525 722 562 (quia
734 533 820 552 causa
834 530 877 551 est
891 522 1057 551 naturaliter
1070 521 1150 558 prior
1163 528 1191 549 et
1205 520 1304 549 notior
1314 530 1369 549 suo

303 568 415 603 effectu)
425 569 530 596 debent
540 575 601 594 esse
608 565 714 603 priora
726 571 753 592 et
764 564 877 591 notiora
889 562 1090 593 conclusione:
1106 561 1230 597 notiora,
1239 561 1369 598 inquam,

421 662 549 712 „9032-
565 663 742 703 ostquam
771 653 935 691 ostendit
958 653 1214 702 Philosophus
1239 664 1370 688 neces-

365 706 394 747 25⁸
415 700 491 758 ἢῆ)
519 709 550 740 a,
565 709 713 745 sitatem
746 706 953 755 syllogismi
982 705 1288 752 demonstrativi,
1309 705 1370 742 hic

355 773 361 783 “
566 762 643 798 iam
662 760 792 809 incipit
811 761 858 797 de
873 760 956 809 ipso
973 758 1192 808 syllogismo
1209 759 1369 796 demon-

378 847 386 851 ,
545 835 547 837 ·
567 814 722 852 strativo
744 813 995 850 determinare
1017 815 1048 849 *fi
1065 813 1114 849 Et
1134 812 1313 850 dividitur
1331 812 1370 848 in

302 869 396 907 duas
423 875 565 917 partes:
594 868 633 904 in
660 867 796 916 prima,
827 866 1051 904 determinat
1080 866 1126 903 de
1151 865 1370 915 syllogismo

302 921 619 967 demonstrativo3
649 920 687 957 in
716 920 899 967 secunda,
922 920 968 957 de
988 919 1109 956 medio
1131 932 1175 956 ex
1200 931 1278 968 quo
1298 920 1370 968 syl-

300 975 482 1023 logismus
512 973 833 1011 demonstrativus
863 973 1050 1022 procedit:
1081 980 1117 1009 et
1143 973 1219 1010 hoc
1246 972 1285 1009 in
1313 985 1370 1009 se-

303 1028 427 1065 cundo
457 1027 572 1073 libro;
601 1027 670 1064 ibi:
712 1027 952 1069 Quaestiones
983 1032 1070 1063 sunt
1096 1026 1270 1074 aequales
1303 1038 1370 1063 nu-

301 1093 405 1118 mero
421 1081 441 1102 '¹‘
457 1088 525 1117 etc.
537 1080 702 1117 -Prima
721 1080 900 1117 dividitur
918 1080 957 1116 in
977 1080 1071 1116 duas
1087 1080 1146 1116 >³¹⁸:
1172 1079 1210 1116 in
1234 1079 1369 1128 prima,

63 833 71 840 ·
85 837 111 852 u:
127 836 174 852 tam
195 831 277 862 incipit

64 857 93 878 de
111 863 147 878 eo.
166 857 198 878 Et
215 857 274 878 dim-

63 883 135 905 ditur.

65 1096 71 1102 ·
91 1093 141 1114 Lib.
153 1093 182 1117 11,
197 1093 249 1114 lect.
260 1099 275 1114 ι.

59 1119 153 1173 initii.
168 1126 192 1141 m
213 1119 274 1140 ωε
302 1134 526 1171 determinat
545 1133 593 1170 de
613 1133 831 1182 syllogismo
859 1133 1158 1171 demonstrativo
1179 1133 1370 1179 absolute;

299 1188 338 1225 in
357 1187 536 1234 secunda,
553 1187 813 1236 comparando
830 1186 1195 1224 demonstrationem
1212 1186 1370 1223 demon-

158 1256 175 1272 α
302 1240 518 1287 strationi0‘3
547 1240 614 1276 ibi:
650 1241 746 1276 Cum
766 1246 891 1277 autem
920 1240 1186 1277 demonstratio
1214 1240 1261 1276 sit
1293 1239 1370 1276 alia

301 1294 449 1343 quidem
479 1293 699 1331 universalis
719 1293 739 1314 '³‘
761 1301 830 1330 etc.
852 1293 981 1331 Prima
1000 1293 1038 1329 in
1059 1293 1154 1329 duas
1175 1292 1369 1330 dividitur:

160 1362 175 1395 β
300 1348 339 1384 in
367 1347 502 1396 prima,
534 1345 790 1384 determinat!³
814 1347 860 1384 de
885 1346 1105 1394 syllogismo
1135 1345 1371 1382 demonstra-

301 1401 399 1446 τίνος
420 1400 458 1437 in
478 1400 656 1446 secunda,
678 1400 842 1436 ostendit
860 1399 966 1448 quod
985 1411 1063 1435 non
1083 1399 1129 1435 sit
1147 1399 1185 1435 in
1212 1399 1371 1436 demon-

302 1454 543 1491 strationibus
563 1453 601 1490 in
620 1453 811 1490 infinitum
830 1453 1055 1502 procedere;
1071 1451 1140 1488 ibi:
1158 1453 1229 1489 Est
1246 1458 1371 1489 autem

303 1507 424 1544 omnis
438 1506 682 1556 syllogismus
689 1518 763 1554 per
780 1512 853 1543 tres
867 1506 1046 1543 terminos
1057 1507 1076 1524 ⁹*
1092 1513 1161 1542 etc.
1173 1505 1303 1542 Prima
1319 1505 1372 1542 di-

301 1560 442 1597 viditur
455 1560 494 1596 in
510 1559 620 1596 duas:
641 1559 679 1595 in
693 1560 829 1608 prima,
843 1559 1069 1596 determinat
1089 1558 1135 1595 de
1151 1559 1371 1607 syllogismo

304 1614 602 1651 demonstrativo
623 1624 692 1661 per
711 1625 828 1662 quem
843 1612 1074 1661 acquirimus
1099 1612 1313 1650 scientiam:
1333 1612 1372 1649 in

302 1666 481 1712 secunda,
512 1665 675 1703 ostendit
707 1665 907 1715 quomodo
941 1666 1055 1702 etiam
1089 1665 1128 1702 in
1160 1666 1272 1703 nobis
1304 1678 1373 1714 per

160 1740 175 1765 γ
302 1719 566 1768 syllogismum
604 1720 808 1768 acquiritur
845 1719 971 1768 aliqua
1007 1719 1216 1767 ignorantia
1240 1725 1271 1765 γ;
1301 1719 1371 1756 ibi:

301 1773 528 1822 Ignorantia
564 1778 690 1809 autem
726 1773 931 1810 secundum
973 1773 1212 1822 negationem
1246 1773 1267 1794 *
1301 1780 1370 1810 etc.

303 1826 413 1863 Circa
427 1825 596 1874 primum
616 1826 685 1863 tria
704 1826 807 1863 facit:
827 1826 967 1874 primo,
980 1825 1206 1863 determinat
1225 1826 1272 1863 de
1298 1827 1371 1874 syl-

302 1879 463 1927 logismo
486 1879 798 1926 demonstrativo,
823 1879 1061 1916 ostendendo
1080 1879 1100 1900 *
1115 1879 1207 1928 quid
1226 1879 1291 1925 sit;
1314 1892 1371 1916 se-

62 1309 71 1319 *
82 1308 143 1329 Lect.
158 1313 246 1329 xxxvii.

63 1526 72 1535 ⁸
81 1524 143 1545 Lect.
158 1529 220 1544 xxxi.

63 1790 70 1797 '¹
79 1788 142 1808 Lect.
157 1793 226 1808 xxvix.

63 1894 70 1901 ·
80 1899 94 1914 0
105 1892 190 1914 omittit
201 1893 276 1913 osten-

62 1919 137 1941 dendo
144 1935 152 1945 ,
177 1922 197 1940 et
226 1924 276 1946 seq.

62 1946 209 1967 determinat.
303 1933 442 1979 cundo,
455 1932 679 1970 determinat
690 1933 737 1970 de
748 1932 906 1970 materia
917 1932 1124 1981 syllogismi
1136 1932 1372 1970 demonstra-

302 1986 381 2034 tivi,
403 1986 639 2024 ostendendo
661 1999 758 2035 quae
781 1994 816 2023 et
831 1985 955 2036 qualia
974 1986 1058 2032 sint,
1080 1998 1125 2023 ex
1145 1986 1282 2035 quibus
1298 1994 1370 2033 est;

63 2051 190 2073 ·¹.ect.1x-
302 2039 370 2076 ibi:
405 2040 592 2082 Quoniam
620 2046 745 2078 autem
775 2039 998 2088 impossibile
1025 2045 1079 2076 est
1095 2040 1115 2061 ²¹²
1134 2047 1222 2086 etc.;
1248 2040 1368 2086 tertio,

305 2093 530 2130 determinat
545 2094 591 2131 de
607 2094 731 2131 forma
755 2093 883 2141 ipsius,
906 2093 1143 2130 ostendendo
1168 2093 1207 2130 in
1232 2106 1307 2142 qua
1326 2094 1370 2130 fi-

160 2155 174 2180 δ
303 2159 396 2194 gura
414 2147 619 2196 praecipue
638 2148 705 2184 fiat
720 2145 748 2192 ὃς
765 2146 832 2183 ibi:
847 2147 1084 2196 Figurarum
1100 2152 1225 2183 autem
1246 2148 1370 2196 magis

289 2201 445 2248 faciens
463 2202 559 2238 scire
572 2202 592 2223 *
608 2208 676 2238 etc.
699 2200 810 2237 Circa
827 2200 997 2248 primum
1017 2200 1086 2237 tria
1105 2199 1209 2237 facit:
1229 2200 1367 2248 primo,

66 2271 278 2299 ‘ozostenditquid
304 2254 468 2292 ostendit
484 2255 565 2292 *de
597 2253 898 2291 demonstrativo
924 2253 1144 2302 syllogismo
1170 2253 1262 2302 quid
1295 2262 1367 2298 est;

63 2299 276 2351 512²;?50'1¹.?122‘.'“'
303 2307 485 2354 secundo,
511 2308 681 2345 notificat
700 2307 903 2356 quaedam,
925 2319 1025 2356 quae
1049 2307 1086 2343 in
1107 2306 1327 2344 definitione
1349 2309 1369 2328 ⁵

303 2361 509 2409 syllogismi
530 2360 817 2398 demonstrativi
835 2367 1047 2409 ponuntur;
1068 2359 1137 2397 ibi:
1157 2361 1227 2397 Est
1243 2366 1367 2397 autem

61 2353 102 2383 ⁴13:
112 2353 135 2373 in
142 2352 278 2379 definitione

65 2385 114 2400 etus
125 2385 182 2406 pon.

1084 2424 1099 2434 ι

64 2212 73 2222 ’
85 2212 139 2232 Lcct
144 2227 149 2232 .
160 2216 223 2232 xxvi.

358 2499 386 2534 α)
410 2499 598 2532 Comparando
617 2499 868 2524 demonstrationem
888 2498 1119 2524 demonstrationi.
1138 2500 1174 2524 Ita
1190 2500 1264 2524 codd.
1281 2500 1371 2525 unani-

306 2536 415 2561 miter.-
429 2536 463 2560 P:
482 2535 663 2567 comparando
682 2534 934 2559 demonstrationem
955 2534 1129 2559 universalem
1148 2535 1185 2560 ad
1203 2535 1371 2560 demonstra-

305 2572 403 2597 tionem
419 2570 621 2603 particularem.
641 2569 714 2599 Quae
728 2570 803 2594 lectio
818 2574 858 2594 est
872 2569 1009 2594 defectiva:
1030 2578 1081 2594 non
1096 2571 1164 2595 enim
1179 2571 1237 2595 loco
1252 2571 1327 2595 citato
1342 2579 1372 2596 ex

305 2607 444 2631 Aristotele
463 2610 627 2638 comparatur
646 2605 814 2629 solummodo
836 2605 1021 2629 demonstratio
1041 2605 1192 2630 universalis
1211 2606 1242 2630 ad
1261 2607 1373 2639 particu-

305 2643 395 2673 larem,
414 2641 461 2666 scd
475 2641 709 2666 demonstrationes
725 2641 756 2664 ad
769 2641 887 2670 invicem,
898 2640 1056 2665 universales
1070 2641 1102 2665 ad
1115 2641 1290 2673 particulares,
1305 2641 1373 2666 affir-

306 2678 416 2702 mativae
434 2677 466 2701 ad
485 2677 624 2709 negativas,
643 2677 790 2700 ostensivae
809 2676 840 2700 ad
860 2676 982 2700 ducentes
1002 2676 1033 2700 ad
1052 2676 1222 2709 impossibile,
1241 2682 1269 2702 ut
1286 2677 1374 2701 videre

306 2718 346 2738 est
365 2713 423 2737 lect.
436 2719 518 2737 xxxvn
538 2711 613 2736 huius
633 2711 698 2742 libri,
713 2719 738 2735 n.
754 2718 777 2735 2.

360 2747 385 2780 β)
407 2748 436 2772 In
451 2747 543 2779 prima
567 2747 728 2771 determinat
742 2751 790 2771 etc.
810 2747 879 2770 Haec
893 2747 972 2772 verba
994 2754 1079 2778 usque
1094 2747 1126 2770 ad
1139 2747 1182 2771 illa
1198 2747 1290 2771 Prima
1305 2746 1373 2771 divi-

306 2784 381 2809 ditur
399 2783 425 2807 in
441 2783 508 2807 duas
522 2782 654 2813 inclusive,
670 2782 835 2806 amanuensis
851 2782 907 2806 cod.
923 2783 943 2807 B
958 2783 1054 2811 reticet,
1069 2790 1098 2806 ac
1116 2783 1267 2807 transcurrit
1282 2782 1374 2806 imme-

307 2820 373 2843 diate
392 2819 423 2843 ad
443 2818 646 2842 subdivisionem
666 2822 833 2850 sequentem:
850 2817 875 2842 in
890 2818 982 2849 prima
995 2817 1157 2842 determinat
1171 2817 1203 2842 de
1217 2818 1375 2851 syllogismo

307 2852 516 2879 demonstrativo
531 2860 583 2885 per
601 2859 676 2885 quem
696 2852 859 2886 acquirimus
877 2853 1024 2878 scientiam.
1043 2853 1164 2877 Ceterum
1184 2853 1209 2877 in
1228 2858 1287 2877 nota
1307 2860 1374 2877 mar-

307 2889 392 2922 ginali,
406 2897 484 2913 manu
497 2889 614 2913 eiusdem
627 2888 723 2913 saeculi
738 2893 763 2912 et
778 2887 843 2912 forte
857 2888 973 2913 eiusdem
987 2888 1152 2912 amanuensis
1166 2893 1250 2912 textus
1264 2888 1374 2913 restitui-

307 2925 393 2950 turin
418 2932 465 2949 sua
488 2923 644 2955 integritate,
670 2923 754 2956 prouti
773 2931 789 2948 a
807 2923 882 2948 nobis
908 2924 982 2949 datur
1006 2931 1036 2948 ex
1060 2924 1102 2948 ed.
1121 2923 1199 2948 Piana
1224 2928 1249 2948 et
1274 2924 1377 2948 codd.-

308 2961 372 2985 Cod.
385 2961 409 2984 H
429 2959 505 2984 infra:
525 2960 551 2984 in
570 2959 687 2984 secunda
705 2959 822 2984 ostendit
835 2959 907 2991 quod
926 2967 977 2985 non
997 2959 1032 2984 sit
1043 2966 1183 2991 processus
1196 2959 1222 2984 in
1243 2959 1374 2992 infinitum

308 2996 334 3020 in
355 2995 633 3020 demonstrationibus.

360 3030 388 3064 γ)
409 3031 438 3055 In
457 3030 617 3056 secunda...
631 3030 781 3062 acquiritur
796 3029 888 3062 aliqua
903 3029 1068 3063 ignorantia.
1083 3030 1154 3054 Haec
1168 3030 1242 3054 lectio
1256 3029 1374 3055 omnium

309 3066 426 3090 codicum
445 3065 611 3098 praeferenda
630 3070 670 3090 est
689 3065 790 3090 lectioni
810 3065 918 3096 Pinnae,
940 3065 1090 3098 acquiritur
1109 3065 1271 3098 ignorantia,
1290 3070 1319 3089 ut
1337 3070 1377 3090 est

309 3101 475 3126 manifestum
495 3108 525 3125 ex
544 3101 668 3133 principio
683 3101 740 3125 lect.
755 3108 820 3125 xxvn
839 3100 916 3125 huius
937 3100 1001 3131 libri,
1016 3101 1041 3124 in
1061 3108 1111 3132 qua
1130 3100 1180 3125 hoc
1194 3105 1376 3133 argumentum

308 3141 426 3161 versatur
439 3144 454 3161 a
468 3144 488 3161 s.
499 3135 602 3160 Thoma
616 3143 675 3160 cum
690 3136 838 3160 Aristotele.
847 3149 867 3155 —-
876 3136 939 3160 Cod.
950 3137 988 3160 H:
1004 3135 1029 3160 in
1044 3135 1160 3160 secunda
1167 3139 1250 3168 parte
1261 3135 1377 3161 ostendit

309 3172 380 3204 quod
398 3172 478 3196 etiam
494 3171 520 3196 in
537 3171 611 3196 nobis
622 3171 773 3203 acquiritur
786 3171 878 3204 aliqua
891 3171 1055 3204 ignorantia.
1070 3171 1143 3202 Quae
1157 3176 1196 3196 est
1211 3171 1287 3196 lectio
1302 3179 1376 3196 men—

310 3207 381 3231 dosa.
401 3207 482 3231 Codd.
497 3207 545 3231 GK
564 3206 685 3231 omittunt
703 3206 792 3231 etiam.

362 3241 387 3274 δ)
411 3242 580 3267 Ostendena'o
600 3242 625 3266 in
645 3249 698 3274 qua
710 3242 804 3275 figura
823 3241 969 3273 praecipue
980 3242 1042 3275 fiat.
1062 3242 1098 3266 lta
1116 3242 1156 3267 ed.
1172 3242 1376 3267 Pinum-Codd.

309 3278 403 3302 ABIO:
423 3277 575 3302 ordinando
594 3277 847 3302 demonstrationem
868 3278 893 3302 in
907 3278 1018 3310 figura,·
1042 3278 1117 3302 codd.
1137 3277 1378 3308 CDEGHKLMNQ

310 3313 376 3337 RST
395 3318 420 3337 et
439 3313 496 3337 edd.
511 3313 573 3338 abc:
592 3313 755 3337 ostendendo
773 3313 1026 3338 demonstrationem
1046 3312 1071 3337 in
1085 3313 1376 3346 figura.—-Lectionem

311 3348 415 3372 Pianam
434 3347 511 3373 habet
524 3348 564 3373 ed.
579 3347 644 3382 Ven.
664 3346 738 3372 1526.
748 3361 766 3367 —-
776 3348 876 3372 Revera
891 3349 948 3372 lect.
963 3356 1028 3380 xxvr,
1043 3347 1068 3372 in
1083 3356 1134 3381 qua
1153 3356 1175 3373 s.
1185 3348 1302 3373 Thomas
1316 3356 1375 3374 cum

310 3383 448 3408 Aristotele
467 3383 518 3416 agit
537 3384 568 3408 de
583 3383 632 3408 hoc
646 3384 720 3408 tertio
735 3383 854 3408 membro
868 3383 1007 3413 divisionis,
1023 3383 1114 3408 dicitur
1126 3384 1197 3416 quod
1211 3383 1244 3408 ibi
1258 3383 1375 3408 Philoso-

311 3418 378 3450 phus
398 3419 550 3442 determinat
569 3419 600 3443 de
620 3417 702 3443 forma
721 3418 866 3452 syllogismi
893 3419 1099 3449 demonstrativi,
1118 3419 1259 3444 ostendens
1279 3419 1305 3444 in
1324 3427 1377 3452 qua

312 3451 392 3485 figura
406 3453 541 3486 praecipue
551 3452 593 3478 fiat
608 3454 778 3486 syllogismus
792 3454 1019 3479 demonstrativus.
1031 3454 1117 3485 Quam
1131 3454 1164 3478 ob
1180 3462 1293 3485 causam,
1305 3455 1377 3479 salvo

314 3488 456 3512 doctiorum
471 3489 571 3519 iudicio,
582 3489 681 3513 retineo
696 3489 832 3514 lectionem
843 3489 957 3520 Pianam,
969 3498 1046 3522 quam
1057 3489 1082 3514 in
1093 3489 1229 3522 praecitata
1243 3491 1301 3515 lect.
1311 3497 1377 3520 xxvt,

314 3530 339 3546 n.
359 3531 378 3552 1,
394 3523 441 3555 ipsi
457 3524 557 3548 codices
571 3523 672 3548 habent.
690 3525 764 3549 Addo
779 3525 849 3556 quod
864 3525 992 3549 ordinare
1004 3526 1045 3549 vel
1061 3525 1199 3550 ostendere
1210 3525 1376 3551 demonstra-

314 3558 410 3582 tionem
431 3558 456 3582 in
470 3558 572 3591 figura,
593 3559 709 3583 nonnihil
728 3559 891 3584 obscuritatis
910 3559 1004 3585 habere
1023 3560 1131 3586 videtur.

887 207 1273 246 POSTERIORUM
1300 206 1730 244 ANALYTICORUM
1758 209 1853 245 LlB.
1884 209 1898 245 1

1422 290 1564 320 quantum
1575 285 1612 312 ad
1625 285 1822 321 cognitionem
1833 286 1902 323 quid
1912 292 1963 320 est,
1975 293 2002 315 et
2018 294 2159 324 quantum
2169 288 2207 316 ad
2217 288 2413 325 cognitionem
2429 289 2496 326 quia

1423 329 1482 357 est;
1496 324 1612 352 notiora
1626 324 1745 360 insuper
1758 327 1917 354 secundum
1933 332 2078 361 naturam,
2094 334 2122 355 et
2136 337 2197 355 non
2213 328 2308 356 solum
2323 329 2419 366 quoad
2435 338 2495 357 nos.

1423 362 1541 407 Dictum
1563 370 1606 393 est
1621 364 1699 392 enlm
1715 364 1745 392 in
1760 365 1904 401 praesenti
1919 366 2032 394 definiri
2048 367 2327 395 demonstrationem
2343 377 2376 396 ex
2390 368 2496 405 princi-

1422 412 1477 438 pns
1499 412 1574 439 quae
1588 410 1656 432 sunt
1670 413 1758 432 causa
1771 405 1812 433 rei
1828 405 1924 441 scitae,
1939 415 2000 434 non
2015 413 2112 435 autem
2127 407 2406 436 demonstrationem
2421 417 2496 444 quae

1422 442 1528 478 petitur
1539 452 1572 471 ex
1583 443 1740 479 effectibus,
1753 451 1780 472 et
1790 444 1857 473 ideo
1874 454 1907 473 ex
1922 446 2067 482 prioribus
2082 453 2110 474 et
2124 447 2286 475 notioribus
2301 449 2400 484 quoad
2410 457 2496 475 nos.-

1428 483 1472 510 16.
1488 482 1709 512 Obiectionibus
1721 484 1832 519 satisfit,
1844 491 1871 513 et
1886 485 1977 522 magis
1992 486 2153 514 declaratur
2164 487 2235 515 haec
2250 487 2412 515 doctrina.-
2421 487 2497 522 Quia

1423 530 1492 549 vero
1507 523 1724 566 ⁴demonstratio
1746 531 1789 552 est
1803 533 1837 552 ex
1851 524 1960 561 primis,
1977 526 2158 554 concluditur
2173 527 2253 563 quod
2268 526 2303 554 sit
2318 535 2351 554 ex
2363 527 2497 564 propriis

1423 561 1570 598 principiis
1592 564 1632 599 (n.
1652 573 1661 591 1
1673 565 1714 599 1):
1737 573 1806 592 nam
1827 564 1906 592 idem
1923 565 2035 594 videtur
2050 575 2113 594 esse
2123 566 2256 604 primum
2271 573 2299 594 et
2313 566 2496 603 principium.

1417 652 1648 701 principium
1668 653 1993 691 demonstrationis
2022 655 2043 676 ²⁸³
2070 663 2157 702 etc.;
2191 655 2312 703 tertio,
2334 656 2498 693 excludit

1425 706 1614 754 quosdam
1634 718 1794 753 errores,
1815 707 1880 755 qui
1895 719 1941 743 ex
1955 708 2202 756 *praemissis
2219 709 2317 746 circa
2337 709 2496 746 demon-

1424 758 1645 796 strationem
1665 759 1754 796 oriri
1772 767 1934 808 possunt
1949 761 1991 806 *ς
2007 760 2076 797 ibi:
2102 762 2332 803 Quibusdam
2347 763 2496 811 quidem

1425 812 1542 861 igitur
1557 812 1577 833 ’¹‘
1591 819 1661 850 etc.

1480 877 1515 902 2.
1546 865 1656 903 Circa
1670 865 1839 915 primum
1855 865 2055 903 sciendum
2071 874 2126 903 est
2140 867 2246 915 quod
2259 867 2298 904 in
2317 868 2497 905 omnibus

1425 930 1524 966 quae
1553 926 1640 956 sunt
1666 925 1823 968 propter
1850 919 1984 966 finem,
2015 919 2198 967 definitio,
2219 932 2319 969 quae
2339 928 2396 958 est
2427 933 2499 970 per

1427 984 1582 1008 causam
1593 973 1749 1010 finalem
1763 973 1794 1019 ²¹²,
1807 979 1863 1009 est
1873 972 1967 1009 ratio
1984 972 2226 1021 definitionis,
2243 986 2342 1023 quae
2359 981 2416 1011 est
2429 987 2499 1024 per

1426 1037 1581 1062 causam
1611 1026 1859 1073 materialem,
1890 1026 1955 1062 et*
1964 1026 2136 1063 medium
2164 1028 2333 1076 probans
2356 1027 2496 1076 ipsam:

1424 1086 1581 1127 propter
1609 1079 1684 1116 hoc
1713 1079 1815 1116 enim
1844 1086 1996 1128 oportet
2012 1087 2055 1116 ut
2074 1079 2214 1117 domus
2233 1081 2388 1118 fiat*ex
2406 1081 2498 1130 lapi-

1426 1131 1536 1169 dibus
1557 1140 1593 1169 et
1612 1132 1735 1180 lignis,
1757 1132 1845 1181 quia
1871 1140 1927 1169 est
1946 1132 2229 1181 operimentum
2257 1141 2460 1183 protegens
2488 1139 2499 1155 ⁸

1425 1197 1496 1222 nos
1526 1198 1548 1222 a
1576 1186 1713 1233 frigore
1743 1193 1779 1222 et
1807 1193 1925 1223 aestu.
1962 1186 2025 1223 Sic
2052 1186 2162 1234 igitur
2195 1186 2415 1224 Aristoteles
2450 1187 2499 1225 de

1425 1238 1748 1276 demonstratione
1777 1239 1841 1276 dat
1867 1239 1929 1276 hic
1948 1239 2043 1276 duas
2059 1239 2315 1277 definitiones:
2335 1253 2500 1290 quarum

1424 1304 1503 1329 una
1531 1292 1693 1331 sumitur
1711 1305 1734 1329 a
1753 1292 1831 1329 fine
1852 1292 2198 1341 demonstrationis,
2220 1293 2285 1342 qui
2309 1301 2365 1330 est
2381 1294 2500 1338 scire;

1427 1353 1463 1382 et
1483 1358 1526 1382 ex
1546 1346 1619 1382 hac
1639 1345 1876 1382 concluditur
1894 1347 2010 1383 altera
2021 1347 2054 1394 ²⁸,
2076 1359 2174 1396 quae
2188 1347 2358 1388 ,sumitur
2376 1360 2399 1384 a
2418 1359 2498 1384 ma-

1425 1398 1518 1435 teria
1547 1399 1894 1436 demonstrationis.

1482 1452 1516 1488 3.
1550 1451 1662 1489 Unde
1701 1451 1800 1489 circa
1832 1453 1908 1489 hoc
1943 1452 2014 1489 tria
2048 1453 2150 1490 facit:
2189 1452 2328 1502 prim0,
2367 1453 2500 1491 definit

1426 1504 1553 1553 ipsum
1588 1503 1704 1550 scire;
1740 1505 1927 1553 secundo,
1964 1505 2096 1543 definit
2133 1506 2498 1544 demonstrationem

1426 1569 1495 1607 per
1522 1558 1642 1595 finem
1659 1557 1752 1605 eius,
1772 1558 1837 1607 qui
1857 1566 1913 1595 est
1931 1558 2057 1607 ipsum
2069 1559 2212 1605 *scire;
2232 1559 2302 1596 ibi:
2326 1560 2499 1597 Dicimus

1426 1617 1551 1648 autem
1565 1611 1692 1648 scire*
1706 1618 1788 1658 etc.;
1801 1611 1922 1658 tertio,
1934 1624 1980 1648 ex
1994 1619 2155 1661 utraque
2171 1612 2392 1650 definitione
2408 1625 2498 1650 con-

1427 1665 1569 1702 cludit*
1581 1664 1845 1704 definitionem
1863 1665 2208 1712 demonstrationis,
2221 1677 2319 1714 quae
2338 1666 2500 1703 sumitur

1425 1730 1495 1767 per
1527 1718 1855 1767 comparationem
1889 1718 2070 1756 materiae
2104 1718 2438 1756 demonstrationis
2466 1719 2496 1766 ἢ

1425 1771 1492 1808 ibi:
1523 1773 1565 1808 Si
1582 1772 1699 1822 igitur
1717 1778 1772 1808 est
1786 1771 1883 1809 scire
1902 1777 1943 1808 ut
1964 1772 2192 1820 posuimus*
2202 1779 2271 1809 etc.
2293 1771 2405 1810 Circa
2422 1772 2498 1822 pri-

1425 1837 1534 1862 mum
1563 1825 1730 1874 quinque
1759 1825 1857 1862 facit.
1887 1825 2018 1862 Primo
2048 1825 2163 1872 enirn,
2185 1825 2411 1863 determinat
2435 1838 2498 1863 cu-

1425 1879 1592 1917 iusmodi
1619 1879 1716 1915 scire
1743 1878 1841 1926 sit*,
1871 1878 1976 1927 quod
2005 1878 2164 1915 definire
2192 1878 2362 1916 intendit.

1478 1944 1516 1979 4.
1547 1931 1659 1968 Circa
1685 1931 1791 1980 quod
1819 1931 2018 1969 sciendum
2048 1938 2103 1968 est
2135 1931 2240 1981 quod
2268 1931 2410 1981 aliquid
2443 1932 2498 1970 di-

1427 1985 1549 2022 cimur
1563 1985 1657 2022 scire
1671 1985 1887 2033 simpliciter
1895 1990 1921 2032 ²¹,
1934 1984 2089 2034 quando
2107 1985 2249 2022 scimus
2259 1984 2350 2022 illud
2359 1986 2380 2006 *³
2388 1984 2428 2023 in
2438 1990 2496 2022 se*-

1425 2038 1522 2087 ipso.
1539 2038 1714 2076 Dicimur
1724 2039 1744 2060 ²⁸
1755 2038 1850 2075 scire
1862 2038 2004 2087 aliquid
2012 2038 2217 2075 secundum
2228 2038 2327 2087 quid,
2340 2039 2496 2087 quando

1426 2091 1567 2128 scimus
1595 2091 1686 2129 illud
1714 2091 1752 2128 in
1781 2091 1866 2138 ali0‚
1896 2091 1935 2128 in
1963 2103 2040 2140 quo
2070 2098 2126 2128 est
2153 2091 2215 2128 vel
2234 2091 2330 2128 sicut
2346 2104 2435 2141 pars
2458 2085 2504 2130 itt

1425 2153 1523 2192 toto,
1554 2145 1650 2182 sicut
1677 2144 1918 2182 si*scientes
1946 2144 2126 2192 domum,
2162 2144 2378 2182 diceremur
2402 2145 2475 2182 scir

1423 2196 1627 2248 parietem;
1656 2199 1719 2235 vel
1748 2198 1843 2235 sicut
1871 2197 2047 2235 accidens
2075 2197 2114 2234 in
2142 2197 2330 2246 subiecto,
2352 2198 2448 2236 sicut
2466 2211 2497 2236 st

1424 2252 1585 2290 scientes
1605 2251 1823 2299 Coriscum,
1845 2251 2060 2289 diceremur
2074 2251 2168 2288 scire
2182 2250 2418 2299 venientem
2434 2253 2497 2289 vel

1423 2306 1519 2343 sicut
1539 2305 1696 2343 effectus
1715 2305 1755 2342 in
1775 2317 1890 2342 causa
1903 2306 1938 2352 *,
1960 2304 2055 2342 sicut
2075 2305 2218 2343 dictum
2243 2311 2298 2342 est
2327 2317 2442 2355 supra
2453 2288 2563 2338 ”aa

1424 2359 1530 2409 quod
1559 2358 1845 2396 conclusionem
1864 2358 2100 2407 praescimus
2119 2358 2158 2396 in
2176 2357 2368 2408 principiis
2381 2356 2411 2396 ⁰:
2434 2359 2497 2397 vel

1478 2499 1500 2532 ε)
1522 2500 1572 2525 Est
1589 2499 1783 2532 operimentum
1798 2502 1944 2532 protegens
1959 2506 2007 2524 nos
2021 2503 2069 2524 etc.
2088 2498 2136 2524 Est
2148 2499 2225 2524 lectio
2239 2499 2318 2524 Pinna
2330 2503 2356 2524 et
2369 2499 2427 2524 eod.
2441 2498 2499 2526 0.-

1426 2535 1475 2560 Alii
1495 2535 1569 2560 codd.
1587 2534 1684 2559 habent
1703 2534 1849 2567 prohibens
1873 2542 1921 2560 nos
1940 2539 1988 2559 etc.
2002 2534 2051 2566 (ef.
2069 2535 2127 2559 lect.
2147 2542 2202 2566 xvi,
2221 2542 2246 2560 n.
2264 2534 2299 2567 5).
2316 2549 2337 2554 ·—
2350 2534 2434 2559 CHR:
2459 2537 2499 2560 est

1426 2570 1650 2602 cooperimentum
1670 2575 1718 2595 etc.
1728 2585 1748 2589 -
1762 2569 1862 2594 Deinde
1881 2570 1917 2594 K:
1936 2569 2060 2595 similiter
2074 2569 2159 2603 igitur
2171 2573 2198 2595 et
2210 2570 2367 2595 Aristoteles
2381 2574 2438 2600 etc.;
2453 2570 2498 2594 CD

1426 2605 1678 2635 EGHLNOQRST:
1694 2605 1735 2630 sic
1753 2605 1839 2638 igitur
1856 2609 1883 2630 et
1900 2605 2056 2630 Aristoteles
2074 2605 2244 2630 ete-Codd.
2259 2605 2324 2638 (exc.
2339 2605 2410 2638 BN):
2429 2604 2496 2630 Ari—

1426 2641 1532 2666 stoteles
1550 2640 1593 2666 hic
1612 2641 1645 2665 de
1664 2640 1891 2666 demonstratione
1909 2641 1977 2665 duas
1996 2640 2162 2673 definitiones
2181 2640 2238 2666 dat.

1481 2675 1506 2708 ζ)
1532 2675 1607 2706 Quae
1630 2675 1746 2700 sumitur
1768 2682 1822 2708 per
1845 2675 2072 2708 comparationem
2096 2676 2226 2700 materiae
2251 2675 2495 2701 demonstrationis.

1427 2711 1498 2735 Haec
1516 2711 1595 2736 verba
1619 2718 1686 2743 quae
1705 2711 1784 2736 Piana
1807 2710 1885 2735 habet
1903 2718 1963 2735 cum
1982 2711 2072 2741 codd.,
2092 2711 2187 2735 desunt
2205 2710 2231 2735 in
2249 2718 2302 2735 uno
2321 2711 2378 2736 cod.
2393 2711 2428 2742 L,
2448 2711 2496 2735 sed

1428 2751 1468 2771 est
1487 2746 1611 2770 mendum
1630 2746 1805 2775 amanuensis,
1819 2750 1849 2770 ut
1862 2750 1933 2778 patet
1951 2753 1982 2770 ex
1999 2750 2069 2770 textu
2089 2746 2281 2771 adduam-R:
2301 2753 2369 2779 quae
2382 2746 2499 2771 sumitur

1423 2789 1476 2814 per
1498 2781 1725 2814 comparationem
1750 2781 1987 2806 demonstrationis
2011 2781 2049 2806 ad
2074 2782 2223 2807 materiam.
2235 2796 2254 2800 —
2266 2782 2334 2807 Infra
2352 2790 2377 2806 n.
2391 2789 2410 2813 4
2428 2781 2498 2806 idem

1428 2817 1594 2841 amanuensis
1618 2817 1675 2841 cod.
1694 2817 1715 2841 L
1735 2824 1766 2841 ex
1784 2817 1917 2841 oscitantia
1940 2816 2035 2841 omittit
2058 2817 2152 2848 verba,
2177 2817 2218 2842 vel
2235 2817 2305 2843 sicut
2328 2817 2451 2843 accidens
2471 2816 2497 2842 in

1428 2852 1551 2882 subiecto,
1566 2859 1651 2885 usque
1669 2852 1702 2876 ad
1719 2852 1788 2877 scire
1807 2852 1952 2877 venientem
1972 2851 2106 2877 inclusive.

1482 2886 1509 2921 η)
1528 2887 1638 2920 Aliquid
1656 2887 1772 2912 dicimur
1789 2887 1857 2912 scire
1874 2887 2039 2919 simpliciter.
2058 2887 2107 2912 Hic
2121 2892 2148 2913 et
2162 2888 2188 2912 in
2202 2887 2372 2921 sequentibus
2387 2887 2500 2913 sumitur

1428 2923 1498 2949 scire
1515 2923 1541 2948 in
1560 2923 1647 2948 stricta
1666 2927 1692 2948 et
1709 2923 1827 2955 rigor-osa
1846 2921 2046 2956 significatione,
2065 2927 2095 2947 ut
2112 2930 2143 2948 ex
2162 2923 2390 2956 argumentationis
2407 2927 2499 2948 natura

1429 2963 1516 2991 aperte
1533 2963 1573 2983 est
1586 2958 1761 2983 manifestum.
1779 2958 1875 2983 Latiori
1890 2964 1976 2983 autem
1990 2965 2070 2983 sensu
2083 2958 2152 2984 scire
2165 2966 2212 2991 pro
2230 2966 2385 2992 quacunque
2407 2958 2499 2992 cogni-

1429 2994 1500 3020 tione
1518 2999 1667 3027 usurpatur.
1692 2994 1743 3018 Sed
1762 2994 1867 3026 insuper
1886 2994 1946 3027 quia
1963 2994 2032 3019 scire
2049 3001 2109 3021 cum
2128 2994 2280 3020 certitudine
2303 2995 2448 3020 extenditur
2465 2994 2499 3020 ad

1430 3029 1603 3062 cognitionem
1626 3030 1801 3054 immediatam
1829 3037 1897 3062 quae
1921 3029 2030 3054 habetur
2048 3030 2105 3054 sine
2123 3029 2277 3062 syllogismo
2297 3030 2498 3056 demonstrativo

1430 3065 1585 3098 (cuiusmodi
1601 3069 1640 3089 est
1659 3064 1770 3096 cognitio
1784 3064 1990 3098 principiorum),
2005 3069 2030 3089 et
2044 3065 2076 3090 ad
2089 3065 2263 3098 cognitionem
2278 3065 2417 3091 mediatam
2430 3071 2499 3098 quae

1429 3105 1470 3126 est
1488 3101 1520 3125 de
1545 3100 1754 3125 conclusionibus
1774 3108 1805 3125 ex
1823 3099 1968 3133 principiis,
1992 3100 2067 3133 quasi
2086 3108 2117 3125 ex
2134 3101 2244 3134 propriis
2263 3101 2363 3132 causis,
2382 3100 2499 3127 deductu

1429 3143 1480 3169 ope
1498 3135 1738 3166 demonstrationis3
1758 3135 1783 3160 in
1802 3134 1852 3160 hoc
1871 3136 1986 3160 secundo
2005 3143 2085 3161 sensu
2100 3141 2140 3161 est
2153 3143 2240 3161 sermo
2255 3135 2498 3170 impraesentiarum

1430 3171 1462 3197 de
1480 3171 1561 3199 scire,
1582 3171 1666 3204 prouti
1686 3176 1772 3204 aperte
1796 3171 1940 3196 declaratur
1958 3170 2022 3196 inira
2041 3179 2085 3196 nn.
2099 3170 2124 3202 8,
2139 3179 2165 3205 9.
2176 3184 2196 3191 —-
2210 3171 2287 3197 Notat
2306 3176 2393 3196 autem
2411 3170 2438 3196 b.
2452 3170 2497 3196 Al-

1429 3207 1519 3232 bertus
1538 3206 1647 3239 Magnus
1666 3206 1692 3231 in
1710 3206 1720 3231 1
1739 3206 1893 3237 Posterior„
1913 3211 1985 3232 tract.
1999 3206 2028 3237 11,
2044 3214 2100 3240 cap.
2114 3214 2132 3238 1,
2147 3207 2219 3240 quod
2236 3206 2279 3232 hic
2297 3205 2418 3232 definitur
2429 3205 2499 3232 scire

1430 3247 1456 3267 et
1474 3250 1526 3267 non
1546 3242 1666 3267 scientia:
1686 3242 1747 3275 quia
1765 3242 1886 3274 accipitur
1904 3242 1972 3268 scire
1991 3246 2068 3275 prout
2087 3247 2128 3267 est
2146 3242 2171 3268 in
2184 3242 2359 3273 conclusione,
2373 3241 2444 3275 quod
2458 3244 2499 3266 est

1429 3278 1498 3303 scire
1511 3278 1537 3302 in
1551 3285 1640 3309 agere,
1659 3282 1685 3302 et
1698 3277 1757 3302 ideo
1771 3285 1817 3310 per
1832 3278 1940 3302 modum
1954 3281 2030 3303 actus
2043 3276 2171 3303 definitur.
2190 3278 2300 3303 Scientia
2313 3282 2400 3303 autem
2415 3276 2499 3301 differt

1430 3321 1445 3338 a
1463 3313 1537 3344 scire,
1556 3313 1622 3338 sicut
1641 3313 1743 3338 habitus
1762 3312 1794 3338 ab
1813 3317 1886 3338 actu:
1911 3314 1961 3338 seit
1980 3313 2060 3338 homo
2079 3318 2137 3338 actu
2156 3320 2216 3338 cum
2233 3321 2280 3346 per
2299 3311 2498 3338 demonstratio-

1431 3356 1490 3374 nem
1510 3348 1585 3374 infert
1603 3354 1700 3374 certam
1718 3348 1852 3373 veritatem
1875 3349 1901 3373 in
1925 3348 2107 3379 conclusione;
2130 3349 2179 3374 sed
2201 3356 2262 3374 cum
2286 3347 2400 3373 intulerit
2423 3353 2497 3377 eam,

1429 3383 1507 3409 habet
1524 3384 1621 3415 habitu,
1641 3389 1768 3417 quatenus
1788 3383 1847 3409 licet
1865 3384 1897 3409 de
1916 3391 1946 3408 ea
1965 3392 2018 3409 non
2036 3391 2141 3417 semper
2159 3384 2260 3417 cogitet,
2272 3387 2358 3416 potest
2371 3387 2458 3408 nmen
2470 3381 2498 3406 in

1430 3424 1545 3444 mentem
1564 3427 1686 3444 revocare
1705 3419 1807 3452 quoties
1825 3419 1946 3444 voluerit.
1964 3419 1997 3444 Et
2014 3418 2065 3444 hoc
2083 3418 2235 3452 esthabere
2250 3417 2383 3444 scientiam
2396 3416 2496 3443 habitu.

1470 3452 1508 3487 ·0)
1527 3455 1695 3480 Praescimus
1715 3454 1741 3480 in
1756 3454 1982 3487 principiis-lta
2001 3454 2077 3480 codd.
2091 3468 2111 3473 -
2127 3454 2219 3479 Pinna:
2232 3453 2404 3487 percipimus.
2423 3451 2498 3482 Quae

1430 3490 1518 3519 lectio,
1544 3490 1662 3523 quamvis
1687 3489 1752 3515 falsa
1777 3497 1830 3515 non
1855 3490 1901 3521 sit,
1926 3490 2012 3515 minus
2037 3495 2124 3515 tamen
2143 3489 2245 3523 propria
2262 3489 2370 3514 videtur.
2393 3486 2496 3512 Etenim

1430 3533 1452 3550 s.
1466 3525 1583 3550 Thomas
1608 3533 1667 3550 sese
1695 3525 1801 3550 remittit
1823 3525 1855 3550 ad
1880 3533 1911 3550 ea
1935 3532 2002 3558 quae
2027 3523 2105 3558 ἔαρι-α
2129 3524 2283 3550 declaravit:
2307 3530 2386 3556 supra
2410 3527 2496 3547 autem

1431 3560 1506 3593 (lect.
1520 3561 1639 3593 praeced.
1654 3569 1679 3585 n.
1697 3561 1725 3594 ι)
1745 3560 1864 3593 probavit
1882 3561 1954 3593 quod
1968 3561 1993 3585 in
2006 3559 2137 3593 principii·
2152 3558 2323 3593 praecognitis
2338 3565 2496 3591 praecogno-

2525 667 2533 675 ‘
2541 666 2607 688 Lect.
2621 673 2645 689 v.

2525 720 2532 728 ·
2551 725 2567 740 u
2594 719 2681 741 omittit
2709 725 2741 742 ex

2521 746 2674 783 promissis.

2550 778 2654 794 nocuo:
2669 774 2738 800 pote-

2525 800 2590 823 rant,-
2598 805 2622 820 x:
2629 801 2740 826 possent.

2524 825 2532 836 “
2542 825 2606 847 Lect.
2620 831 2658 847 vn.

2525 983 2534 991 ·
2552 981 2588 1004 Cf.
2605 982 2624 1004 1.
2642 982 2739 1011 Periit„

2525 1012 2578 1034 lect.
2589 1020 2627 1041 vn,
2641 1017 2691 1036 not.
2707 1021 2734 1038 α.

2524 1045 2535 1056 “
2550 1051 2577 1067 o:
2592 1047 2616 1067 et
2629 1047 2673 1067 est.

2527 1091 2535 1099 ·
2543 1095 2611 1111 mro
2621 1096 2626 1111 :
2641 1090 2681 1111 sit.

2528 1357 2537 1365 “
2544 1361 2568 1377 a:
2577 1355 2696 1378 concludit
2702 1356 2741 1379 al-

2527 1384 2612 1404 teram.

2525 1567 2536 1578 '⁴
2544 1567 2741 1596 momiudpem.

2526 1626 2536 1634 '
2543 1624 2615 1647 Num.
2630 1631 2654 1654 ⁹-

2525 1673 2537 1684 ·
2550 1678 2570 1694 ιε
2595 1673 2678 1701 ponitf
2698 1673 2740 1696 ned

2525 1705 2573 1721 non
2587 1703 2657 1722 recte.
2668 1699 2705 1722 Cf.
2715 1706 2742 1722 n.

2526 1731 2602 1753 praec.
2617 1729 2640 1748 et
2654 1732 2678 1748 n.
2692 1732 2726 1748 ιο.

2624 1753 2640 1784 t

2524 1787 2615 1810 ⁸Num.
2630 1793 2665 1810 ιο.

2521 1898 2742 1946 :paup-tumaci-

2524 2025 2535 2037 ·
2549 2000 2692 2047 Codd.⁷'-n=
2702 2025 2741 2048 td.

2522 2056 2534 2067 ³
2545 2062 2608 2078 nun:
2628 2055 2674 2078 dte.
2694 2062 2740 2078 au-

2524 2084 2568 2104 tem
2573 2090 2584 2110 ,-
2592 2088 2737 2114 neptunu-r:

2524 2108 2571 2158 35:
2585 2110 2682 2163 25‘5‘3'0'2‘5'
2692 2115 2738 2158 aiei

2524 2161 2598 2210 'egita
2606 2188 2674 2210 codd.
2681 2189 2739 2214 (exc.

2523 2214 2629 2264 pnlmetulta
2636 2214 2696 2237 inira
2705 2219 2739 2237 et-

2542 2289 2740 2312 uzi-meau-

2523 2342 2547 2354 ”
2557 2341 2712 2396 Lectopraec.
