2788 4204
79 887 90 895 ⁴
103 885 138 906 ef.
150 891 226 911 supra,
239 890 293 910 11.,1.

81 2637 198 2658 Boethius.

82 2665 204 2685 Averroes.

324 239 395 264 112

388 304 478 344 Quia
509 315 588 347 ergo
612 304 736 347 antiqui
760 303 959 336 universales
991 302 1166 335 contrarias
1190 300 1272 333 bene
1300 300 1384 332 intu-

319 353 427 386 lerunt
450 364 489 385 ex
512 352 594 392 aliis,
612 351 876 385 contradictorias
898 360 1006 384 autem
1030 361 1153 389 earum,
1177 348 1299 381 scilicet
1315 360 1385 392 par—

319 401 481 441 ticulares,
499 400 582 433 male
603 400 802 439 intulerunt;
819 399 893 432 ideo
910 399 987 431 dicit
1004 397 1093 442 quod
1111 397 1384 430 considerandum

320 458 418 482 restat
434 449 474 482 de
493 449 554 488 his,
573 461 655 493 quae
680 457 755 481 sunt
771 448 811 480 de
827 448 1020 486 necessario,
1037 446 1174 490 qualiter
1195 457 1229 478 se
1246 445 1385 479 habeant

321 499 354 530 in
379 497 612 541 consequendo
637 497 705 529 illas
730 496 769 529 de
794 495 940 539 possibili
958 504 989 527 et
1005 506 1072 527 non
1097 494 1254 538 possibili.
1280 495 1384 527 Mani-

321 546 440 579 festum
458 555 506 578 est
523 554 631 578 autem
648 556 687 577 ex
703 544 848 577 dicendis
865 543 954 588 quod
971 555 1039 576 non
1056 542 1174 576 eodem
1187 542 1289 576 modo
1306 544 1384 576 istae

322 594 362 628 de
386 595 568 626 necessario
587 593 655 625 illas
673 592 711 625 de
729 592 876 636 possibili
895 601 1152 635 consequuntur,
1170 603 1237 635 quo
1254 591 1385 625 easdem

322 651 504 686 sequuntur
527 640 599 673 illae
617 640 655 673 de
674 639 878 684 impossibili.
903 641 991 673 Nam
1007 651 1122 673 omnes
1139 640 1385 672 enunciationes

322 690 361 723 de
379 689 571 733 impossibili
585 698 670 721 recte
688 688 793 721 illatae
811 698 887 721 sunt
903 688 941 721 ab
959 689 1111 732 antiquiS.
1129 689 1385 721 Enunciationes

321 747 430 771 autem
448 738 487 770 de
504 738 686 769 necessario
700 749 768 770 non
785 749 900 770 omnes
920 746 1006 770 recte
1019 736 1212 769 inferuntur:
1229 737 1286 770 sed
1303 737 1385 770 duae

321 797 444 824 earum,
466 797 548 829 quae
568 793 644 817 sunt
668 786 856 825 contrariae,
875 785 1007 825 scilicet,
1025 796 1158 818 necesse
1177 794 1226 818 est
1245 797 1326 825 esse,
1344 794 1385 825 et,

320 844 453 866 necesse
476 841 524 865 est
548 844 616 865 non
633 844 714 872 esse,
732 842 924 877 sequuntur,
945 832 1028 866 idest
1044 842 1129 866 recta
1152 834 1387 877 consequentia

321 881 526 914 deducuntur
542 881 580 914 ab
597 882 750 925 antiquis,
766 882 800 914 in
816 882 911 914 tertio
925 881 1047 914 scilicet
1059 891 1091 914 et
1107 890 1223 926 quarto
1237 882 1351 915 ordine
1359 882 1386 921 *3

320 930 462 973 reliquae
486 938 596 962 autem
620 929 703 963 duae
728 929 767 962 de
791 931 987 970 necessario,
1011 929 1143 971 scilicet,
1163 942 1230 963 non
1254 941 1386 963 necesse

320 989 387 1010 non
407 989 488 1017 esse,
509 987 550 1017 et,
567 989 636 1010 non
660 989 792 1011 necesse
812 990 894 1018 esse,
919 990 1001 1022 quae
1026 987 1102 1011 sunt
1118 979 1386 1012 contradictoriae

320 1025 523 1069 supradictis,
543 1034 620 1058 sunt
643 1034 731 1058 extra
751 1027 1001 1070 consequentias
1026 1027 1165 1067 illarum,
1184 1028 1218 1060 in
1242 1027 1387 1061 secundo

320 1073 442 1107 scilicet
466 1083 497 1107 et
520 1075 628 1118 prImo
647 1074 770 1107 ordine.
797 1074 894 1108 Unde
914 1076 1038 1120 antiqui
1056 1077 1089 1108 in
1106 1077 1201 1109 tertio
1222 1085 1253 1109 et
1273 1085 1388 1120 quarto

320 1122 433 1155 ordine
458 1123 569 1155 omnia
592 1132 678 1156 recte
702 1122 864 1163 fecerunt;
896 1124 929 1156 in
953 1125 1061 1167 primo
1086 1134 1195 1158 autem
1225 1134 1256 1158 et
1279 1127 1311 1158 in
1336 1137 1386 1158 se-

320 1170 428 1204 cundo
452 1179 680 1214 peccaverunt,
704 1183 772 1204 non
797 1171 907 1215 quoad
930 1173 1052 1213 omnia,
1069 1172 1126 1206 sed
1153 1173 1262 1217 quoad
1283 1185 1387 1206 enun-

320 1220 475 1252 ciationes
499 1224 538 1253 de
562 1221 745 1253 necessario
768 1229 906 1253 tanturn.

388 1279 418 1311 7.
444 1268 597 1302 Secundo
622 1281 698 1301 cum
722 1269 814 1302 dicit:
839 1269 911 1302 Non
935 1270 1012 1302 enim
1036 1277 1077 1303 est
1099 1271 1215 1313 negatio
1235 1271 1296 1303 eius
1314 1279 1387 1310 etc.‚

320 1316 496 1360 respondet
521 1317 650 1350 cuidam
674 1318 789 1350 tacitae
813 1317 1004 1357 obiectioni‚
1036 1329 1100 1361 qua
1124 1317 1252 1351 defendi
1276 1328 1388 1362 posset

321 1366 556 1409 consequentia
580 1366 817 1398 enunciationis
836 1365 875 1398 de
895 1366 1078 1398 necessario
1096 1366 1128 1398 in
1145 1366 1387 1409 primo'ordine

321 1412 360 1446 ab
384 1414 526 1457 antiquis
555 1413 647 1446 facta.
680 1415 738 1447 Est
763 1423 871 1446 autem
901 1413 1043 1446 obiectio
1070 1415 1167 1447 tacita
1190 1414 1272 1447 talis.
1308 1415 1387 1448 Non

320 1461 475 1504 possibile
500 1473 585 1502 esse,
618 1471 664 1502 et,
692 1474 824 1494 necesse
855 1473 923 1494 non
954 1473 1039 1502 esse,
1071 1462 1325 1495 convertibiliter
1352 1474 1387 1496 se

320 1519 502 1554 sequuntur
518 1512 552 1542 in
570 1511 664 1543 tertio
689 1510 802 1543 ordine
826 1511 890 1543 iam
907 1510 1104 1554 approbato;
1125 1522 1215 1554 ergo,
1232 1511 1387 1555 possibile

320 1569 401 1598 esse,
418 1567 459 1598 et,
476 1569 543 1591 non
564 1570 695 1591 necesse
714 1570 794 1598 esse,
815 1559 954 1591 invicem
972 1570 1006 1591 se
1026 1559 1118 1603 sequi
1135 1559 1254 1592 debent
1273 1560 1306 1592 in
1324 1560 1387 1603 pri-

319 1618 376 1639 mo
396 1607 520 1640 ordine.
540 1607 648 1640 Tenet
668 1607 916 1651 consequentia:
933 1607 1010 1651 quia
1034 1606 1176 1640 duorum
1194 1608 1388 1641 convertibi-

319 1654 390 1688 liter
403 1667 437 1688 se
454 1656 661 1699 sequentium
675 1655 924 1689 contradictoria
940 1664 1058 1689 mutuo
1071 1667 1105 1689 se
1121 1665 1313 1700 sequuntur;
1331 1656 1388 1690 sed

319 1703 392 1737 illae
417 1703 499 1737 duae
528 1705 613 1737 tertii
642 1704 766 1737 ordinis
796 1704 1052 1738 convertibiliter
1075 1717 1109 1738 se
1134 1715 1331 1750 sequuntur,
1356 1714 1388 1739 et

319 1753 398 1786 istae
418 1753 501 1786 duae
525 1754 621 1797 primi
642 1753 765 1787 ordinis
782 1762 859 1786 sunt
873 1765 986 1786 earum
1004 1754 1288 1794 contradictoriae;
1308 1766 1387 1798 ergo

318 1802 397 1834 istae
414 1802 510 1845 primi
528 1802 663 1841 ordinis,
681 1801 814 1842 scilicet,
831 1801 986 1845 possibile
1003 1813 1084 1842 esse,
1105 1811 1147 1843 et,
1167 1815 1235 1836 non
1255 1815 1388 1837 necesse

318 1861 400 1890 esse,
423 1859 541 1883 mutuo
561 1862 596 1883 se
615 1859 807 1895 sequuntur.
823 1869 841 1875 -
854 1850 953 1890 Huic,
973 1850 1119 1895 inquam,
1140 1851 1316 1884 obiectioni
1340 1863 1389 1885 re-

319 1899 460 1942 spondet
487 1899 679 1932 Aristoteles
703 1899 756 1931 hic
772 1898 990 1932 interimendo
1007 1900 1171 1932 minorem
1191 1900 1300 1944 quoad
1324 1900 1388 1933 hoc

319 1947 410 1990 quod
433 1949 579 1987 assumit,
604 1947 694 1991 quod
718 1947 841 1980 scilicet
869 1949 1049 1981 necessaria
1076 1949 1172 1992 primi
1203 1948 1325 1982 ordinis
1357 1958 1389 1982 et

318 1997 499 2029 necessaria
522 1997 607 2029 tertii
632 1996 756 2029 ordinis
781 2005 858 2029 sunt
874 1996 1154 2030 contradictoriae.
1178 1997 1275 2031 Unde
1294 1997 1387 2031 dicit:

317 2045 391 2078 Non
415 2046 492 2078 enim
516 2051 556 2078 est
578 2046 695 2088 negatio
718 2046 780 2078 eius
802 2045 882 2089 quod
904 2051 963 2086 est,
992 2057 1101 2079 necesse
1123 2058 1184 2079 non
1207 2058 1264 2079 esse
1287 2046 1387 2091 (quae

318 2102 386 2127 erat
416 2094 449 2126 in
478 2094 573 2126 tertio
606 2093 754 2138 ordine),
787 2093 840 2126 illa
873 2106 955 2138 quae
988 2094 1082 2135 dicit,
1118 2106 1178 2128 non
1209 2106 1316 2129 necesse
1348 2101 1388 2128 est

318 2154 386 2183 esse,
412 2154 495 2187 quae
519 2143 580 2175 sita
608 2151 675 2175 erat
700 2143 732 2174 in
763 2143 872 2186 primo
896 2142 1021 2176 ordine.
1047 2144 1088 2176 Et
1112 2155 1243 2177 causam
1268 2144 1386 2184 subdit,

318 2192 394 2236 quia
415 2191 575 2234 contingit
598 2199 753 2235 utrasque
778 2190 877 2224 simul
897 2203 967 2224 esse
983 2203 1077 2225 veras
1094 2193 1127 2225 in
1145 2192 1278 2233 eodem;
1296 2193 1387 2237 quod

319 2239 578 2273 contradictoriis
594 2248 765 2284 repugnat.
783 2238 869 2273 Illud
883 2240 971 2272 enim
988 2239 1088 2281 idem,
1105 2241 1195 2285 quod
1211 2250 1260 2274 est
1276 2252 1386 2274 neces-

318 2290 440 2322 sarium
464 2299 533 2321 non
557 2300 639 2328 esse,
654 2299 722 2321 non
743 2297 791 2321 est
810 2290 1031 2322 necessarium
1049 2301 1130 2323 esse.
1154 2290 1386 2323 Necessarium

318 2337 480 2381 siquidem
505 2345 553 2370 est
577 2336 747 2369 hominem
772 2348 839 2370 non
864 2349 935 2370 esse
959 2337 1086 2382 lignum
1104 2347 1136 2371 et
1152 2348 1219 2371 non
1239 2350 1386 2372 necessa-

318 2387 404 2418 rium
428 2394 477 2418 est
501 2385 670 2418 hominem
695 2397 765 2418 esse
789 2385 926 2429 lignum.
952 2386 1095 2420 Adverte
1120 2386 1220 2431 quod,
1245 2396 1282 2420 ut
1305 2387 1386 2422 infra

319 2433 452 2478 patebit,
472 2435 551 2467 istae
568 2433 650 2466 duae
675 2434 714 2467 de
730 2435 925 2475 necessario,
950 2446 1031 2479 quas
1055 2444 1238 2479 posuerunt
1261 2437 1387 2481 antiqui

319 2484 353 2516 in
377 2484 485 2527 primo
509 2491 541 2515 et
560 2483 655 2515 tertio
672 2482 798 2522 ordine,
818 2491 895 2515 sunt
918 2483 1121 2517 subalternae
1145 2484 1194 2529 (et
1218 2485 1292 2519 ideo
1311 2495 1388 2519 sunt

320 2530 418 2564 simul
441 2530 569 2575 verae),
593 2539 625 2563 et
653 2530 806 2563 deberent
830 2542 900 2564 esse
929 2531 1213 2574 contradictoriae;
1246 2543 1278 2567 et
1311 2535 1386 2568 ideo

319 2587 508 2613 erraverunt
531 2579 666 2623 antiqui.

387 2628 417 2661 8.
442 2628 600 2662 Boethius
624 2636 734 2660 autem
759 2636 790 2660 et
809 2629 973 2661 Averroes
997 2639 1066 2661 non
1092 2629 1322 2673 reprehensive
1345 2631 1388 2664 le-

319 2686 403 2721 gunt
426 2685 492 2709 tam
523 2676 618 2717 hanc,
644 2687 743 2720 quam
767 2676 1016 2720 praecedentem
1048 2686 1154 2710 textus
1181 2679 1386 2723 particulam,

319 2725 376 2758 sed
405 2726 563 2758 narrative
591 2734 753 2769 utranqne
785 2725 883 2758 simul
908 2726 1091 2768 iungentes.
1127 2727 1267 2760 Narrare
1298 2728 1387 2760 enim

319 2774 412 2807 aiunt
434 2773 646 2806 Aristotelem
666 2772 856 2817 qualitatem
873 2775 1111 2818 suprascriptae
1135 2775 1257 2819 figurae
1277 2775 1387 2820 quoad

320 2823 587 2866 consequentiam
611 2821 740 2854 illarum
764 2821 804 2855 de
828 2823 1023 2862 necessario,
1047 2832 1223 2868 postquam
1246 2825 1387 2858 narravit

320 2882 387 2915 quo
416 2870 518 2904 modo
549 2882 583 2904 se
615 2870 787 2904 habuerint
814 2870 888 2904 illae
917 2870 956 2904 de
984 2871 1193 2916 impossibili,
1225 2881 1258 2905 et
1280 2872 1387 2906 dicere

320 2918 410 2964 quod
433 2918 615 2952 secundum
640 2919 870 2962 praescriptam
894 2918 1033 2962 figuram
1057 2930 1123 2952 non
1143 2920 1260 2954 eodem
1285 2920 1386 2954 modo

320 2976 502 3012 sequuntur
526 2966 596 3000 illas
619 2966 659 3000 de
683 2967 830 3011 possibili
860 2966 932 3000 illae
960 2967 999 3001 de
1023 2970 1218 3010 necessario,
1247 2980 1314 3013 quo
1338 2980 1386 3002 se-

320 3026 466 3061 quuntur
486 3016 558 3049 illae
579 3015 618 3048 de
638 3015 842 3059 impossibili.
862 3016 949 3050 Nam
967 3017 1232 3051 contradictorias
1252 3018 1291 3051 de
1311 3030 1387 3062 pos-

320 3065 404 3098 sibili
430 3064 697 3098 contradictoriae
722 3064 762 3097 de
787 3064 982 3108 impossibili
1002 3075 1194 3110 sequuntur,
1211 3066 1286 3100 licet
1310 3078 1386 3100 con-

320 3114 455 3153 versim;
475 3112 742 3146 contradictoriae
762 3121 870 3145 autem
891 3112 930 3146 de
947 3115 1130 3147 necessario
1146 3126 1214 3148 non
1234 3115 1387 3148 dicuntur

321 3163 412 3206 sequi
438 3161 507 3194 illas
538 3161 805 3195 contradictorias
837 3161 877 3195 de
905 3162 1072 3206 possibili,
1103 3163 1160 3197 sed
1192 3165 1301 3208 potius
1333 3175 1386 3198 eas

322 3211 413 3254 sequi
444 3210 596 3244 dicuntur
625 3210 803 3243 contrariae
836 3210 875 3244 de
908 3212 1108 3244 necessario:
1142 3222 1210 3245 non
1239 3213 1322 3246 inter
1352 3224 1387 3246 se

323 3260 511 3298 contrariae,
536 3258 593 3292 sed
617 3259 680 3292 hoc
697 3258 811 3299 modo,
836 3259 926 3304 quod
949 3259 1199 3294 affirmationem
1224 3261 1387 3305 possibilis

322 3308 453 3350 negatio
470 3307 509 3341 de
526 3308 709 3341 necessario
726 3309 818 3352 sequi
835 3308 962 3348 dicitur,
981 3311 1190 3352 negationem
1210 3322 1289 3343 vero
1313 3322 1388 3354 pos-

323 3355 421 3388 sibilis
435 3367 502 3388 non
515 3355 686 3389 affirmatio
706 3356 745 3389 de
762 3358 944 3390 necessario
964 3358 1056 3401 sequi
1080 3359 1225 3402 ponitur,
1245 3370 1328 3403 quae
1348 3359 1390 3391 sit

324 3404 573 3437 contradictoria
586 3403 815 3447 illinegativae
834 3417 917 3449 quae
942 3405 1125 3450 ponebatur
1148 3408 1240 3451 sequi
1257 3407 1296 3440 ad
1313 3418 1388 3450 pos-

325 3451 468 3490 sibilem,
497 3451 553 3485 sed
577 3452 647 3485 talis
664 3452 887 3486 affirmationis
914 3454 952 3487 de
974 3456 1158 3488 necessario
1183 3456 1355 3488 contrario.
1370 3475 1388 3480 -

326 3499 365 3532 Et
390 3499 478 3542 quod
502 3500 565 3532 hoc
589 3502 631 3534 ita
655 3501 710 3534 fiat
735 3503 767 3534 in
793 3501 845 3535 illa
868 3502 971 3545 figura
995 3512 1032 3535 ut
1059 3503 1217 3543 dicimus,
1240 3513 1327 3547 patet
1351 3516 1389 3537 ex

326 3548 433 3590 primo
449 3557 479 3580 et
496 3549 590 3581 tertio
611 3550 734 3590 ordine,
749 3562 889 3594 quorum
908 3553 1012 3594 capita
1025 3561 1101 3585 sunt
1116 3553 1247 3596 negatio
1261 3561 1292 3585 et
1308 3551 1390 3585 affir-

1064 226 1183 262 PERI
1209 223 1568 269 HERMENEIAS¹
1596 224 1690 260 LIB.
1722 224 1753 259 II

1441 300 1542 332 matio
1559 299 1735 343 possibilis,
1760 307 1792 333 et
1815 309 1957 334 extrema
1981 310 2073 341 sunt,
2097 313 2165 334 non
2189 312 2322 334 necesse
2346 314 2432 341 esse,
2457 312 2507 344 et,

1440 359 1573 380 necesse
1597 359 1665 380 non
1693 360 1774 381 esse.
1799 349 1870 381 Hae
1894 350 2057 394 siquidem
2087 361 2156 382 non
2187 358 2264 382 sunt
2295 350 2509 384 contradicto-

1440 397 1515 428 riae.
1546 396 1626 429 Non
1658 397 1746 429 enim
1770 406 1819 430 est
1842 399 1974 441 negatio
1998 399 2079 438 eim,
2097 410 2180 442 quae
2204 407 2262 438 est,
2283 409 2415 432 necesse
2438 411 2507 432 non

1440 456 1522 483 esse,
1539 456 1608 477 non
1631 456 1765 478 necesse
1782 457 1853 479 esse
1874 445 2049 490 (quoniam
2078 448 2239 490 contingit
2255 459 2308 480 eas
2333 447 2431 480 simul
2454 459 2507 480 ve-

1440 493 1556 526 rificari
1574 492 1613 526 de
1630 493 1776 539 eodem),
1795 494 1852 527 sed
1876 494 1929 527 illa
1953 494 2085 534 scilicet,
2105 507 2238 528 necesse
2262 507 2330 529 non
2353 507 2435 535 esse,
2460 505 2508 529 est

1441 542 1600 574 contraria
1617 542 1886 575 contradictoriae
1910 542 2018 583 huius,
2035 543 2167 584 scilicet,
2184 555 2252 577 non
2268 556 2400 577 necesse
2425 555 2507 583 esse,

1441 601 1524 634 quae
1541 599 1601 629 est,
1625 602 1757 624 necesse
1782 600 1831 624 est
1854 603 1934 624 esse.

1509 638 1573 672 Sed
1590 639 1665 682 quia
1689 640 1838 683 sequenti
1855 639 1978 672 litterae
2002 640 2106 683 magis
2124 651 2268 674 consona
2293 650 2342 674 est
2364 639 2510 674 introdu-

1442 687 1506 719 ctio
1530 696 1652 726 nostra‚
1678 699 1760 731 quae
1785 688 1883 720 etiam
1907 687 2042 720 Alberto
2063 690 2236 729 consentit,
2263 699 2295 722 et
2315 698 2438 723 extorte
2462 689 2508 721 vi-

1441 734 1536 767 detur
1554 734 1593 767 ab
1618 735 1688 767 aliis
1719 737 1839 779 exponi
1868 735 1902 779 ly
1926 736 2110 777 contrariae,
2136 736 2211 770 ideo
2239 739 2363 781 prima,
2387 737 2508 771 iudicio

1441 795 1529 823 meo,
1554 784 1751 828 acceptanda
1774 793 1822 816 est
1851 785 2014 828 expositio
2042 793 2074 818 et
2101 785 2141 818 ad
2165 787 2378 831 antiquorum
2404 799 2509 831 repre-

1442 831 1636 864 hensionem
1659 831 1848 865 referendus
1872 841 1923 865 est
1940 841 2058 865 textus.

1509 891 1538 923 9.
1558 880 1675 913 Tertio
1700 892 1776 913 cum
1800 880 1894 913 dicit:
1922 881 2026 914 Causa
2044 887 2144 915 autem
2167 893 2221 916 cur
2236 891 2310 923 etc„
2326 883 2511 927 manifestat

1442 929 1475 963 id
1499 929 1589 973 quod
1612 931 1833 973 praemiserat,
1857 929 1991 970 scilicet,
2016 930 2106 974 quod
2129 942 2198 963 non
2222 931 2319 964 simili
2343 931 2446 965 modo
2470 932 2510 966 ad

1442 978 1512 1011 illas
1532 978 1571 1012 de
1598 977 1746 1022 possibili
1771 987 1956 1023 sequuntur
1980 977 2052 1011 illae
2081 978 2120 1011 de
2145 979 2340 1023 impossibili
2375 989 2407 1013 et
2437 980 2510 1014 illae

1443 1026 1482 1059 de
1501 1027 1696 1060 necessario.
1716 1027 1941 1071 Antiquorum
1964 1027 2053 1059 enim
2077 1026 2140 1060 hoc
2164 1036 2336 1071 peccatum
2359 1027 2420 1061 fuit
2443 1036 2511 1061 tam

1443 1076 1476 1108 in
1504 1077 1611 1119 primo
1641 1087 1740 1119 quam
1763 1076 1797 1108 in
1821 1075 1966 1109 secundo
1991 1075 2116 1116 ordine,
2133 1084 2165 1109 et
2181 1076 2272 1120 quod
2291 1076 2389 1109 simili
2408 1076 2511 1110 modo

1443 1124 1624 1157 intulerunt
1647 1123 1717 1157 illas
1737 1123 1777 1157 de
1797 1123 1992 1168 impossibili
2012 1133 2044 1157 et
2062 1126 2257 1158 necessario.
2282 1126 2321 1159 In
2345 1126 2453 1169 primo
2470 1126 2511 1159 si-

1445 1173 1578 1217 quidem
1600 1172 1732 1213 ordine,
1751 1174 1836 1206 sicut
1851 1182 2034 1217 posuerunt
2049 1175 2235 1217 negativam
2258 1174 2442 1219 simplicem
2471 1175 2510 1209 de

1444 1221 1655 1265 impossibili,
1673 1223 1716 1254 ita
1732 1229 1915 1265 posuerunt
1930 1222 2116 1265 negativam
2133 1222 2318 1266 simplicem
2339 1222 2378 1256 de
2399 1235 2511 1256 neces—

1444 1271 1545 1309 sario,
1563 1278 1595 1302 et
1611 1270 1759 1302 similiter
1774 1271 1808 1302 in
1825 1269 1971 1302 secundo
1996 1269 2110 1303 ordine
2135 1279 2296 1315 utranque
2324 1272 2511 1315 negativam

1444 1318 1638 1351 declinatam
1657 1318 1672 1336 *
1691 1318 1892 1351 locaverunt.
1921 1319 1995 1351 Hoc
2019 1330 2098 1362 ergo
2129 1330 2228 1363 quare
2252 1328 2424 1363 peccatum
2451 1321 2511 1361 sit,

1444 1374 1475 1399 et
1498 1377 1590 1399 causa
1613 1374 1713 1400 autem
1735 1378 1829 1411 quare
1851 1368 2072 1400 necessarium
2095 1378 2155 1400 non
2178 1369 2312 1412 sequitur
2338 1368 2511 1412 possibile,

1442 1414 1589 1455 similiter,
1621 1415 1714 1455 idest,
1735 1414 1853 1448 eodem
1877 1415 1979 1448 modo
2002 1427 2070 1449 cum
2093 1417 2222 1456 caeteris,
2241 1416 2374 1457 scilicet,
2390 1416 2430 1450 de
2455 1417 2513 1449 im-

1443 1462 1602 1506 possibili,
1619 1471 1678 1503 est,
1703 1464 1861 1507 quoniam
1884 1464 2063 1508 impossibile
2086 1465 2220 1499 redditur
2235 1465 2312 1498 idem
2333 1465 2438 1499 valens
2461 1477 2511 1499 ne-

1443 1512 1578 1552 cessario,
1596 1510 1689 1551 idest,
1710 1511 1893 1555 aequivalet
1920 1514 2115 1553 necessario,
2139 1514 2297 1553 contrarie,
2322 1513 2415 1554 idest,
2437 1525 2513 1547 con-

1443 1561 1541 1593 trario
1558 1559 1660 1593 modo
1678 1568 1860 1603 sumptum,
1875 1569 1908 1593 et
1923 1571 1991 1593 non
2007 1560 2126 1594 eodem
2149 1561 2262 1594 modo.
2279 1562 2368 1595 Nam
2391 1563 2430 1602 si,
2446 1562 2511 1596 hoc

1443 1620 1514 1641 esse
1538 1617 1588 1641 est
1615 1607 1837 1652 impossibile,
1857 1620 1926 1641 non
1954 1608 2147 1650 inferemus,
2171 1621 2251 1654 ergo
2280 1610 2345 1644 hoc
2368 1621 2439 1644 esse
2462 1619 2512 1644 est

1443 1669 1591 1697 necesse,
1616 1656 1684 1696 sed,
1708 1656 1772 1690 hoc
1801 1668 1869 1690 non
1893 1668 1964 1690 esse
1988 1666 2037 1690 est
2059 1669 2203 1692 necesse.
2229 1659 2320 1700 Quia
2344 1670 2423 1703 ergo
2453 1660 2513 1693 im-

1443 1705 1599 1750 possibile
1612 1714 1644 1738 et
1656 1716 1790 1739 necesse
1806 1715 1924 1739 mutuo
1941 1718 1975 1740 se
1996 1716 2189 1751 sequuntur,
2208 1707 2341 1752 quando
2357 1707 2442 1742 dicta
2459 1720 2513 1742 eo-

1442 1766 1517 1788 rum
1541 1756 1705 1788 contrario
1729 1754 1831 1788 modo
1856 1764 2042 1795 sumuntur,
2060 1765 2092 1789 et
2115 1767 2184 1790 non
2200 1757 2334 1801 quando
2357 1757 2444 1791 dicta
2459 1768 2514 1791 eo-

1443 1815 1516 1836 rum
1541 1803 1639 1836 simili
1663 1803 1765 1836 modo
1795 1813 1991 1844 sumuntur,
2015 1806 2164 1849 sequitur
2187 1805 2278 1850 quod
2301 1817 2369 1839 non
2393 1805 2512 1840 eodem

1443 1852 1545 1886 modo
1569 1852 1609 1886 ad
1625 1851 1780 1896 possibile
1797 1864 1831 1885 se
1849 1852 1988 1886 habeant
2004 1853 2208 1897 impossibile
2224 1863 2256 1887 et
2278 1856 2510 1896 necessarium,

1443 1901 1500 1934 sed
1524 1901 1687 1934 contrario
1711 1900 1823 1934 modo.
1847 1901 1935 1934 Nam
1952 1901 1992 1934 ad
2015 1901 2048 1935 id
2072 1901 2228 1946 possibile
2250 1902 2340 1947 quod
2364 1904 2512 1948 sequitur

1443 1950 1567 1983 dictum
1583 1949 1781 1983 affirmatum
1805 1948 1845 1982 de
1869 1949 2077 1993 impossibili,
2093 1951 2242 1995 sequitur
2265 1950 2390 1985 dictum
2413 1962 2512 1996 nega-

1443 2008 1514 2031 tum
1538 1998 1578 2032 de
1602 1998 1803 2037 necessario3
1823 2006 1855 2030 et
1878 2009 1895 2031 e
1920 1999 2094 2032 contrario.
2121 1999 2235 2040 Quare
2251 2009 2362 2033 autem
2379 2000 2443 2034 hoc
2459 2011 2511 2034 ac·

1443 2047 1520 2080 cidit
1544 2045 1627 2079 infra
1643 2046 1777 2079 dicetur.
1800 2046 1998 2080 Erraverunt
2013 2047 2112 2091 igitur
2127 2049 2253 2093 antiqui
2273 2048 2363 2093 quod
2387 2049 2510 2083 similes

1443 2095 1690 2128 enunciationes
1707 2093 1747 2127 de
1764 2094 1960 2138 impossibili
1984 2103 2016 2128 et
2032 2096 2216 2130 necessario
2239 2097 2274 2130 in
2290 2097 2400 2140 primo
2423 2105 2456 2131 et
2475 2097 2511 2131 in

1442 2143 1588 2176 secundo
1613 2142 1727 2176 ordine
1744 2142 1947 2176 locaverunt.
2187 2151 2210 2180 χ

1512 2203 1562 2225 10.
1587 2192 1675 2225 Hinc
1691 2200 1825 2235 apparet
1847 2191 1938 2236 quod
1961 2203 2059 2236 supra
2083 2193 2191 2236 posita
2213 2202 2324 2227 nostra
2347 2194 2512 2238 expositio

1442 2239 1644 2273 conformior
1667 2248 1716 2273 est
1739 2239 1920 2273 Aristoteli.
1947 2240 2035 2274 Cutn
2058 2242 2147 2275 enim
2164 2240 2252 2275 hunc
2276 2250 2401 2275 textum
2418 2241 2513 2276 indu-

1440 2290 1523 2323 xerit
1545 2288 1586 2322 ad
1608 2287 1884 2322 manifestandum
1910 2288 1964 2322 illa
1989 2289 2105 2322 verba:
2130 2290 2332 2335 Manifestum
2354 2297 2395 2324 est
2410 2297 2512 2324 autem

1440 2339 1584 2383 quoniam
1607 2349 1667 2371 non
1690 2337 1788 2371 eodem
1807 2337 1905 2378 modo,
1935 2347 2008 2378 etc.,
2033 2349 2073 2371 eo
2097 2339 2288 2383 accipiendo
2312 2348 2389 2373 sunt
2412 2350 2510 2373 sensu

1442 2387 1496 2421 illa
1510 2387 1619 2426 verba,
1637 2398 1704 2431 quo
1728 2386 1782 2419 hic
1806 2397 1864 2430 per
1880 2398 2013 2420 causam
2032 2387 2290 2421 manifestantur.
2311 2388 2431 2434 Liquet
2455 2400 2511 2422 au-

1441 2445 1508 2469 tem
1533 2435 1623 2480 quod
1647 2434 1702 2468 hic
1732 2433 1878 2468 redditur
1897 2446 1994 2468 causa
2011 2434 2285 2469 dissimilitudinis
2307 2448 2404 2470 verae
2427 2437 2513 2471 inter

1441 2485 1639 2517 necessarias
1656 2492 1688 2516 et
1710 2482 1931 2527 impossibiles
1955 2483 1990 2516 in
2013 2483 2248 2529 consequendo
2275 2484 2459 2528 possibiles,
2478 2492 2512 2518 et

1442 2544 1511 2566 non
1528 2531 1804 2566 dissimilitudinis
1828 2531 1911 2565 falso
1933 2533 2084 2577 opinatae
2109 2532 2148 2566 ab
2173 2534 2333 2578 antiquis:
2352 2534 2511 2578 quoniam

1442 2593 1482 2614 ex
1503 2592 1580 2614 vera
1612 2592 1709 2614 causa
1738 2581 1871 2614 nonnisi
1900 2592 2017 2614 verum
2046 2581 2261 2615 concluditur.
2292 2582 2380 2625 Ergo
2404 2593 2512 2626 repre-

1442 2627 1618 2662 hendendo
1635 2629 1802 2672 antiquos,
1818 2639 1930 2661 veram
1949 2627 2248 2662 dissimilitudinem
2265 2629 2348 2662 inter
2363 2640 2512 2663 necessa-

1442 2677 1519 2717 rias,
1536 2684 1568 2709 et
1587 2675 1807 2720 impossibiles
1824 2677 1858 2708 in
1875 2675 2109 2720 consequendo
2126 2676 2309 2720 possibiles,
2327 2688 2426 2722 quam
2441 2689 2511 2711 non

1442 2734 1654 2758 servaverunt
1684 2724 1745 2765 illi,
1773 2725 1987 2769 proposuisse
2015 2733 2094 2758 tunc
2117 2725 2367 2770 intelligendum
2391 2735 2455 2767 est,
2478 2735 2513 2760 et

1442 2784 1531 2806 nunc
1561 2784 1635 2806 eam
1661 2772 1895 2806 manifestasse.
1921 2772 2026 2813 Quod
2051 2782 2162 2807 autem
2186 2773 2418 2808 dissimilitudo
2445 2774 2511 2815 illa,

1443 2833 1542 2866 quam
1561 2821 1686 2865 antiqui
1706 2830 1892 2865 posuerunt
1911 2822 1995 2855 inter
2009 2823 2207 2856 necessarias
2224 2831 2256 2856 et
2279 2823 2511 2867 impossibiles,

1443 2871 1485 2903 sit
1500 2869 1581 2903 falso
1598 2870 1715 2913 posita,
1732 2881 1772 2903 ex
1787 2869 1870 2903 infra
1890 2869 2036 2904 dicendis
2052 2870 2183 2915 patebit.
2201 2870 2407 2905 Ostendetur
2421 2873 2511 2906 enim

1444 2917 1534 2963 quod
1551 2917 1817 2951 contradictorias
1837 2917 1877 2952 de
1893 2918 2042 2962 possibili
2059 2919 2327 2954 contradictoriae
2344 2920 2383 2954 de
2399 2931 2512 2954 neces-

1444 2967 1529 3000 sario
1549 2975 1731 3011 sequuntur
1750 2967 1951 3007 conversim;
1975 2976 2007 3001 et
2024 2967 2115 3012 quod
2133 2968 2167 3001 in
2186 2967 2251 3002 hoc
2271 2980 2340 3002 non
2356 2968 2513 3004 differunt

1444 3014 1483 3048 ab
1500 3014 1550 3047 his
1571 3026 1654 3059 quae
1671 3023 1748 3047 sunt
1763 3014 1804 3047 de
1821 3014 2026 3059 impossibili,
2043 3013 2100 3049 sed
2117 3014 2272 3049 differunt
2290 3017 2323 3050 in
2340 3016 2404 3050 hoc
2420 3016 2512 3063 quod

1444 3062 1546 3096 modo
1564 3062 1716 3103 diximus,
1730 3062 1821 3107 quod
1838 3063 2044 3108 possibilium
2061 3073 2093 3097 et
2108 3065 2362 3109 impossibilium
2378 3077 2413 3100 se
2433 3077 2512 3101 con·

1444 3112 1653 3156 sequentium
1669 3111 1794 3145 dictum
1809 3121 1858 3145 est
1874 3112 2033 3154 similiter,
2050 3112 2257 3157 possibilium
2281 3123 2391 3148 autem
2410 3123 2444 3148 et
2457 3125 2515 3148 nes

1445 3160 1672 3200 cessariorum,
1695 3171 1730 3193 se
1754 3160 1895 3194 invicem
1920 3162 2194 3206 consequentium
2215 3162 2339 3196 dictum
2363 3171 2412 3196 est
2435 3172 2514 3197 con·

1444 3209 1590 3248 trarium‚
1615 3217 1651 3241 ut
1674 3207 1756 3242 infra
1780 3207 1863 3242 clara
1889 3208 1962 3242 luce
1981 3209 2153 3243 videbitur.

1515 3267 1528 3290 1
1538 3267 1565 3290 1.
1579 3256 1710 3297 Quarto
1723 3268 1800 3290 cum
1813 3257 1900 3290 dicit:
1913 3257 1981 3291 Aut
1996 3265 2069 3292 certe
2080 3258 2259 3303 impossibile
2274 3265 2315 3293 est
2327 3268 2398 3300 etc.‚
2410 3259 2513 3292 mani-

1445 3304 1540 3339 festat
1563 3305 1650 3339 aliud
1670 3305 1760 3350 quod
1783 3315 2012 3350 proposuerat,
2029 3306 2162 3347 scilicet,
2178 3307 2269 3352 quod
2293 3307 2510 3341 contradicto-

1445 3354 1510 3387 riae
1538 3353 1578 3388 de
1606 3355 1789 3387 necessario
1817 3354 1902 3388 male
1933 3355 2069 3388 situatae
2097 3356 2162 3389 sint
2189 3355 2371 3390 secundum
2399 3365 2512 3388 conse*

1446 3403 1613 3446 quentiam
1637 3402 1676 3436 ab
1702 3403 1860 3447 antiquis,
1889 3404 1946 3448 qui
1970 3404 2244 3438 contradictiones
2270 3404 2442 3437 necessarii
2466 3404 2511 3436 im

1446 3449 1687 3484 ordinaverunt.
1709 3452 1747 3485 In
1764 3452 1872 3496 primo
1893 3452 2007 3486 ordine
2023 3461 2208 3497 posuerunt
2226 3451 2510 3486 contradictoriam

1446 3500 1666 3542 negationem,
1679 3511 1811 3534 necesse
1828 3512 1910 3541 esse,
1926 3500 2020 3542 idest,
2032 3512 2101 3534 non
2117 3511 2249 3534 necesse
2265 3509 2352 3540 esse3
2369 3508 2400 3533 et
2414 3501 2447 3533 in
2464 3511 2511 3533 se-

1447 3547 1556 3581 cundo
1569 3547 1852 3582 contradictoriam
1864 3550 2085 3593 negationem,
2097 3559 2230 3583 necesse
2241 3559 2309 3582 non
2322 3559 2403 3589 esse,
2416 3547 2510 3589 idest,

2535 695 2652 717 Albenus.

2538 1328 2549 1339 ⁸*
2560 1327 2596 1349 cf.
2609 1333 2686 1355 supra,
2697 1333 2720 1349 n.
2730 1333 2753 1355 3.
