2788 4204
1087 270 1198 306 CAP.
1228 269 1332 315 XIV,
1363 268 1512 304 LECT.
1543 267 1631 303 XIV

2392 272 2462 325 123

881 526 1183 587 LECTIO
1221 529 1817 603 DECIMAQUART
1821 530 1880 584 A

1187 676 1284 711 (Canu.
1305 677 1434 702 ena-mm
1453 678 1511 702 lect.
1523 676 1568 712 xxi)

422 799 522 829 ILLA
551 798 651 829 VERI
683 797 893 834 FALSIQUE
924 796 1166 835 OPPOSITIO,
1198 796 1317 833 QUAE
1348 795 1590 827 OPINIONUM
1621 795 2026 827 CONTRARIETATEM
2057 797 2341 837 CONSTITUIT,

479 855 560 886 EST
580 854 806 886 OPPOSITIO
826 853 1061 885 SECUNDUM
1080 852 1440 884 AFFIRMATIONEM
1459 852 1517 882 ET
1532 852 1820 883 NEGATIONEM
1835 853 2023 884 EIUSDEM
2039 854 2095 884 DE
2114 854 2276 886 EODEM.

294 980 367 1015 ἀλλ’
397 979 430 1014 ἐν
457 980 549 1018 ὅσαις
569 979 659 1013 ἐστὶν
685 981 706 1016 ἡ
733 978 867 1016 ἀπάτη.
894 979 1002 1011 Αὖται
1026 973 1063 1009 δέ
1089 979 1168 1009 εἰσιν
1192 976 1227 1017 ἐξ
1252 976 1294 1008 ὤν
1318 979 1353 1008 αἱ
1409 978 1426 997 *
1442 979 1504 1009 Sed
1525 979 1557 1008 in
1580 979 1824 1020 quibuscunque
1839 980 1959 1010 fallacia
1979 988 2032 1011 est.
2054 982 2122 1011 Hae
2146 989 2251 1013 autern
2275 991 2348 1014 sunt
2367 994 2403 1014 ex
2421 985 2469 1015 his

357 1025 516 1072 γενέσεις·
543 1023 580 1056 ἐκ
605 1025 671 1057 τῶν
697 1023 933 1067 ἀντικειμένων
958 1018 996 1054 δὲ
1021 1025 1056 1053 αἱ
1080 1022 1238 1067 γενέσεις,
1264 1020 1353 1051 ὥστε

358 1073 416 1102 καὶ
444 1072 478 1101 αἱ
506 1067 656 1101 ἀπάται.

291 1115 330 1146 Εἰ
355 1113 411 1147 οὖν
438 1114 479 1146 τὸ
505 1111 633 1158 ἀγαθὸν
658 1114 716 1143 καὶ
742 1109 871 1156 ἀγαθόν
896 1112 955 1141 καὶ
987 1107 1024 1141 οὐ
1049 1109 1153 1141 κακόν
1180 1108 1266 1149 ἐστι,
1295 1110 1354 1139 καὶ

359 1159 401 1191 τὸ
425 1158 484 1202 μέν
509 1155 590 1188 καθ’
614 1155 731 1196 ἑαυτό,
755 1156 795 1187 τὸ
820 1150 858 1186 δὲ
881 1154 977 1186 κατά
993 1153 1202 1196 συμβεβηκός
1222 1152 1355 1196 (συμβέ-

360 1203 441 1242 βηκε
466 1202 531 1246 γάρ
558 1198 652 1241 αὐτῷ
679 1198 717 1231 οὗ
741 1200 833 1240 κακῷ
859 1195 972 1241 εἶναι),
999 1199 1128 1240 μᾶλλον
1153 1193 1190 1229 δὲ
1209 1196 1354 1229 ἑκάστου

361 1243 488 1283 ἀληθής
507 1246 527 1282 ἡ
545 1242 623 1276 καθ’
650 1243 770 1284 ἑαυτό,
788 1245 846 1274 καὶ
863 1238 998 1286 ψευδής,
1019 1244 1109 1284 εἴπερ
1127 1244 1184 1273 καὶ
1210 1239 1354 1277 ἀληθής.

356 1292 397 1322 'H
411 1290 470 1335 μὲν
489 1287 545 1321 οὖν
565 1287 618 1321 ὅτι
638 1286 696 1320 οὐκ
716 1286 845 1334 ἀγαθὰν
864 1287 905 1318 τό
924 1285 1053 1332 ἀγαθὸν
1072 1287 1135 1318 τοῦ
1152 1284 1228 1317 καθ’
1250 1285 1355 1316 ἑαυτό

361 1334 588 1379 ὑπάρχοντος,
615 1328 750 1376 ψευδής,
778 1333 799 1368 τ’)
824 1327 862 1362 ’δὲ
887 1332 949 1362 τοῦ
976 1329 1030 1363 ὅτι
1052 1330 1156 1362 κακὸν
1175 1331 1238 1362 τοῦ
1261 1328 1358 1361 κατα

319 1406 322 1407 ⁷
358 1377 581 1424 συμβεβηκός.
603 1377 706 1409 ’Ὥστε
724 1377 853 1420 μᾶλλον
878 1374 916 1407 ἆὶν
933 1377 982 1412 εἴη
1001 1370 1123 1418 ψευδής
1141 1375 1204 1406 τοῦ
1224 1372 1356 1419 ἀγαθοῦ

359 1425 380 1460 ἦ
407 1424 469 1461 τῆς
497 1421 710 1465 ἀποφάσεως,
738 1419 759 1456 ἦ
785 1421 805 1457 ἡ
831 1421 894 1452 τοῦ
919 1418 1076 1451 ἐναντίου
1099 1414 1198 1459 δόξα.
1227 1418 1358 1461 Διέψευ-

359 1480 441 1500 σται
465 1463 503 1499 δὲ
528 1466 683 1510 μάλιστα
709 1466 783 1509 περὶ
809 1463 955 1496 ἕκαστον
975 1465 990 1495 ὁ
1009 1463 1072 1499 τήν
1092 1462 1250 1495 ἐναντίαν
1270 1463 1355 1508 ἔχων

358 1508 477 1553 δόξαν·
511 1512 560 1543 τοὶ
582 1511 647 1557 γάρ
673 1508 816 1543 ἐναντία
841 1509 907 1540 τῶν
934 1510 1093 1540 πλεῖστον
1130 1503 1355 1550 διαφερόντων

360 1558 434 1601 περὶ
459 1555 500 1588 τό
525 1554 628 1588 αὐτό.
654 1556 691 1586 Εἰ
718 1552 773 1586 οὖν
793 1551 934 1585 ἐναντία
959 1553 1018 1596 μὲν
1045 1551 1176 1585 τούτων
1200 1553 1221 1588 ἢ
1239 1551 1354 1594 ἑτέρα,

360 1599 591 1643 ἐναντιωτέρα
615 1595 653 1631 δέ
679 1600 700 1636 ἡ
725 1599 788 1635 τῆς
816 1596 1030 1641 ἀποφάσεως,
1056 1591 1159 1632 δῆλον
1187 1595 1240 1628 ὅτι
1266 1595 1355 1633 αὕτη

362 1644 400 1678 ἀν
427 1647 475 1681 εἴη
502 1644 658 1677 ἐναντία.
681 1645 723 1674 Ἠ
740 1638 778 1674 δέ
796 1643 858 1674 τοῦ
876 1641 930 1674 ὅτι
946 1641 1050 1673 κακον
1069 1641 1111 1672 τὸ
1130 1638 1259 1686 ἀγαθόν
1278 1653 1358 1684 συμ-

361 1689 577 1734 πεπλεγμένη
613 1686 696 1720 ἐστί·
724 1689 781 1718 καὶ
806 1686 870 1732 γάρ
897 1685 950 1718 ὃτι
976 1683 1035 1717 οὐκ
1069 1684 1197 1731 ἀγαθόν
1226 1682 1355 1731 ἀνάγκη

359 1737 436 1771 ἴσως
463 1731 717 1777 ὑπολαμβάνειν
743 1730 803 1763 τὸν
831 1728 952 1763 αὐτόν.

283 1868 364 1900 Ἔτι
387 1860 446 1904 δέ,
472 1865 501 1896 εἰ
524 1867 582 1897 καὶ
608 1862 662 1896 ἐπὶ
695 1863 763 1895 τῶν
791 1862 900 1895 ἄλλων
935 1863 1054 1905 ὁμοίως
1086 1857 1139 1893 δεῖ
1163 1861 1273 1907 ἔχειν,
1299 1865 1358 1894 καὶ

360 1910 477 1950 ταότη
505 1909 543 1941 ἂν
568 1904 676 1948 δόξειε
707 1908 818 1944 καλῶς
843 1906 1013 1951 εὶρῆσται·
1039 1905 1060 1942 ἦ
1084 1906 1149 1952 γάρ
1173 1908 1358 1952 πανταχοῦ

360 1954 402 1987 τὸ
426 1943 489 1991 τῆς
527 1952 728 1996 ἀποφάσεως
755 1950 777 1987 ἦ
803 1946 969 1995 οὐδαμοῦ.
990 1950 1101 1988 ’Όσοις
1125 1947 1163 1983 δὲ
1187 1951 1234 1995 μή
1262 1950 1357 1983 ἐστιν

363 1997 526 2038 ἐναντία,
552 1999 625 2042 περὶ
649 1995 784 2029 τούτων
810 1996 883 2027 ἔστι
901 1995 960 2039 μὲν
986 1990 1107 2039 ψευδὴς
1127 1997 1147 2033 τ’)
1171 1997 1216 2037 τῇ
1243 1994 1361 2033 ἀληθεῖ

362 2041 490 2076 ἀντικει
521 2041 590 2082 ε’νη,
617 2043 685 2073 οἷον
713 2041 729 2072 ὁ
750 2039 809 2071 τᾶν
830 2039 1002 2084 ἄνθρωπον
1021 2038 1082 2072 οὐκ
1102 2039 1274 2085 ἄνθρωπον
1293 2039 1358 2073 οἰό-

359 2099 456 2131 μενος
487 2054 697 2130 ἔιέψευσται.
743 2084 777 2114 Εἰ
807 2082 863 2116 οὖν
894 2084 1001 2116 αὗται
1033 2083 1209 2126 ἐναντίαι,
1235 2087 1293 2117 καὶ
1322 2087 1357 2117 αἱ

363 2131 465 2164 ἄλλαι
491 2134 526 2164 αἱ
551 2132 613 2168 τῆς
641 2127 855 2172 ἀποφάσεως.
937 2130 939 2132 ’

286 2177 362 2209 Ἔτι
388 2177 507 2220 ὁμοίως
533 2175 602 2220 ἔχει
628 2176 648 2211 ἡ
674 2176 736 2206 τοῦ
764 2170 895 2219 ἀγαθοῦ
926 2172 980 2205 ὅτι
1010 2170 1138 2218 ἀγαθον
1162 2175 1220 2205 καὶ
1246 2174 1266 2209 ἡ
1293 2173 1357 2204 τοῦ

360 2220 407 2264 μή
435 2217 565 2267 ἀγαθοῦ
584 2218 637 2251 ὅτι
657 2217 716 2250 οὐκ
739 2217 760 2251 ἀ
787 2217 881 2258 α-θόν,
899 2219 959 2249 καὶ
977 2219 1057 2260 πρὸς
1087 2216 1236 2256 ταύταις
1255 2218 1275 2254 ἦ
1294 2219 1357 2249 τοῦ

363 2262 496 2310 ἀγαθοῦ
523 2263 576 2297 ὅτι
602 2262 663 2295 οὐκ
690 2229 832 2309 ἀγαθόν,
858 2264 916 2294 καὶ
942 2263 963 2298 ἡ
989 2263 1051 2294 τοῦ
1077 2262 1124 2306 μή
1152 2260 1282 2308 ἀγαθοῦ
1302 2260 1357 2294 ὅτι

362 2306 505 2354 ἀγαθόν.
542 2308 592 2348 Τῇ
625 2305 681 2339 οὖν
712 2309 775 2340 τοῦ
808 2307 855 2350 μή
887 2305 1018 2352 ἀγαθοῦ
1053 2306 1107 2338 ὅτι
1136 2304 1195 2338 οὐκ
1227 2304 1354 2352 ἀγαθὸν

362 2351 480 2389 ἀληθεῖ·
503 2353 586 2395 οὔσῃ
603 2351 687 2395 δόξῃ
704 2355 755 2390 τίς
775 2350 812 2384 ἂν
831 2354 880 2388 εἴη
898 2353 918 2388 ἡ
938 2349 1100 2391 ἐναντίας
1127 2349 1165 2383 οὐ
1191 2351 1255 2397 γάρ
1272 2346 1315 2386 δή
1335 2352 1356 2386 τί

358 2396 398 2430 λέ
425 2409 509 2430 ουσα
535 2396 588 2430 ὅτι
610 2396 730 2449 κὶακόν·
766 2396 837 2438 ἅμα
861 2396 925 2442 γάρ
950 2395 989 2427 ἄν
1015 2407 1101 2428 ποτε
1127 2398 1176 2432 εἴη
1205 2394 1354 2435 ἀληθής,

362 2409 529 2476 οὖέἐποτε
553 2436 591 2473 δὲ
617 2439 744 2478 αληθης
776 2439 896 2477 ἀληθεῖ
929 2437 1081 2472 ἐναντία.
1111 2440 1209 2472 Ἔστι
1233 2439 1297 2485 γάρ
1323 2451 1357 2471 τι

360 2489 408 2532 μὴ
426 2485 553 2534 ἀγαθὸν
570 2485 690 2525 κακόν,
708 2484 797 2518 ὥστε
815 2481 993 2529 ἐνδέχεται
1013 2484 1085 2528 ἅμα
1105 2483 1237 2521 ἀληθεῖς
1254 2481 1352 2515 εἶναι.

359 2529 438 2565 Οὐδ’
466 2530 510 2563 αὖ
534 2531 555 2567 ἡ
582 2530 635 2562 ὅτι
659 2529 696 2562 οὐ
712 2530 832 2562 κακόν·
852 2527 978 2566 ἀληθής
995 2530 1060 2574 γάρ
1076 2530 1135 2561 καὶ
1153 2528 1255 2565 αὕτη·
1285 2528 1357 2572 ἅμα

359 2577 424 2623 γὰρ
455 2577 514 2608 καὶ
546 2575 665 2607 ταῦτα
700 2573 738 2606 ἂν
767 2577 830 2612 εἴη.
865 2575 1033 2606 Λείπεται
1066 2572 1122 2605 οὖν
1149 2574 1194 2615 τῇ
1220 2574 1283 2604 τοῦ
1309 2573 1355 2616 μή

365 2620 498 2668 ἀγαθοῦ
524 2618 576 2652 ὅτι
603 2616 663 2650 οὐκ
690 2617 817 2664 ἀγαθὸν
850 2616 991 2650 ἐναντία
1017 2619 1037 2654 ἡ
1063 2619 1125 2651 τοῦ
1150 2618 1197 2661 μή
1226 2615 1357 2662 ἀγαθοῦ

362 2665 416 2699 ὅτι
438 2662 580 2711 ἀγαθόν·
607 2659 727 2706 ψευδής
744 2663 808 2709 γάρ
827 2661 929 2700 αὕτη.
949 2661 1052 2694 ’Ὥστε
1074 2665 1132 2694 καὶ
1151 2663 1171 2699 ἡ
1190 2664 1253 2694 τοῦ
1272 2659 1359 2707 ἀγα-

362 2710 422 2742 θοῦ
447 2709 501 2742 ὅτι
526 2705 586 2741 οὐκ
613 2705 741 2753 ἀγαθὸν
767 2709 812 2749 τῇ
839 2708 901 2740 τοῦ
929 2704 1061 2752 ἀγαθοῦ
1088 2706 1141 2739 ὅτι
1169 2705 1311 2752 ἀγαθόν.

294 2835 443 2878 Φανερὸν
467 2829 505 2866 δὲ
531 2833 585 2867 ὅτι
609 2829 705 2866 οὐδὲν
730 2829 848 2866 διοίσει
878 2828 949 2866 οὐδ’
979 2832 1017 2865 ἂν
1042 2832 1189 2865 καθόλου
1215 2833 1357 2878 τιθῶμεν

361 2880 426 2915 τὴν
453 2878 665 2922 κατάφασιν·
697 2879 718 2915 ἡ
742 2879 807 2924 γὰρ
834 2877 982 2910 καθόλου
1015 2876 1184 2919 ἀπόφασις
1216 2877 1358 2911 ἐναντία

364 2923 477 2962 ἔσται,
505 2924 572 2955 οἷον
597 2924 643 2965 τῇ
668 2918 752 2965 δόξῃ
777 2923 822 2965 τῇ
848 2918 1055 2999 δοξαζδοόσῃ,
1083 2921 1136 2955 ὅτι
1155 2924 1222 2955 πᾶν
1243 2924 1258 2955 ὃ
1279 2922 1316 2955 ἀν
1337 2922 1357 2966 ᾖ

365 2965 387 2999 ἀ
412 2966 492 2999 αθόν
518 2965 645 3012 ἀγαθόν
665 2965 774 3007 ἐστιν,
793 2968 813 3003 τ’)
833 2966 886 2999 ὅτι
905 2964 942 2998 οὐ
969 2967 1000 3000 ὲν
1027 2967 1093 2998 τῶν
1114 2965 1248 3013 ἀγαθῶν
1274 2967 1358 3014 ἀγα-

362 3010 433 3043 θον·
456 3012 496 3040 Ἠ
520 3012 585 3056 γάρ
607 3012 670 3043 τοῦ
695 3009 827 3057 ἀγαθοῦ
853 3010 907 3043 ὅτι
933 3009 1076 3058 ἀγαθόν,
1101 3012 1128 3042 εἰ
1149 3011 1297 3044 καθόλου
1315 3012 1357 3045 τό

365 3053 540 3102 ἀγαθόν,ἡ
555 3053 647 3091 αὐτή
664 3053 736 3088 ἐστι
753 3056 799 3097 τῇ
819 3054 872 3087 ὅτι
891 3056 907 3087 ὃ
923 3054 961 3088 ἂν
981 3054 1002 3098 ᾖ
1021 3053 1146 3099 ἀγαθὸν
1164 3051 1356 3099 δοξαζοόσῃ

366 3099 419 3133 ὅτι
446 3097 587 3143 ἀγαθόν·
610 3101 716 3132 τοῦτο
741 3094 779 3131 δέ
804 3094 899 3131 οὐδὲν
925 3095 1023 3144 διαφέ
1046 3111 1073 3129 ει
1091 3101 1153 3131 τοῦ
1172 3099 1225 3132 ὅτι
1251 3103 1318 3133 πᾶν
1342 3102 1357 3133 ὃ

366 3143 404 3176 οἲν
424 3143 444 3186 ᾖ
465 3143 592 3189 ἀγαθόν
617 3141 745 3189 ἀγαθόν
766 3141 849 3175 ἐστι.
865 3145 1003 3186 Ὁμοίως
1024 3111 1061 3177 gs*
1079 3146 1136 3176 καὶ
1155 3142 1210 3176 ἐπὶ
1231 3146 1294 3176 τοῦ
1309 3145 1357 3189 μή

366 3186 509 3234 ἀγαθοῦ.

285 3275 392 3308 ’Ὥστε
419 3278 510 3321 εἴπερ
536 3274 591 3307 ἐπὶ
615 3271 716 3315 δόξης
735 3274 841 3312 οὕτως
866 3274 947 3320 ἔχει,
963 3278 1024 3309 εἰσὶ
1042 3272 1079 3308 δὲ
1097 3278 1131 3307 αἱ
1151 3273 1182 3307 ἐν
1201 3277 1245 3316 τῇ
1264 3277 1355 3319 φωνῇ

362 3321 574 3365 καταφάσεις
599 3321 658 3351 καὶ
677 3317 862 3362 ἀποφάσεις
880 3319 1035 3363 σύμβολα
1052 3321 1118 3352 τῶν
1139 3318 1170 3351 ἐν
1188 3321 1234 3362 τῇ
1252 3320 1355 3365 ψυχῇ,

364 3360 468 3407 δῆλον
500 3364 553 3397 ὅτι
576 3365 635 3395 καὶ
667 3362 863 3406 καταφάσει
889 3363 1030 3397 ἐναντία
1055 3365 1114 3406 μέν
1143 3362 1309 3407 ἀπόφασις
1336 3366 1356 3401 ἡ

365 3411 438 3452 περὶ
464 3410 527 3441 τοῦ
553 3406 661 3440 αὑτοῦ
685 3406 846 3448 καθόλου,
873 3409 954 3449 οἷον,
982 3410 1027 3451 τῇ
1054 3407 1108 3440 ὅτι
1133 3408 1200 3439 πᾶν
1228 3406 1355 3453 ἀγαθὸν

367 3451 518 3499 ἀγαθόν,
545 3451 565 3489 ἦ
593 3451 645 3484 ὅτι
671 3453 737 3489 πᾶς
764 3450 933 3489 ἄνθοωπος
962 3450 1107 3498 ἀγαθός,
1135 3452 1155 3487 ’ἦ
1182 3450 1236 3484 ὅτι
1262 3450 1355 3484 οὐθὲν

366 3495 387 3533 ἦ
413 3493 533 3538 οὐδείς,
562 3494 789 3538 ἀντιφατικῶς
819 3482 857 3528 δὲ
883 3495 936 3528 ὅτι
961 3496 981 3533 ἦ
1008 3494 1045 3528 οὐ
1071 3496 1139 3528 πᾶν
1164 3496 1185 3532 ἦ
1211 3494 1249 3527 οὐ
1275 3497 1355 3533 πᾶς.

1476 1032 1512 1052 ex
1530 1023 1646 1063 quibus
1670 1030 1743 1053 sunt
1761 1024 1993 1063 generationes:
2019 1035 2055 1055 ex
2078 1027 2233 1066 oppositis
2249 1037 2323 1057 vero
2342 1038 2469 1068 genera-

1475 1067 1577 1097 tiones
1601 1074 1690 1097 sunt:
1716 1077 1812 1107 quare
1836 1068 1930 1098 etiam
1954 1068 2084 1101 fallacia.
2264 1078 2267 1081 '

1409 1111 1441 1141 Si
1466 1121 1540 1150 ergo
1564 1111 1653 1151 quod
1676 1111 1800 1142 bonum
1824 1118 1886 1149 est,
1907 1119 1936 1142 et
1960 1113 2099 1152 bonum,
2124 1121 2154 1144 et
2176 1125 2242 1145 non
2261 1116 2383 1146 malum
2406 1124 2469 1155 est;

1476 1162 1507 1185 et
1530 1155 1591 1184 hoc
1614 1155 1744 1195 quidem
1767 1156 1942 1186 secundum
1958 1167 2001 1195 se,
2026 1157 2105 1188 illud
2124 1169 2198 1189 vero
2223 1161 2397 1190 secundum
2421 1171 2469 1192 ac-

1477 1199 1583 1229 cidens
1608 1197 1733 1240 (accidit
1756 1200 1840 1229 enim
1864 1200 1891 1229 ei
1911 1210 1976 1230 non
2001 1202 2120 1232 malurn
2140 1201 2231 1243 esse);
2250 1204 2349 1243 magis
2363 1212 2470 1236 autern

1476 1243 1508 1273 in
1524 1253 1722 1283 unoquoque
1738 1254 1810 1273 vera
1825 1251 1880 1282 est,
1896 1254 1976 1284 quae
1999 1247 2172 1276 secundum
2189 1258 2221 1278 se
2238 1254 2283 1278 est
2301 1249 2394 1279 etiam
2413 1249 2470 1280 fal-

1477 1298 1520 1325 sa,
1546 1287 1702 1328 siquidem
1726 1294 1757 1318 et
1778 1298 1860 1318 vera.
1883 1289 1966 1328 Ergo
1991 1299 2025 1319 ea
2049 1300 2129 1330 quae
2154 1299 2208 1329 est,
2233 1293 2385 1332 quoniam
2404 1304 2470 1324 non

1477 1339 1523 1362 est
1546 1332 1669 1362 bonum
1693 1332 1780 1372 quod
1798 1333 1928 1362 'bonum
1952 1340 2014 1370 est,
2035 1334 2111 1372 eius,
2135 1345 2216 1376 quae
2244 1338 2419 1367 secundum
2438 1348 2470 1368 se

1477 1376 1554 1406 falsa
1582 1383 1645 1413 est;
1676 1376 1729 1406 illa
1761 1386 1836 1406 vero
1869 1387 1950 1417 quae
1980 1384 2043 1415 est,
2074 1380 2227 1418 quoniam
2255 1381 2376 1411 malum
2405 1388 2470 1419 est,

1477 1420 1562 1458 eius,
1594 1430 1675 1460 quae
1706 1427 1752 1451 est
1774 1421 1950 1451 secundum
1981 1422 2132 1452 accidens.
2158 1424 2263 1460 Quare
2293 1425 2392 1465 magis
2416 1426 2472 1456 erit

1477 1465 1554 1495 falsa
1577 1465 1616 1494 de
1646 1465 1732 1495 bono
1758 1475 1813 1503 ea,
1841 1475 1923 1505 quae
1953 1472 1999 1496 est
2021 1467 2195 1506 negationis
2220 1469 2350 1508 opinio,
2374 1480 2471 1510 quam

1478 1519 1529 1547 ea,
1549 1519 1630 1549 quae
1654 1516 1700 1539 est
1723 1509 1879 1540 contrarii.
1904 1510 2014 1541 Falsus
2037 1517 2143 1541 autem
2163 1519 2209 1542 est
2232 1513 2366 1543 maxime
2392 1514 2472 1544 circa

1477 1553 1610 1593 singula,
1624 1553 1679 1593 qui
1691 1553 1783 1583 habet
1799 1554 1986 1584 contrariam
2001 1555 2202 1595 opinionem:
2223 1557 2376 1587 contraria
2388 1558 2472 1587 enim

1478 1605 1552 1628 sunt
1575 1607 1706 1634 eorum,
1730 1608 1811 1638 quae
1835 1598 2011 1637 plurimum
2043 1599 2123 1630 circa
2151 1600 2236 1630 idem
2261 1601 2415 1632 differunt.
2440 1602 2472 1632 Si

1477 1642 1572 1682 igitur
1594 1642 1708 1672 harum
1731 1642 1884 1672 contraria
1915 1650 1960 1673 est
1983 1643 2088 1682 altera,
2112 1645 2212 1684 magis
2235 1655 2309 1675 vero
2333 1646 2471 1686 negatio-

1479 1687 1526 1716 nis
1559 1693 1605 1716 est
1628 1686 1798 1724 contraria;
1825 1686 2027 1717 manifestum
2058 1696 2104 1718 est
2129 1689 2283 1729 quoniam
2310 1690 2385 1720 haec
2416 1690 2473 1721 erit

1480 1730 1642 1761 contraria.
1661 1730 1715 1760 ma
1737 1741 1812 1760 vero
1829 1741 1910 1771 quae
1927 1739 1983 1769 est,
2003 1733 2157 1773 quoniam
2173 1733 2294 1764 malum
2310 1741 2366 1771 est,
2383 1735 2472 1774 quod

1478 1775 1602 1805 bonum
1626 1781 1682 1813 est,
1702 1775 1853 1815 implicita
1877 1782 1931 1806 est.
1949 1776 2076 1807 Etenim
2090 1777 2244 1817 quoniam
2260 1788 2326 1808 non
2349 1779 2472 1808 bonum

1480 1826 1536 1856 est,
1560 1829 1685 1849 necesse
1709 1826 1755 1850 est
1778 1819 1857 1850 forte
1880 1820 1966 1850 idem
1988 1821 2094 1860 ipsum
2118 1822 2250 1862 opinari.

1413 1863 1561 1903 Amplius
1591 1863 1616 1893 si
1647 1863 1741 1894 etiam
1771 1864 1803 1893 in
1828 1864 1895 1894 aliis
1923 1864 2064 1895 similiter
2092 1873 2216 1905 oportet
2231 1876 2271 1898 ,se
2294 1866 2417 1904 habere,
2442 1874 2472 1897 et

1479 1908 1542 1939 hoc
1558 1909 1656 1938 modo
1671 1908 1828 1938 videbitur
1843 1909 1922 1938 bene
1938 1919 2004 1939 esse
2021 1909 2150 1941 dictum.
2167 1913 2232 1941 Aut
2250 1911 2335 1941 enim
2354 1911 2471 1951 ubique

1480 1962 1526 1990 ea,
1541 1962 1622 1993 quae
1642 1959 1687 1983 est
1707 1952 1971 1990 contradictionis,
1988 1961 2043 1993 aut
2061 1964 2229 1994 nusquam.
2252 1955 2376 1992 Quibus
2397 1965 2471 1985 vero

1479 2007 1545 2026 non
1569 2004 1615 2027 est
1638 1997 1849 2035 contrarium,
1881 1998 1918 2028 de
1942 1997 1990 2027 his
2006 1999 2136 2038 quidem
2152 2006 2198 2029 est
2214 1999 2289 2029 falsa
2313 2009 2368 2037 ea,
2391 2010 2472 2040 quae

1479 2048 1526 2072 est
1540 2051 1630 2071 verae
1646 2041 1813 2081 opposita;
1834 2048 1869 2072 ut
1884 2042 1939 2082 qui
1963 2042 2128 2073 hominem
2145 2053 2210 2073 non
2227 2050 2316 2083 putat
2331 2054 2397 2074 esse
2415 2045 2472 2074 ho-

1479 2085 1610 2123 minem,
1622 2085 1718 2116 falsus
1734 2092 1789 2116 est.
1802 2086 1833 2116 Si
1849 2096 1922 2126 ergo
1932 2086 1990 2117 hae
2006 2088 2177 2118 contrariae
2192 2094 2275 2126 sunt,
2287 2088 2382 2118 etiam
2396 2089 2472 2118 aliae

1478 2139 1561 2170 quae
1585 2136 1658 2160 sunt
1682 2130 1954 2161 contradictiones.

1412 2174 1560 2214 Amplius
1584 2174 1725 2204 similiter
1748 2184 1780 2204 se
1803 2174 1896 2205 habet
1919 2175 2028 2215 opinio
2053 2176 2143 2214 boni,
2168 2177 2320 2217 quoniam
2350 2177 2473 2207 bonum

1480 2225 1544 2256 est,
1570 2225 1600 2248 et
1623 2228 1688 2248 non
1712 2219 1799 2256 boni,
1819 2219 1972 2259 quoniam
1991 2230 2057 2250 non
2076 2221 2198 2251 bonum
2217 2227 2271 2251 est.
2288 2222 2328 2251 Et
2353 2228 2473 2261 praeter

1480 2262 1536 2292 has
1555 2262 1642 2300 boni,
1662 2263 1815 2303 quoniam
1833 2273 1897 2293 non
1923 2264 2045 2294 bonum
2069 2272 2125 2302 est,
2150 2272 2179 2295 et
2201 2275 2266 2295 non
2291 2265 2367 2295 boni
2391 2276 2472 2305 quo-

1481 2306 1566 2336 niam
1590 2307 1713 2337 bonum
1732 2314 1787 2337 est.
1806 2307 1852 2337 Illi
1869 2317 1943 2347 ergo
1962 2318 2043 2349 quae
2063 2316 2119 2347 est,
2143 2319 2208 2338 non
2224 2309 2300 2339 boni
2319 2310 2472 2350 quoniam

1480 2361 1546 2381 non
1566 2351 1688 2381 bonum
1712 2358 1768 2389 est;
1792 2361 1881 2382 verae
1905 2352 2079 2392 opinationi
2103 2363 2259 2393 quaenam
2282 2361 2329 2384 est
2352 2347 2472 2384 contia—

1480 2393 1544 2425 ria?
1564 2405 1628 2425 non
1658 2395 1743 2425 enim
1767 2405 1813 2433 ea,
1830 2406 1911 2436 quae
1934 2397 2008 2426 dicit
2030 2397 2183 2437 quoniam
2209 2399 2330 2428 malurn
2352 2406 2413 2429 est:
2434 2398 2472 2428 si-

1481 2439 1549 2469 mul
1573 2439 1657 2469 enim
1673 2439 1843 2480 aliquando
1859 2450 1949 2470 verae
1972 2448 2073 2472 erunt.
2090 2442 2264 2482 Nunquam
2280 2449 2386 2473 autem
2401 2453 2473 2473 vera

1479 2493 1569 2513 verae
1602 2490 1648 2514 est
1677 2484 1845 2514 contraria:
1874 2491 1920 2515 est
1943 2485 2028 2515 enirn
2055 2486 2231 2527 quidquam
2259 2497 2324 2517 non
2350 2488 2473 2517 bonum

1481 2527 1611 2558 malum.
1632 2528 1738 2564 Quare
1758 2528 1910 2568 contingit
1933 2529 2028 2559 simul
2043 2541 2110 2561 esse
2137 2541 2233 2561 veras.
2258 2533 2301 2561 At
2322 2541 2396 2561 vero
2415 2541 2472 2562 nec

1480 2572 1544 2610 illa,
1561 2582 1642 2612 quae
1659 2579 1715 2610 est,
1735 2573 1824 2612 quod
1842 2583 1908 2602 non
1923 2573 2062 2605 malum:
2079 2585 2151 2605 vera
2167 2575 2252 2606 enim
2275 2576 2415 2607 et,haec:
2432 2576 2471 2606 si-

1481 2617 1550 2647 mul
1569 2616 1654 2646 enim
1673 2623 1703 2647 et
1726 2617 1801 2647 haec
1825 2624 1926 2648 erunt.
1946 2618 2146 2660 Relinquitur
2165 2630 2250 2659 ergo,
2273 2620 2311 2656 ei,
2327 2630 2408 2660 quae
2427 2627 2472 2650 est

1481 2671 1547 2691 non
1575 2661 1709 2699 bonurn,
1737 2661 1891 2701 quoniam
1918 2672 1984 2692 non
2011 2664 2134 2694 bonum
2164 2671 2219 2702 est,
2245 2665 2396 2694 contraria
2425 2675 2471 2702 ea,

1481 2716 1562 2746 quae
1579 2713 1635 2743 est,
1659 2715 1724 2735 non
1748 2706 1844 2744 boni,
1868 2707 2021 2746 quoniam
2044 2709 2166 2738 bonum
2190 2715 2245 2738 est.
2270 2709 2360 2738 Falsa
2388 2708 2472 2739 enim

1481 2750 1567 2781 haec.
1588 2751 1694 2787 Quare
1717 2757 1748 2780 et
1763 2760 1809 2788 ea,
1826 2761 1907 2791 quae
1924 2758 1968 2781 est
1988 2752 2074 2790 boni,
2091 2752 2243 2793 quoniam
2264 2763 2328 2783 non
2349 2754 2471 2783 bonum

1482 2801 1538 2832 est,
1562 2794 1601 2832 ei,
1620 2804 1702 2834 quae
1721 2801 1766 2825 est
1784 2795 1872 2833 boni,
1892 2796 2044 2836 quoniam
2068 2803 2114 2826 est
2137 2797 2268 2827 bonum.

1415 2838 1619 2869 Manifestum
1643 2845 1689 2868 est
1711 2845 1818 2869 autem
1841 2840 1994 2880 quoniam
2018 2841 2095 2870 nihil
2118 2840 2245 2870 interest
2267 2850 2324 2871 nec
2351 2841 2376 2870 si
2400 2840 2470 2870 uni-

1481 2884 1640 2913 versaliter
1654 2893 1812 2923 ponamus
1835 2883 2086 2915 affirmationem.
2104 2885 2293 2915 Universalis
2309 2885 2393 2914 enim
2416 2894 2470 2914 ne-

1482 2928 1566 2967 gatio
1587 2927 1739 2958 contraria
1765 2927 1838 2965 erit;
1862 2935 1897 2958 ut
1923 2928 2078 2968 opinioni,
2102 2939 2182 2969 quae
2206 2929 2363 2968 opinatur,
2390 2939 2470 2969 quo-

1481 2972 1567 3002 niam
1591 2982 1686 3002 omne
1710 2972 1798 3012 quod
1822 2979 1868 3002 est
1890 2972 2023 3010 bonum,
2040 2973 2163 3002 bonum
2185 2979 2240 3009 est,
2258 2982 2293 3002 ea
2316 2983 2397 3013 quae
2413 2980 2469 3011 est,

1481 3016 1635 3056 quoniam
1651 3016 1729 3045 nihil
1748 3016 1864 3046 horum
1881 3026 1961 3056 quae
1978 3017 2060 3046 bona
2079 3023 2162 3054 sunt,
2176 3017 2297 3047 bonurn
2314 3024 2368 3047 est.
2387 3018 2470 3047 Narn

1482 3070 1518 3090 ea
1547 3070 1629 3100 quae
1653 3067 1698 3090 est
1720 3060 1796 3089 boni
1812 3060 1965 3100 quoniam
1984 3061 2106 3090 bonum
2129 3067 2185 3098 est,
2209 3061 2235 3090 si
2258 3061 2471 3092 universaliter

1481 3104 1520 3134 sit
1538 3104 1672 3141 bonum,
1693 3104 1802 3133 eadem
1820 3110 1865 3134 est
1886 3104 1914 3134 ei
1929 3114 2009 3144 quae
2029 3105 2186 3143 opinatur,
2203 3105 2291 3144 quod
2314 3105 2470 3146 quidquid

1480 3148 1604 3178 bonum
1627 3154 1683 3185 est,
1707 3148 1860 3188 quoniam
1879 3148 2001 3178 bonurn
2021 3155 2075 3178 est.
2096 3149 2167 3178 Hoc
2183 3155 2288 3179 autern
2311 3150 2389 3180 nihil
2412 3149 2470 3180 dif-

1481 3191 1539 3222 fert
1561 3192 1599 3221 ab
1624 3201 1662 3221 eo
1686 3192 1774 3231 quod
1798 3198 1853 3230 est,
1873 3193 1962 3231 quod
1985 3202 2081 3222 omne
2097 3193 2184 3232 quod
2201 3200 2246 3223 est
2265 3194 2397 3232 bonum,
2413 3194 2469 3224 bo-

1480 3245 1559 3265 num
1582 3242 1637 3265 est.
1654 3234 1801 3265 Similiter
1819 3242 1925 3265 autem
1945 3242 1974 3266 et
1992 3235 2025 3265 in
2048 3246 2114 3266 non
2133 3237 2229 3266 bono.

1414 3278 1519 3314 Quare
1543 3279 1568 3308 si
1591 3279 1623 3308 in
1648 3279 1799 3318 opinione
1823 3279 1865 3308 sic
1889 3289 1921 3309 se
1944 3279 2054 3318 habet;
2081 3287 2154 3310 sunt
2176 3287 2281 3311 autem
2307 3281 2364 3311 hae
2389 3292 2470 3322 quae

1480 3329 1554 3352 sunt
1574 3322 1607 3352 in
1630 3332 1708 3352 voce
1731 3322 1954 3353 affirmationes
1983 3331 2012 3353 et
2034 3324 2214 3363 negationes
2237 3331 2330 3355 notae
2358 3335 2470 3356 eorum

1479 3376 1560 3406 quae
1584 3372 1657 3396 sunt
1679 3366 1711 3395 in
1735 3367 1854 3403 anima;
1871 3367 2073 3397 manifestum
2097 3374 2142 3398 est
2164 3368 2317 3408 quoniam
2335 3369 2469 3400 affirma-

1480 3409 1558 3440 tioni
1574 3410 1727 3439 contraria
1749 3410 1879 3450 quidem
1895 3411 2018 3450 negatio
2036 3418 2091 3448 est,
2108 3421 2188 3451 quae
2208 3412 2246 3442 de
2270 3413 2382 3443 eodem
2399 3413 2468 3443 uni-

1479 3454 1654 3491 versaliter3
1674 3460 1709 3483 ut
1732 3453 1770 3491 ei,
1790 3463 1870 3493 quae
1894 3460 1949 3491 est,
1966 3454 2119 3494 quoniam
2149 3465 2244 3486 omne
2267 3457 2389 3487 bonum
2413 3458 2468 3488 bo-

1481 3507 1560 3527 nurn
1579 3503 1635 3534 est,
1654 3497 1704 3527 vel
1718 3497 1871 3537 quoniam
1891 3498 1995 3528 omnis
2014 3498 2113 3528 homo
2133 3499 2247 3538 bonus,
2263 3510 2298 3530 ea
2314 3511 2394 3541 quae
2412 3508 2468 3539 est,

1481 3541 1634 3581 quoniam
1657 3541 1783 3571 nullum
1795 3542 1844 3571 vel
1861 3542 1979 3572 nullus:
2002 3542 2238 3574 contradictorie
2263 3551 2369 3575 autem
2387 3555 2468 3586 quae

1480 3592 1536 3624 est,
1556 3585 1643 3625 quod
1667 3595 1732 3615 non
1747 3595 1842 3615 omne
1866 3592 1919 3616 aut
1941 3595 2007 3616 non
2031 3586 2146 3617 omnis.

2501 991 2510 1001 '
2522 991 2577 1018 Seq.
2587 996 2661 1012 ουν.
