2788 4204
86 583 95 591 '
110 581 183 602 Plato.
198 591 208 596 -
221 580 246 601 In
260 580 299 600 Ti-

85 613 163 628 maeo.
171 607 224 628 -Cf.
229 607 299 627 Arist

86 634 96 654 1
106 634 142 655 De
149 634 238 659 ani,ma
248 639 299 660 cap.

86 666 187 708 Πῢέἆὲκ
198 686 261 713 quod
275 686 299 707 in

87 714 144 737 hoc:
159 719 236 734 nom.
248 713 299 734 hoc.

85 730 197 762 *ffcodd-
188 746 231 760 -εν
240 745 298 766 pro-

83 769 157 794 pter-‚⁷
167 773 180 788 c
191 767 212 787 h.
222 767 264 787 lac.

86 798 97 808 ¹⁵
107 798 192 818 ΡΙειῐο.-
201 797 226 818 In
236 796 297 817 Par-

84 823 183 845 menide.

82 1118 93 1129 ⁴*
107 1117 181 1139 Pluto.
191 1128 202 1133 -
212 1116 237 1138 In
254 1116 294 1138 Ti-

81 1150 157 1165 maeo.

178 1224 194 1240 κ

80 1275 91 1286 ⁸
107 1275 201 1301 Carnu,
219 1282 241 1296 n.
252 1281 271 1296 2.
284 1286 294 1291 -

81 1302 212 1324 Commeat.
222 1309 240 1323 s.
250 1302 294 1323 Th.

80 1329 131 1350 lect.
142 1335 174 1350 ιιι.

175 1371 194 1396 λ

80 1545 88 1553 ·
104 1550 129 1564 L:
145 1543 185 1566 sit.

331 225 405 261 338

910 222 1295 260 POSTERIORUM
1322 221 1755 259 ANALYTICORUM
1783 222 1878 259 LIB.
1910 223 1943 258 II

327 311 540 342 monstrare
568 316 638 353 per
667 304 851 341 terminos
886 301 1151 340 convertibiles
1180 301 1282 349 quod
1312 301 1403 349 quid
1455 301 1592 337 meri*
1611 301 1804 338 moventis
1832 301 2015 351 seipsum,
2036 302 2142 351 quod
2165 301 2212 339 sit
2230 302 2336 352 quod
2364 302 2456 352 quid
2476 310 2532 340 est
2560 313 2666 335 Codde
2655 314 2775 343 -ν-ίρείιιε

328 364 382 395 est
408 357 563 395 alicuius
592 357 663 405 rei,
692 365 783 406 puta
802 357 893 405 quid
919 362 973 392 est
999 355 1141 399 anima,
1157 355 1219 390 vel
1245 354 1336 402 quid
1348 359 1403 390 est
1454 354 1572 403 ipsius
1602 354 1764 391 animae.

327 413 461 458 homo,
490 412 551 448 vel
578 412 824 460 quodcunque
852 409 957 446 aliud
983 407 1212 452 huiusmodi,
1243 419 1398 444 necesse

329 472 384 501 est
421 465 526 513 quod
564 464 730 501 incidant
769 463 806 499 in
843 464 918 499 hoc
956 461 1060 510 quod
1094 467 1226 508 petant
1261 460 1398 509 princi-

326 518 446 567 pium.
469 518 517 555 Et
536 517 678 554 inducit
698 517 916 565 exemplum
938 515 985 551 de
1006 513 1225 551 definitione
1246 514 1398 550 animae

328 572 539 608 secundum
561 572 759 607 Platonem
777 571 808 606 ²³².
832 569 931 615 Quia
962 567 1063 604 enim
1089 567 1217 604 anima
1235 567 1341 613 vivit,
1364 575 1400 604 et

329 632 384 661 est
408 624 558 674 corpori
583 635 695 659 causa
719 622 887 668 vivendi,
924 620 1094 670 sequitur
1121 621 1227 668 quod
1244 622 1264 642 ’²²
1293 620 1398 658 diffe-

329 685 384 714 rat
407 690 429 714 a
453 689 612 726 corpore
649 688 719 725 per
745 677 820 712 hoc
848 674 953 724 quod
983 686 1121 722 corpus
1153 674 1248 711 vivit
1283 686 1354 723 per
1378 675 1398 695 ²⁸

327 731 439 767 aliam
457 742 628 776 causam,
659 728 787 765 anima
806 741 901 765 vero
922 728 1017 764 vivit
1035 739 1105 776 per
1124 727 1301 776 seipsam.
1324 728 1398 764 Po-

326 785 441 821 nebat
464 791 590 820 autem
612 783 719 819 Plato
745 784 765 804 *¹
785 782 891 831 quod
911 793 1093 818 numerus
1115 788 1170 817 est
1189 781 1398 818 substantia

326 837 500 874 omnium
525 848 672 872 rerum:
705 848 751 872 eo
780 835 886 884 quod
915 848 994 872 non
1023 834 1275 882 distinguebat
1303 834 1399 871 inter

324 903 445 926 unum
465 890 569 939 quod
591 889 823 926 convertitur
844 901 931 925 cum
957 896 1055 935 ente,
1083 888 1188 937 quod
1214 888 1399 935 significat

325 943 573 980 substantiam
594 943 673 980 eius
694 943 741 980 de
761 955 839 991 quo
861 942 1005 988 dicitur,
1019 949 1055 978 et
1076 953 1196 978 unum
1217 941 1323 990 quod
1343 950 1399 978 est

322 997 549 1046 principium
579 996 750 1042 numeri;
776 1004 811 1032 et
831 995 881 1032 ita
901 996 1131 1044 sequebatur
1149 994 1254 1044 quod
1269 995 1398 1032 anima

323 1050 614 1087 substantialiter
641 1050 687 1087 sit
714 1060 909 1096 numerus,
931 1049 1026 1086 sicut
1054 1056 1090 1085 et
1108 1048 1299 1097 quaelibet
1327 1049 1399 1085 alia

324 1115 383 1140 res
402 1104 520 1140 multa
541 1103 580 1140 in
608 1110 649 1141 se
683 1103 891 1140 continens.
927 1104 1022 1139 Item
1050 1102 1220 1151 ponebat
1247 1102 1356 1139 Plato
1378 1104 1398 1124 ’⁸

324 1157 428 1206 quod
456 1157 587 1194 vivere
616 1156 662 1194 sit
690 1156 888 1206 quoddam
910 1156 1071 1193 moveri.
1102 1156 1266 1192 Duobus
1296 1155 1398 1193 enim

324 1210 560 1258 distinguitur
573 1211 709 1248 vivum
725 1224 747 1248 a
762 1223 841 1247 non
859 1210 1025 1256 vivente,
1043 1209 1182 1246 scilicet
1201 1221 1314 1246 sensu
1329 1216 1343 1230 ³‘
1363 1217 1399 1247 et

324 1272 443 1311 motu,
465 1273 506 1301 ut
524 1263 659 1301 dicitur
678 1264 715 1301 in
736 1266 749 1301 Ι
770 1265 831 1301 De
849 1264 979 1301 anima
1000 1264 1038 1308 *,·
1058 1271 1094 1300 et
1112 1263 1239 1312 ipsum
1261 1263 1398 1300 sentire

324 1318 404 1355 sive
435 1330 666 1365 cognoscere
700 1318 851 1354 dicebat
888 1329 969 1354 esse
1008 1317 1206 1365 quoddam
1234 1317 1396 1354 moveri.

325 1371 387 1408 Sic
408 1384 497 1419 ergo
516 1369 530 1392 λ
548 1372 697 1408 dicebat
717 1371 886 1408 animam
903 1383 985 1408 esse
1006 1381 1212 1407 numerum
1228 1369 1397 1419 seipsum

323 1433 567 1462 moventem:
595 1425 745 1462 dicebat
774 1423 886 1460 etiam
918 1424 1089 1460 animam
1119 1435 1201 1459 esse
1231 1422 1269 1460 id
1293 1424 1398 1472 quod

324 1486 380 1515 est
408 1479 477 1515 sibi
507 1491 621 1516 causa
648 1477 814 1515 vivendi.
847 1477 887 1513 Si
906 1477 990 1526 quis
1013 1489 1103 1524 ergo
1123 1475 1214 1512 velit
1231 1477 1397 1526 probare

323 1532 414 1581 quid
432 1539 487 1569 est
507 1533 527 1553 ’¹²
547 1533 692 1578 anima,
715 1531 803 1580 quia
823 1530 962 1567 scilicet
987 1538 1042 1567 est
1062 1530 1099 1566 id
1125 1530 1231 1578 quod
1251 1538 1307 1567 est
1326 1530 1397 1567 sibi

323 1598 437 1622 causa
456 1585 625 1633 vivendi,
648 1593 684 1622 et
703 1592 871 1621 assumat
889 1597 960 1633 pro
989 1584 1119 1621 medio
1143 1584 1249 1631 quod
1268 1583 1397 1621 anima

323 1646 378 1675 est
405 1651 588 1676 numerus
623 1639 791 1688 seipsum
825 1650 1010 1686 movens,
1049 1647 1204 1675 necesse
1239 1645 1295 1674 est
1321 1638 1396 1675 hoc

320 1700 461 1740 petere,
483 1693 622 1729 scilicet
649 1692 754 1742 quod
783 1691 912 1728 anima
941 1691 987 1729 sit
1014 1703 1198 1729 numerus
1226 1691 1396 1741 seipsum

321 1758 502 1782 movens:
532 1746 582 1783 ita
611 1746 750 1783 scilicet
778 1745 884 1795 quod
912 1746 987 1782 hoc
1016 1745 1062 1783 sit
1091 1746 1194 1783 idem
1219 1744 1290 1794 ipsi
1319 1745 1397 1782 ani-

321 1811 420 1846 mae,
450 1807 634 1849 tanquam
655 1799 760 1848 quod
780 1798 873 1847 quid
902 1806 958 1835 est
987 1799 1078 1836 eius.
1108 1798 1289 1849 Alioquin
1317 1811 1397 1836 non

321 1861 543 1901 sequeretur
566 1855 671 1902 quod
691 1853 721 1890 si
740 1852 880 1902 aliquid
910 1860 966 1889 est
993 1853 1098 1902 quod
1126 1853 1219 1902 quid
1244 1859 1299 1890 est
1327 1865 1396 1889 nu-

374 2018 399 2050 x)
421 2017 526 2042 Scilicet
544 2024 622 2042 sensu
642 2022 691 2042 etc.
704 2017 767 2041 -lta
786 2016 870 2046 codd„
885 2024 939 2041 exc..
953 2016 991 2047 G;
1007 2016 1040 2041 P:
1062 2016 1130 2041 idest
1148 2023 1225 2041 sensu
1245 2020 1307 2047 etc.;
1322 2016 1360 2040 G:
1379 2022 1397 2040 a

321 2061 373 2079 non
394 2053 498 2078 vivente
515 2053 659 2078 secundum
679 2059 783 2078 sensum
803 2055 830 2077 et
849 2055 958 2077 motum.

374 2087 402 2121 λ)
423 2089 468 2114 Sic
487 2096 551 2122 ergo
571 2094 649 2113 etc.—
658 2088 703 2112 AN
725 2095 778 2112 orn.
794 2088 839 2112 Sic
859 2095 969 2121 ergo...
989 2094 1137 2112 numerum.
1160 2087 1198 2117 Q.
1221 2087 1297 2112 Sicut
1321 2094 1396 2121 erg-o.

375 2125 403 2159 μ)
423 2125 460 2149 Et
476 2125 499 2148 B
516 2124 636 2156 sequitur
651 2129 724 2148 etc.-
733 2123 757 2148 O
768 2131 821 2148 om.
841 2126 867 2148 et
882 2123 993 2153 85F1Q
1005 2131 1059 2148 om.
1073 2123 1202 2155 sequitur.
1211 2123 1273 2147 —P:
1286 2123 1359 2166 quod
1371 2123 1395 2147 A

320 2161 405 2186 solum
422 2160 485 2185 insit
501 2161 534 2187 C,·
548 2161 594 2184 sed
608 2167 701 2184 omnes
717 2159 791 2184 codd.
804 2167 858 2183 om.
872 2160 966 2184 solum.
981 2159 1080 2184 Textus
1095 2158 1173 2183 habet
1187 2159 1293 2191 quidem
1307 2156 1395 2192 μόνον,

321 2196 367 2220 sed
386 2196 445 2220 huic
456 2196 511 2220 voci
527 2196 593 2220 bene
608 2195 794 2227 correspondet
807 2195 972 2226 simpliciter,
988 2199 1049 2227 post
1063 2194 1135 2227 quod
1150 2194 1234 2219 solum
1250 2194 1395 2219 redundare

320 2232 429 2257 videtur.
449 2232 480 2256 S:
500 2231 571 2264 quod
588 2232 611 2255 A
630 2231 745 2259 scilicet5
759 2235 784 2255 et
803 2238 855 2254 non
874 2230 940 2255 bene
959 2238 1019 2255 cum
1034 2230 1072 2255 G:
1086 2230 1122 2255 sit
1137 2230 1166 2254 C.

374 2268 397 2300 ν)
417 2267 591 2301 Manifestum
615 2269 654 2291 est
673 2266 742 2291 enim
762 2266 811 2291 hoc
829 2266 901 2298 quod
920 2269 959 2291 est
977 2266 1091 2290 animali
1108 2272 1173 2290 esse.
1186 2265 1290 2290 *Haec
1308 2265 1395 2290 omnia

320 2303 413 2333 verba,
433 2310 501 2345 quae
516 2302 712 2327 desiderantur·
706 2310 731 2326 m
747 2302 775 2332 Ρ,
790 2307 815 2326 et
830 2310 897 2334 quae
912 2307 972 2326 sunt
985 2302 1010 2326 in
1025 2307 1094 2326 textu
1109 2301 1256 2326 Aristotelis
1272 2297 1331 2334 (και
1344 2297 1394 2334 γὰρ

321 2335 351 2364 τὸ
367 2337 426 2372 ζῴῳ
441 2331 526 2371 εἶναι),
546 2338 619 2363 cuius
637 2338 717 2363 verba
735 2337 775 2362 hic
794 2338 932 2362 recitantur
951 2345 966 2362 a
985 2345 1008 2363 s.
1018 2337 1131 2368 Thomu,
1146 2336 1266 2362 addimus
1286 2344 1318 2361 ex
1331 2344 1394 2361 con-

1515 420 1527 444 ι
1537 420 1572 444 2.
1585 408 1729 455 Tertio,
1746 408 1809 445 ibi:
1821 408 1913 445 Non
1930 409 2030 445 enim
2044 421 2075 456 st
2090 409 2330 457 consequitur
2345 416 2429 457 etc„
2440 422 2529 458 pro-

1455 461 1519 497 bat
1528 462 1781 510 propositum,
1794 461 1933 499 scilicet
1943 463 2048 511 quod
2058 462 2140 499 talis
2150 462 2327 511 probatio
2339 463 2531 501 contineat

1452 514 1676 562 petitionem
1710 514 1901 564 principii;
1933 523 1970 552 et
1998 515 2087 552 dicit
2114 517 2219 564 quod
2247 528 2328 553 non
2361 516 2531 565 sequitur

1454 568 1559 615 quod
1588 567 1712 605 maior
1741 568 1968 617 extremitas,
1989 581 2089 617 quae
2116 578 2171 606 est
2189 572 2235 616 A,
2256 569 2303 606 sit
2322 571 2424 618 quod
2441 570 2532 618 quid

1453 626 1509 657 est
1524 620 1684 658 minoris
1704 622 1959 669 extremitatis,
1976 635 2075 671 quae
2092 631 2147 660 est
2162 623 2206 669 C,
2225 635 2271 659 ex
2285 623 2359 660 hoc
2374 623 2479 672 quod
2493 624 2529 660 A

1454 674 1623 723 sequitur
1650 674 1700 712 ad
1719 675 1750 711 B
1781 683 1817 712 et
1835 676 1866 712 B
1893 676 2063 724 sequitur
2080 682 2100 703 ¹¹⁸
2119 676 2169 713 ad
2189 677 2242 723 C;
2272 677 2339 713 sed
2359 677 2530 725 sequitur

1453 727 1672 776 simpliciter
1699 729 1806 776 quod
1833 730 1868 765 A
1896 728 1983 766 insit
2017 729 2060 766 C.
2092 730 2141 766 Et
2169 729 2199 766 si
2236 729 2391 766 ulterius
2420 731 2530 767 detur

1453 782 1559 830 quod
1590 781 1717 830 ipsum
1755 783 1790 818 A
1823 781 1870 818 sit
1896 783 1916 803 ²³*
1945 782 2052 831 quod
2081 782 2173 831 quid
2202 790 2258 819 est
2285 782 2463 832 alicuius,
2494 791 2531 820 et

1451 834 1692 883 praedicetur
1721 835 1741 856 '¹‘
1769 835 2033 872 universaliter
2059 835 2108 872 de
2131 837 2183 884 B,
2213 848 2294 872 non
2321 836 2448 873 adhuc
2473 849 2530 874 se-

1453 887 1580 936 quitur
1598 888 1704 937 quod
1731 890 1767 925 A
1796 888 1841 925 sit
1860 889 1966 938 quod
1994 888 2087 938 quid
2108 897 2163 926 est
2190 888 2308 939 ipsius
2337 890 2386 926 C:
2407 889 2530 927 mani-

1453 942 1592 978 festum
1628 948 1683 978 est
1718 941 1822 979 enim
1855 942 1931 979 hoc
1969 942 2076 991 quod
2114 950 2169 980 est
2206 942 2362 980 animali
2394 955 2473 981 esse
2501 949 2528 991 ⁹,

1452 995 1550 1032 idest
1577 995 1683 1043 quod
1708 995 1801 1044 quid
1830 1003 1887 1032 est
1920 995 2111 1044 animalis,
2142 996 2354 1046 praedicari
2382 996 2430 1034 de
2454 997 2530 1034 hoc

1453 1048 1558 1098 quod
1579 1056 1635 1085 est
1652 1049 1801 1086 homini
1820 1061 1910 1095 esse,
1931 1049 2027 1087 idest
2046 1050 2093 1087 de
2123 1062 2170 1087 eo
2190 1050 2296 1099 quod
2315 1057 2372 1087 est
2390 1051 2411 1072 *²
2431 1050 2533 1099 quod

1453 1103 1544 1151 quid
1575 1108 1630 1139 est
1664 1102 1843 1139 hominis.
1875 1102 1981 1140 Sicut
2018 1103 2121 1140 enim
2154 1115 2293 1141 verum
2333 1111 2388 1141 est
2424 1104 2532 1153 quod

1453 1156 1596 1193 animal
1630 1156 1892 1193 universaliter
1923 1157 2164 1205 praedicatur
2191 1158 2239 1195 de
2271 1157 2441 1205 homine,
2480 1157 2531 1195 ita

1452 1222 1591 1247 verum
1622 1217 1678 1246 est
1714 1209 1821 1260 quod
1855 1209 2025 1247 definitio
2060 1210 2235 1248 animalis
2262 1211 2532 1257 ssuniversaliter

1452 1263 1692 1312 praedicetur
1721 1263 1768 1300 de
1794 1263 2016 1301 definitione
2045 1264 2224 1311 hominis,
2242 1277 2322 1302 non
2340 1272 2472 1302 tamen
2489 1271 2532 1302 ut

1453 1316 1527 1354 sint
1555 1317 1715 1354 omnino
1739 1329 1862 1354 unum
1892 1325 1928 1354 et
1951 1317 2067 1355 idem.
2090 1318 2153 1355 Sic
2171 1318 2283 1367 igitur
2300 1325 2406 1367 patet
2423 1317 2531 1368 quod

1453 1370 1483 1407 si
1513 1370 1646 1419 aliquis
1675 1383 1755 1408 non
1783 1370 1836 1407 sic
1865 1371 2026 1421 accipiat
2058 1371 2261 1420 terminos,
2290 1379 2332 1409 ut
2358 1371 2531 1421 primum

1453 1423 1498 1460 sit
1536 1423 1695 1461 omnino
1733 1436 1856 1461 unum
1894 1432 1931 1461 et
1968 1424 2071 1462 idem
2113 1425 2262 1473 medio,
2293 1433 2330 1463 et
2357 1425 2531 1463 medium

1452 1477 1604 1524 ultimo,
1635 1490 1714 1514 non
1742 1477 1882 1526 poterit
1908 1478 2120 1539 syllogizari
2138 1479 2244 1529 quod
2264 1481 2316 1527 A,
2341 1479 2447 1528 quod
2476 1485 2532 1516 est

1450 1530 1642 1579 primum,
1657 1530 1718 1607 ‘sit
1745 1531 1851 1579 quod
1879 1531 1973 1579 quid
1998 1540 2054 1569 est
2072 1532 2143 1581 ipsi
2171 1533 2216 1580 C,
2238 1532 2346 1582 quod
2369 1539 2425 1569 est
2446 1531 2531 1569 ulti-

1451 1596 1575 1631 mum,
1602 1581 1671 1620 etf
1687 1584 1850 1621 essentia
1879 1584 1970 1622 eius.
2002 1585 2044 1622 Si
2069 1597 2165 1623 vero
2195 1586 2430 1645 accipiantur
2456 1593 2530 1623 ter-

1452 1637 1547 1674 mini
1567 1637 1687 1675 modo
1709 1639 1729 1660 *
1748 1637 1957 1687 praedicto,
1978 1638 2149 1688 sequitur
2172 1640 2278 1699 quod
2305 1639 2531 1689 priusquam

1452 1691 1720 1738 concludatur,
1750 1691 1956 1741 accipiatur
1983 1692 2023 1729 in
2054 1692 2275 1742 praemissis
2302 1692 2410 1743 quod
2438 1692 2531 1742 quid

1453 1752 1508 1782 est
1535 1744 1654 1794 ipsius
1688 1745 1736 1792 C,
1767 1745 1906 1782 scilicet
1933 1745 2061 1794 ipsum
2089 1747 2132 1783 Β.
2164 1747 2223 1783 Ex
2254 1757 2333 1796 quo
2362 1746 2532 1796 sequitur

1452 1799 1557 1847 quod
1576 1811 1655 1836 non
1684 1798 1730 1836 sit
1755 1799 2051 1848 demonstratio,
2077 1800 2145 1838 sed
2171 1799 2302 1850 petitio
2330 1800 2394 1838 vel
2422 1810 2530 1851 acce·

1450 1851 1530 1901 ptio
1558 1852 1746 1901 principii.

1451 2023 1532 2040 sensu
1550 2016 1666 2040 unanimi
1684 2015 1803 2040 omnium
1822 2020 1974 2040 nostrorum
1993 2015 2097 2040 codd.-
2108 2015 2244 2041 Praeterea
2258 2015 2371 2041 notanda
2388 2020 2431 2041 est
2443 2015 2528 2042 forma

1452 2059 1504 2084 qua
1518 2051 1567 2076 hoc
1582 2051 1641 2076 loco
1654 2051 1735 2076 utitur
1747 2051 1901 2076 Aristoteles
1911 2051 1943 2076 ad
1957 2051 2146 2083 designandum
2158 2051 2231 2084 quod
2242 2051 2309 2084 qm’d
2321 2054 2362 2077 est
2374 2049 2418 2085 (cf.
2427 2056 2482 2077 not.
2490 2050 2528 2087 ζ),

1451 2094 1559 2119 nempe,
1572 2086 1622 2111 hoc
1637 2087 1708 2120 quod
1728 2091 1768 2111 est
1786 2086 1888 2112 homini
1906 2093 1975 2117 esse,
1995 2086 2046 2112 hoc
2065 2087 2137 2120 quod
2151 2091 2192 2112 est
2205 2087 2318 2112 animali
2331 2094 2395 2113 esse.
2410 2096 2424 2110 ι
2439 2086 2527 2112 Scien-

1453 2123 1543 2148 »dum
1557 2127 1643 2148 autem
1657 2127 1709 2152 est,
1725 2122 1812 2155 inquit
1824 2129 1846 2147 s.
1861 2122 1976 2148 nomas
1990 2122 2017 2148 in
2037 2122 2089 2148 VII
2103 2122 2267 2156 Metaphys„
2283 2123 2342 2148 1ect.
2354 2130 2398 2154 ιιι,
2411 2122 2483 2155 quod
2494 2122 2528 2149 in

1453 2167 1466 2181 a>
1482 2158 1604 2183 omnibus
1623 2158 1809 2191 sequentibus»,
1829 2165 1876 2190 per
1893 2158 1944 2183 hoe
1962 2158 2034 2191 quod
2047 2157 2234 2192 (Aristoteles)
2250 2158 2310 2183 dicit
2326 2158 2377 2184 hoc
2393 2165 2470 2187 esse,-
2485 2157 2527 2184 vel

1453 2193 1544 2219 »huic
1562 2201 1625 2221 esse,
1643 2194 1761 2227 intelligit
1779 2193 1852 2227 quod
1871 2194 1934 2227 quid
1953 2198 2009 2219 erat
2027 2201 2087 2219 esse
2105 2194 2174 2219 illius
2190 2193 2242 2224 rei3
2257 2193 2324 2219 sicut
2341 2193 2444 2219 homini
2461 2199 2526 2224 eut,

1453 2230 1524 2254 »vel
1543 2229 1676 2254 hominem
1695 2236 1751 2254 esse
1766 2229 1884 2262 intelligit
1898 2229 1923 2254 id
1936 2230 2008 2263 quod
2023 2229 2135 2263 pertinet
2149 2229 2182 2254 ad
2196 2229 2267 2263 quod
2281 2229 2344 2263 quid
2359 2234 2400 2255 est
2413 2229 2525 2255 homo.»

1504 2263 1528 2298 ξ)
1550 2265 1629 2296 Quod
1647 2268 1687 2290 est
1706 2264 1827 2290 ultimum
1847 2270 1924 2290 etc.—-
1934 2265 1971 2290 0:
1992 2265 2064 2297 quod
2081 2268 2122 2291 est
2140 2265 2256 2291 medium
2281 2265 2412 2291 ultimum.
2431 2265 2527 2296 Oodd„

1449 2308 1503 2326 exc.
1518 2301 1581 2326 ΑΗ.
1594 2303 1621 2326 et
1639 2300 1761 2330 essentia,
1777 2300 1944 2326 conformiter
1959 2301 2037 2326 textui
2052 2308 2155 2334 graeco,
2173 2297 2248 2326 xoel’
2235 2310 2252 2334 η
2272 2297 2359 2326 nimiu.
2373 2301 2408 2326 P:
2429 2307 2468 2326 ex
2485 2307 2527 2327 σε·

1448 2336 1550 2366 sema,-
1567 2337 1604 2362 Η·
1626 2336 1659 2362 de
1677 2336 1807 2366 essentia;
1821 2337 1860 2361 A:
1883 2336 2005 2362 ultimum
2024 2339 2051 2362 et
2069 2339 2221 2363 extremum
2240 2336 2305 2362 eius.

2560 340 2670 368 numeriff
2688 347 2704 363 G
2725 348 2774 364 om.

2557 791 2569 803 ⁴
2584 797 2618 813 n:
2634 794 2678 814 est.

2558 844 2569 855 ‘⁵
2580 851 2627 868 m:
2638 845 2754 874 pacatur.

2657 953 2670 971 ν

2557 1059 2570 1070 ⁸
2585 1058 2656 1087 Quod
2669 1060 2708 1081 est
2723 1065 2775 1082 om.

2557 1091 2629 1111 Aeo„-
2639 1092 2654 1108 r
2663 1092 2713 1108 om.
2722 1092 2774 1115 seq.

2558 1653 2570 1665 ⁸
2583 1658 2626 1675 Ατε
2641 1653 2759 1676 amodo.
