<?xml version="1.0" encoding="UTF-8"?>
<!DOCTYPE html PUBLIC "-//W3C//DTD XHTML 1.0 Transitional//EN"
    "http://www.w3.org/TR/xhtml1/DTD/xhtml1-transitional.dtd">
<html xmlns="http://www.w3.org/1999/xhtml" xml:lang="en" lang="en">
 <head>
  <title>
</title>
<meta http-equiv="Content-Type" content="text/html;charset=utf-8" />
  <meta name='ocr-system' content='tesseract 3.04.00' />
  <meta name='ocr-capabilities' content='ocr_page ocr_carea ocr_par ocr_line ocrx_word'/>
</head>
<body>
  <div class='ocr_page' id='page_1' title='image "./operaomniaiussui01thom/operaomniaiussui01thom_0620.png"; bbox 0 0 2788 4204; ppageno 0'>
   <div class='ocr_carea' id='block_1_1' title="bbox 315 218 1915 263">
    <p class='ocr_par' dir='ltr' id='par_1_1' title="bbox 315 218 1915 263">
     <span class='ocr_line' id='line_1_1' title="bbox 315 218 1915 263; baseline -0.004 0"><span class='ocrx_word' id='word_1_1' title='bbox 315 228 390 263; x_wconf 88' lang='lat'>250</span> <span class='ocrx_word' id='word_1_2' title='bbox 902 220 1288 259; x_wconf 90' lang='lat' dir='ltr'>POSTERIORUM</span> <span class='ocrx_word' id='word_1_3' title='bbox 1315 218 1746 256; x_wconf 91' lang='lat' dir='ltr'>ANALYTICORUM</span> <span class='ocrx_word' id='word_1_4' title='bbox 1775 219 1870 256; x_wconf 90' lang='lat' dir='ltr'>LIB.</span> <span class='ocrx_word' id='word_1_5' title='bbox 1902 220 1915 255; x_wconf 96' lang='lat' dir='ltr'>I</span> 
     </span>
    </p>
   </div>
   <div class='ocr_carea' id='block_1_2' title="bbox 859 498 1955 579">
    <p class='ocr_par' dir='ltr' id='par_1_2' title="bbox 859 498 1955 579">
     <span class='ocr_line' id='line_1_2' title="bbox 859 498 1955 579; baseline 0.001 -24"><span class='ocrx_word' id='word_1_6' title='bbox 859 498 1161 555; x_wconf 91' lang='lat' dir='ltr'>LECTIO</span> <span class='ocrx_word' id='word_1_7' title='bbox 1201 498 1955 579; x_wconf 87' lang='lat' dir='ltr'>VIGESIMAOCTAVA</span> 
     </span>
    </p>
   </div>
   <div class='ocr_carea' id='block_1_3' title="bbox 449 643 2366 846">
    <p class='ocr_par' dir='ltr' id='par_1_3' title="bbox 449 643 2366 846">
     <span class='ocr_line' id='line_1_3' title="bbox 903 643 1904 696; baseline 0.003 -12"><span class='ocrx_word' id='word_1_8' title='bbox 903 645 987 685; x_wconf 90' lang='lat' dir='ltr'>DE</span> <span class='ocrx_word' id='word_1_9' title='bbox 1027 643 1418 685; x_wconf 82' lang='lat' dir='ltr'>SYLLOGISMO</span> <span class='ocrx_word' id='word_1_10' title='bbox 1458 645 1904 696; x_wconf 86' lang='lat' dir='ltr'>IGNORANTIAE,</span> 
     </span>
     <span class='ocr_line' id='line_1_4' title="bbox 449 723 2366 780; baseline -0.001 -13"><span class='ocrx_word' id='word_1_11' title='bbox 449 726 575 780; x_wconf 75' lang='lat' dir='ltr'>QUO</span> <span class='ocrx_word' id='word_1_12' title='bbox 610 725 671 765; x_wconf 94' lang='lat' dir='ltr'>IN</span> <span class='ocrx_word' id='word_1_13' title='bbox 703 725 736 764; x_wconf 85' lang='lat' dir='ltr'>Ia</span> <span class='ocrx_word' id='word_1_14' title='bbox 769 725 848 765; x_wconf 89' lang='lat' dir='ltr'>ET</span> <span class='ocrx_word' id='word_1_15' title='bbox 883 723 945 764; x_wconf 93' lang='lat' dir='ltr'>IN</span> <span class='ocrx_word' id='word_1_16' title='bbox 979 724 1031 763; x_wconf 73' lang='lat'>11²</span> <span class='ocrx_word' id='word_1_17' title='bbox 1068 723 1300 764; x_wconf 87' lang='lat' dir='ltr'>FIGURA</span> <span class='ocrx_word' id='word_1_18' title='bbox 1335 723 1777 766; x_wconf 92' lang='lat' dir='ltr'>CONCLUDITUR</span> <span class='ocrx_word' id='word_1_19' title='bbox 1809 725 2131 766; x_wconf 89' lang='lat' dir='ltr'>NEGATIVA</span> <span class='ocrx_word' id='word_1_20' title='bbox 2163 725 2366 767; x_wconf 87' lang='lat' dir='ltr'>FALSA</span> 
     </span>
     <span class='ocr_line' id='line_1_5' title="bbox 760 803 2048 846; baseline 0.001 -2"><span class='ocrx_word' id='word_1_21' title='bbox 760 803 1120 844; x_wconf 89' lang='lat' dir='ltr'>CONTRARIA</span> <span class='ocrx_word' id='word_1_22' title='bbox 1155 803 1623 845; x_wconf 86' lang='lat' dir='ltr'>AFFIRMATIVAE</span> <span class='ocrx_word' id='word_1_23' title='bbox 1655 805 2048 846; x_wconf 89' lang='lat' dir='ltr'>IMMEDIATAE</span> 
     </span>
    </p>
   </div>
   <div class='ocr_carea' id='block_1_4' title="bbox 304 938 2752 995">
    <p class='ocr_par' dir='ltr' id='par_1_4' title="bbox 304 938 2752 995">
     <span class='ocr_line' id='line_1_6' title="bbox 304 938 2752 995; baseline -0.002 -16"><span class='ocrx_word' id='word_1_24' title='bbox 304 949 346 979; x_wconf 87' lang='lat' dir='ltr'>&#39;H</span> <span class='ocrx_word' id='word_1_25' title='bbox 370 941 407 976; x_wconf 79' lang='grc' dir='ltr'>δὲ</span> <span class='ocrx_word' id='word_1_26' title='bbox 431 944 493 976; x_wconf 82' lang='grc' dir='ltr'>τοῦ</span> <span class='ocrx_word' id='word_1_27' title='bbox 515 940 561 986; x_wconf 74' lang='grc' dir='ltr'>μή</span> <span class='ocrx_word' id='word_1_28' title='bbox 585 938 752 987; x_wconf 63' lang='grc' dir='ltr'>ὑπάρχειν</span> <span class='ocrx_word' id='word_1_29' title='bbox 769 939 801 971; x_wconf 83' lang='grc' dir='ltr'>ἔν</span> <span class='ocrx_word' id='word_1_30' title='bbox 820 951 859 971; x_wconf 89' lang='grc' dir='ltr'>τε</span> <span class='ocrx_word' id='word_1_31' title='bbox 881 941 930 981; x_wconf 84' lang='grc' dir='ltr'>τῷ</span> <span class='ocrx_word' id='word_1_32' title='bbox 949 939 1070 984; x_wconf 79' lang='grc' dir='ltr'>πρώτῳ</span> <span class='ocrx_word' id='word_1_33' title='bbox 1087 942 1145 971; x_wconf 86' lang='grc' dir='ltr'>καὶ</span> <span class='ocrx_word' id='word_1_34' title='bbox 1164 938 1196 972; x_wconf 85' lang='grc' dir='ltr'>ὲν</span> <span class='ocrx_word' id='word_1_35' title='bbox 1215 942 1264 982; x_wconf 82' lang='grc' dir='ltr'>τῷ</span> <span class='ocrx_word' id='word_1_36' title='bbox 1289 939 1376 995; x_wconf 73' lang='grc' dir='ltr'>μέσῳ</span> <span class='ocrx_word' id='word_1_37' title='bbox 1434 941 1451 961; x_wconf 91' lang='grc'>*</span> <span class='ocrx_word' id='word_1_38' title='bbox 1468 942 1559 980; x_wconf 85' lang='lat' dir='ltr'><strong>Quae</strong></span> <span class='ocrx_word' id='word_1_39' title='bbox 1575 952 1650 973; x_wconf 91' lang='lat' dir='ltr'>vero</span> <span class='ocrx_word' id='word_1_40' title='bbox 1670 949 1717 973; x_wconf 88' lang='lat' dir='ltr'>est</span> <span class='ocrx_word' id='word_1_41' title='bbox 1733 942 1833 983; x_wconf 91' lang='lat' dir='ltr'>ipsius</span> <span class='ocrx_word' id='word_1_42' title='bbox 1857 952 1924 972; x_wconf 90' lang='lat' dir='ltr'>non</span> <span class='ocrx_word' id='word_1_43' title='bbox 1948 951 2033 981; x_wconf 91' lang='lat' dir='ltr'>esse,</span> <span class='ocrx_word' id='word_1_44' title='bbox 2055 941 2089 972; x_wconf 89' lang='lat' dir='ltr'>in</span> <span class='ocrx_word' id='word_1_45' title='bbox 2108 942 2211 983; x_wconf 89' lang='lat' dir='ltr'>prima</span> <span class='ocrx_word' id='word_1_46' title='bbox 2232 950 2263 974; x_wconf 87' lang='lat' dir='ltr'>et</span> <span class='ocrx_word' id='word_1_47' title='bbox 2285 943 2390 975; x_wconf 88' lang='lat' dir='ltr'>media</span> <span class='ocrx_word' id='word_1_48' title='bbox 2407 943 2517 986; x_wconf 65' lang='lat' dir='ltr'>figura‘</span> <span class='ocrx_word' id='word_1_49' title='bbox 2538 958 2547 967; x_wconf 88' lang='lat'><strong>·</strong></span> <span class='ocrx_word' id='word_1_50' title='bbox 2562 956 2618 985; x_wconf 61' lang='lat' dir='ltr'>Seq,</span> <span class='ocrx_word' id='word_1_51' title='bbox 2633 963 2685 985; x_wconf 65' lang='grc' dir='ltr'>οφ,</span> <span class='ocrx_word' id='word_1_52' title='bbox 2694 963 2752 983; x_wconf 77' lang='lat' dir='ltr'>xv1,</span> 
     </span>
    </p>
   </div>
   <div class='ocr_carea' id='block_1_5' title="bbox 2537 987 2673 1012">
    <p class='ocr_par' dir='ltr' id='par_1_5' title="bbox 2537 987 2673 1012">
     <span class='ocr_line' id='line_1_7' title="bbox 2537 987 2673 1012; baseline 0.007 -7"><span class='ocrx_word' id='word_1_53' title='bbox 2537 987 2559 1005; x_wconf 79' lang='lat' dir='ltr'>et</span> <span class='ocrx_word' id='word_1_54' title='bbox 2573 987 2630 1006; x_wconf 81' lang='lat' dir='ltr'>text.</span> <span class='ocrx_word' id='word_1_55' title='bbox 2640 989 2673 1012; x_wconf 79' lang='lat'>32.</span> 
     </span>
    </p>
   </div>
   <div class='ocr_carea' id='block_1_6' title="bbox 297 983 1382 3361">
    <p class='ocr_par' dir='ltr' id='par_1_6' title="bbox 372 983 1376 1081">
     <span class='ocr_line' id='line_1_8' title="bbox 373 983 1376 1034; baseline 0.001 -17"><span class='ocrx_word' id='word_1_56' title='bbox 373 988 542 1034; x_wconf 78' lang='grc' dir='ltr'>σχήματι.</span> <span class='ocrx_word' id='word_1_57' title='bbox 562 985 696 1028; x_wconf 90' lang='grc' dir='ltr'>Πρῶτον</span> <span class='ocrx_word' id='word_1_58' title='bbox 713 987 769 1016; x_wconf 80' lang='grc' dir='ltr'>οὐν</span> <span class='ocrx_word' id='word_1_59' title='bbox 788 986 932 1028; x_wconf 87' lang='grc' dir='ltr'>εἴπωμεν</span> <span class='ocrx_word' id='word_1_60' title='bbox 952 986 1113 1029; x_wconf 81' lang='grc' dir='ltr'>ποσαχῶς</span> <span class='ocrx_word' id='word_1_61' title='bbox 1134 983 1166 1016; x_wconf 82' lang='grc' dir='ltr'>ἐν</span> <span class='ocrx_word' id='word_1_62' title='bbox 1188 986 1237 1026; x_wconf 80' lang='grc' dir='ltr'>τῷ</span> <span class='ocrx_word' id='word_1_63' title='bbox 1256 998 1376 1030; x_wconf 84' lang='grc' dir='ltr'>πρωτῳ</span> 
     </span>
     <span class='ocr_line' id='line_1_9' title="bbox 372 1027 1206 1081; baseline 0.002 -22"><span class='ocrx_word' id='word_1_64' title='bbox 372 1039 519 1081; x_wconf 58' lang='grc' dir='ltr'>γίνεται,</span> <span class='ocrx_word' id='word_1_65' title='bbox 545 1032 604 1060; x_wconf 77' lang='grc' dir='ltr'>καὶ</span> <span class='ocrx_word' id='word_1_66' title='bbox 630 1030 699 1066; x_wconf 90' lang='grc' dir='ltr'>πῶς</span> <span class='ocrx_word' id='word_1_67' title='bbox 726 1027 873 1074; x_wconf 84' lang='grc' dir='ltr'>ἐχουσῶν</span> <span class='ocrx_word' id='word_1_68' title='bbox 900 1031 968 1061; x_wconf 88' lang='grc' dir='ltr'>τῶν</span> <span class='ocrx_word' id='word_1_69' title='bbox 995 1030 1206 1073; x_wconf 76' lang='grc' dir='ltr'>προτάσεων.</span> 
     </span>
    </p>

    <p class='ocr_par' dir='ltr' id='par_1_7' title="bbox 298 1069 1378 1258">
     <span class='ocr_line' id='line_1_10' title="bbox 298 1069 1378 1123; baseline -0.006 -11"><span class='ocrx_word' id='word_1_70' title='bbox 298 1075 503 1123; x_wconf 77' lang='grc' dir='ltr'>Ἐνδέχεται</span> <span class='ocrx_word' id='word_1_71' title='bbox 533 1074 591 1119; x_wconf 79' lang='grc' dir='ltr'>μέν</span> <span class='ocrx_word' id='word_1_72' title='bbox 620 1071 676 1105; x_wconf 72' lang='grc' dir='ltr'>οὖν</span> <span class='ocrx_word' id='word_1_73' title='bbox 712 1072 912 1118; x_wconf 81' lang='grc' dir='ltr'>ἀμφοτέρων</span> <span class='ocrx_word' id='word_1_74' title='bbox 945 1069 1072 1118; x_wconf 79' lang='grc' dir='ltr'>ψευδῶν</span> <span class='ocrx_word' id='word_1_75' title='bbox 1108 1073 1228 1116; x_wconf 76' lang='grc' dir='ltr'>οὐσῶν,</span> <span class='ocrx_word' id='word_1_76' title='bbox 1257 1075 1324 1106; x_wconf 89' lang='grc' dir='ltr'>οἷον</span> <span class='ocrx_word' id='word_1_77' title='bbox 1350 1074 1378 1105; x_wconf 81' lang='grc' dir='ltr'>εἰ</span> 
     </span>
     <span class='ocr_line' id='line_1_11' title="bbox 372 1116 1376 1164; baseline -0.001 -11"><span class='ocrx_word' id='word_1_78' title='bbox 372 1125 414 1157; x_wconf 72' lang='grc' dir='ltr'>τό</span> <span class='ocrx_word' id='word_1_79' title='bbox 440 1124 466 1154; x_wconf 86' lang='grc' dir='ltr'><strong>Α</strong></span> <span class='ocrx_word' id='word_1_80' title='bbox 489 1122 547 1152; x_wconf 81' lang='grc' dir='ltr'>καὶ</span> <span class='ocrx_word' id='word_1_81' title='bbox 568 1119 616 1159; x_wconf 79' lang='grc' dir='ltr'>τῷ</span> <span class='ocrx_word' id='word_1_82' title='bbox 636 1120 656 1149; x_wconf 89' lang='grc' dir='ltr'><strong>Γ</strong></span> <span class='ocrx_word' id='word_1_83' title='bbox 682 1120 740 1150; x_wconf 87' lang='grc' dir='ltr'>καὶ</span> <span class='ocrx_word' id='word_1_84' title='bbox 765 1120 814 1160; x_wconf 80' lang='grc' dir='ltr'>τῷ</span> <span class='ocrx_word' id='word_1_85' title='bbox 839 1120 863 1149; x_wconf 89' lang='grc' dir='ltr'><strong>Β</strong></span> <span class='ocrx_word' id='word_1_86' title='bbox 890 1120 1035 1163; x_wconf 75' lang='grc' dir='ltr'>ὑπάρχει</span> <span class='ocrx_word' id='word_1_87' title='bbox 1060 1116 1209 1163; x_wconf 89' lang='grc' dir='ltr'>ἀτόμως·</span> <span class='ocrx_word' id='word_1_88' title='bbox 1237 1116 1294 1151; x_wconf 78' lang='grc' dir='ltr'>ἐάν</span> <span class='ocrx_word' id='word_1_89' title='bbox 1312 1119 1376 1164; x_wconf 84' lang='grc' dir='ltr'>γάρ</span> 
     </span>
     <span class='ocr_line' id='line_1_12' title="bbox 371 1159 1374 1212; baseline -0.002 -15"><span class='ocrx_word' id='word_1_90' title='bbox 371 1167 483 1212; x_wconf 81' lang='grc' dir='ltr'>ληφθῇ</span> <span class='ocrx_word' id='word_1_91' title='bbox 509 1164 551 1197; x_wconf 77' lang='grc' dir='ltr'>τὸ</span> <span class='ocrx_word' id='word_1_92' title='bbox 576 1164 634 1209; x_wconf 77' lang='grc' dir='ltr'>μὲν</span> <span class='ocrx_word' id='word_1_93' title='bbox 654 1164 679 1194; x_wconf 93' lang='lat' dir='ltr'>A</span> <span class='ocrx_word' id='word_1_94' title='bbox 703 1164 753 1195; x_wconf 89' lang='grc' dir='ltr'>τῶ</span> <span class='ocrx_word' id='word_1_95' title='bbox 770 1165 790 1194; x_wconf 92' lang='grc' dir='ltr'><strong>Γ</strong></span> <span class='ocrx_word' id='word_1_96' title='bbox 817 1159 951 1207; x_wconf 82' lang='grc' dir='ltr'>μηδενί,</span> <span class='ocrx_word' id='word_1_97' title='bbox 979 1163 1021 1196; x_wconf 80' lang='grc' dir='ltr'>τὸ</span> <span class='ocrx_word' id='word_1_98' title='bbox 1046 1159 1083 1196; x_wconf 74' lang='grc' dir='ltr'>δὲ</span> <span class='ocrx_word' id='word_1_99' title='bbox 1100 1166 1121 1195; x_wconf 89' lang='grc' dir='ltr'><strong>Γ</strong></span> <span class='ocrx_word' id='word_1_100' title='bbox 1148 1166 1254 1197; x_wconf 87' lang='grc' dir='ltr'>παντὶ</span> <span class='ocrx_word' id='word_1_101' title='bbox 1272 1166 1321 1206; x_wconf 81' lang='grc' dir='ltr'>τῷ</span> <span class='ocrx_word' id='word_1_102' title='bbox 1338 1166 1374 1205; x_wconf 86' lang='grc' dir='ltr'>Β,</span> 
     </span>
     <span class='ocr_line' id='line_1_13' title="bbox 374 1207 785 1258; baseline -0.019 -12"><span class='ocrx_word' id='word_1_103' title='bbox 374 1208 501 1258; x_wconf 78' lang='grc' dir='ltr'>ψευδεῖς</span> <span class='ocrx_word' id='word_1_104' title='bbox 528 1211 563 1242; x_wconf 86' lang='grc' dir='ltr'>αἱ</span> <span class='ocrx_word' id='word_1_105' title='bbox 590 1207 785 1253; x_wconf 72' lang='grc' dir='ltr'>προτάσεις.</span> 
     </span>
    </p>

    <p class='ocr_par' dir='ltr' id='par_1_8' title="bbox 297 1248 1377 1616">
     <span class='ocr_line' id='line_1_14' title="bbox 297 1248 1375 1303; baseline -0.006 -11"><span class='ocrx_word' id='word_1_106' title='bbox 297 1254 502 1303; x_wconf 73' lang='grc' dir='ltr'>Ἐνὸέχεται</span> <span class='ocrx_word' id='word_1_107' title='bbox 520 1251 558 1286; x_wconf 78' lang='grc' dir='ltr'>δέ</span> <span class='ocrx_word' id='word_1_108' title='bbox 575 1257 632 1285; x_wconf 74' lang='grc' dir='ltr'>καὶ</span> <span class='ocrx_word' id='word_1_109' title='bbox 650 1254 714 1291; x_wconf 79' lang='grc' dir='ltr'>τῆς</span> <span class='ocrx_word' id='word_1_110' title='bbox 737 1252 858 1295; x_wconf 81' lang='grc' dir='ltr'>ἑτέρας</span> <span class='ocrx_word' id='word_1_111' title='bbox 877 1248 1015 1297; x_wconf 75' lang='grc' dir='ltr'>ψευδοῦς</span> <span class='ocrx_word' id='word_1_112' title='bbox 1036 1253 1148 1293; x_wconf 74' lang='grc' dir='ltr'>οὔσης,</span> <span class='ocrx_word' id='word_1_113' title='bbox 1167 1255 1225 1284; x_wconf 88' lang='grc' dir='ltr'>καὶ</span> <span class='ocrx_word' id='word_1_114' title='bbox 1243 1253 1375 1290; x_wconf 79' lang='grc' dir='ltr'>ταύτης</span> 
     </span>
     <span class='ocr_line' id='line_1_15' title="bbox 374 1296 1376 1346; baseline -0.003 -13"><span class='ocrx_word' id='word_1_115' title='bbox 374 1301 544 1346; x_wconf 80' lang='grc' dir='ltr'>ὁποτέρας</span> <span class='ocrx_word' id='word_1_116' title='bbox 572 1299 704 1343; x_wconf 77' lang='grc' dir='ltr'>ἔτυχεν.</span> <span class='ocrx_word' id='word_1_117' title='bbox 726 1296 892 1344; x_wconf 75' lang='grc' dir='ltr'>Ἐγχωρεῖ</span> <span class='ocrx_word' id='word_1_118' title='bbox 916 1297 980 1344; x_wconf 81' lang='grc' dir='ltr'>γάρ</span> <span class='ocrx_word' id='word_1_119' title='bbox 1007 1298 1071 1334; x_wconf 76' lang='grc' dir='ltr'>τήν</span> <span class='ocrx_word' id='word_1_120' title='bbox 1097 1297 1156 1341; x_wconf 76' lang='grc' dir='ltr'>μὲν</span> <span class='ocrx_word' id='word_1_121' title='bbox 1182 1299 1208 1329; x_wconf 89' lang='grc' dir='ltr'><strong>Α</strong></span> <span class='ocrx_word' id='word_1_122' title='bbox 1224 1299 1245 1328; x_wconf 88' lang='grc' dir='ltr'><strong>Γ</strong></span> <span class='ocrx_word' id='word_1_123' title='bbox 1265 1296 1376 1335; x_wconf 80' lang='grc' dir='ltr'>ἀληθῆ</span> 
     </span>
     <span class='ocr_line' id='line_1_16' title="bbox 374 1339 1377 1388; baseline -0.009 -8"><span class='ocrx_word' id='word_1_124' title='bbox 374 1345 478 1388; x_wconf 81' lang='grc' dir='ltr'>εἶναι,</span> <span class='ocrx_word' id='word_1_125' title='bbox 505 1345 569 1382; x_wconf 78' lang='grc' dir='ltr'>τήν</span> <span class='ocrx_word' id='word_1_126' title='bbox 595 1339 633 1374; x_wconf 77' lang='grc' dir='ltr'>δὲ</span> <span class='ocrx_word' id='word_1_127' title='bbox 657 1344 678 1373; x_wconf 84' lang='grc' dir='ltr'><strong>Γ</strong></span> <span class='ocrx_word' id='word_1_128' title='bbox 703 1343 727 1373; x_wconf 90' lang='grc' dir='ltr'><strong>Β</strong></span> <span class='ocrx_word' id='word_1_129' title='bbox 752 1341 878 1386; x_wconf 80' lang='grc' dir='ltr'>ψευδῆ,</span> <span class='ocrx_word' id='word_1_130' title='bbox 910 1342 975 1378; x_wconf 77' lang='grc' dir='ltr'>την</span> <span class='ocrx_word' id='word_1_131' title='bbox 1001 1342 1059 1386; x_wconf 79' lang='grc' dir='ltr'>μὲν</span> <span class='ocrx_word' id='word_1_132' title='bbox 1086 1344 1111 1372; x_wconf 98' lang='lat' dir='ltr'>A</span> <span class='ocrx_word' id='word_1_133' title='bbox 1136 1343 1157 1372; x_wconf 93' lang='grc' dir='ltr'>Γ</span> <span class='ocrx_word' id='word_1_134' title='bbox 1186 1340 1296 1380; x_wconf 84' lang='grc' dir='ltr'>ἀληθῆ</span> <span class='ocrx_word' id='word_1_135' title='bbox 1324 1343 1377 1376; x_wconf 78' lang='grc' dir='ltr'>ὅτι</span> 
     </span>
     <span class='ocr_line' id='line_1_17' title="bbox 376 1382 1376 1432; baseline -0.005 -8"><span class='ocrx_word' id='word_1_136' title='bbox 376 1391 412 1425; x_wconf 81' lang='grc' dir='ltr'>οὑ</span> <span class='ocrx_word' id='word_1_137' title='bbox 438 1391 523 1425; x_wconf 79' lang='grc' dir='ltr'>πᾶσι</span> <span class='ocrx_word' id='word_1_138' title='bbox 548 1392 620 1425; x_wconf 85' lang='grc' dir='ltr'>τοῖς</span> <span class='ocrx_word' id='word_1_139' title='bbox 649 1385 739 1419; x_wconf 75' lang='grc' dir='ltr'>οὖσιν</span> <span class='ocrx_word' id='word_1_140' title='bbox 768 1388 912 1432; x_wconf 84' lang='grc' dir='ltr'>ὑπάρχει</span> <span class='ocrx_word' id='word_1_141' title='bbox 935 1386 976 1419; x_wconf 79' lang='grc' dir='ltr'>τὸ</span> <span class='ocrx_word' id='word_1_142' title='bbox 994 1389 1033 1427; x_wconf 85' lang='grc' dir='ltr'>Α,</span> <span class='ocrx_word' id='word_1_143' title='bbox 1053 1386 1117 1422; x_wconf 78' lang='grc' dir='ltr'>τήν</span> <span class='ocrx_word' id='word_1_144' title='bbox 1135 1382 1173 1418; x_wconf 73' lang='grc' dir='ltr'>δὲ</span> <span class='ocrx_word' id='word_1_145' title='bbox 1191 1389 1212 1417; x_wconf 91' lang='grc' dir='ltr'><strong>Γ</strong></span> <span class='ocrx_word' id='word_1_146' title='bbox 1229 1389 1253 1418; x_wconf 92' lang='grc' dir='ltr'>Β</span> <span class='ocrx_word' id='word_1_147' title='bbox 1271 1384 1376 1431; x_wconf 75' lang='grc' dir='ltr'>ψευδῆ</span> 
     </span>
     <span class='ocr_line' id='line_1_18' title="bbox 375 1430 1376 1478; baseline -0.004 -10"><span class='ocrx_word' id='word_1_148' title='bbox 375 1437 429 1470; x_wconf 83' lang='grc' dir='ltr'>ὅτι</span> <span class='ocrx_word' id='word_1_149' title='bbox 453 1433 626 1469; x_wconf 81' lang='grc' dir='ltr'>ἀδύνατον</span> <span class='ocrx_word' id='word_1_150' title='bbox 654 1431 799 1476; x_wconf 78' lang='grc' dir='ltr'>ὑπάρχει</span> <span class='ocrx_word' id='word_1_151' title='bbox 820 1435 868 1473; x_wconf 80' lang='grc' dir='ltr'>τῷ</span> <span class='ocrx_word' id='word_1_152' title='bbox 886 1433 910 1462; x_wconf 92' lang='grc' dir='ltr'>Β</span> <span class='ocrx_word' id='word_1_153' title='bbox 931 1431 973 1463; x_wconf 75' lang='grc' dir='ltr'>τὸ</span> <span class='ocrx_word' id='word_1_154' title='bbox 995 1432 1029 1472; x_wconf 91' lang='grc' dir='ltr'>Γ,</span> <span class='ocrx_word' id='word_1_155' title='bbox 1050 1430 1074 1472; x_wconf 78' lang='grc' dir='ltr'><em>ᾦ</em></span> <span class='ocrx_word' id='word_1_156' title='bbox 1092 1430 1210 1474; x_wconf 81' lang='grc' dir='ltr'>μηδενὶ</span> <span class='ocrx_word' id='word_1_157' title='bbox 1229 1431 1376 1478; x_wconf 85' lang='grc' dir='ltr'>ὑπάρχει</span> 
     </span>
     <span class='ocr_line' id='line_1_19' title="bbox 374 1475 1374 1523; baseline -0.006 -8"><span class='ocrx_word' id='word_1_158' title='bbox 374 1482 415 1515; x_wconf 74' lang='grc' dir='ltr'>τὸ</span> <span class='ocrx_word' id='word_1_159' title='bbox 441 1481 478 1513; x_wconf 82' lang='lat' dir='ltr'>A·-</span> <span class='ocrx_word' id='word_1_160' title='bbox 507 1478 544 1512; x_wconf 85' lang='grc' dir='ltr'>οὑ</span> <span class='ocrx_word' id='word_1_161' title='bbox 573 1478 638 1523; x_wconf 81' lang='grc' dir='ltr'>γάρ</span> <span class='ocrx_word' id='word_1_162' title='bbox 669 1478 722 1509; x_wconf 80' lang='grc' dir='ltr'>ἔτι</span> <span class='ocrx_word' id='word_1_163' title='bbox 755 1476 883 1514; x_wconf 74' lang='grc' dir='ltr'>ἀληθής</span> <span class='ocrx_word' id='word_1_164' title='bbox 917 1475 1016 1508; x_wconf 76' lang='grc' dir='ltr'>ἔσται</span> <span class='ocrx_word' id='word_1_165' title='bbox 1051 1476 1071 1511; x_wconf 83' lang='grc' dir='ltr'>η</span> <span class='ocrx_word' id='word_1_166' title='bbox 1098 1478 1124 1506; x_wconf 86' lang='grc' dir='ltr'><strong>Α</strong></span> <span class='ocrx_word' id='word_1_167' title='bbox 1147 1477 1169 1506; x_wconf 95' lang='grc' dir='ltr'><strong>Γ</strong></span> <span class='ocrx_word' id='word_1_168' title='bbox 1195 1476 1374 1520; x_wconf 85' lang='grc' dir='ltr'>πρότασις·</span> 
     </span>
     <span class='ocr_line' id='line_1_20' title="bbox 375 1518 1376 1571; baseline -0.003 -14"><span class='ocrx_word' id='word_1_169' title='bbox 375 1527 448 1571; x_wconf 78' lang='grc' dir='ltr'>ἅμα</span> <span class='ocrx_word' id='word_1_170' title='bbox 475 1522 527 1566; x_wconf 83' lang='grc' dir='ltr'>δέ,</span> <span class='ocrx_word' id='word_1_171' title='bbox 555 1525 583 1555; x_wconf 88' lang='grc' dir='ltr'>εὶ</span> <span class='ocrx_word' id='word_1_172' title='bbox 606 1524 664 1553; x_wconf 82' lang='grc' dir='ltr'>καὶ</span> <span class='ocrx_word' id='word_1_173' title='bbox 683 1522 762 1553; x_wconf 83' lang='grc' dir='ltr'>εἰσὶν</span> <span class='ocrx_word' id='word_1_174' title='bbox 784 1519 974 1566; x_wconf 87' lang='grc' dir='ltr'>ἀμφότεραι</span> <span class='ocrx_word' id='word_1_175' title='bbox 995 1518 1141 1561; x_wconf 86' lang='grc' dir='ltr'>ἀληθεῖς,</span> <span class='ocrx_word' id='word_1_176' title='bbox 1162 1522 1220 1552; x_wconf 86' lang='grc' dir='ltr'>καὶ</span> <span class='ocrx_word' id='word_1_177' title='bbox 1238 1521 1280 1554; x_wconf 81' lang='grc' dir='ltr'>τὸ</span> <span class='ocrx_word' id='word_1_178' title='bbox 1296 1534 1376 1567; x_wconf 86' lang='grc' dir='ltr'>συμ-</span> 
     </span>
     <span class='ocr_line' id='line_1_21' title="bbox 374 1565 820 1616; baseline -0.013 -12"><span class='ocrx_word' id='word_1_179' title='bbox 374 1571 535 1616; x_wconf 84' lang='grc' dir='ltr'>πέρασμα</span> <span class='ocrx_word' id='word_1_180' title='bbox 561 1569 660 1600; x_wconf 78' lang='grc' dir='ltr'>ἔσται</span> <span class='ocrx_word' id='word_1_181' title='bbox 687 1565 820 1604; x_wconf 87' lang='grc' dir='ltr'>ἀληθές.</span> 
     </span>
    </p>

    <p class='ocr_par' dir='ltr' id='par_1_9' title="bbox 315 1606 1381 2464">
     <span class='ocr_line' id='line_1_22' title="bbox 315 1606 1375 1656; baseline -0.008 -6"><span class='ocrx_word' id='word_1_182' title='bbox 315 1617 409 1650; x_wconf 81' lang='grc' dir='ltr'>Αλλά</span> <span class='ocrx_word' id='word_1_183' title='bbox 431 1618 489 1647; x_wconf 80' lang='grc' dir='ltr'>καὶ</span> <span class='ocrx_word' id='word_1_184' title='bbox 515 1614 578 1650; x_wconf 71' lang='grc' dir='ltr'>τήν</span> <span class='ocrx_word' id='word_1_185' title='bbox 605 1613 625 1642; x_wconf 89' lang='grc' dir='ltr'><strong>Γ</strong></span> <span class='ocrx_word' id='word_1_186' title='bbox 651 1613 674 1642; x_wconf 92' lang='grc' dir='ltr'><strong>Β</strong></span> <span class='ocrx_word' id='word_1_187' title='bbox 701 1607 880 1656; x_wconf 76' lang='grc' dir='ltr'>ἐνδέχεται</span> <span class='ocrx_word' id='word_1_188' title='bbox 914 1607 1023 1647; x_wconf 77' lang='grc' dir='ltr'>ἀληθῆ</span> <span class='ocrx_word' id='word_1_189' title='bbox 1055 1606 1141 1641; x_wconf 80' lang='grc' dir='ltr'>εἶναι</span> <span class='ocrx_word' id='word_1_190' title='bbox 1167 1611 1229 1648; x_wconf 87' lang='grc' dir='ltr'>τῆς</span> <span class='ocrx_word' id='word_1_191' title='bbox 1257 1611 1375 1656; x_wconf 84' lang='grc' dir='ltr'>ἑτέρας</span> 
     </span>
     <span class='ocr_line' id='line_1_23' title="bbox 376 1652 1377 1703; baseline -0.004 -11"><span class='ocrx_word' id='word_1_192' title='bbox 376 1661 473 1698; x_wconf 80' lang='grc' dir='ltr'>οὔσης</span> <span class='ocrx_word' id='word_1_193' title='bbox 500 1654 660 1703; x_wconf 76' lang='grc' dir='ltr'>ψευδοῦς,</span> <span class='ocrx_word' id='word_1_194' title='bbox 683 1657 748 1687; x_wconf 86' lang='grc' dir='ltr'>οἷον</span> <span class='ocrx_word' id='word_1_195' title='bbox 769 1659 796 1688; x_wconf 81' lang='grc' dir='ltr'>εἰ</span> <span class='ocrx_word' id='word_1_196' title='bbox 814 1655 856 1688; x_wconf 77' lang='grc' dir='ltr'>τὸ</span> <span class='ocrx_word' id='word_1_197' title='bbox 873 1656 897 1686; x_wconf 93' lang='grc' dir='ltr'><strong>Β</strong></span> <span class='ocrx_word' id='word_1_198' title='bbox 921 1656 981 1686; x_wconf 81' lang='grc' dir='ltr'>καὶ</span> <span class='ocrx_word' id='word_1_199' title='bbox 999 1652 1031 1686; x_wconf 81' lang='grc' dir='ltr'>ἐν</span> <span class='ocrx_word' id='word_1_200' title='bbox 1051 1655 1099 1695; x_wconf 83' lang='grc' dir='ltr'>τῷ</span> <span class='ocrx_word' id='word_1_201' title='bbox 1118 1656 1139 1684; x_wconf 91' lang='grc' dir='ltr'><strong>Γ</strong></span> <span class='ocrx_word' id='word_1_202' title='bbox 1156 1657 1214 1686; x_wconf 80' lang='grc' dir='ltr'>καὶ</span> <span class='ocrx_word' id='word_1_203' title='bbox 1234 1653 1265 1687; x_wconf 77' lang='grc' dir='ltr'>ἐν</span> <span class='ocrx_word' id='word_1_204' title='bbox 1284 1657 1332 1698; x_wconf 83' lang='grc' dir='ltr'>τῷ</span> <span class='ocrx_word' id='word_1_205' title='bbox 1352 1658 1377 1688; x_wconf 88' lang='grc' dir='ltr'><strong>Α</strong></span> 
     </span>
     <span class='ocr_line' id='line_1_24' title="bbox 375 1696 1373 1748; baseline -0.005 -10"><span class='ocrx_word' id='word_1_206' title='bbox 375 1705 481 1738; x_wconf 77' lang='grc' dir='ltr'>ἐστίν·</span> <span class='ocrx_word' id='word_1_207' title='bbox 510 1702 643 1748; x_wconf 80' lang='grc' dir='ltr'>ἀνάγκη</span> <span class='ocrx_word' id='word_1_208' title='bbox 671 1701 735 1746; x_wconf 84' lang='grc' dir='ltr'>γάρ</span> <span class='ocrx_word' id='word_1_209' title='bbox 761 1700 904 1744; x_wconf 85' lang='grc' dir='ltr'>θάτερον</span> <span class='ocrx_word' id='word_1_210' title='bbox 924 1699 990 1731; x_wconf 82' lang='grc' dir='ltr'>ὑπὸ</span> <span class='ocrx_word' id='word_1_211' title='bbox 1008 1697 1151 1743; x_wconf 89' lang='grc' dir='ltr'>θάτερον</span> <span class='ocrx_word' id='word_1_212' title='bbox 1171 1696 1271 1742; x_wconf 79' lang='grc' dir='ltr'>εἶναι,</span> <span class='ocrx_word' id='word_1_213' title='bbox 1291 1699 1373 1733; x_wconf 77' lang='grc' dir='ltr'>ὥστ’</span> 
     </span>
     <span class='ocr_line' id='line_1_25' title="bbox 375 1740 1377 1791; baseline -0.006 -9"><span class='ocrx_word' id='word_1_214' title='bbox 375 1750 412 1784; x_wconf 76' lang='grc' dir='ltr'>ἂν</span> <span class='ocrx_word' id='word_1_215' title='bbox 438 1749 529 1791; x_wconf 74' lang='grc' dir='ltr'>λάβῃ</span> <span class='ocrx_word' id='word_1_216' title='bbox 556 1751 597 1781; x_wconf 75' lang='grc' dir='ltr'>τὸ</span> <span class='ocrx_word' id='word_1_217' title='bbox 619 1748 645 1778; x_wconf 87' lang='lat' dir='ltr'>A</span> <span class='ocrx_word' id='word_1_218' title='bbox 669 1747 787 1790; x_wconf 80' lang='grc' dir='ltr'>μηδενὶ</span> <span class='ocrx_word' id='word_1_219' title='bbox 803 1746 870 1778; x_wconf 86' lang='grc' dir='ltr'>τῶν</span> <span class='ocrx_word' id='word_1_220' title='bbox 888 1745 909 1775; x_wconf 90' lang='grc' dir='ltr'><strong>Γ</strong></span> <span class='ocrx_word' id='word_1_221' title='bbox 936 1743 1114 1789; x_wconf 86' lang='grc' dir='ltr'>ὑπάρχειν,</span> <span class='ocrx_word' id='word_1_222' title='bbox 1133 1740 1256 1788; x_wconf 72' lang='grc' dir='ltr'>ψευδής</span> <span class='ocrx_word' id='word_1_223' title='bbox 1276 1746 1377 1778; x_wconf 83' lang='grc' dir='ltr'>ἔσται</span> 
     </span>
     <span class='ocr_line' id='line_1_26' title="bbox 373 1788 1378 1839; baseline -0.013 -11"><span class='ocrx_word' id='word_1_224' title='bbox 373 1797 394 1832; x_wconf 73' lang='grc' dir='ltr'>’ἡ</span> <span class='ocrx_word' id='word_1_225' title='bbox 421 1794 601 1839; x_wconf 78' lang='grc' dir='ltr'>πρότασις.</span> <span class='ocrx_word' id='word_1_226' title='bbox 638 1791 786 1837; x_wconf 79' lang='grc' dir='ltr'>Φανερόν</span> <span class='ocrx_word' id='word_1_227' title='bbox 815 1788 870 1822; x_wconf 80' lang='grc' dir='ltr'>οὑν</span> <span class='ocrx_word' id='word_1_228' title='bbox 898 1788 952 1821; x_wconf 79' lang='grc' dir='ltr'>ὅτι</span> <span class='ocrx_word' id='word_1_229' title='bbox 977 1791 1036 1820; x_wconf 78' lang='grc' dir='ltr'>καὶ</span> <span class='ocrx_word' id='word_1_230' title='bbox 1061 1791 1123 1826; x_wconf 78' lang='grc' dir='ltr'>τῆς</span> <span class='ocrx_word' id='word_1_231' title='bbox 1156 1789 1275 1834; x_wconf 71' lang='grc' dir='ltr'>ἐτέρας</span> <span class='ocrx_word' id='word_1_232' title='bbox 1303 1795 1378 1834; x_wconf 61' lang='grc' dir='ltr'>ψευ-</span> 
     </span>
     <span class='ocr_line' id='line_1_27' title="bbox 373 1830 1374 1882; baseline -0.004 -10"><span class='ocrx_word' id='word_1_233' title='bbox 373 1837 450 1878; x_wconf 81' lang='grc' dir='ltr'>δοῧς</span> <span class='ocrx_word' id='word_1_234' title='bbox 478 1839 576 1877; x_wconf 78' lang='grc' dir='ltr'>οὔσης</span> <span class='ocrx_word' id='word_1_235' title='bbox 602 1837 661 1869; x_wconf 89' lang='grc' dir='ltr'>καὶ</span> <span class='ocrx_word' id='word_1_236' title='bbox 688 1834 808 1882; x_wconf 79' lang='grc' dir='ltr'>ἀμφοῖν</span> <span class='ocrx_word' id='word_1_237' title='bbox 833 1836 935 1868; x_wconf 76' lang='grc' dir='ltr'>’ἔσται</span> <span class='ocrx_word' id='word_1_238' title='bbox 960 1830 1082 1878; x_wconf 73' lang='grc' dir='ltr'>ψευδής</span> <span class='ocrx_word' id='word_1_239' title='bbox 1105 1835 1121 1866; x_wconf 76' lang='grc' dir='ltr'><em>ὁ</em></span> <span class='ocrx_word' id='word_1_240' title='bbox 1138 1835 1374 1882; x_wconf 70' lang='grc' dir='ltr'>συλλογισμός.</span> 
     </span>
     <span class='ocr_line' id='line_1_28' title="bbox 384 1875 1378 1928; baseline -0.006 -11"><span class='ocrx_word' id='word_1_241' title='bbox 384 1881 422 1917; x_wconf 81' lang='grc' dir='ltr'>δὲ</span> <span class='ocrx_word' id='word_1_242' title='bbox 447 1885 496 1925; x_wconf 78' lang='grc' dir='ltr'>τῷ</span> <span class='ocrx_word' id='word_1_243' title='bbox 522 1883 610 1928; x_wconf 84' lang='grc' dir='ltr'>μέσῳ</span> <span class='ocrx_word' id='word_1_244' title='bbox 636 1882 793 1927; x_wconf 72' lang='grc' dir='ltr'>σχήματι</span> <span class='ocrx_word' id='word_1_245' title='bbox 814 1878 895 1916; x_wconf 80' lang='grc' dir='ltr'>ὅλας</span> <span class='ocrx_word' id='word_1_246' title='bbox 914 1878 973 1922; x_wconf 88' lang='grc' dir='ltr'>μέν</span> <span class='ocrx_word' id='word_1_247' title='bbox 993 1875 1079 1910; x_wconf 81' lang='grc' dir='ltr'>εἶναι</span> <span class='ocrx_word' id='word_1_248' title='bbox 1104 1879 1168 1917; x_wconf 83' lang='grc' dir='ltr'>τάς</span> <span class='ocrx_word' id='word_1_249' title='bbox 1195 1881 1378 1925; x_wconf 87' lang='grc' dir='ltr'>προτάσεις</span> 
     </span>
     <span class='ocr_line' id='line_1_29' title="bbox 376 1921 1378 1974; baseline -0.004 -13"><span class='ocrx_word' id='word_1_250' title='bbox 376 1928 570 1974; x_wconf 85' lang='grc' dir='ltr'>ἀμφοτέρας</span> <span class='ocrx_word' id='word_1_251' title='bbox 599 1926 727 1971; x_wconf 83' lang='grc' dir='ltr'>ψευδεῖς</span> <span class='ocrx_word' id='word_1_252' title='bbox 761 1923 819 1958; x_wconf 81' lang='grc' dir='ltr'>οὑκ</span> <span class='ocrx_word' id='word_1_253' title='bbox 850 1921 1040 1969; x_wconf 74' lang='grc' dir='ltr'>ἐνδέχεται·</span> <span class='ocrx_word' id='word_1_254' title='bbox 1074 1921 1158 1955; x_wconf 80' lang='grc' dir='ltr'>ὅταν</span> <span class='ocrx_word' id='word_1_255' title='bbox 1189 1925 1253 1971; x_wconf 81' lang='grc' dir='ltr'>γάρ</span> <span class='ocrx_word' id='word_1_256' title='bbox 1286 1925 1327 1958; x_wconf 77' lang='grc' dir='ltr'>τὸ</span> <span class='ocrx_word' id='word_1_257' title='bbox 1353 1927 1378 1956; x_wconf 92' lang='lat' dir='ltr'>A</span> 
     </span>
     <span class='ocr_line' id='line_1_30' title="bbox 374 1966 1376 2025; baseline -0.005 -18"><span class='ocrx_word' id='word_1_258' title='bbox 374 1975 481 2007; x_wconf 80' lang='grc' dir='ltr'>παντὶ</span> <span class='ocrx_word' id='word_1_259' title='bbox 506 1974 554 2014; x_wconf 83' lang='grc' dir='ltr'>τῷ</span> <span class='ocrx_word' id='word_1_260' title='bbox 579 1974 602 2003; x_wconf 89' lang='grc' dir='ltr'><strong>Β</strong></span> <span class='ocrx_word' id='word_1_261' title='bbox 629 1972 780 2017; x_wconf 90' lang='grc' dir='ltr'>ὑπάρχῃ,</span> <span class='ocrx_word' id='word_1_262' title='bbox 809 1966 904 2002; x_wconf 78' lang='grc' dir='ltr'>οὐδὲν</span> <span class='ocrx_word' id='word_1_263' title='bbox 931 1971 1033 2002; x_wconf 86' lang='grc' dir='ltr'>ἔσται</span> <span class='ocrx_word' id='word_1_264' title='bbox 1057 1969 1175 2009; x_wconf 76' lang='grc' dir='ltr'>λαβεῖν</span> <span class='ocrx_word' id='word_1_265' title='bbox 1203 1971 1219 2002; x_wconf 86' lang='grc' dir='ltr'>ὂ</span> <span class='ocrx_word' id='word_1_266' title='bbox 1245 1971 1293 2012; x_wconf 83' lang='grc' dir='ltr'>τῷ</span> <span class='ocrx_word' id='word_1_267' title='bbox 1318 1969 1376 2025; x_wconf 82' lang='grc' dir='ltr'>μὲν</span> 
     </span>
     <span class='ocr_line' id='line_1_31' title="bbox 374 2009 1377 2063; baseline -0.005 -12"><span class='ocrx_word' id='word_1_268' title='bbox 374 2019 476 2063; x_wconf 82' lang='grc' dir='ltr'>ἑτέρῳ</span> <span class='ocrx_word' id='word_1_269' title='bbox 502 2019 609 2050; x_wconf 86' lang='grc' dir='ltr'>παντὶ</span> <span class='ocrx_word' id='word_1_270' title='bbox 631 2016 763 2061; x_wconf 82' lang='grc' dir='ltr'>θατέρῳ</span> <span class='ocrx_word' id='word_1_271' title='bbox 791 2011 821 2046; x_wconf 79' lang='grc' dir='ltr'>δ’</span> <span class='ocrx_word' id='word_1_272' title='bbox 843 2010 953 2047; x_wconf 77' lang='grc' dir='ltr'>οὐδενὶ</span> <span class='ocrx_word' id='word_1_273' title='bbox 978 2013 1134 2057; x_wconf 80' lang='grc' dir='ltr'>ὑπάρξει·</span> <span class='ocrx_word' id='word_1_274' title='bbox 1159 2011 1211 2046; x_wconf 85' lang='grc' dir='ltr'>δεῖ</span> <span class='ocrx_word' id='word_1_275' title='bbox 1232 2009 1261 2046; x_wconf 82' lang='grc' dir='ltr'>δ’</span> <span class='ocrx_word' id='word_1_276' title='bbox 1288 2016 1377 2048; x_wconf 86' lang='grc' dir='ltr'>οὑτω</span> 
     </span>
     <span class='ocr_line' id='line_1_32' title="bbox 374 2058 1379 2108; baseline -0.004 -12"><span class='ocrx_word' id='word_1_277' title='bbox 374 2063 561 2108; x_wconf 64' lang='grc' dir='ltr'>λαμβάνειν</span> <span class='ocrx_word' id='word_1_278' title='bbox 588 2062 652 2099; x_wconf 85' lang='grc' dir='ltr'>τάς</span> <span class='ocrx_word' id='word_1_279' title='bbox 679 2059 862 2106; x_wconf 86' lang='grc' dir='ltr'>προτάσεις</span> <span class='ocrx_word' id='word_1_280' title='bbox 881 2059 971 2092; x_wconf 74' lang='grc' dir='ltr'>ὥστε</span> <span class='ocrx_word' id='word_1_281' title='bbox 993 2059 1041 2100; x_wconf 84' lang='grc' dir='ltr'>τῷ</span> <span class='ocrx_word' id='word_1_282' title='bbox 1060 2058 1119 2103; x_wconf 80' lang='grc' dir='ltr'>μὲν</span> <span class='ocrx_word' id='word_1_283' title='bbox 1140 2059 1304 2104; x_wconf 78' lang='grc' dir='ltr'>ὑπάρχειν</span> <span class='ocrx_word' id='word_1_284' title='bbox 1330 2061 1379 2101; x_wconf 86' lang='grc' dir='ltr'>τῷ</span> 
     </span>
     <span class='ocr_line' id='line_1_33' title="bbox 374 2102 1377 2153; baseline -0.005 -13"><span class='ocrx_word' id='word_1_285' title='bbox 374 2105 412 2141; x_wconf 77' lang='grc' dir='ltr'>δέ</span> <span class='ocrx_word' id='word_1_286' title='bbox 430 2108 476 2153; x_wconf 79' lang='grc' dir='ltr'>μή</span> <span class='ocrx_word' id='word_1_287' title='bbox 497 2107 674 2151; x_wconf 85' lang='grc' dir='ltr'>ὑπάρχειν,</span> <span class='ocrx_word' id='word_1_288' title='bbox 689 2110 780 2150; x_wconf 80' lang='grc' dir='ltr'>εἴπερ</span> <span class='ocrx_word' id='word_1_289' title='bbox 797 2105 895 2138; x_wconf 74' lang='grc' dir='ltr'>ἔσται</span> <span class='ocrx_word' id='word_1_290' title='bbox 909 2102 1146 2148; x_wconf 73' lang='grc' dir='ltr'>συλλογισμός.</span> <span class='ocrx_word' id='word_1_291' title='bbox 1163 2105 1199 2136; x_wconf 80' lang='grc' dir='ltr'>Εἰ</span> <span class='ocrx_word' id='word_1_292' title='bbox 1216 2104 1270 2136; x_wconf 79' lang='grc' dir='ltr'>οὖν</span> <span class='ocrx_word' id='word_1_293' title='bbox 1288 2103 1377 2137; x_wconf 77' lang='grc' dir='ltr'>οὕτω</span> 
     </span>
     <span class='ocr_line' id='line_1_34' title="bbox 371 2145 1378 2198; baseline -0.004 -13"><span class='ocrx_word' id='word_1_294' title='bbox 371 2147 635 2198; x_wconf 81' lang='grc' dir='ltr'>λαμβανόμεναι</span> <span class='ocrx_word' id='word_1_295' title='bbox 660 2147 809 2195; x_wconf 69' lang='grc' dir='ltr'>ψευδεῖς,</span> <span class='ocrx_word' id='word_1_296' title='bbox 829 2145 933 2186; x_wconf 78' lang='grc' dir='ltr'>δῆλον</span> <span class='ocrx_word' id='word_1_297' title='bbox 955 2149 996 2187; x_wconf 83' lang='grc' dir='ltr'>ώς</span> <span class='ocrx_word' id='word_1_298' title='bbox 1016 2150 1177 2186; x_wconf 78' lang='grc' dir='ltr'>ἐναντίως</span> <span class='ocrx_word' id='word_1_299' title='bbox 1206 2147 1378 2181; x_wconf 83' lang='grc' dir='ltr'>ἀνάπαλιν</span> 
     </span>
     <span class='ocr_line' id='line_1_35' title="bbox 376 2190 1378 2239; baseline -0.004 -9"><span class='ocrx_word' id='word_1_300' title='bbox 376 2198 499 2239; x_wconf 79' lang='grc' dir='ltr'>ἕξουσι·</span> <span class='ocrx_word' id='word_1_301' title='bbox 537 2197 644 2228; x_wconf 80' lang='grc' dir='ltr'>τοῦτο</span> <span class='ocrx_word' id='word_1_302' title='bbox 677 2191 707 2227; x_wconf 77' lang='grc' dir='ltr'>δ’</span> <span class='ocrx_word' id='word_1_303' title='bbox 746 2190 932 2228; x_wconf 80' lang='grc' dir='ltr'>ἀδύνατον.</span> <span class='ocrx_word' id='word_1_304' title='bbox 966 2191 1044 2227; x_wconf 82' lang='grc' dir='ltr'>Ἐπί</span> <span class='ocrx_word' id='word_1_305' title='bbox 1079 2204 1113 2225; x_wconf 89' lang='grc' dir='ltr'>τι</span> <span class='ocrx_word' id='word_1_306' title='bbox 1145 2191 1174 2224; x_wconf 83' lang='grc' dir='ltr'>δ’</span> <span class='ocrx_word' id='word_1_307' title='bbox 1211 2193 1378 2239; x_wconf 84' lang='grc' dir='ltr'>ἑκατέραν</span> 
     </span>
     <span class='ocr_line' id='line_1_36' title="bbox 377 2235 1379 2284; baseline -0.004 -9"><span class='ocrx_word' id='word_1_308' title='bbox 377 2239 471 2276; x_wconf 71' lang='grc' dir='ltr'>οὐδὲν</span> <span class='ocrx_word' id='word_1_309' title='bbox 497 2240 618 2273; x_wconf 77' lang='grc' dir='ltr'>κωλύει</span> <span class='ocrx_word' id='word_1_310' title='bbox 643 2235 748 2284; x_wconf 77' lang='grc' dir='ltr'>ψευὸἧ</span> <span class='ocrx_word' id='word_1_311' title='bbox 767 2237 866 2280; x_wconf 84' lang='grc' dir='ltr'>εἶναι,</span> <span class='ocrx_word' id='word_1_312' title='bbox 888 2240 954 2271; x_wconf 82' lang='grc' dir='ltr'>οἷον</span> <span class='ocrx_word' id='word_1_313' title='bbox 975 2240 1002 2270; x_wconf 83' lang='grc' dir='ltr'>εὶ</span> <span class='ocrx_word' id='word_1_314' title='bbox 1021 2238 1062 2272; x_wconf 73' lang='grc' dir='ltr'>τὸ</span> <span class='ocrx_word' id='word_1_315' title='bbox 1081 2239 1102 2268; x_wconf 92' lang='grc' dir='ltr'><strong>Γ</strong></span> <span class='ocrx_word' id='word_1_316' title='bbox 1127 2239 1186 2270; x_wconf 82' lang='grc' dir='ltr'>καὶ</span> <span class='ocrx_word' id='word_1_317' title='bbox 1212 2240 1260 2281; x_wconf 83' lang='grc' dir='ltr'>τῷ</span> <span class='ocrx_word' id='word_1_318' title='bbox 1278 2241 1303 2270; x_wconf 83' lang='grc' dir='ltr'><strong>Α</strong></span> <span class='ocrx_word' id='word_1_319' title='bbox 1320 2241 1379 2271; x_wconf 85' lang='grc' dir='ltr'>καὶ</span> 
     </span>
     <span class='ocr_line' id='line_1_37' title="bbox 375 2283 1377 2331; baseline -0.004 -11"><span class='ocrx_word' id='word_1_320' title='bbox 375 2289 424 2330; x_wconf 79' lang='grc' dir='ltr'>τῷ</span> <span class='ocrx_word' id='word_1_321' title='bbox 441 2289 466 2318; x_wconf 88' lang='grc' dir='ltr'><strong>Β</strong></span> <span class='ocrx_word' id='word_1_322' title='bbox 491 2289 557 2318; x_wconf 83' lang='grc' dir='ltr'>τινὶ</span> <span class='ocrx_word' id='word_1_323' title='bbox 584 2287 746 2331; x_wconf 80' lang='grc' dir='ltr'>ὑπάρχοι·</span> <span class='ocrx_word' id='word_1_324' title='bbox 776 2283 813 2316; x_wconf 83' lang='grc' dir='ltr'>ἃν</span> <span class='ocrx_word' id='word_1_325' title='bbox 839 2284 904 2330; x_wconf 82' lang='grc' dir='ltr'>γάρ</span> <span class='ocrx_word' id='word_1_326' title='bbox 931 2284 978 2323; x_wconf 77' lang='grc' dir='ltr'>τῷ</span> <span class='ocrx_word' id='word_1_327' title='bbox 1004 2284 1062 2329; x_wconf 80' lang='grc' dir='ltr'>μὲν</span> <span class='ocrx_word' id='word_1_328' title='bbox 1081 2284 1107 2313; x_wconf 97' lang='lat' dir='ltr'>A</span> <span class='ocrx_word' id='word_1_329' title='bbox 1133 2286 1239 2316; x_wconf 85' lang='grc' dir='ltr'>παντὶ</span> <span class='ocrx_word' id='word_1_330' title='bbox 1263 2283 1377 2327; x_wconf 82' lang='grc' dir='ltr'>ληφθῇ</span> 
     </span>
     <span class='ocr_line' id='line_1_38' title="bbox 377 2325 1378 2377; baseline -0.003 -12"><span class='ocrx_word' id='word_1_331' title='bbox 377 2332 543 2377; x_wconf 85' lang='grc' dir='ltr'>ὑπάρχον,</span> <span class='ocrx_word' id='word_1_332' title='bbox 572 2332 619 2372; x_wconf 77' lang='grc' dir='ltr'>τῷ</span> <span class='ocrx_word' id='word_1_333' title='bbox 645 2327 683 2364; x_wconf 72' lang='grc' dir='ltr'>δὲ</span> <span class='ocrx_word' id='word_1_334' title='bbox 700 2332 724 2362; x_wconf 91' lang='grc' dir='ltr'><strong>Β</strong></span> <span class='ocrx_word' id='word_1_335' title='bbox 750 2325 880 2372; x_wconf 62' lang='grc' dir='ltr'>μηδενί,</span> <span class='ocrx_word' id='word_1_336' title='bbox 900 2326 1027 2372; x_wconf 74' lang='grc' dir='ltr'>ψευδεῖς</span> <span class='ocrx_word' id='word_1_337' title='bbox 1054 2328 1113 2372; x_wconf 82' lang='grc' dir='ltr'>μὲν</span> <span class='ocrx_word' id='word_1_338' title='bbox 1132 2326 1324 2373; x_wconf 80' lang='grc' dir='ltr'>ἀμφότεραι</span> <span class='ocrx_word' id='word_1_339' title='bbox 1343 2332 1378 2362; x_wconf 82' lang='grc' dir='ltr'>αἱ</span> 
     </span>
     <span class='ocr_line' id='line_1_39' title="bbox 376 2371 1381 2423; baseline -0.004 -12"><span class='ocrx_word' id='word_1_340' title='bbox 376 2378 578 2423; x_wconf 82' lang='grc' dir='ltr'>προτάσεις,</span> <span class='ocrx_word' id='word_1_341' title='bbox 606 2372 643 2407; x_wconf 83' lang='grc' dir='ltr'>οὐ</span> <span class='ocrx_word' id='word_1_342' title='bbox 669 2375 786 2420; x_wconf 88' lang='grc' dir='ltr'>μέντοι</span> <span class='ocrx_word' id='word_1_343' title='bbox 813 2373 907 2415; x_wconf 84' lang='grc' dir='ltr'>ὅλαι,</span> <span class='ocrx_word' id='word_1_344' title='bbox 936 2372 1009 2407; x_wconf 81' lang='grc' dir='ltr'>ἀλλ’</span> <span class='ocrx_word' id='word_1_345' title='bbox 1039 2371 1093 2406; x_wconf 79' lang='grc' dir='ltr'>ἐπί</span> <span class='ocrx_word' id='word_1_346' title='bbox 1120 2385 1166 2406; x_wconf 89' lang='grc' dir='ltr'>τι.</span> <span class='ocrx_word' id='word_1_347' title='bbox 1205 2375 1271 2406; x_wconf 82' lang='grc' dir='ltr'>Καὶ</span> <span class='ocrx_word' id='word_1_348' title='bbox 1299 2372 1381 2407; x_wconf 88' lang='grc' dir='ltr'>ἀνά-</span> 
     </span>
     <span class='ocr_line' id='line_1_40' title="bbox 377 2417 1246 2464; baseline -0.007 -8"><span class='ocrx_word' id='word_1_349' title='bbox 377 2425 479 2456; x_wconf 86' lang='grc' dir='ltr'>παλιν</span> <span class='ocrx_word' id='word_1_350' title='bbox 506 2417 543 2452; x_wconf 74' lang='grc' dir='ltr'>δὲ</span> <span class='ocrx_word' id='word_1_351' title='bbox 567 2419 726 2458; x_wconf 83' lang='grc' dir='ltr'>τεθέντος</span> <span class='ocrx_word' id='word_1_352' title='bbox 751 2420 814 2452; x_wconf 79' lang='grc' dir='ltr'>τοῦ</span> <span class='ocrx_word' id='word_1_353' title='bbox 840 2419 1043 2464; x_wconf 81' lang='grc' dir='ltr'>στερητικοῦ</span> <span class='ocrx_word' id='word_1_354' title='bbox 1068 2417 1246 2456; x_wconf 79' lang='grc' dir='ltr'>ὡσαύτως.</span> 
     </span>
    </p>

    <p class='ocr_par' dir='ltr' id='par_1_10' title="bbox 309 2458 1381 2867">
     <span class='ocr_line' id='line_1_41' title="bbox 309 2458 1375 2511; baseline -0.003 -12"><span class='ocrx_word' id='word_1_355' title='bbox 309 2469 376 2507; x_wconf 69' lang='grc' dir='ltr'>Τήν</span> <span class='ocrx_word' id='word_1_356' title='bbox 403 2463 432 2499; x_wconf 71' lang='grc' dir='ltr'>δ’</span> <span class='ocrx_word' id='word_1_357' title='bbox 463 2465 581 2511; x_wconf 82' lang='grc' dir='ltr'>ἑτέραν</span> <span class='ocrx_word' id='word_1_358' title='bbox 609 2462 694 2497; x_wconf 82' lang='grc' dir='ltr'>εἶναι</span> <span class='ocrx_word' id='word_1_359' title='bbox 719 2462 823 2509; x_wconf 80' lang='grc' dir='ltr'>ψευδῆ</span> <span class='ocrx_word' id='word_1_360' title='bbox 841 2466 897 2496; x_wconf 85' lang='grc' dir='ltr'>καὶ</span> <span class='ocrx_word' id='word_1_361' title='bbox 925 2464 1155 2507; x_wconf 75' lang='grc' dir='ltr'>ὀποτερανοῦν</span> <span class='ocrx_word' id='word_1_362' title='bbox 1182 2458 1375 2509; x_wconf 75' lang='grc' dir='ltr'>ἐνδέχεται.</span> 
     </span>
     <span class='ocr_line' id='line_1_42' title="bbox 368 2507 1376 2558; baseline -0.004 -15"><span class='ocrx_word' id='word_1_363' title='bbox 368 2513 409 2543; x_wconf 78' lang='grc'>““0</span> <span class='ocrx_word' id='word_1_364' title='bbox 438 2511 485 2558; x_wconf 69' lang='grc' dir='ltr'>γά</span> <span class='ocrx_word' id='word_1_365' title='bbox 538 2510 683 2555; x_wconf 88' lang='grc' dir='ltr'>ὑπάρχει</span> <span class='ocrx_word' id='word_1_366' title='bbox 716 2521 762 2551; x_wconf 83' lang='grc' dir='ltr'>τῳ</span> <span class='ocrx_word' id='word_1_367' title='bbox 789 2510 813 2539; x_wconf 86' lang='grc' dir='ltr'><strong>Α</strong></span> <span class='ocrx_word' id='word_1_368' title='bbox 839 2511 967 2550; x_wconf 84' lang='grc' dir='ltr'>παντί,</span> <span class='ocrx_word' id='word_1_369' title='bbox 1001 2510 1060 2540; x_wconf 84' lang='grc' dir='ltr'>καὶ</span> <span class='ocrx_word' id='word_1_370' title='bbox 1086 2509 1134 2550; x_wconf 79' lang='grc' dir='ltr'>τῷ</span> <span class='ocrx_word' id='word_1_371' title='bbox 1159 2509 1183 2539; x_wconf 90' lang='grc' dir='ltr'><strong>Β</strong></span> <span class='ocrx_word' id='word_1_372' title='bbox 1221 2507 1376 2552; x_wconf 81' lang='grc' dir='ltr'>ὑπάρξει·</span> 
     </span>
     <span class='ocr_line' id='line_1_43' title="bbox 377 2553 1378 2600; baseline -0.006 -11"><span class='ocrx_word' id='word_1_373' title='bbox 377 2555 434 2589; x_wconf 72' lang='grc' dir='ltr'>ἐάν</span> <span class='ocrx_word' id='word_1_374' title='bbox 463 2568 518 2588; x_wconf 88' lang='grc' dir='ltr'>ουν</span> <span class='ocrx_word' id='word_1_375' title='bbox 542 2555 653 2600; x_wconf 82' lang='grc' dir='ltr'>ληφθῇ</span> <span class='ocrx_word' id='word_1_376' title='bbox 686 2555 734 2596; x_wconf 77' lang='grc' dir='ltr'>τῷ</span> <span class='ocrx_word' id='word_1_377' title='bbox 761 2554 819 2598; x_wconf 78' lang='grc' dir='ltr'>μὲν</span> <span class='ocrx_word' id='word_1_378' title='bbox 846 2557 871 2586; x_wconf 88' lang='lat' dir='ltr'>A</span> <span class='ocrx_word' id='word_1_379' title='bbox 904 2553 967 2595; x_wconf 79' lang='grc' dir='ltr'>ὅλῳ</span> <span class='ocrx_word' id='word_1_380' title='bbox 1000 2553 1165 2599; x_wconf 86' lang='grc' dir='ltr'>ὑπάρχειν</span> <span class='ocrx_word' id='word_1_381' title='bbox 1196 2553 1238 2585; x_wconf 76' lang='grc' dir='ltr'>τὸ</span> <span class='ocrx_word' id='word_1_382' title='bbox 1263 2554 1302 2594; x_wconf 90' lang='grc' dir='ltr'>Γ,</span> <span class='ocrx_word' id='word_1_383' title='bbox 1330 2554 1378 2595; x_wconf 81' lang='grc' dir='ltr'>τῷ</span> 
     </span>
     <span class='ocr_line' id='line_1_44' title="bbox 376 2597 1378 2644; baseline -0.004 -11"><span class='ocrx_word' id='word_1_384' title='bbox 376 2598 414 2634; x_wconf 76' lang='grc' dir='ltr'>δὲ</span> <span class='ocrx_word' id='word_1_385' title='bbox 433 2603 457 2632; x_wconf 95' lang='grc' dir='ltr'><strong>Β</strong></span> <span class='ocrx_word' id='word_1_386' title='bbox 483 2600 547 2641; x_wconf 79' lang='grc' dir='ltr'>ὅλῳ</span> <span class='ocrx_word' id='word_1_387' title='bbox 573 2599 620 2644; x_wconf 76' lang='grc' dir='ltr'>μή</span> <span class='ocrx_word' id='word_1_388' title='bbox 647 2599 825 2644; x_wconf 89' lang='grc' dir='ltr'>ὑπάρχειν,</span> <span class='ocrx_word' id='word_1_389' title='bbox 853 2601 873 2636; x_wconf 79' lang='grc' dir='ltr'>ἡ</span> <span class='ocrx_word' id='word_1_390' title='bbox 900 2599 959 2643; x_wconf 76' lang='grc' dir='ltr'>μέν</span> <span class='ocrx_word' id='word_1_391' title='bbox 979 2600 1000 2629; x_wconf 91' lang='grc' dir='ltr'><strong>Γ</strong></span> <span class='ocrx_word' id='word_1_392' title='bbox 1018 2599 1044 2630; x_wconf 89' lang='lat' dir='ltr'>A</span> <span class='ocrx_word' id='word_1_393' title='bbox 1071 2597 1198 2636; x_wconf 75' lang='grc' dir='ltr'>ἀληθής</span> <span class='ocrx_word' id='word_1_394' title='bbox 1225 2597 1338 2635; x_wconf 80' lang='grc' dir='ltr'>ἔσται,</span> <span class='ocrx_word' id='word_1_395' title='bbox 1357 2599 1378 2635; x_wconf 76' lang='grc' dir='ltr'><em>ἡ</em></span> 
     </span>
     <span class='ocr_line' id='line_1_45' title="bbox 376 2637 1380 2688; baseline -0.004 -9"><span class='ocrx_word' id='word_1_396' title='bbox 376 2646 414 2679; x_wconf 81' lang='grc' dir='ltr'>δὲ</span> <span class='ocrx_word' id='word_1_397' title='bbox 433 2649 453 2678; x_wconf 89' lang='grc' dir='ltr'><strong>Γ</strong></span> <span class='ocrx_word' id='word_1_398' title='bbox 471 2648 494 2681; x_wconf 90' lang='grc' dir='ltr'><strong>Β</strong></span> <span class='ocrx_word' id='word_1_399' title='bbox 519 2641 654 2688; x_wconf 74' lang='grc' dir='ltr'>ψευδής.</span> <span class='ocrx_word' id='word_1_400' title='bbox 686 2643 788 2676; x_wconf 80' lang='grc' dir='ltr'>Πάλιν</span> <span class='ocrx_word' id='word_1_401' title='bbox 817 2644 832 2675; x_wconf 84' lang='grc' dir='ltr'><strong><em>ὃ</em></strong></span> <span class='ocrx_word' id='word_1_402' title='bbox 857 2645 905 2685; x_wconf 81' lang='grc' dir='ltr'>τῷ</span> <span class='ocrx_word' id='word_1_403' title='bbox 924 2645 947 2674; x_wconf 90' lang='grc' dir='ltr'><strong>Β</strong></span> <span class='ocrx_word' id='word_1_404' title='bbox 977 2639 1094 2688; x_wconf 72' lang='grc' dir='ltr'>μηδενὶ</span> <span class='ocrx_word' id='word_1_405' title='bbox 1121 2642 1280 2687; x_wconf 86' lang='grc' dir='ltr'>ὑπάρχει,</span> <span class='ocrx_word' id='word_1_406' title='bbox 1302 2637 1380 2675; x_wconf 73' lang='grc' dir='ltr'>οὐδὲ</span> 
     </span>
     <span class='ocr_line' id='line_1_46' title="bbox 378 2684 1379 2735; baseline -0.006 -11"><span class='ocrx_word' id='word_1_407' title='bbox 378 2692 426 2732; x_wconf 79' lang='grc' dir='ltr'>τῷ</span> <span class='ocrx_word' id='word_1_408' title='bbox 452 2692 477 2722; x_wconf 87' lang='grc' dir='ltr'><strong>Α</strong></span> <span class='ocrx_word' id='word_1_409' title='bbox 503 2692 609 2722; x_wconf 85' lang='grc' dir='ltr'>παντὶ</span> <span class='ocrx_word' id='word_1_410' title='bbox 636 2688 788 2733; x_wconf 76' lang='grc' dir='ltr'>ὑπάρξει·</span> <span class='ocrx_word' id='word_1_411' title='bbox 817 2690 845 2720; x_wconf 75' lang='grc' dir='ltr'>εἰ</span> <span class='ocrx_word' id='word_1_412' title='bbox 869 2689 933 2735; x_wconf 78' lang='grc' dir='ltr'>γάρ</span> <span class='ocrx_word' id='word_1_413' title='bbox 958 2687 1007 2731; x_wconf 69' lang='grc' dir='ltr'>’τῷ</span> <span class='ocrx_word' id='word_1_414' title='bbox 1029 2690 1066 2730; x_wconf 87' lang='grc' dir='ltr'>Α,</span> <span class='ocrx_word' id='word_1_415' title='bbox 1085 2691 1143 2721; x_wconf 82' lang='grc' dir='ltr'>καὶ</span> <span class='ocrx_word' id='word_1_416' title='bbox 1169 2689 1217 2729; x_wconf 79' lang='grc' dir='ltr'>τῷ</span> <span class='ocrx_word' id='word_1_417' title='bbox 1237 2689 1273 2718; x_wconf 86' lang='grc' dir='ltr'>Β·</span> <span class='ocrx_word' id='word_1_418' title='bbox 1303 2684 1379 2719; x_wconf 83' lang='grc' dir='ltr'>ἀλλ’</span> 
     </span>
     <span class='ocr_line' id='line_1_47' title="bbox 378 2731 1379 2781; baseline -0.005 -13"><span class='ocrx_word' id='word_1_419' title='bbox 378 2735 442 2780; x_wconf 78' lang='grc' dir='ltr'>οὑχ</span> <span class='ocrx_word' id='word_1_420' title='bbox 466 2736 629 2781; x_wconf 86' lang='grc' dir='ltr'>ὑπῆρχεν.</span> <span class='ocrx_word' id='word_1_421' title='bbox 658 2732 739 2766; x_wconf 82' lang='grc' dir='ltr'>Ἐάν</span> <span class='ocrx_word' id='word_1_422' title='bbox 768 2731 823 2765; x_wconf 74' lang='grc' dir='ltr'>οὖν</span> <span class='ocrx_word' id='word_1_423' title='bbox 853 2732 964 2777; x_wconf 81' lang='grc' dir='ltr'>ληφθῇ</span> <span class='ocrx_word' id='word_1_424' title='bbox 990 2734 1031 2766; x_wconf 76' lang='grc' dir='ltr'>τό</span> <span class='ocrx_word' id='word_1_425' title='bbox 1058 2736 1078 2765; x_wconf 93' lang='grc' dir='ltr'><strong>Γ</strong></span> <span class='ocrx_word' id='word_1_426' title='bbox 1105 2735 1152 2775; x_wconf 79' lang='grc' dir='ltr'>τῷ</span> <span class='ocrx_word' id='word_1_427' title='bbox 1180 2733 1239 2777; x_wconf 79' lang='grc' dir='ltr'>μὲν</span> <span class='ocrx_word' id='word_1_428' title='bbox 1265 2732 1290 2763; x_wconf 82' lang='grc' dir='ltr'><strong>Α</strong></span> <span class='ocrx_word' id='word_1_429' title='bbox 1316 2731 1379 2773; x_wconf 79' lang='grc' dir='ltr'>ὅλῳ</span> 
     </span>
     <span class='ocr_line' id='line_1_48' title="bbox 378 2774 1381 2826; baseline -0.004 -14"><span class='ocrx_word' id='word_1_430' title='bbox 378 2782 555 2826; x_wconf 82' lang='grc' dir='ltr'>ὑπάρχειν,</span> <span class='ocrx_word' id='word_1_431' title='bbox 575 2780 622 2821; x_wconf 79' lang='grc' dir='ltr'>τῷ</span> <span class='ocrx_word' id='word_1_432' title='bbox 648 2774 684 2810; x_wconf 68' lang='grc' dir='ltr'>δέ</span> <span class='ocrx_word' id='word_1_433' title='bbox 701 2780 725 2809; x_wconf 91' lang='grc' dir='ltr'><strong>Β</strong></span> <span class='ocrx_word' id='word_1_434' title='bbox 750 2774 880 2823; x_wconf 75' lang='grc' dir='ltr'>μηδενί,</span> <span class='ocrx_word' id='word_1_435' title='bbox 901 2779 921 2815; x_wconf 80' lang='grc' dir='ltr'>η</span> <span class='ocrx_word' id='word_1_436' title='bbox 948 2778 1006 2823; x_wconf 80' lang='grc' dir='ltr'>μὲν</span> <span class='ocrx_word' id='word_1_437' title='bbox 1025 2779 1046 2808; x_wconf 94' lang='grc' dir='ltr'><strong>Γ</strong></span> <span class='ocrx_word' id='word_1_438' title='bbox 1063 2780 1088 2810; x_wconf 91' lang='grc' dir='ltr'><strong>Β</strong></span> <span class='ocrx_word' id='word_1_439' title='bbox 1115 2777 1281 2823; x_wconf 80' lang='grc' dir='ltr'>πρότασις</span> <span class='ocrx_word' id='word_1_440' title='bbox 1300 2775 1381 2814; x_wconf 87' lang='grc' dir='ltr'>ἀλη-</span> 
     </span>
     <span class='ocr_line' id='line_1_49' title="bbox 378 2820 1180 2867; baseline -0.005 -10"><span class='ocrx_word' id='word_1_441' title='bbox 378 2825 451 2867; x_wconf 78' lang='grc' dir='ltr'>θής,</span> <span class='ocrx_word' id='word_1_442' title='bbox 478 2827 498 2862; x_wconf 78' lang='grc' dir='ltr'>η</span> <span class='ocrx_word' id='word_1_443' title='bbox 524 2821 554 2857; x_wconf 75' lang='grc' dir='ltr'>δ’</span> <span class='ocrx_word' id='word_1_444' title='bbox 583 2823 686 2866; x_wconf 82' lang='grc' dir='ltr'>ἑτέρα</span> <span class='ocrx_word' id='word_1_445' title='bbox 711 2820 846 2867; x_wconf 77' lang='grc' dir='ltr'>ψευδής.</span> <span class='ocrx_word' id='word_1_446' title='bbox 1175 2831 1180 2836; x_wconf 94' lang='grc'><em>·</em></span> 
     </span>
    </p>

    <p class='ocr_par' dir='ltr' id='par_1_11' title="bbox 307 2865 1382 3361">
     <span class='ocr_line' id='line_1_50' title="bbox 307 2865 1382 2916; baseline -0.006 -13"><span class='ocrx_word' id='word_1_447' title='bbox 307 2873 445 2916; x_wconf 82' lang='grc' dir='ltr'>Ὁμοίως</span> <span class='ocrx_word' id='word_1_448' title='bbox 463 2865 500 2902; x_wconf 78' lang='grc' dir='ltr'>δὲ</span> <span class='ocrx_word' id='word_1_449' title='bbox 517 2871 576 2901; x_wconf 82' lang='grc' dir='ltr'>καὶ</span> <span class='ocrx_word' id='word_1_450' title='bbox 594 2867 845 2912; x_wconf 83' lang='grc' dir='ltr'>μετατεθέντος</span> <span class='ocrx_word' id='word_1_451' title='bbox 867 2869 930 2901; x_wconf 82' lang='grc' dir='ltr'>τοῦ</span> <span class='ocrx_word' id='word_1_452' title='bbox 948 2868 1166 2911; x_wconf 83' lang='grc' dir='ltr'>στερητικοῦ.</span> <span class='ocrx_word' id='word_1_453' title='bbox 1178 2867 1219 2898; x_wconf 90' lang='grc' dir='ltr'>Ὃ</span> <span class='ocrx_word' id='word_1_454' title='bbox 1235 2866 1300 2911; x_wconf 81' lang='grc' dir='ltr'>γάρ</span> <span class='ocrx_word' id='word_1_455' title='bbox 1318 2877 1382 2909; x_wconf 87' lang='grc' dir='ltr'>μη-</span> 
     </span>
     <span class='ocr_line' id='line_1_51' title="bbox 378 2907 1380 2960; baseline -0.004 -14"><span class='ocrx_word' id='word_1_456' title='bbox 378 2911 446 2947; x_wconf 79' lang='grc' dir='ltr'>δενὶ</span> <span class='ocrx_word' id='word_1_457' title='bbox 473 2915 617 2960; x_wconf 84' lang='grc' dir='ltr'>ὑπάρχει</span> <span class='ocrx_word' id='word_1_458' title='bbox 643 2915 690 2955; x_wconf 86' lang='grc' dir='ltr'>τῷ</span> <span class='ocrx_word' id='word_1_459' title='bbox 712 2916 754 2954; x_wconf 80' lang='lat' dir='ltr'>A,</span> <span class='ocrx_word' id='word_1_460' title='bbox 784 2908 863 2945; x_wconf 76' lang='grc' dir='ltr'>οὑδὲ</span> <span class='ocrx_word' id='word_1_461' title='bbox 889 2914 936 2954; x_wconf 85' lang='grc' dir='ltr'>τῷ</span> <span class='ocrx_word' id='word_1_462' title='bbox 955 2914 978 2943; x_wconf 92' lang='grc' dir='ltr'><strong>Β</strong></span> <span class='ocrx_word' id='word_1_463' title='bbox 1006 2907 1116 2944; x_wconf 73' lang='grc' dir='ltr'>οὐδενὶ</span> <span class='ocrx_word' id='word_1_464' title='bbox 1143 2910 1298 2956; x_wconf 78' lang='grc' dir='ltr'>ὑπάρξει·</span> <span class='ocrx_word' id='word_1_465' title='bbox 1322 2910 1380 2944; x_wconf 81' lang='grc' dir='ltr'>ἐάν</span> 
     </span>
     <span class='ocr_line' id='line_1_52' title="bbox 379 2954 1380 3002; baseline -0.006 -10"><span class='ocrx_word' id='word_1_466' title='bbox 379 2958 434 2992; x_wconf 77' lang='grc' dir='ltr'>οὖν</span> <span class='ocrx_word' id='word_1_467' title='bbox 451 2958 562 3002; x_wconf 84' lang='grc' dir='ltr'>ληφθῇ</span> <span class='ocrx_word' id='word_1_468' title='bbox 581 2958 622 2991; x_wconf 76' lang='grc' dir='ltr'>τὸ</span> <span class='ocrx_word' id='word_1_469' title='bbox 641 2960 662 2989; x_wconf 90' lang='grc' dir='ltr'><strong>Γ</strong></span> <span class='ocrx_word' id='word_1_470' title='bbox 682 2959 730 3000; x_wconf 79' lang='grc' dir='ltr'>τῷ</span> <span class='ocrx_word' id='word_1_471' title='bbox 748 2958 806 3002; x_wconf 80' lang='grc' dir='ltr'>μὲν</span> <span class='ocrx_word' id='word_1_472' title='bbox 825 2958 850 2989; x_wconf 88' lang='lat' dir='ltr'>A</span> <span class='ocrx_word' id='word_1_473' title='bbox 873 2956 936 2999; x_wconf 81' lang='grc' dir='ltr'>ὅλῳ</span> <span class='ocrx_word' id='word_1_474' title='bbox 955 2957 1003 3002; x_wconf 76' lang='grc' dir='ltr'>μη</span> <span class='ocrx_word' id='word_1_475' title='bbox 1024 2956 1203 3002; x_wconf 84' lang='grc' dir='ltr'>ὑπάρχειν,</span> <span class='ocrx_word' id='word_1_476' title='bbox 1220 2957 1272 2998; x_wconf 76' lang='grc' dir='ltr'>’τῷ</span> <span class='ocrx_word' id='word_1_477' title='bbox 1299 2954 1337 2988; x_wconf 80' lang='grc' dir='ltr'>δὲ</span> <span class='ocrx_word' id='word_1_478' title='bbox 1355 2957 1380 2986; x_wconf 90' lang='grc' dir='ltr'><strong>Β</strong></span> 
     </span>
     <span class='ocr_line' id='line_1_53' title="bbox 379 3000 1378 3048; baseline -0.005 -11"><span class='ocrx_word' id='word_1_479' title='bbox 379 3004 441 3045; x_wconf 76' lang='grc' dir='ltr'>ὅλῳ</span> <span class='ocrx_word' id='word_1_480' title='bbox 468 3003 645 3048; x_wconf 84' lang='grc' dir='ltr'>ὑπάρχειν,</span> <span class='ocrx_word' id='word_1_481' title='bbox 673 3004 694 3040; x_wconf 79' lang='grc' dir='ltr'>η</span> <span class='ocrx_word' id='word_1_482' title='bbox 712 3003 772 3046; x_wconf 80' lang='grc' dir='ltr'>μὲν</span> <span class='ocrx_word' id='word_1_483' title='bbox 791 3006 815 3034; x_wconf 89' lang='grc' dir='ltr'><strong>Α</strong></span> <span class='ocrx_word' id='word_1_484' title='bbox 833 3004 853 3033; x_wconf 93' lang='grc' dir='ltr'><strong>Γ</strong></span> <span class='ocrx_word' id='word_1_485' title='bbox 873 3001 1040 3047; x_wconf 76' lang='grc' dir='ltr'>πρότασις</span> <span class='ocrx_word' id='word_1_486' title='bbox 1070 3000 1198 3039; x_wconf 69' lang='grc' dir='ltr'>ἀληθής</span> <span class='ocrx_word' id='word_1_487' title='bbox 1217 3001 1329 3043; x_wconf 81' lang='grc' dir='ltr'>ἔσται,</span> <span class='ocrx_word' id='word_1_488' title='bbox 1358 3001 1378 3037; x_wconf 73' lang='grc' dir='ltr'>’ἦ</span> 
     </span>
     <span class='ocr_line' id='line_1_54' title="bbox 379 3043 1378 3093; baseline -0.004 -12"><span class='ocrx_word' id='word_1_489' title='bbox 379 3048 479 3093; x_wconf 77' lang='grc' dir='ltr'>ἑτέρα</span> <span class='ocrx_word' id='word_1_490' title='bbox 497 3045 533 3080; x_wconf 70' lang='grc' dir='ltr'>δέ</span> <span class='ocrx_word' id='word_1_491' title='bbox 549 3043 684 3092; x_wconf 60' lang='grc' dir='ltr'>ψευδής.</span> <span class='ocrx_word' id='word_1_492' title='bbox 710 3049 775 3079; x_wconf 78' lang='grc' dir='ltr'>Καὶ</span> <span class='ocrx_word' id='word_1_493' title='bbox 794 3046 911 3087; x_wconf 89' lang='grc' dir='ltr'>πάλιν,</span> <span class='ocrx_word' id='word_1_494' title='bbox 933 3047 948 3078; x_wconf 79' lang='grc' dir='ltr'>ὃ</span> <span class='ocrx_word' id='word_1_495' title='bbox 967 3049 1074 3079; x_wconf 77' lang='grc' dir='ltr'>παντὶ</span> <span class='ocrx_word' id='word_1_496' title='bbox 1098 3047 1146 3088; x_wconf 84' lang='grc' dir='ltr'>τῷ</span> <span class='ocrx_word' id='word_1_497' title='bbox 1169 3047 1193 3077; x_wconf 94' lang='grc' dir='ltr'><strong>Β</strong></span> <span class='ocrx_word' id='word_1_498' title='bbox 1219 3045 1291 3078; x_wconf 85' lang='grc' dir='ltr'>ὑπά</span> <span class='ocrx_word' id='word_1_499' title='bbox 1311 3057 1378 3092; x_wconf 82' lang='grc' dir='ltr'>χει,</span> 
     </span>
     <span class='ocr_line' id='line_1_55' title="bbox 378 3087 1380 3138; baseline -0.004 -13"><span class='ocrx_word' id='word_1_500' title='bbox 378 3094 495 3138; x_wconf 76' lang='grc' dir='ltr'>μηδενὶ</span> <span class='ocrx_word' id='word_1_501' title='bbox 511 3095 628 3134; x_wconf 72' lang='grc' dir='ltr'>λαβεῖν</span> <span class='ocrx_word' id='word_1_502' title='bbox 648 3093 696 3133; x_wconf 78' lang='grc' dir='ltr'>τῷ</span> <span class='ocrx_word' id='word_1_503' title='bbox 712 3093 736 3123; x_wconf 91' lang='lat' dir='ltr'>A</span> <span class='ocrx_word' id='word_1_504' title='bbox 755 3091 921 3137; x_wconf 82' lang='grc' dir='ltr'>ὑπάρχον,</span> <span class='ocrx_word' id='word_1_505' title='bbox 941 3087 1075 3135; x_wconf 73' lang='grc' dir='ltr'>ψεῦδος.</span> <span class='ocrx_word' id='word_1_506' title='bbox 1090 3089 1240 3138; x_wconf 81' lang='grc' dir='ltr'>Ἀνάγκη</span> <span class='ocrx_word' id='word_1_507' title='bbox 1257 3103 1278 3136; x_wconf 92' lang='grc' dir='ltr'><strong>γ</strong></span> <span class='ocrx_word' id='word_1_508' title='bbox 1307 3103 1336 3135; x_wconf 90' lang='grc' dir='ltr'>ρ,</span> <span class='ocrx_word' id='word_1_509' title='bbox 1352 3090 1380 3122; x_wconf 79' lang='grc' dir='ltr'>εἰ</span> 
     </span>
     <span class='ocr_line' id='line_1_56' title="bbox 379 3133 1379 3182; baseline -0.005 -12"><span class='ocrx_word' id='word_1_510' title='bbox 379 3140 427 3179; x_wconf 77' lang='grc' dir='ltr'>τῷ</span> <span class='ocrx_word' id='word_1_511' title='bbox 445 3140 468 3168; x_wconf 86' lang='grc' dir='ltr'><strong>Β</strong></span> <span class='ocrx_word' id='word_1_512' title='bbox 487 3139 613 3178; x_wconf 85' lang='grc' dir='ltr'>παντί,</span> <span class='ocrx_word' id='word_1_513' title='bbox 635 3138 694 3168; x_wconf 80' lang='grc' dir='ltr'>καὶ</span> <span class='ocrx_word' id='word_1_514' title='bbox 715 3138 762 3178; x_wconf 80' lang='grc' dir='ltr'>τῷ</span> <span class='ocrx_word' id='word_1_515' title='bbox 782 3138 806 3167; x_wconf 88' lang='grc' dir='ltr'><strong>Α</strong></span> <span class='ocrx_word' id='word_1_516' title='bbox 824 3138 890 3169; x_wconf 69' lang='grc' dir='ltr'>τιν)Ι</span> <span class='ocrx_word' id='word_1_517' title='bbox 913 3135 1090 3182; x_wconf 82' lang='grc' dir='ltr'>ὑπάρχειν·</span> <span class='ocrx_word' id='word_1_518' title='bbox 1115 3134 1173 3168; x_wconf 79' lang='grc' dir='ltr'>ἐάν</span> <span class='ocrx_word' id='word_1_519' title='bbox 1194 3133 1250 3168; x_wconf 76' lang='grc' dir='ltr'>οὖν</span> <span class='ocrx_word' id='word_1_520' title='bbox 1268 3134 1379 3180; x_wconf 78' lang='grc' dir='ltr'>ληφθῇ</span> 
     </span>
     <span class='ocr_line' id='line_1_57' title="bbox 379 3174 1379 3226; baseline -0.004 -11"><span class='ocrx_word' id='word_1_521' title='bbox 379 3184 427 3224; x_wconf 81' lang='grc' dir='ltr'>τῷ</span> <span class='ocrx_word' id='word_1_522' title='bbox 453 3183 511 3226; x_wconf 77' lang='grc' dir='ltr'>μὲν</span> <span class='ocrx_word' id='word_1_523' title='bbox 529 3184 553 3213; x_wconf 92' lang='grc' dir='ltr'><strong>Β</strong></span> <span class='ocrx_word' id='word_1_524' title='bbox 578 3183 685 3214; x_wconf 81' lang='grc' dir='ltr'>παντὶ</span> <span class='ocrx_word' id='word_1_525' title='bbox 712 3180 875 3226; x_wconf 83' lang='grc' dir='ltr'>ὑπάρχειν</span> <span class='ocrx_word' id='word_1_526' title='bbox 902 3181 943 3213; x_wconf 74' lang='grc' dir='ltr'>τὸ</span> <span class='ocrx_word' id='word_1_527' title='bbox 962 3182 996 3221; x_wconf 91' lang='grc' dir='ltr'>Γ,</span> <span class='ocrx_word' id='word_1_528' title='bbox 1016 3182 1065 3221; x_wconf 79' lang='grc' dir='ltr'>τῷ</span> <span class='ocrx_word' id='word_1_529' title='bbox 1091 3175 1128 3212; x_wconf 74' lang='grc' dir='ltr'>δὲ</span> <span class='ocrx_word' id='word_1_530' title='bbox 1154 3180 1179 3211; x_wconf 90' lang='grc' dir='ltr'><strong>Α</strong></span> <span class='ocrx_word' id='word_1_531' title='bbox 1200 3174 1330 3225; x_wconf 68' lang='grc' dir='ltr'>μηδενί,</span> <span class='ocrx_word' id='word_1_532' title='bbox 1359 3180 1379 3215; x_wconf 73' lang='grc' dir='ltr'>ἡ</span> 
     </span>
     <span class='ocr_line' id='line_1_58' title="bbox 379 3220 1379 3270; baseline -0.003 -12"><span class='ocrx_word' id='word_1_533' title='bbox 379 3227 438 3270; x_wconf 79' lang='grc' dir='ltr'>μέν</span> <span class='ocrx_word' id='word_1_534' title='bbox 458 3228 478 3257; x_wconf 90' lang='grc' dir='ltr'><strong>Γ</strong></span> <span class='ocrx_word' id='word_1_535' title='bbox 497 3228 520 3257; x_wconf 84' lang='grc' dir='ltr'><strong>Β</strong></span> <span class='ocrx_word' id='word_1_536' title='bbox 540 3225 666 3263; x_wconf 63' lang='grc' dir='ltr'>ἀληθής</span> <span class='ocrx_word' id='word_1_537' title='bbox 684 3226 797 3266; x_wconf 76' lang='grc' dir='ltr'>ἔσται,</span> <span class='ocrx_word' id='word_1_538' title='bbox 818 3227 838 3262; x_wconf 78' lang='grc' dir='ltr'>ἡ</span> <span class='ocrx_word' id='word_1_539' title='bbox 860 3220 898 3257; x_wconf 72' lang='grc' dir='ltr'>δὲ</span> <span class='ocrx_word' id='word_1_540' title='bbox 915 3227 935 3255; x_wconf 98' lang='grc' dir='ltr'><strong>Γ</strong></span> <span class='ocrx_word' id='word_1_541' title='bbox 954 3226 979 3256; x_wconf 85' lang='grc' dir='ltr'><strong>Α</strong></span> <span class='ocrx_word' id='word_1_542' title='bbox 995 3221 1130 3269; x_wconf 72' lang='grc' dir='ltr'>ψευδής.</span> <span class='ocrx_word' id='word_1_543' title='bbox 1150 3225 1299 3269; x_wconf 77' lang='grc' dir='ltr'>Φανερόν</span> <span class='ocrx_word' id='word_1_544' title='bbox 1323 3222 1379 3256; x_wconf 77' lang='grc' dir='ltr'>οὖν</span> 
     </span>
     <span class='ocr_line' id='line_1_59' title="bbox 380 3264 1379 3315; baseline -0.002 -12"><span class='ocrx_word' id='word_1_545' title='bbox 380 3270 433 3303; x_wconf 79' lang='grc' dir='ltr'>ὅτι</span> <span class='ocrx_word' id='word_1_546' title='bbox 450 3273 508 3302; x_wconf 82' lang='grc' dir='ltr'>καὶ</span> <span class='ocrx_word' id='word_1_547' title='bbox 528 3269 724 3315; x_wconf 76' lang='grc' dir='ltr'>ἀμφοτέρων</span> <span class='ocrx_word' id='word_1_548' title='bbox 746 3269 851 3302; x_wconf 77' lang='grc' dir='ltr'>οὐσῶν</span> <span class='ocrx_word' id='word_1_549' title='bbox 873 3264 998 3313; x_wconf 67' lang='grc' dir='ltr'>ψευδῶν</span> <span class='ocrx_word' id='word_1_550' title='bbox 1016 3271 1076 3301; x_wconf 80' lang='grc' dir='ltr'>καὶ</span> <span class='ocrx_word' id='word_1_551' title='bbox 1097 3270 1161 3307; x_wconf 78' lang='grc' dir='ltr'>τῆς</span> <span class='ocrx_word' id='word_1_552' title='bbox 1181 3268 1298 3314; x_wconf 88' lang='grc' dir='ltr'>ἑτέρας</span> <span class='ocrx_word' id='word_1_553' title='bbox 1321 3267 1379 3313; x_wconf 84' lang='grc' dir='ltr'>μό-</span> 
     </span>
     <span class='ocr_line' id='line_1_60' title="bbox 378 3312 1352 3361; baseline -0.002 -14"><span class='ocrx_word' id='word_1_554' title='bbox 378 3327 432 3347; x_wconf 83' lang='grc' dir='ltr'>νον</span> <span class='ocrx_word' id='word_1_555' title='bbox 452 3316 551 3348; x_wconf 80' lang='grc' dir='ltr'>ἔσται</span> <span class='ocrx_word' id='word_1_556' title='bbox 569 3315 790 3361; x_wconf 77' lang='grc' dir='ltr'>συλλογισμὸς</span> <span class='ocrx_word' id='word_1_557' title='bbox 812 3314 1029 3351; x_wconf 72' lang='grc' dir='ltr'>ἀπατητικὸς</span> <span class='ocrx_word' id='word_1_558' title='bbox 1051 3312 1082 3346; x_wconf 81' lang='grc' dir='ltr'>ἐν</span> <span class='ocrx_word' id='word_1_559' title='bbox 1105 3318 1176 3352; x_wconf 86' lang='grc' dir='ltr'>τοῖς</span> <span class='ocrx_word' id='word_1_560' title='bbox 1197 3312 1352 3357; x_wconf 85' lang='grc' dir='ltr'>ἀτόμοις.</span> 
     </span>
    </p>
   </div>
   <div class='ocr_carea' id='block_1_7' title="bbox 302 1886 358 1919">
    <p class='ocr_par' dir='ltr' id='par_1_12' title="bbox 302 1886 358 1919">
     <span class='ocr_line' id='line_1_61' title="bbox 302 1886 358 1919; baseline 0.018 -1"><span class='ocrx_word' id='word_1_561' title='bbox 302 1886 358 1919; x_wconf 86' lang='grc' dir='ltr'>Ἐν</span> 
     </span>
    </p>
   </div>
   <div class='ocr_carea' id='block_1_8' title="bbox 314 3419 1381 3617">
    <p class='ocr_par' dir='ltr' id='par_1_13' title="bbox 314 3419 1381 3617">
     <span class='ocr_line' id='line_1_62' title="bbox 373 3419 1380 3459; baseline -0.002 -9"><span class='ocrx_word' id='word_1_562' title='bbox 373 3423 520 3450; x_wconf 74' lang='lat' dir='ltr'>SYNOPSIS.</span> <span class='ocrx_word' id='word_1_563' title='bbox 538 3439 572 3442; x_wconf 97' lang='lat'><strong>—</strong></span> <span class='ocrx_word' id='word_1_564' title='bbox 604 3431 626 3450; x_wconf 86' lang='lat'>1.</span> <span class='ocrx_word' id='word_1_565' title='bbox 650 3422 870 3459; x_wconf 85' lang='lat' dir='ltr'>Argumentum.</span> <span class='ocrx_word' id='word_1_566' title='bbox 887 3439 905 3443; x_wconf 92' lang='lat'>-</span> <span class='ocrx_word' id='word_1_567' title='bbox 931 3429 957 3449; x_wconf 76' lang='lat'>2.</span> <span class='ocrx_word' id='word_1_568' title='bbox 983 3421 1173 3458; x_wconf 89' lang='lat' dir='ltr'>Syllogismus</span> <span class='ocrx_word' id='word_1_569' title='bbox 1200 3419 1380 3457; x_wconf 84' lang='lat' dir='ltr'>ignorantiae</span> 
     </span>
     <span class='ocr_line' id='line_1_63' title="bbox 314 3459 1381 3498; baseline -0.002 -9"><span class='ocrx_word' id='word_1_570' title='bbox 314 3461 343 3489; x_wconf 92' lang='lat' dir='ltr'>in</span> <span class='ocrx_word' id='word_1_571' title='bbox 364 3461 610 3498; x_wconf 83' lang='lat' dir='ltr'>propositionibus</span> <span class='ocrx_word' id='word_1_572' title='bbox 632 3461 804 3489; x_wconf 84' lang='lat' dir='ltr'>immediatis</span> <span class='ocrx_word' id='word_1_573' title='bbox 826 3461 1002 3489; x_wconf 89' lang='lat' dir='ltr'>concludens</span> <span class='ocrx_word' id='word_1_574' title='bbox 1024 3461 1153 3498; x_wconf 82' lang='lat' dir='ltr'>negative</span> <span class='ocrx_word' id='word_1_575' title='bbox 1175 3460 1205 3488; x_wconf 91' lang='lat' dir='ltr'>in</span> <span class='ocrx_word' id='word_1_576' title='bbox 1230 3460 1323 3497; x_wconf 88' lang='lat' dir='ltr'>prima</span> <span class='ocrx_word' id='word_1_577' title='bbox 1347 3459 1381 3487; x_wconf 89' lang='lat' dir='ltr'>fi-</span> 
     </span>
     <span class='ocr_line' id='line_1_64' title="bbox 314 3499 1379 3538; baseline -0.002 -9"><span class='ocrx_word' id='word_1_578' title='bbox 314 3511 384 3538; x_wconf 88' lang='lat' dir='ltr'>gura</span> <span class='ocrx_word' id='word_1_579' title='bbox 407 3511 439 3529; x_wconf 87' lang='lat' dir='ltr'>ex</span> <span class='ocrx_word' id='word_1_580' title='bbox 465 3502 575 3529; x_wconf 83' lang='lat' dir='ltr'>duabus</span> <span class='ocrx_word' id='word_1_581' title='bbox 596 3501 759 3537; x_wconf 83' lang='lat' dir='ltr'>praemissis</span> <span class='ocrx_word' id='word_1_582' title='bbox 774 3501 858 3529; x_wconf 87' lang='lat' dir='ltr'>falsis.</span> <span class='ocrx_word' id='word_1_583' title='bbox 876 3518 893 3522; x_wconf 98' lang='lat'>-</span> <span class='ocrx_word' id='word_1_584' title='bbox 910 3501 934 3528; x_wconf 84' lang='lat'>3.</span> <span class='ocrx_word' id='word_1_585' title='bbox 952 3500 1142 3537; x_wconf 88' lang='lat' dir='ltr'>Syllogismus</span> <span class='ocrx_word' id='word_1_586' title='bbox 1164 3499 1293 3536; x_wconf 88' lang='lat' dir='ltr'>negative</span> <span class='ocrx_word' id='word_1_587' title='bbox 1308 3509 1379 3527; x_wconf 90' lang='lat' dir='ltr'>con-</span> 
     </span>
     <span class='ocr_line' id='line_1_65' title="bbox 315 3539 1378 3577; baseline -0.001 -9"><span class='ocrx_word' id='word_1_588' title='bbox 315 3541 430 3568; x_wconf 89' lang='lat' dir='ltr'>cludens</span> <span class='ocrx_word' id='word_1_589' title='bbox 452 3541 481 3568; x_wconf 90' lang='lat' dir='ltr'>in</span> <span class='ocrx_word' id='word_1_590' title='bbox 502 3541 594 3577; x_wconf 86' lang='lat' dir='ltr'>prima</span> <span class='ocrx_word' id='word_1_591' title='bbox 615 3541 706 3577; x_wconf 85' lang='lat' dir='ltr'>figura</span> <span class='ocrx_word' id='word_1_592' title='bbox 727 3541 813 3568; x_wconf 85' lang='lat' dir='ltr'>falsus</span> <span class='ocrx_word' id='word_1_593' title='bbox 835 3550 868 3568; x_wconf 90' lang='lat' dir='ltr'>ex</span> <span class='ocrx_word' id='word_1_594' title='bbox 890 3540 998 3568; x_wconf 85' lang='lat' dir='ltr'>minori</span> <span class='ocrx_word' id='word_1_595' title='bbox 1018 3540 1096 3568; x_wconf 85' lang='lat' dir='ltr'>falsa.</span> <span class='ocrx_word' id='word_1_596' title='bbox 1113 3556 1132 3561; x_wconf 86' lang='lat'>-</span> <span class='ocrx_word' id='word_1_597' title='bbox 1145 3549 1173 3574; x_wconf 87' lang='lat'>4.</span> <span class='ocrx_word' id='word_1_598' title='bbox 1189 3539 1378 3576; x_wconf 86' lang='lat' dir='ltr'>Syllogismus</span> 
     </span>
     <span class='ocr_line' id='line_1_66' title="bbox 314 3579 1378 3617; baseline -0.002 -9"><span class='ocrx_word' id='word_1_599' title='bbox 314 3580 443 3617; x_wconf 86' lang='lat' dir='ltr'>negative</span> <span class='ocrx_word' id='word_1_600' title='bbox 471 3580 645 3608; x_wconf 88' lang='lat' dir='ltr'>concludens</span> <span class='ocrx_word' id='word_1_601' title='bbox 671 3580 701 3607; x_wconf 90' lang='lat' dir='ltr'>in</span> <span class='ocrx_word' id='word_1_602' title='bbox 722 3579 815 3616; x_wconf 88' lang='lat' dir='ltr'>prima</span> <span class='ocrx_word' id='word_1_603' title='bbox 842 3580 933 3616; x_wconf 90' lang='lat' dir='ltr'>figura</span> <span class='ocrx_word' id='word_1_604' title='bbox 961 3579 1048 3607; x_wconf 87' lang='lat' dir='ltr'>falsus</span> <span class='ocrx_word' id='word_1_605' title='bbox 1070 3589 1103 3607; x_wconf 88' lang='lat' dir='ltr'>ex</span> <span class='ocrx_word' id='word_1_606' title='bbox 1125 3579 1230 3607; x_wconf 82' lang='lat' dir='ltr'>maiori</span> <span class='ocrx_word' id='word_1_607' title='bbox 1258 3579 1327 3607; x_wconf 83' lang='lat' dir='ltr'>falsa</span> <span class='ocrx_word' id='word_1_608' title='bbox 1350 3585 1378 3606; x_wconf 88' lang='lat' dir='ltr'>et</span> 
     </span>
    </p>
   </div>
   <div class='ocr_carea' id='block_1_9' title="bbox 1435 986 2511 1163">
    <p class='ocr_par' dir='ltr' id='par_1_14' title="bbox 1501 986 2509 1072">
     <span class='ocr_line' id='line_1_67' title="bbox 1502 986 2509 1029; baseline 0.003 -11"><span class='ocrx_word' id='word_1_609' title='bbox 1502 994 1557 1018; x_wconf 89' lang='lat' dir='ltr'>est.</span> <span class='ocrx_word' id='word_1_610' title='bbox 1573 987 1718 1017; x_wconf 87' lang='lat' dir='ltr'>Primum</span> <span class='ocrx_word' id='word_1_611' title='bbox 1741 987 1836 1027; x_wconf 88' lang='lat' dir='ltr'>igitur</span> <span class='ocrx_word' id='word_1_612' title='bbox 1858 986 2002 1017; x_wconf 88' lang='lat' dir='ltr'>dicamus</span> <span class='ocrx_word' id='word_1_613' title='bbox 2033 993 2114 1027; x_wconf 92' lang='lat' dir='ltr'>quot</span> <span class='ocrx_word' id='word_1_614' title='bbox 2144 987 2249 1018; x_wconf 90' lang='lat' dir='ltr'>modis</span> <span class='ocrx_word' id='word_1_615' title='bbox 2272 987 2306 1018; x_wconf 88' lang='lat' dir='ltr'>in</span> <span class='ocrx_word' id='word_1_616' title='bbox 2329 988 2432 1029; x_wconf 87' lang='lat' dir='ltr'>prima</span> <span class='ocrx_word' id='word_1_617' title='bbox 2459 989 2509 1029; x_wconf 88' lang='lat' dir='ltr'>sit,</span> 
     </span>
     <span class='ocr_line' id='line_1_68' title="bbox 1501 1030 2297 1072; baseline 0.001 -10"><span class='ocrx_word' id='word_1_618' title='bbox 1501 1038 1532 1062; x_wconf 90' lang='lat' dir='ltr'>et</span> <span class='ocrx_word' id='word_1_619' title='bbox 1554 1032 1723 1072; x_wconf 88' lang='lat' dir='ltr'>quomodo</span> <span class='ocrx_word' id='word_1_620' title='bbox 1747 1041 1780 1062; x_wconf 90' lang='lat' dir='ltr'>se</span> <span class='ocrx_word' id='word_1_621' title='bbox 1803 1030 1991 1062; x_wconf 86' lang='lat' dir='ltr'>habentibus</span> <span class='ocrx_word' id='word_1_622' title='bbox 2013 1031 2297 1071; x_wconf 86' lang='lat' dir='ltr'>propositionibus.</span> 
     </span>
    </p>

    <p class='ocr_par' dir='ltr' id='par_1_15' title="bbox 1435 1075 2511 1163">
     <span class='ocr_line' id='line_1_69' title="bbox 1435 1075 2511 1118; baseline 0.003 -12"><span class='ocrx_word' id='word_1_623' title='bbox 1435 1075 1600 1117; x_wconf 88' lang='lat' dir='ltr'>Contingit</span> <span class='ocrx_word' id='word_1_624' title='bbox 1623 1076 1754 1118; x_wconf 91' lang='lat' dir='ltr'>quidem</span> <span class='ocrx_word' id='word_1_625' title='bbox 1777 1075 1873 1116; x_wconf 90' lang='lat' dir='ltr'>igitur</span> <span class='ocrx_word' id='word_1_626' title='bbox 1889 1075 2031 1117; x_wconf 88' lang='lat' dir='ltr'>utrisque</span> <span class='ocrx_word' id='word_1_627' title='bbox 2054 1075 2156 1107; x_wconf 85' lang='lat' dir='ltr'>falsis:</span> <span class='ocrx_word' id='word_1_628' title='bbox 2177 1083 2214 1107; x_wconf 94' lang='lat' dir='ltr'>ut</span> <span class='ocrx_word' id='word_1_629' title='bbox 2229 1077 2255 1107; x_wconf 92' lang='lat' dir='ltr'>si</span> <span class='ocrx_word' id='word_1_630' title='bbox 2273 1079 2303 1108; x_wconf 89' lang='lat' dir='ltr'>A</span> <span class='ocrx_word' id='word_1_631' title='bbox 2326 1083 2357 1108; x_wconf 92' lang='lat' dir='ltr'>et</span> <span class='ocrx_word' id='word_1_632' title='bbox 2379 1077 2413 1108; x_wconf 88' lang='lat' dir='ltr'>in</span> <span class='ocrx_word' id='word_1_633' title='bbox 2436 1077 2463 1109; x_wconf 96' lang='lat' dir='ltr'>C</span> <span class='ocrx_word' id='word_1_634' title='bbox 2480 1085 2511 1110; x_wconf 91' lang='lat' dir='ltr'>et</span> 
     </span>
     <span class='ocr_line' id='line_1_70' title="bbox 1501 1120 2509 1163; baseline 0.003 -12"><span class='ocrx_word' id='word_1_635' title='bbox 1501 1121 1534 1151; x_wconf 90' lang='lat' dir='ltr'>in</span> <span class='ocrx_word' id='word_1_636' title='bbox 1557 1122 1583 1152; x_wconf 93' lang='lat' dir='ltr'><strong>B</strong></span> <span class='ocrx_word' id='word_1_637' title='bbox 1607 1121 1646 1152; x_wconf 89' lang='lat' dir='ltr'>sit</span> <span class='ocrx_word' id='word_1_638' title='bbox 1661 1120 1910 1159; x_wconf 82' lang='lat' dir='ltr'>individualiter3</span> <span class='ocrx_word' id='word_1_639' title='bbox 1927 1120 1953 1150; x_wconf 88' lang='lat' dir='ltr'>si</span> <span class='ocrx_word' id='word_1_640' title='bbox 1977 1120 2064 1150; x_wconf 91' lang='lat' dir='ltr'>enim</span> <span class='ocrx_word' id='word_1_641' title='bbox 2087 1120 2258 1161; x_wconf 83' lang='lat' dir='ltr'>accipiatur</span> <span class='ocrx_word' id='word_1_642' title='bbox 2273 1124 2303 1152; x_wconf 94' lang='lat' dir='ltr'>A</span> <span class='ocrx_word' id='word_1_643' title='bbox 2326 1122 2459 1163; x_wconf 89' lang='lat' dir='ltr'>quidem</span> <span class='ocrx_word' id='word_1_644' title='bbox 2474 1123 2509 1154; x_wconf 90' lang='lat' dir='ltr'>in</span> 
     </span>
    </p>
   </div>
   <div class='ocr_carea' id='block_1_10' title="bbox 1503 1164 2567 1207">
    <p class='ocr_par' dir='ltr' id='par_1_16' title="bbox 1503 1164 2567 1207">
     <span class='ocr_line' id='line_1_71' title="bbox 1503 1164 2567 1207; baseline 0.001 -10"><span class='ocrx_word' id='word_1_645' title='bbox 1503 1166 1529 1197; x_wconf 94' lang='lat' dir='ltr'>C</span> <span class='ocrx_word' id='word_1_646' title='bbox 1553 1166 1655 1205; x_wconf 86' lang='lat' dir='ltr'>nullo,</span> <span class='ocrx_word' id='word_1_647' title='bbox 1673 1165 1700 1196; x_wconf 96' lang='lat' dir='ltr'>C</span> <span class='ocrx_word' id='word_1_648' title='bbox 1717 1171 1826 1196; x_wconf 86' lang='lat' dir='ltr'>autem</span> <span class='ocrx_word' id='word_1_649' title='bbox 1848 1165 1882 1195; x_wconf 94' lang='lat' dir='ltr'>in</span> <span class='ocrx_word' id='word_1_650' title='bbox 1898 1165 1988 1195; x_wconf 88' lang='lat' dir='ltr'>omni</span> <span class='ocrx_word' id='word_1_651' title='bbox 2003 1165 2041 1204; x_wconf 92' lang='lat' dir='ltr'>B,</span> <span class='ocrx_word' id='word_1_652' title='bbox 2058 1164 2154 1196; x_wconf 85' lang='lat' dir='ltr'>falsae</span> <span class='ocrx_word' id='word_1_653' title='bbox 2170 1172 2245 1197; x_wconf 90' lang='lat' dir='ltr'>sunt</span> <span class='ocrx_word' id='word_1_654' title='bbox 2258 1167 2507 1207; x_wconf 86' lang='lat' dir='ltr'>propositiones.</span> <span class='ocrx_word' id='word_1_655' title='bbox 2556 1183 2567 1195; x_wconf 68' lang='grc' dir='ltr'><strong>ο</strong></span> 
     </span>
    </p>
   </div>
   <div class='ocr_carea' id='block_1_11' title="bbox 1433 1253 2513 2819">
    <p class='ocr_par' dir='ltr' id='par_1_17' title="bbox 1435 1253 2510 1598">
     <span class='ocr_line' id='line_1_72' title="bbox 1435 1253 2509 1296; baseline 0.002 -11"><span class='ocrx_word' id='word_1_656' title='bbox 1435 1254 1601 1295; x_wconf 90' lang='lat' dir='ltr'>Contingit</span> <span class='ocrx_word' id='word_1_657' title='bbox 1623 1261 1731 1285; x_wconf 82' lang='lat' dir='ltr'>autem</span> <span class='ocrx_word' id='word_1_658' title='bbox 1757 1261 1788 1285; x_wconf 89' lang='lat' dir='ltr'>et</span> <span class='ocrx_word' id='word_1_659' title='bbox 1811 1253 1906 1285; x_wconf 84' lang='lat' dir='ltr'>altera</span> <span class='ocrx_word' id='word_1_660' title='bbox 1925 1253 2012 1293; x_wconf 86' lang='lat' dir='ltr'>falsa,</span> <span class='ocrx_word' id='word_1_661' title='bbox 2037 1260 2068 1285; x_wconf 94' lang='lat' dir='ltr'>et</span> <span class='ocrx_word' id='word_1_662' title='bbox 2090 1254 2149 1285; x_wconf 89' lang='lat' dir='ltr'>hac</span> <span class='ocrx_word' id='word_1_663' title='bbox 2170 1264 2362 1296; x_wconf 87' lang='lat' dir='ltr'>quacunque</span> <span class='ocrx_word' id='word_1_664' title='bbox 2386 1256 2509 1287; x_wconf 84' lang='lat' dir='ltr'>contin-</span> 
     </span>
     <span class='ocr_line' id='line_1_73' title="bbox 1500 1298 2509 1341; baseline 0.002 -11"><span class='ocrx_word' id='word_1_665' title='bbox 1500 1306 1603 1340; x_wconf 85' lang='lat' dir='ltr'>gente.</span> <span class='ocrx_word' id='word_1_666' title='bbox 1621 1299 1730 1330; x_wconf 84' lang='lat' dir='ltr'>Potest</span> <span class='ocrx_word' id='word_1_667' title='bbox 1753 1298 1839 1329; x_wconf 89' lang='lat' dir='ltr'>enim</span> <span class='ocrx_word' id='word_1_668' title='bbox 1862 1308 1944 1340; x_wconf 85' lang='lat' dir='ltr'>quae</span> <span class='ocrx_word' id='word_1_669' title='bbox 1969 1305 2015 1329; x_wconf 90' lang='lat' dir='ltr'>est</span> <span class='ocrx_word' id='word_1_670' title='bbox 2037 1301 2067 1329; x_wconf 92' lang='lat' dir='ltr'>A</span> <span class='ocrx_word' id='word_1_671' title='bbox 2091 1298 2117 1329; x_wconf 93' lang='lat' dir='ltr'>C</span> <span class='ocrx_word' id='word_1_672' title='bbox 2141 1308 2215 1329; x_wconf 88' lang='lat' dir='ltr'>vera</span> <span class='ocrx_word' id='word_1_673' title='bbox 2238 1309 2315 1339; x_wconf 88' lang='lat' dir='ltr'>esse,</span> <span class='ocrx_word' id='word_1_674' title='bbox 2333 1310 2415 1341; x_wconf 87' lang='lat' dir='ltr'>quae</span> <span class='ocrx_word' id='word_1_675' title='bbox 2433 1311 2509 1332; x_wconf 88' lang='lat' dir='ltr'>vero</span> 
     </span>
     <span class='ocr_line' id='line_1_74' title="bbox 1500 1343 2509 1387; baseline 0.002 -12"><span class='ocrx_word' id='word_1_676' title='bbox 1500 1344 1526 1374; x_wconf 92' lang='lat' dir='ltr'>B</span> <span class='ocrx_word' id='word_1_677' title='bbox 1551 1344 1578 1375; x_wconf 93' lang='lat' dir='ltr'>C</span> <span class='ocrx_word' id='word_1_678' title='bbox 1602 1343 1680 1374; x_wconf 86' lang='lat' dir='ltr'>falsa</span> <span class='ocrx_word' id='word_1_679' title='bbox 1704 1353 1781 1374; x_wconf 90' lang='lat' dir='ltr'>esse.</span> <span class='ocrx_word' id='word_1_680' title='bbox 1798 1343 1860 1374; x_wconf 92' lang='lat' dir='ltr'>Sed</span> <span class='ocrx_word' id='word_1_681' title='bbox 1884 1353 1965 1384; x_wconf 89' lang='lat' dir='ltr'>quae</span> <span class='ocrx_word' id='word_1_682' title='bbox 1989 1350 2036 1374; x_wconf 92' lang='lat' dir='ltr'>est</span> <span class='ocrx_word' id='word_1_683' title='bbox 2058 1345 2088 1374; x_wconf 94' lang='lat' dir='ltr'>A</span> <span class='ocrx_word' id='word_1_684' title='bbox 2112 1343 2139 1374; x_wconf 95' lang='lat' dir='ltr'>C</span> <span class='ocrx_word' id='word_1_685' title='bbox 2162 1343 2294 1385; x_wconf 89' lang='lat' dir='ltr'>quidem</span> <span class='ocrx_word' id='word_1_686' title='bbox 2317 1354 2406 1384; x_wconf 91' lang='lat' dir='ltr'>vera,</span> <span class='ocrx_word' id='word_1_687' title='bbox 2426 1355 2509 1387; x_wconf 91' lang='lat' dir='ltr'>quo-</span> 
     </span>
     <span class='ocr_line' id='line_1_75' title="bbox 1501 1387 2510 1430; baseline 0.003 -12"><span class='ocrx_word' id='word_1_688' title='bbox 1501 1389 1588 1419; x_wconf 91' lang='lat' dir='ltr'>niam</span> <span class='ocrx_word' id='word_1_689' title='bbox 1612 1398 1679 1418; x_wconf 91' lang='lat' dir='ltr'>non</span> <span class='ocrx_word' id='word_1_690' title='bbox 1703 1387 1865 1427; x_wconf 90' lang='lat' dir='ltr'>omnibus,</span> <span class='ocrx_word' id='word_1_691' title='bbox 1882 1398 1964 1429; x_wconf 87' lang='lat' dir='ltr'>quae</span> <span class='ocrx_word' id='word_1_692' title='bbox 1981 1394 2065 1427; x_wconf 90' lang='lat' dir='ltr'>sunt,</span> <span class='ocrx_word' id='word_1_693' title='bbox 2082 1387 2164 1419; x_wconf 89' lang='lat' dir='ltr'>inest</span> <span class='ocrx_word' id='word_1_694' title='bbox 2177 1391 2222 1428; x_wconf 89' lang='lat' dir='ltr'>A;</span> <span class='ocrx_word' id='word_1_695' title='bbox 2239 1389 2294 1419; x_wconf 91' lang='lat' dir='ltr'>sed</span> <span class='ocrx_word' id='word_1_696' title='bbox 2316 1399 2399 1430; x_wconf 90' lang='lat' dir='ltr'>quae</span> <span class='ocrx_word' id='word_1_697' title='bbox 2422 1397 2470 1421; x_wconf 90' lang='lat' dir='ltr'>est</span> <span class='ocrx_word' id='word_1_698' title='bbox 2484 1391 2510 1422; x_wconf 93' lang='lat' dir='ltr'>B</span> 
     </span>
     <span class='ocr_line' id='line_1_76' title="bbox 1501 1432 2509 1476; baseline 0.002 -12"><span class='ocrx_word' id='word_1_699' title='bbox 1501 1433 1528 1464; x_wconf 95' lang='lat' dir='ltr'>C</span> <span class='ocrx_word' id='word_1_700' title='bbox 1553 1433 1641 1472; x_wconf 87' lang='lat' dir='ltr'>falsa,</span> <span class='ocrx_word' id='word_1_701' title='bbox 1658 1433 1814 1474; x_wconf 87' lang='lat' dir='ltr'>quoniam</span> <span class='ocrx_word' id='word_1_702' title='bbox 1837 1432 2034 1473; x_wconf 89' lang='lat' dir='ltr'>impossibile</span> <span class='ocrx_word' id='word_1_703' title='bbox 2059 1439 2112 1463; x_wconf 50' lang='lat' dir='ltr'>*est</span> <span class='ocrx_word' id='word_1_704' title='bbox 2135 1443 2201 1463; x_wconf 89' lang='lat' dir='ltr'>esse</span> <span class='ocrx_word' id='word_1_705' title='bbox 2229 1433 2263 1463; x_wconf 90' lang='lat' dir='ltr'>in</span> <span class='ocrx_word' id='word_1_706' title='bbox 2277 1433 2303 1465; x_wconf 92' lang='lat' dir='ltr'>B</span> <span class='ocrx_word' id='word_1_707' title='bbox 2323 1434 2361 1473; x_wconf 91' lang='lat' dir='ltr'>C,</span> <span class='ocrx_word' id='word_1_708' title='bbox 2385 1434 2419 1464; x_wconf 92' lang='lat' dir='ltr'>in</span> <span class='ocrx_word' id='word_1_709' title='bbox 2442 1445 2509 1476; x_wconf 91' lang='lat' dir='ltr'>quo</span> 
     </span>
     <span class='ocr_line' id='line_1_77' title="bbox 1500 1477 2510 1520; baseline 0.003 -12"><span class='ocrx_word' id='word_1_710' title='bbox 1500 1478 1591 1508; x_wconf 92' lang='lat' dir='ltr'>nullo</span> <span class='ocrx_word' id='word_1_711' title='bbox 1615 1485 1662 1508; x_wconf 91' lang='lat' dir='ltr'>est</span> <span class='ocrx_word' id='word_1_712' title='bbox 1684 1480 1728 1508; x_wconf 91' lang='lat' dir='ltr'>A:</span> <span class='ocrx_word' id='word_1_713' title='bbox 1746 1487 1813 1508; x_wconf 88' lang='lat' dir='ltr'>non</span> <span class='ocrx_word' id='word_1_714' title='bbox 1833 1477 1919 1507; x_wconf 86' lang='lat' dir='ltr'>enim</span> <span class='ocrx_word' id='word_1_715' title='bbox 1933 1488 2007 1508; x_wconf 88' lang='lat' dir='ltr'>vera</span> <span class='ocrx_word' id='word_1_716' title='bbox 2030 1477 2088 1508; x_wconf 89' lang='lat' dir='ltr'>erit</span> <span class='ocrx_word' id='word_1_717' title='bbox 2110 1488 2193 1518; x_wconf 90' lang='lat' dir='ltr'>quae</span> <span class='ocrx_word' id='word_1_718' title='bbox 2215 1484 2262 1509; x_wconf 89' lang='lat' dir='ltr'>est</span> <span class='ocrx_word' id='word_1_719' title='bbox 2284 1481 2315 1509; x_wconf 92' lang='lat' dir='ltr'>A</span> <span class='ocrx_word' id='word_1_720' title='bbox 2338 1478 2365 1510; x_wconf 94' lang='lat' dir='ltr'>C</span> <span class='ocrx_word' id='word_1_721' title='bbox 2389 1489 2510 1520; x_wconf 89' lang='lat' dir='ltr'>propo-</span> 
     </span>
     <span class='ocr_line' id='line_1_78' title="bbox 1500 1522 2508 1564; baseline 0.003 -12"><span class='ocrx_word' id='word_1_722' title='bbox 1500 1522 1589 1561; x_wconf 87' lang='lat' dir='ltr'>sitio;</span> <span class='ocrx_word' id='word_1_723' title='bbox 1605 1522 1750 1553; x_wconf 89' lang='lat' dir='ltr'>similiter</span> <span class='ocrx_word' id='word_1_724' title='bbox 1771 1529 1880 1552; x_wconf 88' lang='lat' dir='ltr'>autem</span> <span class='ocrx_word' id='word_1_725' title='bbox 1903 1529 1934 1553; x_wconf 94' lang='lat' dir='ltr'>et</span> <span class='ocrx_word' id='word_1_726' title='bbox 1956 1522 1982 1553; x_wconf 91' lang='lat' dir='ltr'>si</span> <span class='ocrx_word' id='word_1_727' title='bbox 2005 1522 2068 1553; x_wconf 86' lang='lat' dir='ltr'>sint</span> <span class='ocrx_word' id='word_1_728' title='bbox 2083 1529 2235 1564; x_wconf 88' lang='lat' dir='ltr'>utraeque</span> <span class='ocrx_word' id='word_1_729' title='bbox 2258 1532 2361 1563; x_wconf 88' lang='lat' dir='ltr'>verae,</span> <span class='ocrx_word' id='word_1_730' title='bbox 2378 1525 2508 1556; x_wconf 91' lang='lat' dir='ltr'>conclu—</span> 
     </span>
     <span class='ocr_line' id='line_1_79' title="bbox 1500 1574 1733 1598; baseline 0 -1"><span class='ocrx_word' id='word_1_731' title='bbox 1500 1576 1548 1597; x_wconf 77' lang='lat' dir='ltr'>sio</span> <span class='ocrx_word' id='word_1_732' title='bbox 1572 1574 1630 1598; x_wconf 84' lang='lat' dir='ltr'>ent</span> <span class='ocrx_word' id='word_1_733' title='bbox 1651 1576 1733 1598; x_wconf 86' lang='lat' dir='ltr'>vera.</span> 
     </span>
    </p>

    <p class='ocr_par' dir='ltr' id='par_1_18' title="bbox 1433 1610 2510 1877">
     <span class='ocr_line' id='line_1_80' title="bbox 1433 1610 2508 1652; baseline 0.002 -10"><span class='ocrx_word' id='word_1_734' title='bbox 1433 1611 1496 1642; x_wconf 88' lang='lat' dir='ltr'>Sed</span> <span class='ocrx_word' id='word_1_735' title='bbox 1519 1618 1550 1643; x_wconf 94' lang='lat' dir='ltr'>et</span> <span class='ocrx_word' id='word_1_736' title='bbox 1573 1622 1655 1650; x_wconf 86' lang='lat' dir='ltr'>eam,</span> <span class='ocrx_word' id='word_1_737' title='bbox 1672 1621 1753 1652; x_wconf 82' lang='lat' dir='ltr'>quae</span> <span class='ocrx_word' id='word_1_738' title='bbox 1777 1617 1824 1642; x_wconf 90' lang='lat' dir='ltr'>est</span> <span class='ocrx_word' id='word_1_739' title='bbox 1841 1610 1867 1642; x_wconf 96' lang='lat' dir='ltr'>C</span> <span class='ocrx_word' id='word_1_740' title='bbox 1884 1611 1921 1650; x_wconf 92' lang='lat' dir='ltr'>B,</span> <span class='ocrx_word' id='word_1_741' title='bbox 1947 1611 2102 1652; x_wconf 86' lang='lat' dir='ltr'>contingit</span> <span class='ocrx_word' id='word_1_742' title='bbox 2123 1621 2232 1642; x_wconf 89' lang='lat' dir='ltr'>veram</span> <span class='ocrx_word' id='word_1_743' title='bbox 2255 1622 2342 1651; x_wconf 91' lang='lat' dir='ltr'>esse,</span> <span class='ocrx_word' id='word_1_744' title='bbox 2367 1621 2442 1643; x_wconf 90' lang='lat' dir='ltr'>cum</span> <span class='ocrx_word' id='word_1_745' title='bbox 2465 1613 2508 1644; x_wconf 80' lang='lat' dir='ltr'>al-</span> 
     </span>
     <span class='ocr_line' id='line_1_81' title="bbox 1501 1655 2510 1695; baseline 0.003 -8"><span class='ocrx_word' id='word_1_746' title='bbox 1501 1663 1567 1688; x_wconf 88' lang='lat' dir='ltr'>tera</span> <span class='ocrx_word' id='word_1_747' title='bbox 1590 1656 1630 1687; x_wconf 91' lang='lat' dir='ltr'>sit</span> <span class='ocrx_word' id='word_1_748' title='bbox 1652 1656 1741 1695; x_wconf 85' lang='lat' dir='ltr'>falsa,</span> <span class='ocrx_word' id='word_1_749' title='bbox 1758 1663 1793 1687; x_wconf 94' lang='lat' dir='ltr'>ut</span> <span class='ocrx_word' id='word_1_750' title='bbox 1817 1655 1842 1686; x_wconf 91' lang='lat' dir='ltr'>si</span> <span class='ocrx_word' id='word_1_751' title='bbox 1866 1655 1892 1686; x_wconf 94' lang='lat' dir='ltr'>B</span> <span class='ocrx_word' id='word_1_752' title='bbox 1917 1663 1947 1687; x_wconf 93' lang='lat' dir='ltr'>et</span> <span class='ocrx_word' id='word_1_753' title='bbox 1969 1656 2003 1686; x_wconf 90' lang='lat' dir='ltr'>in</span> <span class='ocrx_word' id='word_1_754' title='bbox 2019 1655 2046 1687; x_wconf 97' lang='lat' dir='ltr'>C</span> <span class='ocrx_word' id='word_1_755' title='bbox 2071 1662 2102 1687; x_wconf 91' lang='lat' dir='ltr'>et</span> <span class='ocrx_word' id='word_1_756' title='bbox 2116 1655 2150 1686; x_wconf 90' lang='lat' dir='ltr'>in</span> <span class='ocrx_word' id='word_1_757' title='bbox 2173 1658 2202 1687; x_wconf 87' lang='lat' dir='ltr'>A</span> <span class='ocrx_word' id='word_1_758' title='bbox 2226 1656 2297 1687; x_wconf 88' lang='lat' dir='ltr'>erit:</span> <span class='ocrx_word' id='word_1_759' title='bbox 2319 1666 2446 1688; x_wconf 88' lang='lat' dir='ltr'>necesse</span> <span class='ocrx_word' id='word_1_760' title='bbox 2462 1665 2510 1690; x_wconf 87' lang='lat' dir='ltr'>est</span> 
     </span>
     <span class='ocr_line' id='line_1_82' title="bbox 1501 1697 2508 1742; baseline 0.002 -10"><span class='ocrx_word' id='word_1_761' title='bbox 1501 1701 1587 1733; x_wconf 83' lang='lat' dir='ltr'>enim</span> <span class='ocrx_word' id='word_1_762' title='bbox 1610 1701 1745 1732; x_wconf 86' lang='lat' dir='ltr'>alterum</span> <span class='ocrx_word' id='word_1_763' title='bbox 1769 1701 1828 1732; x_wconf 92' lang='lat' dir='ltr'>sub</span> <span class='ocrx_word' id='word_1_764' title='bbox 1852 1701 1950 1731; x_wconf 88' lang='lat' dir='ltr'>altero</span> <span class='ocrx_word' id='word_1_765' title='bbox 1969 1709 2052 1740; x_wconf 88' lang='lat' dir='ltr'>esse;</span> <span class='ocrx_word' id='word_1_766' title='bbox 2072 1697 2170 1742; x_wconf 84' lang='lat' dir='ltr'>quare</span> <span class='ocrx_word' id='word_1_767' title='bbox 2194 1701 2220 1731; x_wconf 89' lang='lat' dir='ltr'>si</span> <span class='ocrx_word' id='word_1_768' title='bbox 2235 1701 2408 1741; x_wconf 86' lang='lat' dir='ltr'>accipiatur</span> <span class='ocrx_word' id='word_1_769' title='bbox 2429 1704 2458 1733; x_wconf 88' lang='lat' dir='ltr'>A</span> <span class='ocrx_word' id='word_1_770' title='bbox 2474 1703 2508 1734; x_wconf 89' lang='lat' dir='ltr'>in</span> 
     </span>
     <span class='ocr_line' id='line_1_83' title="bbox 1501 1746 2510 1788; baseline 0.002 -11"><span class='ocrx_word' id='word_1_771' title='bbox 1501 1747 1592 1778; x_wconf 90' lang='lat' dir='ltr'>nullo</span> <span class='ocrx_word' id='word_1_772' title='bbox 1617 1746 1644 1777; x_wconf 94' lang='lat' dir='ltr'>C</span> <span class='ocrx_word' id='word_1_773' title='bbox 1668 1754 1746 1785; x_wconf 87' lang='lat' dir='ltr'>esse,</span> <span class='ocrx_word' id='word_1_774' title='bbox 1772 1746 1850 1776; x_wconf 88' lang='lat' dir='ltr'>falsa</span> <span class='ocrx_word' id='word_1_775' title='bbox 1873 1746 1931 1776; x_wconf 90' lang='lat' dir='ltr'>erit</span> <span class='ocrx_word' id='word_1_776' title='bbox 1960 1746 2149 1786; x_wconf 86' lang='lat' dir='ltr'>propositio.</span> <span class='ocrx_word' id='word_1_777' title='bbox 2175 1746 2383 1777; x_wconf 82' lang='lat' dir='ltr'>Manifestum</span> <span class='ocrx_word' id='word_1_778' title='bbox 2413 1747 2510 1788; x_wconf 83' lang='lat' dir='ltr'>igitur</span> 
     </span>
     <span class='ocr_line' id='line_1_84' title="bbox 1501 1790 2509 1833; baseline 0.002 -11"><span class='ocrx_word' id='word_1_779' title='bbox 1501 1798 1548 1822; x_wconf 92' lang='lat' dir='ltr'>est</span> <span class='ocrx_word' id='word_1_780' title='bbox 1575 1791 1730 1833; x_wconf 88' lang='lat' dir='ltr'>quoniam</span> <span class='ocrx_word' id='word_1_781' title='bbox 1754 1798 1784 1822; x_wconf 91' lang='lat' dir='ltr'>et</span> <span class='ocrx_word' id='word_1_782' title='bbox 1808 1801 1883 1822; x_wconf 91' lang='lat' dir='ltr'>cum</span> <span class='ocrx_word' id='word_1_783' title='bbox 1899 1791 1995 1821; x_wconf 84' lang='lat' dir='ltr'>altera</span> <span class='ocrx_word' id='word_1_784' title='bbox 2017 1791 2095 1821; x_wconf 85' lang='lat' dir='ltr'>falsa</span> <span class='ocrx_word' id='word_1_785' title='bbox 2115 1791 2165 1830; x_wconf 91' lang='lat' dir='ltr'>sit,</span> <span class='ocrx_word' id='word_1_786' title='bbox 2182 1798 2213 1822; x_wconf 91' lang='lat' dir='ltr'>et</span> <span class='ocrx_word' id='word_1_787' title='bbox 2234 1790 2268 1821; x_wconf 90' lang='lat' dir='ltr'>in</span> <span class='ocrx_word' id='word_1_788' title='bbox 2292 1791 2435 1833; x_wconf 84' lang='lat' dir='ltr'>utrisque</span> <span class='ocrx_word' id='word_1_789' title='bbox 2451 1792 2509 1824; x_wconf 88' lang='lat' dir='ltr'>erit</span> 
     </span>
     <span class='ocr_line' id='line_1_85' title="bbox 1500 1835 1836 1877; baseline -0.003 -10"><span class='ocrx_word' id='word_1_790' title='bbox 1500 1836 1598 1867; x_wconf 82' lang='lat' dir='ltr'>falsus</span> <span class='ocrx_word' id='word_1_791' title='bbox 1622 1835 1836 1877; x_wconf 74' lang='lat' dir='ltr'>syllogismus,</span> 
     </span>
    </p>

    <p class='ocr_par' dir='ltr' id='par_1_19' title="bbox 1434 1879 2513 2460">
     <span class='ocr_line' id='line_1_86' title="bbox 1434 1879 2510 1922; baseline 0.001 -10"><span class='ocrx_word' id='word_1_792' title='bbox 1434 1881 1495 1912; x_wconf 90' lang='lat' dir='ltr'>Sed</span> <span class='ocrx_word' id='word_1_793' title='bbox 1519 1881 1552 1911; x_wconf 90' lang='lat' dir='ltr'>in</span> <span class='ocrx_word' id='word_1_794' title='bbox 1575 1881 1681 1911; x_wconf 88' lang='lat' dir='ltr'>media</span> <span class='ocrx_word' id='word_1_795' title='bbox 1703 1880 1804 1921; x_wconf 87' lang='lat' dir='ltr'>figura</span> <span class='ocrx_word' id='word_1_796' title='bbox 1827 1887 1977 1922; x_wconf 87' lang='lat' dir='ltr'>utrasque</span> <span class='ocrx_word' id='word_1_797' title='bbox 2006 1879 2137 1921; x_wconf 89' lang='lat' dir='ltr'>quidem</span> <span class='ocrx_word' id='word_1_798' title='bbox 2167 1880 2404 1922; x_wconf 89' lang='lat' dir='ltr'>propositiones</span> <span class='ocrx_word' id='word_1_799' title='bbox 2427 1888 2510 1913; x_wconf 85' lang='lat' dir='ltr'>totas</span> 
     </span>
     <span class='ocr_line' id='line_1_87' title="bbox 1502 1925 2509 1966; baseline 0.001 -9"><span class='ocrx_word' id='word_1_800' title='bbox 1502 1926 1594 1957; x_wconf 87' lang='lat' dir='ltr'>falsas</span> <span class='ocrx_word' id='word_1_801' title='bbox 1618 1936 1686 1956; x_wconf 88' lang='lat' dir='ltr'>esse</span> <span class='ocrx_word' id='word_1_802' title='bbox 1709 1935 1776 1955; x_wconf 92' lang='lat' dir='ltr'>non</span> <span class='ocrx_word' id='word_1_803' title='bbox 1800 1925 1968 1965; x_wconf 88' lang='lat' dir='ltr'>contingit:</span> <span class='ocrx_word' id='word_1_804' title='bbox 1992 1935 2067 1956; x_wconf 89' lang='lat' dir='ltr'>cum</span> <span class='ocrx_word' id='word_1_805' title='bbox 2091 1925 2177 1955; x_wconf 87' lang='lat' dir='ltr'>enim</span> <span class='ocrx_word' id='word_1_806' title='bbox 2200 1927 2229 1956; x_wconf 91' lang='lat' dir='ltr'>A</span> <span class='ocrx_word' id='word_1_807' title='bbox 2245 1925 2278 1956; x_wconf 88' lang='lat' dir='ltr'>in</span> <span class='ocrx_word' id='word_1_808' title='bbox 2303 1926 2393 1957; x_wconf 90' lang='lat' dir='ltr'>omni</span> <span class='ocrx_word' id='word_1_809' title='bbox 2416 1927 2442 1957; x_wconf 92' lang='lat' dir='ltr'>B</span> <span class='ocrx_word' id='word_1_810' title='bbox 2459 1926 2509 1966; x_wconf 87' lang='lat' dir='ltr'>sit,</span> 
     </span>
     <span class='ocr_line' id='line_1_88' title="bbox 1502 1969 2507 2011; baseline 0 -10"><span class='ocrx_word' id='word_1_811' title='bbox 1502 1970 1582 2001; x_wconf 88' lang='lat' dir='ltr'>nihil</span> <span class='ocrx_word' id='word_1_812' title='bbox 1605 1970 1663 2001; x_wconf 92' lang='lat' dir='ltr'>erit</span> <span class='ocrx_word' id='word_1_813' title='bbox 1686 1970 1826 2010; x_wconf 84' lang='lat' dir='ltr'>accipere</span> <span class='ocrx_word' id='word_1_814' title='bbox 1850 1970 1939 2011; x_wconf 90' lang='lat' dir='ltr'>quod</span> <span class='ocrx_word' id='word_1_815' title='bbox 1962 1969 1995 2000; x_wconf 91' lang='lat' dir='ltr'>in</span> <span class='ocrx_word' id='word_1_816' title='bbox 2018 1970 2116 2000; x_wconf 81' lang='lat' dir='ltr'>altero</span> <span class='ocrx_word' id='word_1_817' title='bbox 2141 1970 2273 2011; x_wconf 91' lang='lat' dir='ltr'>quidem</span> <span class='ocrx_word' id='word_1_818' title='bbox 2296 1970 2398 2010; x_wconf 84' lang='lat' dir='ltr'>omni,</span> <span class='ocrx_word' id='word_1_819' title='bbox 2413 1971 2446 2001; x_wconf 92' lang='lat' dir='ltr'>in</span> <span class='ocrx_word' id='word_1_820' title='bbox 2462 1971 2507 2002; x_wconf 89' lang='lat' dir='ltr'>al-</span> 
     </span>
     <span class='ocr_line' id='line_1_89' title="bbox 1502 2014 2510 2057; baseline 0 -11"><span class='ocrx_word' id='word_1_821' title='bbox 1502 2023 1571 2047; x_wconf 86' lang='lat' dir='ltr'>tero</span> <span class='ocrx_word' id='word_1_822' title='bbox 1594 2025 1669 2046; x_wconf 90' lang='lat' dir='ltr'>vero</span> <span class='ocrx_word' id='word_1_823' title='bbox 1693 2015 1802 2054; x_wconf 87' lang='lat' dir='ltr'>nullo;</span> <span class='ocrx_word' id='word_1_824' title='bbox 1828 2021 1955 2055; x_wconf 89' lang='lat' dir='ltr'>oportet</span> <span class='ocrx_word' id='word_1_825' title='bbox 1981 2021 2091 2045; x_wconf 87' lang='lat' dir='ltr'>autem</span> <span class='ocrx_word' id='word_1_826' title='bbox 2122 2014 2166 2045; x_wconf 89' lang='lat' dir='ltr'>sic</span> <span class='ocrx_word' id='word_1_827' title='bbox 2196 2015 2336 2055; x_wconf 86' lang='lat' dir='ltr'>accipere</span> <span class='ocrx_word' id='word_1_828' title='bbox 2363 2015 2510 2057; x_wconf 89' lang='lat' dir='ltr'>proposi-</span> 
     </span>
     <span class='ocr_line' id='line_1_90' title="bbox 1501 2059 2512 2101; baseline -0.001 -9"><span class='ocrx_word' id='word_1_829' title='bbox 1501 2061 1615 2100; x_wconf 87' lang='lat' dir='ltr'>tiones,</span> <span class='ocrx_word' id='word_1_830' title='bbox 1633 2067 1664 2091; x_wconf 88' lang='lat' dir='ltr'>et</span> <span class='ocrx_word' id='word_1_831' title='bbox 1687 2060 1776 2101; x_wconf 93' lang='lat' dir='ltr'>quod</span> <span class='ocrx_word' id='word_1_832' title='bbox 1798 2059 1832 2090; x_wconf 90' lang='lat' dir='ltr'>in</span> <span class='ocrx_word' id='word_1_833' title='bbox 1854 2059 1916 2090; x_wconf 91' lang='lat' dir='ltr'>hoc</span> <span class='ocrx_word' id='word_1_834' title='bbox 1940 2059 2072 2100; x_wconf 90' lang='lat' dir='ltr'>quidem</span> <span class='ocrx_word' id='word_1_835' title='bbox 2095 2059 2145 2098; x_wconf 88' lang='lat' dir='ltr'>sit,</span> <span class='ocrx_word' id='word_1_836' title='bbox 2167 2059 2200 2090; x_wconf 90' lang='lat' dir='ltr'>in</span> <span class='ocrx_word' id='word_1_837' title='bbox 2223 2059 2286 2091; x_wconf 91' lang='lat' dir='ltr'>hoc</span> <span class='ocrx_word' id='word_1_838' title='bbox 2313 2066 2422 2091; x_wconf 85' lang='lat' dir='ltr'>autem</span> <span class='ocrx_word' id='word_1_839' title='bbox 2445 2070 2512 2091; x_wconf 88' lang='lat' dir='ltr'>non</span> 
     </span>
     <span class='ocr_line' id='line_1_91' title="bbox 1500 2103 2513 2146; baseline -0.001 -9"><span class='ocrx_word' id='word_1_840' title='bbox 1500 2106 1557 2145; x_wconf 87' lang='lat' dir='ltr'>sit,</span> <span class='ocrx_word' id='word_1_841' title='bbox 1578 2105 1603 2136; x_wconf 90' lang='lat' dir='ltr'>si</span> <span class='ocrx_word' id='word_1_842' title='bbox 1635 2115 1707 2135; x_wconf 89' lang='lat' dir='ltr'>vere</span> <span class='ocrx_word' id='word_1_843' title='bbox 1731 2104 1788 2135; x_wconf 90' lang='lat' dir='ltr'>erit</span> <span class='ocrx_word' id='word_1_844' title='bbox 1820 2103 2035 2146; x_wconf 84' lang='lat' dir='ltr'>syllogismus.</span> <span class='ocrx_word' id='word_1_845' title='bbox 2061 2103 2094 2135; x_wconf 91' lang='lat' dir='ltr'>Si</span> <span class='ocrx_word' id='word_1_846' title='bbox 2117 2103 2213 2144; x_wconf 87' lang='lat' dir='ltr'>igitur</span> <span class='ocrx_word' id='word_1_847' title='bbox 2242 2104 2287 2136; x_wconf 91' lang='lat' dir='ltr'>sic</span> <span class='ocrx_word' id='word_1_848' title='bbox 2320 2104 2513 2146; x_wconf 82' lang='lat' dir='ltr'>accipiantur</span> 
     </span>
     <span class='ocr_line' id='line_1_92' title="bbox 1503 2148 2512 2190; baseline -0.001 -8"><span class='ocrx_word' id='word_1_849' title='bbox 1503 2151 1608 2189; x_wconf 82' lang='lat' dir='ltr'>falsae,</span> <span class='ocrx_word' id='word_1_850' title='bbox 1625 2149 1830 2180; x_wconf 86' lang='lat' dir='ltr'>manifestum</span> <span class='ocrx_word' id='word_1_851' title='bbox 1850 2156 1896 2180; x_wconf 88' lang='lat' dir='ltr'>est</span> <span class='ocrx_word' id='word_1_852' title='bbox 1911 2149 2000 2190; x_wconf 88' lang='lat' dir='ltr'>quod</span> <span class='ocrx_word' id='word_1_853' title='bbox 2015 2148 2188 2180; x_wconf 84' lang='lat' dir='ltr'>contrariae</span> <span class='ocrx_word' id='word_1_854' title='bbox 2204 2159 2221 2180; x_wconf 90' lang='lat' dir='ltr'>e</span> <span class='ocrx_word' id='word_1_855' title='bbox 2237 2159 2391 2181; x_wconf 90' lang='lat' dir='ltr'>converso</span> <span class='ocrx_word' id='word_1_856' title='bbox 2409 2160 2442 2180; x_wconf 91' lang='lat' dir='ltr'>se</span> <span class='ocrx_word' id='word_1_857' title='bbox 2457 2149 2512 2181; x_wconf 88' lang='lat' dir='ltr'>ha-</span> 
     </span>
     <span class='ocr_line' id='line_1_93' title="bbox 1502 2193 2509 2236; baseline 0 -10"><span class='ocrx_word' id='word_1_858' title='bbox 1502 2196 1639 2234; x_wconf 89' lang='lat' dir='ltr'>bebunt;</span> <span class='ocrx_word' id='word_1_859' title='bbox 1657 2194 1718 2225; x_wconf 94' lang='lat' dir='ltr'>hoc</span> <span class='ocrx_word' id='word_1_860' title='bbox 1742 2201 1850 2225; x_wconf 86' lang='lat' dir='ltr'>autem</span> <span class='ocrx_word' id='word_1_861' title='bbox 1873 2193 2069 2234; x_wconf 89' lang='lat' dir='ltr'>impossibile</span> <span class='ocrx_word' id='word_1_862' title='bbox 2093 2200 2148 2225; x_wconf 91' lang='lat' dir='ltr'>est.</span> <span class='ocrx_word' id='word_1_863' title='bbox 2174 2194 2210 2224; x_wconf 91' lang='lat' dir='ltr'>In</span> <span class='ocrx_word' id='word_1_864' title='bbox 2233 2194 2377 2236; x_wconf 87' lang='lat' dir='ltr'>quodam</span> <span class='ocrx_word' id='word_1_865' title='bbox 2400 2201 2509 2226; x_wconf 88' lang='lat' dir='ltr'>autem</span> 
     </span>
     <span class='ocr_line' id='line_1_94' title="bbox 1501 2238 2510 2281; baseline -0.002 -9"><span class='ocrx_word' id='word_1_866' title='bbox 1501 2247 1671 2281; x_wconf 87' lang='lat' dir='ltr'>utramque</span> <span class='ocrx_word' id='word_1_867' title='bbox 1705 2239 1783 2270; x_wconf 88' lang='lat' dir='ltr'>nihil</span> <span class='ocrx_word' id='word_1_868' title='bbox 1814 2239 1961 2280; x_wconf 88' lang='lat' dir='ltr'>prohibet</span> <span class='ocrx_word' id='word_1_869' title='bbox 1991 2238 2104 2270; x_wconf 86' lang='lat' dir='ltr'>falsam</span> <span class='ocrx_word' id='word_1_870' title='bbox 2134 2248 2218 2278; x_wconf 89' lang='lat' dir='ltr'>esse,</span> <span class='ocrx_word' id='word_1_871' title='bbox 2238 2246 2275 2271; x_wconf 93' lang='lat' dir='ltr'>ut</span> <span class='ocrx_word' id='word_1_872' title='bbox 2297 2239 2323 2270; x_wconf 89' lang='lat' dir='ltr'>si</span> <span class='ocrx_word' id='word_1_873' title='bbox 2355 2239 2382 2271; x_wconf 95' lang='lat' dir='ltr'>C</span> <span class='ocrx_word' id='word_1_874' title='bbox 2406 2239 2440 2270; x_wconf 88' lang='lat' dir='ltr'>in</span> <span class='ocrx_word' id='word_1_875' title='bbox 2462 2241 2510 2278; x_wconf 88' lang='lat' dir='ltr'>A,</span> 
     </span>
     <span class='ocr_line' id='line_1_95' title="bbox 1501 2283 2511 2325; baseline -0.001 -9"><span class='ocrx_word' id='word_1_876' title='bbox 1501 2292 1532 2317; x_wconf 95' lang='lat' dir='ltr'>et</span> <span class='ocrx_word' id='word_1_877' title='bbox 1555 2285 1588 2316; x_wconf 93' lang='lat' dir='ltr'>in</span> <span class='ocrx_word' id='word_1_878' title='bbox 1611 2285 1637 2315; x_wconf 94' lang='lat' dir='ltr'>B</span> <span class='ocrx_word' id='word_1_879' title='bbox 1660 2285 1805 2325; x_wconf 82' lang='lat' dir='ltr'>quodam</span> <span class='ocrx_word' id='word_1_880' title='bbox 1829 2291 1884 2315; x_wconf 92' lang='lat' dir='ltr'>est.</span> <span class='ocrx_word' id='word_1_881' title='bbox 1907 2284 1940 2315; x_wconf 92' lang='lat' dir='ltr'>Si</span> <span class='ocrx_word' id='word_1_882' title='bbox 1964 2283 2050 2314; x_wconf 91' lang='lat' dir='ltr'>enim</span> <span class='ocrx_word' id='word_1_883' title='bbox 2081 2283 2108 2315; x_wconf 94' lang='lat' dir='ltr'>C</span> <span class='ocrx_word' id='word_1_884' title='bbox 2137 2284 2269 2325; x_wconf 89' lang='lat' dir='ltr'>quidem</span> <span class='ocrx_word' id='word_1_885' title='bbox 2291 2284 2325 2315; x_wconf 93' lang='lat' dir='ltr'>in</span> <span class='ocrx_word' id='word_1_886' title='bbox 2349 2284 2439 2315; x_wconf 89' lang='lat' dir='ltr'>omni</span> <span class='ocrx_word' id='word_1_887' title='bbox 2462 2293 2511 2315; x_wconf 86' lang='lat' dir='ltr'>ac-</span> 
     </span>
     <span class='ocr_line' id='line_1_96' title="bbox 1502 2328 2511 2371; baseline -0.001 -10"><span class='ocrx_word' id='word_1_888' title='bbox 1502 2330 1637 2370; x_wconf 87' lang='lat' dir='ltr'>cipiatur</span> <span class='ocrx_word' id='word_1_889' title='bbox 1659 2339 1727 2360; x_wconf 88' lang='lat' dir='ltr'>esse</span> <span class='ocrx_word' id='word_1_890' title='bbox 1742 2331 1782 2368; x_wconf 90' lang='lat' dir='ltr'>A,</span> <span class='ocrx_word' id='word_1_891' title='bbox 1798 2329 1832 2359; x_wconf 88' lang='lat' dir='ltr'>in</span> <span class='ocrx_word' id='word_1_892' title='bbox 1855 2329 1880 2359; x_wconf 91' lang='grc' dir='ltr'><strong>Β</strong></span> <span class='ocrx_word' id='word_1_893' title='bbox 1900 2335 2009 2360; x_wconf 89' lang='lat' dir='ltr'>autem</span> <span class='ocrx_word' id='word_1_894' title='bbox 2023 2329 2127 2368; x_wconf 89' lang='lat' dir='ltr'>nullo,</span> <span class='ocrx_word' id='word_1_895' title='bbox 2144 2328 2240 2360; x_wconf 75' lang='lat' dir='ltr'>falsae</span> <span class='ocrx_word' id='word_1_896' title='bbox 2254 2329 2386 2371; x_wconf 88' lang='lat' dir='ltr'>quidem</span> <span class='ocrx_word' id='word_1_897' title='bbox 2410 2335 2511 2360; x_wconf 86' lang='lat' dir='ltr'>utrae-</span> 
     </span>
     <span class='ocr_line' id='line_1_97' title="bbox 1501 2374 2511 2417; baseline -0.001 -11"><span class='ocrx_word' id='word_1_898' title='bbox 1501 2385 1565 2417; x_wconf 91' lang='lat' dir='ltr'>que</span> <span class='ocrx_word' id='word_1_899' title='bbox 1588 2374 1840 2415; x_wconf 89' lang='lat' dir='ltr'>propositiones,</span> <span class='ocrx_word' id='word_1_900' title='bbox 1864 2384 1931 2404; x_wconf 91' lang='lat' dir='ltr'>non</span> <span class='ocrx_word' id='word_1_901' title='bbox 1954 2380 2060 2404; x_wconf 87' lang='lat' dir='ltr'>tamen</span> <span class='ocrx_word' id='word_1_902' title='bbox 2089 2380 2186 2413; x_wconf 88' lang='lat' dir='ltr'>totae,</span> <span class='ocrx_word' id='word_1_903' title='bbox 2210 2375 2266 2405; x_wconf 89' lang='lat' dir='ltr'>sed</span> <span class='ocrx_word' id='word_1_904' title='bbox 2295 2374 2329 2405; x_wconf 88' lang='lat' dir='ltr'>in</span> <span class='ocrx_word' id='word_1_905' title='bbox 2358 2374 2511 2415; x_wconf 72' lang='lat' dir='ltr'>quodam·</span> 
     </span>
     <span class='ocr_line' id='line_1_98' title="bbox 1500 2418 2153 2460; baseline -0.002 -9"><span class='ocrx_word' id='word_1_906' title='bbox 1500 2420 1528 2451; x_wconf 88' lang='lat' dir='ltr'>E</span> <span class='ocrx_word' id='word_1_907' title='bbox 1549 2429 1702 2451; x_wconf 91' lang='lat' dir='ltr'>converso</span> <span class='ocrx_word' id='word_1_908' title='bbox 1726 2425 1833 2450; x_wconf 89' lang='lat' dir='ltr'>autem</span> <span class='ocrx_word' id='word_1_909' title='bbox 1857 2418 1963 2460; x_wconf 91' lang='lat' dir='ltr'>posito</span> <span class='ocrx_word' id='word_1_910' title='bbox 1987 2418 2153 2459; x_wconf 82' lang='lat' dir='ltr'>privativo.</span> 
     </span>
    </p>

    <p class='ocr_par' dir='ltr' id='par_1_20' title="bbox 1434 2462 2512 2548">
     <span class='ocr_line' id='line_1_99' title="bbox 1434 2462 2511 2504; baseline -0.002 -8"><span class='ocrx_word' id='word_1_911' title='bbox 1434 2465 1584 2497; x_wconf 87' lang='lat' dir='ltr'>Similiter</span> <span class='ocrx_word' id='word_1_912' title='bbox 1597 2471 1705 2495; x_wconf 89' lang='lat' dir='ltr'>autem</span> <span class='ocrx_word' id='word_1_913' title='bbox 1720 2463 1850 2494; x_wconf 84' lang='lat' dir='ltr'>alteram</span> <span class='ocrx_word' id='word_1_914' title='bbox 1865 2463 1988 2502; x_wconf 87' lang='lat' dir='ltr'>falsam,</span> <span class='ocrx_word' id='word_1_915' title='bbox 2000 2470 2031 2494; x_wconf 91' lang='lat' dir='ltr'>et</span> <span class='ocrx_word' id='word_1_916' title='bbox 2046 2463 2221 2504; x_wconf 83' lang='lat' dir='ltr'>quamlibet</span> <span class='ocrx_word' id='word_1_917' title='bbox 2235 2462 2400 2504; x_wconf 83' lang='lat' dir='ltr'>contingit.</span> <span class='ocrx_word' id='word_1_918' title='bbox 2411 2463 2511 2501; x_wconf 86' lang='lat' dir='ltr'>Quod</span> 
     </span>
     <span class='ocr_line' id='line_1_100' title="bbox 1501 2507 2512 2548; baseline -0.002 -8"><span class='ocrx_word' id='word_1_919' title='bbox 1501 2510 1588 2541; x_wconf 89' lang='lat' dir='ltr'>enim</span> <span class='ocrx_word' id='word_1_920' title='bbox 1612 2516 1658 2540; x_wconf 92' lang='lat' dir='ltr'>est</span> <span class='ocrx_word' id='word_1_921' title='bbox 1681 2509 1713 2539; x_wconf 91' lang='lat' dir='ltr'>in</span> <span class='ocrx_word' id='word_1_922' title='bbox 1738 2510 1766 2539; x_wconf 90' lang='lat' dir='ltr'>A</span> <span class='ocrx_word' id='word_1_923' title='bbox 1791 2508 1891 2548; x_wconf 89' lang='lat' dir='ltr'>omni,</span> <span class='ocrx_word' id='word_1_924' title='bbox 1914 2515 1945 2539; x_wconf 91' lang='lat' dir='ltr'>et</span> <span class='ocrx_word' id='word_1_925' title='bbox 1967 2508 2000 2538; x_wconf 91' lang='lat' dir='ltr'>in</span> <span class='ocrx_word' id='word_1_926' title='bbox 2023 2508 2049 2538; x_wconf 94' lang='lat' dir='ltr'><strong>B</strong></span> <span class='ocrx_word' id='word_1_927' title='bbox 2073 2515 2129 2539; x_wconf 85' lang='lat' dir='ltr'>est.</span> <span class='ocrx_word' id='word_1_928' title='bbox 2153 2508 2186 2539; x_wconf 90' lang='lat' dir='ltr'>Si</span> <span class='ocrx_word' id='word_1_929' title='bbox 2216 2507 2312 2548; x_wconf 86' lang='lat' dir='ltr'>igitur</span> <span class='ocrx_word' id='word_1_930' title='bbox 2340 2507 2512 2548; x_wconf 84' lang='lat' dir='ltr'>accipiatur</span> 
     </span>
    </p>

    <p class='ocr_par' dir='ltr' id='par_1_21' title="bbox 1444 2552 2511 2819">
     <span class='ocr_line' id='line_1_101' title="bbox 1444 2552 2511 2594; baseline -0.002 -9"><span class='ocrx_word' id='word_1_931' title='bbox 1444 2580 1446 2582; x_wconf 97' lang='lat'>.</span> <span class='ocrx_word' id='word_1_932' title='bbox 1501 2555 1534 2585; x_wconf 92' lang='lat' dir='ltr'>in</span> <span class='ocrx_word' id='word_1_933' title='bbox 1557 2557 1587 2586; x_wconf 94' lang='lat' dir='ltr'>A</span> <span class='ocrx_word' id='word_1_934' title='bbox 1611 2561 1680 2585; x_wconf 91' lang='lat' dir='ltr'>toto</span> <span class='ocrx_word' id='word_1_935' title='bbox 1705 2563 1772 2584; x_wconf 89' lang='lat' dir='ltr'>esse</span> <span class='ocrx_word' id='word_1_936' title='bbox 1789 2553 1828 2592; x_wconf 90' lang='lat' dir='ltr'>C,</span> <span class='ocrx_word' id='word_1_937' title='bbox 1844 2554 1878 2584; x_wconf 90' lang='lat' dir='ltr'>in</span> <span class='ocrx_word' id='word_1_938' title='bbox 1901 2553 1927 2584; x_wconf 93' lang='lat' dir='ltr'>B</span> <span class='ocrx_word' id='word_1_939' title='bbox 1943 2559 2051 2584; x_wconf 88' lang='lat' dir='ltr'>autem</span> <span class='ocrx_word' id='word_1_940' title='bbox 2061 2553 2136 2584; x_wconf 77' lang='lat' dir='ltr'>vtoto</span> <span class='ocrx_word' id='word_1_941' title='bbox 2159 2563 2227 2583; x_wconf 91' lang='lat' dir='ltr'>non</span> <span class='ocrx_word' id='word_1_942' title='bbox 2243 2562 2321 2591; x_wconf 85' lang='lat' dir='ltr'>esse,</span> <span class='ocrx_word' id='word_1_943' title='bbox 2337 2563 2419 2594; x_wconf 89' lang='lat' dir='ltr'>quae</span> <span class='ocrx_word' id='word_1_944' title='bbox 2442 2552 2511 2594; x_wconf 90' lang='lat' dir='ltr'>qui-</span> 
     </span>
     <span class='ocr_line' id='line_1_102' title="bbox 1503 2597 2510 2638; baseline -0.003 -8"><span class='ocrx_word' id='word_1_945' title='bbox 1503 2600 1577 2630; x_wconf 90' lang='lat' dir='ltr'>dem</span> <span class='ocrx_word' id='word_1_946' title='bbox 1601 2599 1628 2630; x_wconf 93' lang='lat' dir='ltr'>C</span> <span class='ocrx_word' id='word_1_947' title='bbox 1652 2601 1682 2629; x_wconf 90' lang='lat' dir='ltr'>A</span> <span class='ocrx_word' id='word_1_948' title='bbox 1704 2608 1778 2629; x_wconf 90' lang='lat' dir='ltr'>vera</span> <span class='ocrx_word' id='word_1_949' title='bbox 1810 2598 1885 2637; x_wconf 86' lang='lat' dir='ltr'>erit;</span> <span class='ocrx_word' id='word_1_950' title='bbox 1913 2598 2075 2638; x_wconf 81' lang='lat' dir='ltr'>sed&#39;quae</span> <span class='ocrx_word' id='word_1_951' title='bbox 2099 2597 2126 2628; x_wconf 93' lang='lat' dir='ltr'>C</span> <span class='ocrx_word' id='word_1_952' title='bbox 2150 2597 2176 2628; x_wconf 91' lang='lat' dir='ltr'>B</span> <span class='ocrx_word' id='word_1_953' title='bbox 2200 2603 2246 2628; x_wconf 84' lang='lat' dir='ltr'>est</span> <span class='ocrx_word' id='word_1_954' title='bbox 2276 2597 2364 2628; x_wconf 83' lang='lat' dir='ltr'>falsa.</span> <span class='ocrx_word' id='word_1_955' title='bbox 2391 2597 2510 2627; x_wconf 86' lang='lat' dir='ltr'>Iterum</span> 
     </span>
     <span class='ocr_line' id='line_1_103' title="bbox 1502 2641 2511 2685; baseline -0.002 -11"><span class='ocrx_word' id='word_1_956' title='bbox 1502 2644 1592 2685; x_wconf 91' lang='lat' dir='ltr'>quod</span> <span class='ocrx_word' id='word_1_957' title='bbox 1616 2644 1649 2674; x_wconf 89' lang='lat' dir='ltr'>in</span> <span class='ocrx_word' id='word_1_958' title='bbox 1672 2643 1697 2673; x_wconf 91' lang='lat' dir='ltr'>B</span> <span class='ocrx_word' id='word_1_959' title='bbox 1722 2642 1812 2673; x_wconf 91' lang='lat' dir='ltr'>nullo</span> <span class='ocrx_word' id='word_1_960' title='bbox 1837 2649 1899 2682; x_wconf 87' lang='lat' dir='ltr'>est,</span> <span class='ocrx_word' id='word_1_961' title='bbox 1926 2651 2030 2683; x_wconf 90' lang='lat' dir='ltr'>neque</span> <span class='ocrx_word' id='word_1_962' title='bbox 2054 2642 2087 2672; x_wconf 89' lang='lat' dir='ltr'>in</span> <span class='ocrx_word' id='word_1_963' title='bbox 2110 2644 2140 2672; x_wconf 90' lang='lat' dir='ltr'>A</span> <span class='ocrx_word' id='word_1_964' title='bbox 2163 2641 2253 2672; x_wconf 88' lang='lat' dir='ltr'>omni</span> <span class='ocrx_word' id='word_1_965' title='bbox 2277 2642 2349 2673; x_wconf 90' lang='lat' dir='ltr'>erit:</span> <span class='ocrx_word' id='word_1_966' title='bbox 2375 2641 2401 2672; x_wconf 87' lang='lat' dir='ltr'>si</span> <span class='ocrx_word' id='word_1_967' title='bbox 2425 2641 2511 2672; x_wconf 86' lang='lat' dir='ltr'>enirn</span> 
     </span>
     <span class='ocr_line' id='line_1_104' title="bbox 1503 2685 2508 2727; baseline -0.003 -8"><span class='ocrx_word' id='word_1_968' title='bbox 1503 2689 1536 2719; x_wconf 88' lang='lat' dir='ltr'>in</span> <span class='ocrx_word' id='word_1_969' title='bbox 1560 2691 1589 2719; x_wconf 91' lang='lat' dir='ltr'>A</span> <span class='ocrx_word' id='word_1_970' title='bbox 1613 2694 1670 2727; x_wconf 85' lang='lat' dir='ltr'>est,</span> <span class='ocrx_word' id='word_1_971' title='bbox 1687 2694 1718 2718; x_wconf 93' lang='lat' dir='ltr'>et</span> <span class='ocrx_word' id='word_1_972' title='bbox 1740 2687 1773 2718; x_wconf 92' lang='lat' dir='ltr'>in</span> <span class='ocrx_word' id='word_1_973' title='bbox 1797 2687 1838 2726; x_wconf 90' lang='lat' dir='ltr'>B;</span> <span class='ocrx_word' id='word_1_974' title='bbox 1855 2687 1911 2718; x_wconf 88' lang='lat' dir='ltr'>sed</span> <span class='ocrx_word' id='word_1_975' title='bbox 1934 2697 2000 2717; x_wconf 92' lang='lat' dir='ltr'>non</span> <span class='ocrx_word' id='word_1_976' title='bbox 2025 2693 2098 2717; x_wconf 89' lang='lat' dir='ltr'>erat.</span> <span class='ocrx_word' id='word_1_977' title='bbox 2116 2686 2149 2717; x_wconf 86' lang='lat' dir='ltr'>Si</span> <span class='ocrx_word' id='word_1_978' title='bbox 2173 2686 2268 2727; x_wconf 88' lang='lat' dir='ltr'>igitur</span> <span class='ocrx_word' id='word_1_979' title='bbox 2292 2685 2463 2726; x_wconf 80' lang='lat' dir='ltr'>accipiatur</span> <span class='ocrx_word' id='word_1_980' title='bbox 2481 2685 2508 2717; x_wconf 93' lang='lat' dir='ltr'>C</span> 
     </span>
     <span class='ocr_line' id='line_1_105' title="bbox 1502 2730 2510 2773; baseline -0.003 -9"><span class='ocrx_word' id='word_1_981' title='bbox 1502 2733 1535 2764; x_wconf 90' lang='lat' dir='ltr'>in</span> <span class='ocrx_word' id='word_1_982' title='bbox 1559 2739 1628 2764; x_wconf 92' lang='lat' dir='ltr'>toto</span> <span class='ocrx_word' id='word_1_983' title='bbox 1653 2731 1784 2773; x_wconf 90' lang='lat' dir='ltr'>quidem</span> <span class='ocrx_word' id='word_1_984' title='bbox 1807 2734 1836 2762; x_wconf 91' lang='lat' dir='ltr'>A</span> <span class='ocrx_word' id='word_1_985' title='bbox 1861 2741 1946 2770; x_wconf 89' lang='lat' dir='ltr'>esse,</span> <span class='ocrx_word' id='word_1_986' title='bbox 1968 2731 2001 2761; x_wconf 90' lang='lat' dir='ltr'>in</span> <span class='ocrx_word' id='word_1_987' title='bbox 2025 2731 2050 2762; x_wconf 91' lang='lat' dir='ltr'>B</span> <span class='ocrx_word' id='word_1_988' title='bbox 2074 2737 2183 2762; x_wconf 84' lang='lat' dir='ltr'>autem</span> <span class='ocrx_word' id='word_1_989' title='bbox 2210 2731 2316 2770; x_wconf 86' lang='lat' dir='ltr'>nullo,</span> <span class='ocrx_word' id='word_1_990' title='bbox 2337 2731 2362 2761; x_wconf 92' lang='lat' dir='ltr'>B</span> <span class='ocrx_word' id='word_1_991' title='bbox 2386 2730 2413 2762; x_wconf 95' lang='lat' dir='ltr'>C</span> <span class='ocrx_word' id='word_1_992' title='bbox 2438 2740 2510 2771; x_wconf 91' lang='lat' dir='ltr'>pro-</span> 
     </span>
     <span class='ocr_line' id='line_1_106' title="bbox 1503 2775 2119 2819; baseline -0.005 -10"><span class='ocrx_word' id='word_1_993' title='bbox 1503 2777 1621 2819; x_wconf 88' lang='lat' dir='ltr'>positio</span> <span class='ocrx_word' id='word_1_994' title='bbox 1644 2787 1718 2807; x_wconf 89' lang='lat' dir='ltr'>vera</span> <span class='ocrx_word' id='word_1_995' title='bbox 1741 2783 1798 2815; x_wconf 86' lang='lat' dir='ltr'>est,</span> <span class='ocrx_word' id='word_1_996' title='bbox 1814 2776 1910 2807; x_wconf 84' lang='lat' dir='ltr'>altera</span> <span class='ocrx_word' id='word_1_997' title='bbox 1932 2786 2008 2806; x_wconf 90' lang='lat' dir='ltr'>vero</span> <span class='ocrx_word' id='word_1_998' title='bbox 2033 2775 2119 2806; x_wconf 88' lang='lat' dir='ltr'>falsa.</span> 
     </span>
    </p>
   </div>
   <div class='ocr_carea' id='block_1_12' title="bbox 1436 2863 2512 3042">
    <p class='ocr_par' dir='ltr' id='par_1_22' title="bbox 1436 2863 2512 3042">
     <span class='ocr_line' id='line_1_107' title="bbox 1436 2863 2511 2905; baseline -0.005 -6"><span class='ocrx_word' id='word_1_999' title='bbox 1436 2867 1586 2899; x_wconf 88' lang='lat' dir='ltr'>Similiter</span> <span class='ocrx_word' id='word_1_1000' title='bbox 1618 2872 1725 2897; x_wconf 86' lang='lat' dir='ltr'>autem</span> <span class='ocrx_word' id='word_1_1001' title='bbox 1758 2864 1793 2896; x_wconf 89' lang='lat' dir='ltr'>fit</span> <span class='ocrx_word' id='word_1_1002' title='bbox 1815 2863 2008 2905; x_wconf 86' lang='lat' dir='ltr'>transposito</span> <span class='ocrx_word' id='word_1_1003' title='bbox 2041 2864 2206 2905; x_wconf 87' lang='lat' dir='ltr'>privativo.</span> <span class='ocrx_word' id='word_1_1004' title='bbox 2231 2864 2330 2902; x_wconf 91' lang='lat' dir='ltr'>Quod</span> <span class='ocrx_word' id='word_1_1005' title='bbox 2360 2863 2447 2895; x_wconf 89' lang='lat' dir='ltr'>enim</span> <span class='ocrx_word' id='word_1_1006' title='bbox 2477 2863 2511 2894; x_wconf 88' lang='lat' dir='ltr'>in</span> 
     </span>
     <span class='ocr_line' id='line_1_108' title="bbox 1503 2908 2512 2951; baseline -0.003 -9"><span class='ocrx_word' id='word_1_1007' title='bbox 1503 2911 1594 2942; x_wconf 91' lang='lat' dir='ltr'>nullo</span> <span class='ocrx_word' id='word_1_1008' title='bbox 1617 2917 1664 2942; x_wconf 93' lang='lat' dir='ltr'>est</span> <span class='ocrx_word' id='word_1_1009' title='bbox 1687 2913 1727 2948; x_wconf 88' lang='lat' dir='ltr'>A,</span> <span class='ocrx_word' id='word_1_1010' title='bbox 1749 2919 1853 2951; x_wconf 89' lang='lat' dir='ltr'>neque</span> <span class='ocrx_word' id='word_1_1011' title='bbox 1877 2909 1909 2940; x_wconf 89' lang='lat' dir='ltr'>in</span> <span class='ocrx_word' id='word_1_1012' title='bbox 1933 2909 1959 2940; x_wconf 93' lang='lat' dir='ltr'>B</span> <span class='ocrx_word' id='word_1_1013' title='bbox 1983 2909 2051 2940; x_wconf 92' lang='lat' dir='ltr'>ullo</span> <span class='ocrx_word' id='word_1_1014' title='bbox 2075 2909 2142 2940; x_wconf 87' lang='lat' dir='ltr'>erit.</span> <span class='ocrx_word' id='word_1_1015' title='bbox 2159 2909 2199 2940; x_wconf 93' lang='lat' dir='ltr'>-Si</span> <span class='ocrx_word' id='word_1_1016' title='bbox 2223 2908 2318 2949; x_wconf 86' lang='lat' dir='ltr'>igitur</span> <span class='ocrx_word' id='word_1_1017' title='bbox 2341 2908 2512 2949; x_wconf 86' lang='lat' dir='ltr'>accipiatur</span> 
     </span>
     <span class='ocr_line' id='line_1_109' title="bbox 1504 2953 2510 2996; baseline -0.003 -9"><span class='ocrx_word' id='word_1_1018' title='bbox 1504 2956 1531 2988; x_wconf 96' lang='lat' dir='ltr'>C</span> <span class='ocrx_word' id='word_1_1019' title='bbox 1555 2956 1589 2986; x_wconf 85' lang='lat' dir='ltr'>in</span> <span class='ocrx_word' id='word_1_1020' title='bbox 1612 2962 1682 2986; x_wconf 93' lang='lat' dir='ltr'>toto</span> <span class='ocrx_word' id='word_1_1021' title='bbox 1706 2954 1838 2996; x_wconf 90' lang='lat' dir='ltr'>quidem</span> <span class='ocrx_word' id='word_1_1022' title='bbox 1861 2956 1890 2985; x_wconf 89' lang='lat' dir='ltr'>A</span> <span class='ocrx_word' id='word_1_1023' title='bbox 1914 2964 1980 2985; x_wconf 90' lang='lat' dir='ltr'>non</span> <span class='ocrx_word' id='word_1_1024' title='bbox 2004 2964 2082 2993; x_wconf 87' lang='lat' dir='ltr'>esse,</span> <span class='ocrx_word' id='word_1_1025' title='bbox 2099 2954 2132 2984; x_wconf 90' lang='lat' dir='ltr'>in</span> <span class='ocrx_word' id='word_1_1026' title='bbox 2155 2953 2181 2984; x_wconf 91' lang='lat' dir='ltr'>B</span> <span class='ocrx_word' id='word_1_1027' title='bbox 2206 2960 2314 2984; x_wconf 86' lang='lat' dir='ltr'>autern</span> <span class='ocrx_word' id='word_1_1028' title='bbox 2336 2960 2406 2984; x_wconf 92' lang='lat' dir='ltr'>toto</span> <span class='ocrx_word' id='word_1_1029' title='bbox 2431 2963 2510 2992; x_wconf 88' lang='lat' dir='ltr'>esse,</span> 
     </span>
     <span class='ocr_line' id='line_1_110' title="bbox 1503 2998 2512 3042; baseline -0.003 -11"><span class='ocrx_word' id='word_1_1030' title='bbox 1503 3011 1585 3042; x_wconf 92' lang='lat' dir='ltr'>quae</span> <span class='ocrx_word' id='word_1_1031' title='bbox 1599 3000 1731 3042; x_wconf 87' lang='lat' dir='ltr'>quidem</span> <span class='ocrx_word' id='word_1_1032' title='bbox 1754 3006 1800 3030; x_wconf 90' lang='lat' dir='ltr'>est</span> <span class='ocrx_word' id='word_1_1033' title='bbox 1814 3001 1843 3030; x_wconf 91' lang='lat' dir='ltr'>A</span> <span class='ocrx_word' id='word_1_1034' title='bbox 1860 2998 1887 3030; x_wconf 95' lang='lat' dir='ltr'>C</span> <span class='ocrx_word' id='word_1_1035' title='bbox 1914 2999 2092 3040; x_wconf 88' lang='lat' dir='ltr'>propositio</span> <span class='ocrx_word' id='word_1_1036' title='bbox 2115 3009 2189 3030; x_wconf 89' lang='lat' dir='ltr'>vera</span> <span class='ocrx_word' id='word_1_1037' title='bbox 2211 3005 2268 3036; x_wconf 87' lang='lat' dir='ltr'>est,</span> <span class='ocrx_word' id='word_1_1038' title='bbox 2285 2998 2381 3029; x_wconf 85' lang='lat' dir='ltr'>altera</span> <span class='ocrx_word' id='word_1_1039' title='bbox 2403 3004 2512 3029; x_wconf 84' lang='lat' dir='ltr'>autem</span> 
     </span>
    </p>
   </div>
   <div class='ocr_carea' id='block_1_13' title="bbox 1473 3042 2563 3085">
    <p class='ocr_par' dir='ltr' id='par_1_23' title="bbox 1473 3042 2563 3085">
     <span class='ocr_line' id='line_1_111' title="bbox 1473 3042 2563 3085; baseline -0.003 -9"><span class='ocrx_word' id='word_1_1040' title='bbox 1473 3058 1483 3070; x_wconf 57' lang='grc' dir='ltr'>κ</span> <span class='ocrx_word' id='word_1_1041' title='bbox 1503 3046 1590 3076; x_wconf 80' lang='lat' dir='ltr'>falsa.</span> <span class='ocrx_word' id='word_1_1042' title='bbox 1615 3045 1656 3076; x_wconf 90' lang='lat' dir='ltr'>Et</span> <span class='ocrx_word' id='word_1_1043' title='bbox 1678 3045 1813 3083; x_wconf 87' lang='lat' dir='ltr'>iterum,</span> <span class='ocrx_word' id='word_1_1044' title='bbox 1839 3044 1928 3085; x_wconf 91' lang='lat' dir='ltr'>quod</span> <span class='ocrx_word' id='word_1_1045' title='bbox 1950 3043 1984 3074; x_wconf 91' lang='lat' dir='ltr'>in</span> <span class='ocrx_word' id='word_1_1046' title='bbox 2008 3043 2097 3074; x_wconf 91' lang='lat' dir='ltr'>omni</span> <span class='ocrx_word' id='word_1_1047' title='bbox 2120 3043 2146 3074; x_wconf 92' lang='lat' dir='ltr'>B</span> <span class='ocrx_word' id='word_1_1048' title='bbox 2170 3050 2234 3081; x_wconf 89' lang='lat' dir='ltr'>est,</span> <span class='ocrx_word' id='word_1_1049' title='bbox 2259 3043 2292 3074; x_wconf 88' lang='lat' dir='ltr'>in</span> <span class='ocrx_word' id='word_1_1050' title='bbox 2315 3042 2408 3074; x_wconf 89' lang='lat' dir='ltr'>nullo</span> <span class='ocrx_word' id='word_1_1051' title='bbox 2432 3042 2511 3074; x_wconf 85' lang='lat' dir='ltr'>acci-</span> <span class='ocrx_word' id='word_1_1052' title='bbox 2560 3053 2563 3055; x_wconf 61' lang='grc'><strong><em>’</em></strong></span> 
     </span>
    </p>
   </div>
   <div class='ocr_carea' id='block_1_14' title="bbox 1494 3087 2511 3353">
    <p class='ocr_par' dir='ltr' id='par_1_24' title="bbox 1494 3087 2511 3353">
     <span class='ocr_line' id='line_1_112' title="bbox 1494 3087 2510 3131; baseline -0.004 -10"><span class='ocrx_word' id='word_1_1053' title='bbox 1494 3100 1577 3131; x_wconf 82' lang='lat' dir='ltr'>pere</span> <span class='ocrx_word' id='word_1_1054' title='bbox 1600 3091 1629 3121; x_wconf 86' lang='lat' dir='ltr'>A</span> <span class='ocrx_word' id='word_1_1055' title='bbox 1653 3099 1720 3120; x_wconf 88' lang='lat' dir='ltr'>esse</span> <span class='ocrx_word' id='word_1_1056' title='bbox 1745 3088 1860 3119; x_wconf 90' lang='lat' dir='ltr'>falsum</span> <span class='ocrx_word' id='word_1_1057' title='bbox 1886 3095 1941 3119; x_wconf 89' lang='lat' dir='ltr'>est.</span> <span class='ocrx_word' id='word_1_1058' title='bbox 1969 3089 2104 3119; x_wconf 84' lang='lat' dir='ltr'>Necesse</span> <span class='ocrx_word' id='word_1_1059' title='bbox 2128 3095 2175 3119; x_wconf 87' lang='lat' dir='ltr'>est</span> <span class='ocrx_word' id='word_1_1060' title='bbox 2200 3087 2286 3118; x_wconf 88' lang='lat' dir='ltr'>enim</span> <span class='ocrx_word' id='word_1_1061' title='bbox 2312 3087 2338 3117; x_wconf 88' lang='lat' dir='ltr'>si</span> <span class='ocrx_word' id='word_1_1062' title='bbox 2361 3087 2394 3118; x_wconf 84' lang='lat' dir='ltr'>in</span> <span class='ocrx_word' id='word_1_1063' title='bbox 2420 3087 2510 3118; x_wconf 84' lang='lat' dir='ltr'>omni</span> 
     </span>
     <span class='ocr_line' id='line_1_113' title="bbox 1502 3131 2511 3174; baseline -0.003 -9"><span class='ocrx_word' id='word_1_1064' title='bbox 1502 3135 1528 3165; x_wconf 96' lang='lat' dir='ltr'>B</span> <span class='ocrx_word' id='word_1_1065' title='bbox 1552 3141 1614 3173; x_wconf 90' lang='lat' dir='ltr'>est,</span> <span class='ocrx_word' id='word_1_1066' title='bbox 1641 3140 1671 3165; x_wconf 90' lang='lat' dir='ltr'>et</span> <span class='ocrx_word' id='word_1_1067' title='bbox 1703 3133 1735 3164; x_wconf 89' lang='lat' dir='ltr'>in</span> <span class='ocrx_word' id='word_1_1068' title='bbox 1760 3133 1903 3174; x_wconf 80' lang='lat' dir='ltr'>quodam</span> <span class='ocrx_word' id='word_1_1069' title='bbox 1926 3135 1955 3164; x_wconf 90' lang='lat' dir='ltr'>A</span> <span class='ocrx_word' id='word_1_1070' title='bbox 1979 3140 2061 3172; x_wconf 90' lang='lat' dir='ltr'>esse;</span> <span class='ocrx_word' id='word_1_1071' title='bbox 2087 3132 2113 3163; x_wconf 90' lang='lat' dir='ltr'>si</span> <span class='ocrx_word' id='word_1_1072' title='bbox 2146 3132 2242 3173; x_wconf 85' lang='lat' dir='ltr'>igitur</span> <span class='ocrx_word' id='word_1_1073' title='bbox 2274 3131 2446 3173; x_wconf 86' lang='lat' dir='ltr'>accipiatur</span> <span class='ocrx_word' id='word_1_1074' title='bbox 2477 3131 2511 3163; x_wconf 89' lang='lat' dir='ltr'>in</span> 
     </span>
     <span class='ocr_line' id='line_1_114' title="bbox 1503 3176 2510 3220; baseline -0.003 -10"><span class='ocrx_word' id='word_1_1075' title='bbox 1503 3179 1593 3210; x_wconf 86' lang='lat' dir='ltr'>omni</span> <span class='ocrx_word' id='word_1_1076' title='bbox 1617 3178 1749 3220; x_wconf 87' lang='lat' dir='ltr'>quidem</span> <span class='ocrx_word' id='word_1_1077' title='bbox 1771 3178 1797 3209; x_wconf 94' lang='lat' dir='ltr'>B</span> <span class='ocrx_word' id='word_1_1078' title='bbox 1821 3187 1888 3208; x_wconf 91' lang='lat' dir='ltr'>esse</span> <span class='ocrx_word' id='word_1_1079' title='bbox 1912 3177 1951 3216; x_wconf 94' lang='lat' dir='ltr'>C,</span> <span class='ocrx_word' id='word_1_1080' title='bbox 1967 3177 2000 3208; x_wconf 90' lang='lat' dir='ltr'>in</span> <span class='ocrx_word' id='word_1_1081' title='bbox 2023 3180 2053 3208; x_wconf 88' lang='lat' dir='ltr'>A</span> <span class='ocrx_word' id='word_1_1082' title='bbox 2076 3183 2184 3208; x_wconf 88' lang='lat' dir='ltr'>autem</span> <span class='ocrx_word' id='word_1_1083' title='bbox 2207 3176 2310 3215; x_wconf 83' lang='lat' dir='ltr'>nullo,</span> <span class='ocrx_word' id='word_1_1084' title='bbox 2334 3186 2417 3217; x_wconf 88' lang='lat' dir='ltr'>quae</span> <span class='ocrx_word' id='word_1_1085' title='bbox 2440 3176 2510 3218; x_wconf 85' lang='lat' dir='ltr'>qui-</span> 
     </span>
     <span class='ocr_line' id='line_1_115' title="bbox 1503 3220 2510 3263; baseline -0.002 -9"><span class='ocrx_word' id='word_1_1086' title='bbox 1503 3224 1577 3254; x_wconf 89' lang='lat' dir='ltr'>dem</span> <span class='ocrx_word' id='word_1_1087' title='bbox 1600 3230 1647 3254; x_wconf 85' lang='lat' dir='ltr'>est</span> <span class='ocrx_word' id='word_1_1088' title='bbox 1669 3223 1695 3253; x_wconf 94' lang='lat' dir='ltr'>B</span> <span class='ocrx_word' id='word_1_1089' title='bbox 1719 3222 1746 3254; x_wconf 94' lang='lat' dir='ltr'>C</span> <span class='ocrx_word' id='word_1_1090' title='bbox 1770 3232 1843 3253; x_wconf 87' lang='lat' dir='ltr'>vera</span> <span class='ocrx_word' id='word_1_1091' title='bbox 1859 3222 1926 3261; x_wconf 83' lang='lat' dir='ltr'>erit,</span> <span class='ocrx_word' id='word_1_1092' title='bbox 1944 3232 2027 3263; x_wconf 85' lang='lat' dir='ltr'>quae</span> <span class='ocrx_word' id='word_1_1093' title='bbox 2050 3229 2158 3253; x_wconf 88' lang='lat' dir='ltr'>autem</span> <span class='ocrx_word' id='word_1_1094' title='bbox 2173 3229 2220 3252; x_wconf 90' lang='lat' dir='ltr'>est</span> <span class='ocrx_word' id='word_1_1095' title='bbox 2243 3220 2270 3252; x_wconf 93' lang='lat' dir='ltr'>C</span> <span class='ocrx_word' id='word_1_1096' title='bbox 2289 3223 2318 3252; x_wconf 90' lang='lat' dir='ltr'>A</span> <span class='ocrx_word' id='word_1_1097' title='bbox 2334 3220 2421 3252; x_wconf 82' lang='lat' dir='ltr'>salsa.</span> <span class='ocrx_word' id='word_1_1098' title='bbox 2442 3221 2510 3252; x_wconf 84' lang='lat' dir='ltr'>Ma-</span> 
     </span>
     <span class='ocr_line' id='line_1_116' title="bbox 1503 3266 2509 3308; baseline -0.003 -9"><span class='ocrx_word' id='word_1_1099' title='bbox 1503 3268 1655 3299; x_wconf 82' lang='lat' dir='ltr'>nifestum</span> <span class='ocrx_word' id='word_1_1100' title='bbox 1676 3267 1773 3308; x_wconf 31' lang='lat' dir='ltr'>*igitur</span> <span class='ocrx_word' id='word_1_1101' title='bbox 1797 3273 1854 3306; x_wconf 88' lang='lat' dir='ltr'>est,</span> <span class='ocrx_word' id='word_1_1102' title='bbox 1871 3267 1959 3308; x_wconf 91' lang='lat' dir='ltr'>quod</span> <span class='ocrx_word' id='word_1_1103' title='bbox 1983 3266 2125 3308; x_wconf 89' lang='lat' dir='ltr'>utrisque</span> <span class='ocrx_word' id='word_1_1104' title='bbox 2149 3266 2246 3304; x_wconf 81' lang='lat' dir='ltr'>falsis,</span> <span class='ocrx_word' id='word_1_1105' title='bbox 2270 3272 2302 3297; x_wconf 90' lang='lat' dir='ltr'>et</span> <span class='ocrx_word' id='word_1_1106' title='bbox 2324 3266 2420 3297; x_wconf 84' lang='lat' dir='ltr'>altera</span> <span class='ocrx_word' id='word_1_1107' title='bbox 2442 3272 2509 3296; x_wconf 88' lang='lat' dir='ltr'>tan-</span> 
     </span>
     <span class='ocr_line' id='line_1_117' title="bbox 1503 3310 2352 3353; baseline -0.004 -10"><span class='ocrx_word' id='word_1_1108' title='bbox 1503 3320 1585 3351; x_wconf 87' lang='lat' dir='ltr'>tum,</span> <span class='ocrx_word' id='word_1_1109' title='bbox 1602 3312 1659 3343; x_wconf 87' lang='lat' dir='ltr'>erit</span> <span class='ocrx_word' id='word_1_1110' title='bbox 1682 3311 1886 3353; x_wconf 88' lang='lat' dir='ltr'>syllogismus</span> <span class='ocrx_word' id='word_1_1111' title='bbox 1910 3311 2092 3352; x_wconf 89' lang='lat' dir='ltr'>deceptivus</span> <span class='ocrx_word' id='word_1_1112' title='bbox 2115 3311 2148 3342; x_wconf 93' lang='lat' dir='ltr'>in</span> <span class='ocrx_word' id='word_1_1113' title='bbox 2171 3310 2352 3341; x_wconf 86' lang='lat' dir='ltr'>individuis.</span> 
     </span>
    </p>
   </div>
   <div class='ocr_carea' id='block_1_15' title="bbox 1434 3416 2509 3574">
    <p class='ocr_par' dir='ltr' id='par_1_25' title="bbox 1434 3416 2509 3574">
     <span class='ocr_line' id='line_1_118' title="bbox 1437 3416 2507 3455; baseline -0.005 -8"><span class='ocrx_word' id='word_1_1114' title='bbox 1437 3419 1546 3447; x_wconf 80' lang='lat' dir='ltr'>minori</span> <span class='ocrx_word' id='word_1_1115' title='bbox 1559 3428 1634 3447; x_wconf 88' lang='lat' dir='ltr'>vera.</span> <span class='ocrx_word' id='word_1_1116' title='bbox 1650 3435 1670 3440; x_wconf 94' lang='lat'>-</span> <span class='ocrx_word' id='word_1_1117' title='bbox 1686 3418 1711 3446; x_wconf 84' lang='lat'>5.</span> <span class='ocrx_word' id='word_1_1118' title='bbox 1727 3417 1918 3455; x_wconf 85' lang='lat' dir='ltr'>Syllogismus</span> <span class='ocrx_word' id='word_1_1119' title='bbox 1938 3418 2025 3446; x_wconf 83' lang='lat' dir='ltr'>falsus</span> <span class='ocrx_word' id='word_1_1120' title='bbox 2040 3416 2070 3445; x_wconf 91' lang='lat' dir='ltr'>in</span> <span class='ocrx_word' id='word_1_1121' title='bbox 2085 3417 2212 3445; x_wconf 82' lang='lat' dir='ltr'>secunda</span> <span class='ocrx_word' id='word_1_1122' title='bbox 2226 3416 2317 3454; x_wconf 84' lang='lat' dir='ltr'>figura</span> <span class='ocrx_word' id='word_1_1123' title='bbox 2338 3424 2372 3444; x_wconf 83' lang='lat' dir='ltr'>ex</span> <span class='ocrx_word' id='word_1_1124' title='bbox 2386 3420 2507 3451; x_wconf 85' lang='lat' dir='ltr'>utraque</span> 
     </span>
     <span class='ocr_line' id='line_1_119' title="bbox 1436 3455 2506 3496; baseline -0.005 -9"><span class='ocrx_word' id='word_1_1125' title='bbox 1436 3459 1595 3496; x_wconf 85' lang='lat' dir='ltr'>praemissa</span> <span class='ocrx_word' id='word_1_1126' title='bbox 1616 3458 1694 3487; x_wconf 85' lang='lat' dir='ltr'>falsa.</span> <span class='ocrx_word' id='word_1_1127' title='bbox 1711 3475 1729 3480; x_wconf 90' lang='lat'><em>-</em></span> <span class='ocrx_word' id='word_1_1128' title='bbox 1744 3458 1772 3486; x_wconf 88' lang='grc'>6.</span> <span class='ocrx_word' id='word_1_1129' title='bbox 1788 3457 1978 3495; x_wconf 81' lang='lat' dir='ltr'>Syllogismus</span> <span class='ocrx_word' id='word_1_1130' title='bbox 1994 3457 2081 3485; x_wconf 89' lang='lat' dir='ltr'>falsus</span> <span class='ocrx_word' id='word_1_1131' title='bbox 2096 3456 2126 3485; x_wconf 92' lang='lat' dir='ltr'>in</span> <span class='ocrx_word' id='word_1_1132' title='bbox 2141 3456 2270 3485; x_wconf 87' lang='lat' dir='ltr'>secundo</span> <span class='ocrx_word' id='word_1_1133' title='bbox 2292 3455 2383 3484; x_wconf 89' lang='lat' dir='ltr'>modo</span> <span class='ocrx_word' id='word_1_1134' title='bbox 2404 3463 2506 3483; x_wconf 86' lang='lat' dir='ltr'>secun-</span> 
     </span>
     <span class='ocr_line' id='line_1_120' title="bbox 1435 3493 2509 3536; baseline -0.005 -9"><span class='ocrx_word' id='word_1_1135' title='bbox 1435 3499 1489 3527; x_wconf 86' lang='lat' dir='ltr'>dae</span> <span class='ocrx_word' id='word_1_1136' title='bbox 1510 3499 1618 3536; x_wconf 87' lang='lat' dir='ltr'>figurae</span> <span class='ocrx_word' id='word_1_1137' title='bbox 1634 3507 1667 3526; x_wconf 88' lang='lat' dir='ltr'>ex</span> <span class='ocrx_word' id='word_1_1138' title='bbox 1682 3497 1772 3526; x_wconf 80' lang='lat' dir='ltr'>altera</span> <span class='ocrx_word' id='word_1_1139' title='bbox 1793 3497 2017 3534; x_wconf 83' lang='lat' dir='ltr'>praemissarum</span> <span class='ocrx_word' id='word_1_1140' title='bbox 2039 3496 2118 3525; x_wconf 84' lang='lat' dir='ltr'>falsa.</span> <span class='ocrx_word' id='word_1_1141' title='bbox 2134 3512 2154 3518; x_wconf 88' lang='lat'>-</span> <span class='ocrx_word' id='word_1_1142' title='bbox 2178 3505 2204 3533; x_wconf 91' lang='lat'>7.</span> <span class='ocrx_word' id='word_1_1143' title='bbox 2221 3494 2410 3532; x_wconf 80' lang='lat' dir='ltr'>Syllogismus</span> <span class='ocrx_word' id='word_1_1144' title='bbox 2428 3493 2509 3522; x_wconf 92' lang='lat' dir='ltr'>simi-</span> 
     </span>
     <span class='ocr_line' id='line_1_121' title="bbox 1434 3536 2191 3574; baseline -0.004 -8"><span class='ocrx_word' id='word_1_1145' title='bbox 1434 3539 1499 3567; x_wconf 91' lang='lat' dir='ltr'>liter</span> <span class='ocrx_word' id='word_1_1146' title='bbox 1520 3538 1606 3567; x_wconf 88' lang='lat' dir='ltr'>falsus</span> <span class='ocrx_word' id='word_1_1147' title='bbox 1628 3537 1657 3566; x_wconf 91' lang='lat' dir='ltr'>in</span> <span class='ocrx_word' id='word_1_1148' title='bbox 1679 3537 1774 3574; x_wconf 89' lang='lat' dir='ltr'>primo</span> <span class='ocrx_word' id='word_1_1149' title='bbox 1797 3538 1888 3566; x_wconf 92' lang='lat' dir='ltr'>modo</span> <span class='ocrx_word' id='word_1_1150' title='bbox 1909 3537 2052 3566; x_wconf 84' lang='lat' dir='ltr'>secundae</span> <span class='ocrx_word' id='word_1_1151' title='bbox 2074 3536 2191 3573; x_wconf 79' lang='lat' dir='ltr'>figurae.</span> 
     </span>
    </p>
   </div>
  </div>
 </body>
</html>
