2788 4204
72 599 82 606 “
99 597 192 619 Codd.-
201 604 235 619 a:
251 603 288 618 ιη-

74 624 189 645 termiuit.

314 237 365 286 78
1067 234 1185 270 PERI
1216 231 1564 269 HERMENEIAS
1595 233 1689 269 LIB.
1720 233 1752 268 II

313 315 494 365 positum.
524 313 781 352 Praetermisit
814 320 942 350 autem
978 324 1123 361 ponere
1164 311 1382 359 exemplum

316 369 364 406 de
394 368 732 414 mundationibus,
754 367 792 403 in
812 367 949 415 quibus
970 365 1163 402 subiicitur
1182 364 1380 411 singulare,

314 430 373 469 ut,
394 424 566 459 Socrates
594 427 662 467 est,
688 422 860 457 Socrates
880 424 1043 463 nonest,
1073 417 1161 466 quia
1189 417 1382 465 singulari-

315 476 387 512 bus
410 475 629 512 nominibus
648 487 726 511 non
746 473 895 510 additur
914 470 1069 519 aliquod
1088 471 1249 518 signum.
1271 470 1382 507 Unde

315 528 354 565 in
381 528 601 565 huiusmodi
631 525 957 564 enunciationibus
992 536 1071 560 non
1104 524 1383 583 potestommnis

317 581 553 619 differentia
545 579 716 618 inveniri
745 578 922 616 Similiter
944 577 1057 614 etiam
1085 577 1347 626 praetermittit
1364 577 1384 598 ²¹²

316 634 594 684 exemplificare
624 633 670 670 de
701 631 1039 678 emundationibus,
1067 643 1230 679 quarum
1259 630 1382 667 subie-

316 695 374 725 cta
400 686 671 738 particulariter
703 692 917 735 ponuntur,
948 684 1036 733 quia
1063 685 1136 721 tale
1170 683 1382 721 subiectum

1439 311 1730 359 quodammodo
1762 311 1938 348 eamdem
1967 311 2048 349 vim
2075 312 2191 349 habet
2220 325 2308 349 cum
2338 312 2508 350 subiecto

1438 364 1653 411 universali,
1674 377 1753 401 non
1772 365 1792 385 '¹‘
1819 365 2081 402 universaliter
2109 374 2274 415 sumpto.
2296 367 2389 403 Non
2402 367 2510 416 ponit

1440 425 1567 454 autern
1597 418 1764 467 aliquam
1785 418 2036 455 differentiam
2067 431 2111 456 ex
2133 427 2240 469 parte
2268 420 2388 479 verbi,
2411 432 2508 468 quae

1438 472 1603 530 posset*
1632 471 1732 508 sumi
1761 471 1973 508 secundum
2004 485 2112 509 casus
2146 472 2266 520 verbi,
2288 473 2377 522 quia
2414 473 2510 510 sicut

1438 524 1518 574 ipse
1557 524 1669 572 dicit,
1699 525 1738 562 in
1777 524 1992 562 extrinsecis
2034 526 2298 585 temporibus,
2337 526 2434 563 idest
2469 526 2509 563 in

1437 577 1639 626 praeterito
1665 586 1701 615 et
1720 578 1759 615 in
1778 578 1917 626 futuro,
1934 591 2032 627 quae
2053 579 2297 616 circumstant
2314 592 2507 629 praesens,

1439 638 1495 667 est
1514 631 1649 668 eadem
1678 631 1771 668 ratio
1801 632 1897 669 sicut
1925 640 1961 668 et
1988 631 2027 669 in
2054 633 2254 681 praesenti,
2278 641 2321 670 ut
2348 633 2426 670 iam
2455 633 2508 670 di-

1439 691 1542 721 ctum
1572 691 1638 721 est.

2539 367 2624 389 Unus
2637 373 2653 389 Α
2666 367 2752 390 omittit

2535 399 2590 415 non.

2536 470 2584 490 'AB
2593 476 2598 491 :
2609 469 2696 497 possit.
