2788 4204
738 370 804 390 cu.
827 371 867 391 xt.

591 415 693 444 LECT
694 415 732 444 10
758 416 1015 446 DECIMANONA

265 468 308 495 De
330 467 492 497 differentia
506 468 716 505 principiorum
731 470 934 498 communium
950 472 986 499 ab
1001 471 1134 500 invicem.
1174 482 1247 513 pag.

630 528 772 557 LECTIO
794 528 976 558 VIGESIMA

264 583 427 617 Quomodo
455 582 699 611 demonstrativae
727 582 863 612 scientiae
892 593 922 612 se
951 585 1076 614 habeant
1098 586 1136 614 ad

325 628 467 666 principia
488 627 657 657 communia
659 648 1132 659 ................

731 677 796 711 (Ἆρ’.
819 691 869 712 xn.

568 735 709 764 Laeuo
731 723 1034 767 VIGEsmAPRlMA

263 791 308 818 De
329 789 619 827 interrogationibus,
648 791 888 827 responsionibus
913 798 946 820 et
962 793 1135 830 disputatio-

324 829 410 858 nibus
431 829 462 858 in
483 829 613 867 qualibet
633 831 753 860 scientia
773 831 899 869 propriis
911 854 1131 862 ........
1198 845 1212 861 ⁸

537 885 639 914 LECT
640 886 678 914 10
701 887 1064 917 VIGESIMASECUNDA

263 938 353 974 Quod
370 938 400 966 in
414 937 542 975 qualibet
563 938 683 968 scientia
704 946 771 968 sunt
791 940 926 978 propriae
948 942 1133 979 deceptiones

323 984 352 1006 et
372 977 552 1016 ignorantiae
567 1000 1131 1010 ...................
1197 994 1212 1010 v

726 1042 792 1063 cau».
815 1043 876 1063 xm.

556 1087 697 1115 LECTIO
719 1088 1046 1118 VIGESIMATERTIA

262 1141 307 1170 De
327 1139 488 1169 differentia
516 1139 591 1168 inter
611 1140 892 1181 demonstrationem
920 1142 987 1180 quia
1008 1149 1036 1171 et
1059 1151 1132 1181 pro-

318 1186 389 1219 pter
409 1180 479 1218 quid
500 1179 530 1208 in
551 1180 654 1209 eadem
675 1180 810 1217 scientia;
836 1191 871 1210 ac
892 1182 928 1210 de
949 1183 1132 1212 demonstra-

321 1220 402 1249 tione
422 1221 490 1258 quia
510 1230 562 1258 per
583 1220 717 1250 effectum
721 1243 1130 1251 ..............

545 1274 686 1303 LECTIO
708 1275 1053 1310 VIGESIMAQUARTA

260 1329 305 1357 De
326 1327 578 1361 demonstratione
597 1328 666 1365 quia
686 1337 738 1365 per
758 1337 820 1357 non
841 1328 1010 1357 immediata
1030 1351 1036 1357 .
1060 1351 1067 1358 .
1092 1350 1098 1357 .
1123 1351 1130 1357 .
1196 1340 1211 1357 s

549 1381 691 1425 LEQTIO
713 1381 1044 1416 VIGESIMAQUINTA

260 1438 304 1466 De
325 1436 487 1468 differentia
508 1434 765 1464 demonstrationis
785 1435 853 1472 quia
873 1444 891 1464 a
905 1436 1130 1465 demonstratio-

320 1486 358 1506 ne
374 1482 501 1515 propter
520 1475 592 1513 quid
611 1475 642 1504 in
662 1474 782 1504 diversis
803 1475 929 1504 scientiis
952 1475 1012 1504 sive
1032 1477 1129 1506 subal—

319 1516 454 1552 ternatis,
476 1516 536 1544 sive
557 1525 618 1544 non
640 1515 841 1544 subalternatis
867 1537 1127 1545 .........

676 1584 759 1605 cm.
782 1584 842 1612 xrv,
864 1585 912 1605 xv.

558 1629 660 1657 LECT
660 1629 700 1657 10
721 1629 1031 1658 V1GE81MASEXTA

257 1683 450 1722 Syllogismus
471 1682 716 1712 demonstrativus
738 1683 862 1712 maxime
883 1683 915 1712 fit
935 1683 966 1712 in
980 1683 1076 1720 prima
1097 1684 1129 1713 fi-

317 1733 399 1763 gura.
416 1741 436 1746 -
452 1725 496 1752 De
523 1722 726 1760 propositione
753 1723 887 1761 negativa
913 1730 976 1752 tum
1005 1724 1131 1754 mediata

318 1770 381 1793 tum
402 1763 572 1793 immediata
583 1785 1127 1793 ..................
1194 1777 1208 1793 ›

722 1825 787 1845 cnr.
810 1824 870 1846 xvt.

537 1870 680 1899 LECHO
701 1870 1054 1899 VIGESIMASEPTIMA

255 1927 300 1955 De
321 1923 508 1962 syllogismo,
535 1932 589 1960 per
609 1932 697 1961 quem
719 1922 866 1951 inducitur
886 1922 917 1951 in
938 1923 1024 1952 nobis
1045 1923 1130 1962 igno-

315 1964 410 1994 rantia
435 1963 481 1992 vel
501 1962 645 2000 deceptio.
672 1964 709 1991 Et
729 1963 842 2000 primo,
871 1965 1024 2001 quomodo
1053 1964 1129 1994 cirea

314 2003 411 2043 prima
424 2010 452 2033 et
466 2003 635 2032 immediata
656 2009 791 2033 causatur
811 2003 975 2041 ignorantia
995 2013 1055 2042 qua
1068 2004 1127 2033 exi-

314 2044 449 2074 stimatur
469 2052 549 2079 esse,
570 2044 653 2081 quod
673 2053 735 2072 non
756 2050 799 2072 est
806 2065 1123 2073 ...........
1190 2056 1204 2072 »

537 2096 639 2125 LECT
639 2096 679 2125 10
700 2096 1044 2126 VIGESIMAOCTAVA

252 2152 298 2181 De
318 2150 488 2189 syllogismo
508 2149 707 2188 ignorantiae,
729 2159 790 2188 quo
811 2150 841 2178 in
855 2151 881 2179 1·
895 2150 968 2179 etin
983 2152 1020 2179 11³
1035 2151 1127 2189 figura

313 2190 500 2260 mugiit&
516 2190 650 2228 negativa
669 2190 741 2219 falsa
768 2191 914 2259 contraria
934 2189 1126 2221 affirmativae
1189 2244 1203 2260 '

710 2293 776 2314 cu.
799 2293 869 2313 xvn.

563 2338 664 2367 LECT
664 2338 705 2366 10
726 2338 1028 2368 VIGESIMANONA,

250 2394 296 2422 De
318 2391 489 2430 syllogismo
517 2391 697 2429 ignorantiae
725 2391 755 2419 in
782 2390 1034 2429 propositionibus
1061 2401 1123 2421 me-

312 2432 397 2461 diatis
400 2452 1118 2460 ........................
1186 2444 1201 2460 r

702 2494 767 2514 CAP.
789 2493 871 2514 xvm.

601 2541 703 2569 LECT
703 2540 743 2569 10
764 2541 972 2570 TRIGESIMA

249 2595 294 2623 De
315 2594 480 2632 ignorantia
501 2593 638 2632 simplicis
659 2594 822 2632 negationis
837 2617 1119 2624 ..........
1185 2607 1200 2623 »

712 2657 777 2677 cnr.
799 2656 860 2677 xxx.

539 2701 681 2730 LECTIO
702 2701 1030 2730 TRIGESIMAPRIMA

247 2753 444 2789 Quaestiones
470 2759 626 2782 moventur
653 2762 692 2782 an
719 2753 756 2782 sit
776 2760 852 2783 stare
879 2754 910 2782 in
937 2755 1072 2784 extremis
1092 2761 1121 2784 et

309 2793 413 2823 mediis
433 2793 592 2832 syllogismi
613 2794 841 2830 demonstrativi,
863 2795 908 2823 vel
922 2795 959 2824 sit
975 2795 1121 2832 possibilis

309 2840 462 2872 processus
487 2834 519 2862 in
538 2833 685 2862 infinitum
707 2855 1118 2864 ..............

665 2896 749 2916 CAPP.
772 2896 822 2923 xx,
843 2896 902 2917 xx1.

510 2940 612 2968 LECT
613 2940 653 2968 10
673 2941 1062 2970 TRIGESIMASECUNDA

247 2994 399 3023 Dubitatio
416 3003 492 3031 quae
506 3000 550 3022 est
562 2995 600 3022 de
614 3003 753 3031 processu
766 2994 797 3023 in
811 2994 956 3023 infinitum
971 2995 1001 3023 in
1016 2995 1120 3024 mediis

308 3033 455 3063 reducitur
475 3034 514 3063 ad
533 3034 746 3063 dubitationem
767 3044 842 3072 quae
863 3042 997 3064 movetur
1017 3036 1054 3064 de
1071 3045 1119 3065 ex-

692 3255 774 3275 em.
796 3256 822 3282 1,
843 3255 874 3276 11.

641 3306 783 3334 LECTIO
804 3306 923 3334 PRIMA

247 3366 383 3400 Quamor
403 3370 471 3392 sunt
491 3363 677 3401 quaestiones
697 3365 735 3393 ad
756 3364 906 3394 scientiam
927 3364 1116 3402 pertinentes,

308 3410 337 3433 et
357 3413 461 3433 omnes
481 3410 549 3432 sunt
569 3404 754 3442 quaestiones
775 3404 864 3434 medii
895 3425 1114 3434 ........
1152 3412 1225 3443 pag.

719 3480 783 3500 CAP.
805 3480 846 3500 m.

610 3532 752 3560 LECTIO
774 3532 952 3560 SECUNDA

246 3594 351 3622 Utrum
372 3592 503 3638 definitio
524 3592 689 3631 significans
709 3593 792 3630 quod
812 3592 884 3630 quid
897 3598 941 3621 est
953 3592 1045 3630 possit
1065 3593 1116 3621 de-

308 3639 467 3662 monstran
474 3654 1114 3662 ......................
1180 3643 1195 3659 »

1289 288 1454 326 INDEX

1455 368 1563 397 tremis.
1592 370 1661 397 Item
1684 369 1825 399 dubitatio
1852 379 1927 407 quae
1952 377 1995 399 est
2019 371 2054 399 de
2076 381 2214 408 processu
2236 373 2266 401 in

1455 408 1599 437 infinitum
1612 409 1642 437 in
1653 409 1951 439 demonstrationibus
1966 411 2104 447 negativis
2118 412 2266 441 reducitur

1281 481 1338 502 2¹2
1454 449 1491 476 ad
1513 449 1724 478 dubitationem
1745 460 1820 487 quae
1842 457 1884 479 est
1905 451 1941 479 de
1962 448 2142 480 affirmativis
2163 474 2169 479 .
2194 474 2199 480 .
2226 474 2231 480 .
2256 475 2262 480 .

1851 519 1915 540 CAP.
1939 520 2009 541 xxn.

1673 564 1813 592 LECTIO
1834 565 2186 595 TRIGESIMATERTIA

1394 621 1500 658 Logice
1522 621 1683 650 ostenditur
1707 623 1971 652 demonstrationes
1998 634 2059 653 non
2087 635 2174 662 posse
2194 635 2264 663 pro-

1454 661 1555 690 cedere
1577 661 1606 690 in
1628 662 1772 691 infinitum
1791 663 1821 691 in
1835 664 2006 700 praedicatis
2027 664 2232 702 quidditativis.
2244 683 2264 688 -

1454 701 1678 730 Pra'enotamina
1700 704 1845 740 quaedam
1864 704 1901 732 ad
1923 705 2092 733 solvendam
2113 705 2262 735 universa-

1453 740 1516 769 liter
1540 742 1742 779 quaestionem
1770 744 1806 772 de
1833 753 1971 780 processu
2000 745 2030 773 in
2059 745 2204 774 infinitum
2232 746 2263 774 in

1453 781 1623 818 praedicatis
1645 780 1823 811 affirmativis
1826 806 2260 814 ...............

1664 844 1805 872 LECTIO
1826 845 2194 880 TRIGESIMAQUARTA

1392 905 1446 932 Per
1459 904 1567 941 logicas
1581 903 1707 932 rationes
1729 903 1891 932 ostenditur
1911 904 2109 934 universaliter
2129 907 2210 943 quod
2230 906 2278 935 in-

1451 944 1622 981 praedicatis
1643 941 1822 972 affirmativis
1843 953 1904 972 non
1926 945 2092 981 proceditur
2113 945 2143 974 in
2164 946 2260 975 infini-

1451 990 1522 1020 tum,
1545 993 1639 1022 neque
1660 993 1712 1021 per
1733 985 1856 1012 modum
1878 984 2079 1021 circulationis,
2102 995 2196 1023 neque
2216 996 2260 1015 se-

1451 1025 1580 1053 cundum
1602 1023 1804 1053 rectitudinem
1827 1024 1857 1052 in
1878 1034 1994 1053 sursum
2014 1026 2059 1054 vel
2081 1026 2226 1055 deorsum.
2251 1049 2256 1054 .

1667 1084 1808 1112 LECTIO
1829 1084 2183 1121 TRIGESIMAQUINTA

1390 1138 1559 1166 Ostenditur
1580 1138 1720 1174 analytice
1741 1132 1822 1175 quod
1843 1139 1872 1167 in
1894 1139 2064 1176 praedicatis
2086 1149 2147 1168 non
2167 1147 2210 1169 est
2229 1141 2258 1169 in

1450 1178 1595 1207 infinitum
1617 1179 1787 1215 procedere,
1809 1188 1903 1216 neque
1925 1179 1955 1207 in
1976 1189 2090 1208 sursum
2113 1189 2207 1217 neque
2228 1181 2258 1209 in

1450 1219 1587 1246 deorsum
1590 1240 2253 1248 ......................

1279 634 1335 662 215

1277 842 1334 872 219

1277 990 1334 1011 222

1275 1232 1333 1262 229

1837 1292 1892 1312 CAP
1897 1306 1902 1312 .
1925 1293 2006 1313 xxm.

1675 1337 1816 1366 LECTIO
1838 1338 2172 1367 TRIGESIMASEXTA

1388 1396 1551 1425 Corollaria
1571 1397 1715 1434 quaedam
1738 1406 1771 1425 ex
1792 1396 1875 1425 dictis
1878 1419 2255 1426 .............

1274 1331 1331 1359 233

1838 1465 1903 1485 CAP.
1926 1465 2006 1485 xxrv.

1654 1512 1755 1540 LECT
1756 1512 1794 1540 10
1816 1512 2191 1558 TRIGESIMASEeTIMA

1386 1573 1490 1601 Utrum
1514 1572 1724 1601 demonstratio
1749 1572 1917 1601 universalis
1945 1573 2042 1609 potior
2069 1573 2105 1601 sit
2132 1573 2255 1602 demon-

1446 1613 1585 1658 stratione
1606 1612 1791 1650 particulari?
1806 1630 1825 1635 -
1839 1613 2008 1650 Disputatur
2029 1623 2082 1650 pro
2103 1619 2184 1650 parte
2204 1622 2255 1642 ne-

1446 1659 1542 1690 gativa
1570 1675 2252 1682 .......................

1657 1719 1797 1747 LECTIO
1818 1719 2187 1748 TRIGESIMAOCTAVA

1386 1774 1604 1803 Demonstratio
1626 1773 1792 1802 universalis
1813 1773 1911 1810 potior
1937 1780 1979 1802 est
2006 1773 2253 1803 demonstratione

1446 1813 1611 1851 particulari
1631 1835 2251 1843 .....................

1841 1888 1907 1909 cap.
1931 1888 2000 1909 xxv.

1681 1933 1782 1962 LECT
1783 1933 1822 1961 10
1843 1933 2159 1962 TRIGESIMANONA

1384 1993 1602 2022 Demonstratio
1623 1990 1797 2022 affirmativa
1818 1999 1861 2022 est
1882 1993 1981 2030 potior
2000 1994 2132 2031 negativa
2154 2016 2159 2022 .
2245 2016 2250 2022 .

1834 2062 1900 2082 cn.
1922 2062 2002 2082 xxvi.
2053 2064 2058 2068 ·

1686 2116 1827 2144 LECTIO
1849 2116 2153 2151 QUADRAGESIMA

1381 2175 1598 2204 Demonstratio
1620 2174 1752 2213 negativa
1773 2175 1918 2204 ostensiva
1939 2175 2036 2212 potior
2064 2182 2106 2204 est
2127 2177 2249 2205 demon-

1442 2216 1581 2245 stratione
1602 2216 1725 2244 ducente
1746 2216 1784 2244 ad
1804 2215 1983 2252 impossibile
1999 2238 2216 2245 ........
2224 2217 2226 2219 ’
2240 2239 2246 2245 .

1273 1518 1331 1547 236

1273 1774 1327 1803 24¹

1270 2048 1328 2082 246

1268 2241 1285 2262 2
1290 2234 1303 2262 5
1308 2243 1326 2262 o

1763 2283 1844 2303 CAPP.
1867 2283 1956 2310 xxvn,
1978 2283 2059 2303 xx1x.

1622 2329 1723 2357 LECT
1724 2328 1763 2357 10
1785 2329 2208 2364 QUADRAGESIMAPRIMA

1379 2385 1423 2412 De
1444 2383 1663 2420 comparatione
1684 2382 1820 2411 scientiae
1845 2383 1884 2411 ad
1908 2382 2057 2411 scientiam
2085 2383 2246 2412 secundum

1440 2423 1650 2459 certitudinem,
1675 2429 1703 2451 et
1727 2423 1887 2451 secundum
1912 2422 2052 2451 unitatem
2077 2429 2106 2451 et
2129 2423 2248 2461 plurali-

1438 2470 1527 2493 tatem
1537 2484 2244 2492 ........................

1773 2530 1855 2551 expe.
1877 2530 1947 2558 xxx,
1969 2530 2048 2551 xxxx.

1589 2576 1690 2604 LECT
1691 2576 1730 2604 10
1752 2575 2236 2610 QUADRAGESIMASECUNDA

1376 2630 1503 2659 Scientia
1522 2639 1585 2659 non
1606 2636 1649 2659 est
1669 2630 1705 2658 de
1726 2630 1813 2658 rebus
1833 2629 1967 2665 fortuitis,
1989 2639 2084 2668 neque
2105 2631 2142 2659 de
2159 2631 2245 2659 rebus

1437 2679 1512 2708 quae
1532 2676 1749 2708 cognoscuntur
1769 2679 1821 2706 per
1841 2678 1959 2698 sensum
1963 2691 2242 2699 ..........

1265 2433 1324 2469 254

1264 2597 1322 2626 258

1823 2737 1889 2758 CAP.
1912 2738 2001 2758 xxxn.

1604 2783 1746 2811 LECTIO
1768 2783 2216 2818 QUADRAGESIMATERTIA

1376 2839 1444 2866 Non
1465 2838 1568 2867 eadem
1589 2843 1657 2866 sunt
1677 2836 1818 2874 principia
1841 2836 1975 2865 omnium
1999 2837 2241 2874 syllogismorum.

1745 2897 1826 2917 CAPP.
1847 2897 1955 2924 xxxm,
1977 2897 2075 2917 xxxiv.

1597 2943 1698 2971 LECT
1698 2942 1738 2970 10
1760 2942 2225 2977 QUADRAGESIMAQUARTA

1375 2999 1419 3026 De
1450 2996 1670 3034 comparatione
1704 2995 1840 3024 scientiae
1874 2996 1911 3024 ad
1943 2995 2015 3024 alios
2046 2996 2241 3033 cognoscendi

1437 3038 1542 3066 modos
1560 3057 2239 3065 .......................

1262 2837 1316 2865 26¹

1233 3143 1390 3180 LIBER
1418 3144 1462 3179 ΙΙ.

1843 3256 1908 3276 CAP.
1930 3256 1968 3276 1v.

1755 3301 1896 3329 LECTIO
1917 3302 2059 3329 TERTIA

1372 3355 1476 3383 Utrum
1497 3355 1578 3391 quod
1599 3354 1670 3392 quid
1690 3361 1748 3390 est,
1771 3355 1851 3392 quod
1872 3361 1915 3383 est
1936 3355 2110 3384 definitionis
2131 3355 2239 3393 signifi-

1433 3401 1546 3428 catum,
1567 3394 1659 3431 possit
1683 3394 1907 3423 demonstrative
1935 3395 2052 3431 probari
2079 3405 2132 3432 per
2158 3405 2238 3424 acce-

1432 3434 1562 3471 ptionem
1584 3433 1815 3463 convertibilium
1835 3434 2027 3463 terminorum
2050 3456 2237 3464 .......

1847 3494 1911 3514 εΑΡ.
1933 3495 1961 3514 v.

1742 3539 1883 3567 LECTIO
1906 3539 2065 3574 QUARTA

1372 3593 1476 3621 Utrum
1497 3592 1578 3629 quod
1598 3591 1670 3630 quid
1690 3598 1734 3620 est
1753 3592 1845 3630 possit
1865 3593 2058 3622 demonstrari
2086 3602 2138 3630 per
2161 3593 2239 3622 viam

1432 3632 1580 3661 divisionis
1592 3654 2236 3662 ......................

1261 3404 1315 3433 325

1260 3633 1312 3661 331

2300 462 2373 492 Pag-

2276 3445 2348 3475 pag.

2391 305 2470 343 407

2408 456 2465 482 266

2405 795 2456 824 271

2402 1029 2459 1064 276

2399 1223 2452 1251 281

2400 1400 2457 1435 284

2397 1662 2455 1692 290

2395 1823 2453 1853 294

2393 1997 2450 2032 298

2392 2218 2443 2246 301

2390 2465 2444 2493 303

2388 2672 2443 2709 309

2386 2839 2440 2866 31³

2385 3037 2439 3065 318

2383 3437 2436 3465 335
2486 3419 2490 3422 ’

2382 3634 2437 3671 339
