<?xml version="1.0" encoding="UTF-8"?>
<!DOCTYPE html PUBLIC "-//W3C//DTD XHTML 1.0 Transitional//EN"
    "http://www.w3.org/TR/xhtml1/DTD/xhtml1-transitional.dtd">
<html xmlns="http://www.w3.org/1999/xhtml" xml:lang="en" lang="en">
 <head>
  <title>
</title>
<meta http-equiv="Content-Type" content="text/html;charset=utf-8" />
  <meta name='ocr-system' content='tesseract 3.04.00' />
  <meta name='ocr-capabilities' content='ocr_page ocr_carea ocr_par ocr_line ocrx_word'/>
</head>
<body>
  <div class='ocr_page' id='page_1' title='image "./operaomniaiussui01thom/operaomniaiussui01thom_0093.png"; bbox 0 0 2548 4192; ppageno 0'>
   <div class='ocr_carea' id='block_1_1' title="bbox 892 282 1633 331">
    <p class='ocr_par' dir='ltr' id='par_1_1' title="bbox 892 282 1633 331">
     <span class='ocr_line' id='line_1_1' title="bbox 892 282 1633 331; baseline 0.005 -13"><span class='ocrx_word' id='word_1_1' title='bbox 892 282 947 318; x_wconf 94' lang='lat' dir='ltr'>IN</span> <span class='ocrx_word' id='word_1_2' title='bbox 978 283 1015 319; x_wconf 90' lang='lat' dir='ltr'>S.</span> <span class='ocrx_word' id='word_1_3' title='bbox 1037 282 1279 321; x_wconf 91' lang='lat' dir='ltr'>THOMAM</span> <span class='ocrx_word' id='word_1_4' title='bbox 1307 284 1633 331; x_wconf 89' lang='lat' dir='ltr'>AQUINATEM</span> 
     </span>
    </p>
   </div>
   <div class='ocr_carea' id='block_1_2' title="bbox 107 358 1233 3692">
    <p class='ocr_par' dir='ltr' id='par_1_2' title="bbox 107 358 1233 3692">
     <span class='ocr_line' id='line_1_2' title="bbox 154 358 1231 402; baseline -0.002 -8"><span class='ocrx_word' id='word_1_5' title='bbox 154 358 331 395; x_wconf 87' lang='lat' dir='ltr'>&#39;conventus</span> <span class='ocrx_word' id='word_1_6' title='bbox 354 361 485 393; x_wconf 89' lang='lat' dir='ltr'>Ordinis</span> <span class='ocrx_word' id='word_1_7' title='bbox 517 361 795 392; x_wconf 76' lang='lat' dir='ltr'>Praedicator-um:</span> <span class='ocrx_word' id='word_1_8' title='bbox 833 361 965 402; x_wconf 87' lang='lat' dir='ltr'>eiusque</span> <span class='ocrx_word' id='word_1_9' title='bbox 1004 362 1231 402; x_wconf 86' lang='lat' dir='ltr'>consanguinei</span> 
     </span>
     <span class='ocr_line' id='line_1_3' title="bbox 153 405 1231 438; baseline -0.001 0"><span class='ocrx_word' id='word_1_10' title='bbox 153 406 286 438; x_wconf 89' lang='lat' dir='ltr'>Domini</span> <span class='ocrx_word' id='word_1_11' title='bbox 301 407 340 437; x_wconf 90' lang='lat' dir='ltr'>de</span> <span class='ocrx_word' id='word_1_12' title='bbox 360 405 506 437; x_wconf 89' lang='lat' dir='ltr'>Ceccano</span> <span class='ocrx_word' id='word_1_13' title='bbox 526 405 559 436; x_wconf 92' lang='lat' dir='ltr'>in</span> <span class='ocrx_word' id='word_1_14' title='bbox 579 415 618 436; x_wconf 92' lang='lat' dir='ltr'>eo</span> <span class='ocrx_word' id='word_1_15' title='bbox 638 406 874 436; x_wconf 86' lang='lat' dir='ltr'>monachorum</span> <span class='ocrx_word' id='word_1_16' title='bbox 889 405 1136 436; x_wconf 86' lang='lat' dir='ltr'>Cistercensium</span> <span class='ocrx_word' id='word_1_17' title='bbox 1160 417 1231 437; x_wconf 92' lang='lat' dir='ltr'>coe-</span> 
     </span>
     <span class='ocr_line' id='line_1_4' title="bbox 154 450 1231 490; baseline -0.001 -8"><span class='ocrx_word' id='word_1_18' title='bbox 154 451 254 482; x_wconf 90' lang='lat' dir='ltr'>nobio</span> <span class='ocrx_word' id='word_1_19' title='bbox 278 451 470 482; x_wconf 91' lang='lat' dir='ltr'>conveniens</span> <span class='ocrx_word' id='word_1_20' title='bbox 495 450 673 490; x_wconf 82' lang='lat' dir='ltr'>hospitium</span> <span class='ocrx_word' id='word_1_21' title='bbox 695 450 924 490; x_wconf 87' lang='lat' dir='ltr'>impetrarunt,</span> <span class='ocrx_word' id='word_1_22' title='bbox 954 450 1008 480; x_wconf 92' lang='lat' dir='ltr'>ubi</span> <span class='ocrx_word' id='word_1_23' title='bbox 1032 451 1080 480; x_wconf 90' lang='lat' dir='ltr'>vir</span> <span class='ocrx_word' id='word_1_24' title='bbox 1103 451 1231 482; x_wconf 84' lang='lat' dir='ltr'>sanctis-</span> 
     </span>
     <span class='ocr_line' id='line_1_5' title="bbox 154 494 1232 535; baseline -0.001 -8"><span class='ocrx_word' id='word_1_25' title='bbox 154 496 255 527; x_wconf 89' lang='lat' dir='ltr'>simus</span> <span class='ocrx_word' id='word_1_26' title='bbox 270 495 393 530; x_wconf 85' lang='lat' dir='ltr'>sanitati</span> <span class='ocrx_word' id='word_1_27' title='bbox 413 504 488 525; x_wconf 86' lang='lat' dir='ltr'>suae</span> <span class='ocrx_word' id='word_1_28' title='bbox 508 495 696 525; x_wconf 88' lang='lat' dir='ltr'>consuleret.</span> <span class='ocrx_word' id='word_1_29' title='bbox 718 495 753 524; x_wconf 91' lang='lat' dir='ltr'>In</span> <span class='ocrx_word' id='word_1_30' title='bbox 772 494 962 532; x_wconf 83' lang='lat' dir='ltr'>Annalibus,</span> <span class='ocrx_word' id='word_1_31' title='bbox 982 505 1065 535; x_wconf 90' lang='lat' dir='ltr'>quae</span> <span class='ocrx_word' id='word_1_32' title='bbox 1088 502 1232 535; x_wconf 78' lang='lat' dir='ltr'>prostant</span> 
     </span>
     <span class='ocr_line' id='line_1_6' title="bbox 153 538 1231 580; baseline -0.001 -9"><span class='ocrx_word' id='word_1_33' title='bbox 153 548 246 572; x_wconf 88' lang='lat' dir='ltr'>tomo</span> <span class='ocrx_word' id='word_1_34' title='bbox 267 540 356 571; x_wconf 90' lang='lat' dir='ltr'>XXV</span> <span class='ocrx_word' id='word_1_35' title='bbox 377 538 527 570; x_wconf 89' lang='lat' dir='ltr'>Biblioth.</span> <span class='ocrx_word' id='word_1_36' title='bbox 548 539 697 577; x_wconf 87' lang='lat' dir='ltr'>Patrum,</span> <span class='ocrx_word' id='word_1_37' title='bbox 720 545 751 570; x_wconf 94' lang='lat' dir='ltr'>et</span> <span class='ocrx_word' id='word_1_38' title='bbox 769 545 860 570; x_wconf 91' lang='lat' dir='ltr'>tomo</span> <span class='ocrx_word' id='word_1_39' title='bbox 884 539 927 570; x_wconf 89' lang='lat' dir='ltr'>XI</span> <span class='ocrx_word' id='word_1_40' title='bbox 947 539 1028 570; x_wconf 87' lang='lat' dir='ltr'>inter</span> <span class='ocrx_word' id='word_1_41' title='bbox 1058 539 1231 580; x_wconf 85' lang='lat' dir='ltr'>Scriptores</span> 
     </span>
     <span class='ocr_line' id='line_1_7' title="bbox 155 583 1232 625; baseline -0.001 -9"><span class='ocrx_word' id='word_1_42' title='bbox 155 585 272 622; x_wconf 86' lang='lat' dir='ltr'>Italiae,</span> <span class='ocrx_word' id='word_1_43' title='bbox 286 584 364 615; x_wconf 89' lang='lat' dir='ltr'>haec</span> <span class='ocrx_word' id='word_1_44' title='bbox 378 584 535 614; x_wconf 80' lang='lat' dir='ltr'>habentur</span> <span class='ocrx_word' id='word_1_45' title='bbox 553 584 593 613; x_wconf 88' lang='lat' dir='ltr'>ad</span> <span class='ocrx_word' id='word_1_46' title='bbox 607 593 730 614; x_wconf 87' lang='lat' dir='ltr'>annum</span> <span class='ocrx_word' id='word_1_47' title='bbox 749 594 759 614; x_wconf 88' lang='lat'>1</span> <span class='ocrx_word' id='word_1_48' title='bbox 768 591 847 625; x_wconf 88' lang='lat'>274:</span> <span class='ocrx_word' id='word_1_49' title='bbox 863 583 1008 614; x_wconf 84' lang='lat' dir='ltr'>Thomas</span> <span class='ocrx_word' id='word_1_50' title='bbox 1026 584 1178 615; x_wconf 85' lang='lat' dir='ltr'>recedens</span> <span class='ocrx_word' id='word_1_51' title='bbox 1191 585 1232 615; x_wconf 91' lang='lat' dir='ltr'>de</span> 
     </span>
     <span class='ocr_line' id='line_1_8' title="bbox 153 627 1228 669; baseline -0.001 -9"><span class='ocrx_word' id='word_1_52' title='bbox 153 629 293 669; x_wconf 81' lang='lat' dir='ltr'>Neapoli</span> <span class='ocrx_word' id='word_1_53' title='bbox 323 634 354 659; x_wconf 92' lang='lat' dir='ltr'>et</span> <span class='ocrx_word' id='word_1_54' title='bbox 377 629 508 659; x_wconf 78' lang='lat' dir='ltr'>ueniens</span> <span class='ocrx_word' id='word_1_55' title='bbox 539 629 572 658; x_wconf 88' lang='lat' dir='ltr'>in</span> <span class='ocrx_word' id='word_1_56' title='bbox 600 628 813 668; x_wconf 81' lang='lat' dir='ltr'>Campaniam</span> <span class='ocrx_word' id='word_1_57' title='bbox 838 628 871 658; x_wconf 87' lang='lat' dir='ltr'>in</span> <span class='ocrx_word' id='word_1_58' title='bbox 895 627 989 659; x_wconf 88' lang='lat' dir='ltr'>domo</span> <span class='ocrx_word' id='word_1_59' title='bbox 1012 628 1228 659; x_wconf 89' lang='lat' dir='ltr'>Dominorum</span> 
     </span>
     <span class='ocr_line' id='line_1_9' title="bbox 152 672 1229 714; baseline -0.001 -9"><span class='ocrx_word' id='word_1_60' title='bbox 152 674 194 705; x_wconf 90' lang='lat' dir='ltr'>de</span> <span class='ocrx_word' id='word_1_61' title='bbox 210 673 366 711; x_wconf 87' lang='lat' dir='ltr'>Ceccano,</span> <span class='ocrx_word' id='word_1_62' title='bbox 381 672 470 714; x_wconf 90' lang='lat' dir='ltr'>apud</span> <span class='ocrx_word' id='word_1_63' title='bbox 487 673 652 703; x_wconf 89' lang='lat' dir='ltr'>dominum</span> <span class='ocrx_word' id='word_1_64' title='bbox 672 673 902 710; x_wconf 65' lang='lat' dir='ltr'>Annffialdum,</span> <span class='ocrx_word' id='word_1_65' title='bbox 918 674 974 713; x_wconf 90' lang='lat' dir='ltr'>qui</span> <span class='ocrx_word' id='word_1_66' title='bbox 993 678 1116 713; x_wconf 78' lang='lat' dir='ltr'>neptem</span> <span class='ocrx_word' id='word_1_67' title='bbox 1136 683 1229 704; x_wconf 87' lang='lat' dir='ltr'>suam</span> 
     </span>
     <span class='ocr_line' id='line_1_10' title="bbox 151 717 1231 758; baseline 0.001 -10"><span class='ocrx_word' id='word_1_68' title='bbox 151 718 288 749; x_wconf 82' lang='lat' dir='ltr'>habebat</span> <span class='ocrx_word' id='word_1_69' title='bbox 311 718 344 748; x_wconf 86' lang='lat' dir='ltr'>in</span> <span class='ocrx_word' id='word_1_70' title='bbox 374 727 528 754; x_wconf 79' lang='lat' dir='ltr'>uxorem,</span> <span class='ocrx_word' id='word_1_71' title='bbox 552 718 702 758; x_wconf 81' lang='lat' dir='ltr'>graviter</span> <span class='ocrx_word' id='word_1_72' title='bbox 731 717 920 758; x_wconf 88' lang='lat' dir='ltr'>infirmatur</span> <span class='ocrx_word' id='word_1_73' title='bbox 948 719 1110 749; x_wconf 88' lang='lat' dir='ltr'>continuo.</span> <span class='ocrx_word' id='word_1_74' title='bbox 1139 718 1231 749; x_wconf 86' lang='lat' dir='ltr'>Unde</span> 
     </span>
     <span class='ocr_line' id='line_1_11' title="bbox 153 761 1229 803; baseline 0 -9"><span class='ocrx_word' id='word_1_75' title='bbox 153 767 284 794; x_wconf 87' lang='lat' dir='ltr'>coactus</span> <span class='ocrx_word' id='word_1_76' title='bbox 297 761 515 803; x_wconf 80' lang='lat' dir='ltr'>aegritudine,</span> <span class='ocrx_word' id='word_1_77' title='bbox 532 767 562 792; x_wconf 91' lang='lat' dir='ltr'>et</span> <span class='ocrx_word' id='word_1_78' title='bbox 576 761 621 792; x_wconf 90' lang='lat' dir='ltr'>ad</span> <span class='ocrx_word' id='word_1_79' title='bbox 639 763 826 792; x_wconf 83' lang='lat' dir='ltr'>instantiam</span> <span class='ocrx_word' id='word_1_80' title='bbox 846 761 952 792; x_wconf 87' lang='lat' dir='ltr'>dictae</span> <span class='ocrx_word' id='word_1_81' title='bbox 964 771 1044 792; x_wconf 85' lang='lat' dir='ltr'>suae</span> <span class='ocrx_word' id='word_1_82' title='bbox 1059 764 1162 803; x_wconf 90' lang='lat' dir='ltr'>neptis</span> <span class='ocrx_word' id='word_1_83' title='bbox 1175 763 1229 794; x_wconf 87' lang='lat' dir='ltr'>de-</span> 
     </span>
     <span class='ocr_line' id='line_1_12' title="bbox 152 806 1230 847; baseline 0.001 -9"><span class='ocrx_word' id='word_1_84' title='bbox 152 807 287 838; x_wconf 77' lang='lat' dir='ltr'>clinavit</span> <span class='ocrx_word' id='word_1_85' title='bbox 304 806 349 837; x_wconf 89' lang='lat' dir='ltr'>ad</span> <span class='ocrx_word' id='word_1_86' title='bbox 366 807 597 837; x_wconf 89' lang='lat' dir='ltr'>monasterium</span> <span class='ocrx_word' id='word_1_87' title='bbox 620 807 870 844; x_wconf 80' lang='lat' dir='ltr'>Fossae-novae,</span> <span class='ocrx_word' id='word_1_88' title='bbox 891 807 1068 847; x_wconf 84' lang='lat' dir='ltr'>ibidemque</span> <span class='ocrx_word' id='word_1_89' title='bbox 1082 813 1230 839; x_wconf 88' lang='lat' dir='ltr'>mortuus</span> 
     </span>
     <span class='ocr_line' id='line_1_13' title="bbox 153 851 1229 892; baseline 0.001 -10"><span class='ocrx_word' id='word_1_90' title='bbox 153 857 210 883; x_wconf 87' lang='lat' dir='ltr'>est.</span> <span class='ocrx_word' id='word_1_91' title='bbox 224 851 315 882; x_wconf 87' lang='lat' dir='ltr'>Paria</span> <span class='ocrx_word' id='word_1_92' title='bbox 335 857 419 889; x_wconf 89' lang='lat' dir='ltr'>sunt,</span> <span class='ocrx_word' id='word_1_93' title='bbox 435 861 518 892; x_wconf 90' lang='lat' dir='ltr'>quae</span> <span class='ocrx_word' id='word_1_94' title='bbox 541 851 580 882; x_wconf 87' lang='lat' dir='ltr'>ab</span> <span class='ocrx_word' id='word_1_95' title='bbox 604 851 720 882; x_wconf 91' lang='lat' dir='ltr'>eodem</span> <span class='ocrx_word' id='word_1_96' title='bbox 742 851 857 892; x_wconf 91' lang='lat' dir='ltr'>scripta</span> <span class='ocrx_word' id='word_1_97' title='bbox 875 851 1010 891; x_wconf 87' lang='lat' dir='ltr'>legimus</span> <span class='ocrx_word' id='word_1_98' title='bbox 1031 851 1112 882; x_wconf 88' lang='lat' dir='ltr'>libro</span> <span class='ocrx_word' id='word_1_99' title='bbox 1127 852 1229 883; x_wconf 86' lang='lat' dir='ltr'>XXIII</span> 
     </span>
     <span class='ocr_line' id='line_1_14' title="bbox 153 895 1229 937; baseline 0.001 -11"><span class='ocrx_word' id='word_1_100' title='bbox 153 895 236 927; x_wconf 86' lang='lat' dir='ltr'>Hist.</span> <span class='ocrx_word' id='word_1_101' title='bbox 253 895 328 927; x_wconf 86' lang='lat' dir='ltr'>eccl.</span> <span class='ocrx_word' id='word_1_102' title='bbox 348 895 449 936; x_wconf 83' lang='lat' dir='ltr'>capite</span> <span class='ocrx_word' id='word_1_103' title='bbox 472 903 540 926; x_wconf 80' lang='lat' dir='ltr'>vm:</span> <span class='ocrx_word' id='word_1_104' title='bbox 581 896 715 926; x_wconf 83' lang='lat' dir='ltr'>Veniens</span> <span class='ocrx_word' id='word_1_105' title='bbox 741 897 774 926; x_wconf 92' lang='lat' dir='ltr'>in</span> <span class='ocrx_word' id='word_1_106' title='bbox 803 896 1028 936; x_wconf 81' lang='lat' dir='ltr'>Campaniam,</span> <span class='ocrx_word' id='word_1_107' title='bbox 1049 896 1229 937; x_wconf 85' lang='lat' dir='ltr'>inquiente,</span> 
     </span>
     <span class='ocr_line' id='line_1_15' title="bbox 153 940 1228 982; baseline 0 -11"><span class='ocrx_word' id='word_1_108' title='bbox 153 940 267 971; x_wconf 82' lang='lat' dir='ltr'>ibidem</span> <span class='ocrx_word' id='word_1_109' title='bbox 298 941 448 981; x_wconf 79' lang='lat' dir='ltr'>graviter</span> <span class='ocrx_word' id='word_1_110' title='bbox 479 940 675 982; x_wconf 87' lang='lat' dir='ltr'>infirmatur.</span> <span class='ocrx_word' id='word_1_111' title='bbox 700 941 744 971; x_wconf 91' lang='lat' dir='ltr'>Et</span> <span class='ocrx_word' id='word_1_112' title='bbox 772 941 849 981; x_wconf 90' lang='lat' dir='ltr'>quia</span> <span class='ocrx_word' id='word_1_113' title='bbox 874 950 979 981; x_wconf 86' lang='lat' dir='ltr'>prope</span> <span class='ocrx_word' id='word_1_114' title='bbox 1009 940 1113 971; x_wconf 89' lang='lat' dir='ltr'>locum</span> <span class='ocrx_word' id='word_1_115' title='bbox 1138 941 1228 971; x_wconf 85' lang='lat' dir='ltr'>illum</span> 
     </span>
     <span class='ocr_line' id='line_1_16' title="bbox 153 984 1230 1022; baseline 0 -7"><span class='ocrx_word' id='word_1_116' title='bbox 153 985 266 1016; x_wconf 86' lang='lat' dir='ltr'>nullus</span> <span class='ocrx_word' id='word_1_117' title='bbox 284 990 460 1016; x_wconf 79' lang='lat' dir='ltr'>conventus</span> <span class='ocrx_word' id='word_1_118' title='bbox 482 984 616 1015; x_wconf 86' lang='lat' dir='ltr'>Ordinis</span> <span class='ocrx_word' id='word_1_119' title='bbox 634 985 900 1016; x_wconf 85' lang='lat' dir='ltr'>Praedicatorum</span> <span class='ocrx_word' id='word_1_120' title='bbox 924 984 1112 1022; x_wconf 81' lang='lat' dir='ltr'>habebatur,</span> <span class='ocrx_word' id='word_1_121' title='bbox 1134 985 1230 1016; x_wconf 89' lang='lat' dir='ltr'>decli-</span> 
     </span>
     <span class='ocr_line' id='line_1_17' title="bbox 153 1028 1229 1070; baseline 0 -10"><span class='ocrx_word' id='word_1_122' title='bbox 153 1031 244 1061; x_wconf 84' lang='lat' dir='ltr'>navit</span> <span class='ocrx_word' id='word_1_123' title='bbox 265 1029 310 1060; x_wconf 87' lang='lat' dir='ltr'>ad</span> <span class='ocrx_word' id='word_1_124' title='bbox 333 1039 432 1060; x_wconf 89' lang='lat' dir='ltr'>unam</span> <span class='ocrx_word' id='word_1_125' title='bbox 455 1030 628 1066; x_wconf 85' lang='lat' dir='ltr'>solemnem</span> <span class='ocrx_word' id='word_1_126' title='bbox 648 1029 835 1067; x_wconf 85' lang='lat' dir='ltr'>Abbatiam,</span> <span class='ocrx_word' id='word_1_127' title='bbox 859 1039 944 1070; x_wconf 90' lang='lat' dir='ltr'>quae</span> <span class='ocrx_word' id='word_1_128' title='bbox 970 1028 1091 1060; x_wconf 86' lang='lat' dir='ltr'>dicitur</span> <span class='ocrx_word' id='word_1_129' title='bbox 1113 1029 1229 1060; x_wconf 86' lang='lat' dir='ltr'>Fossa-</span> 
     </span>
     <span class='ocr_line' id='line_1_18' title="bbox 153 1073 1229 1115; baseline -0.001 -10"><span class='ocrx_word' id='word_1_130' title='bbox 153 1075 249 1112; x_wconf 76' lang='lat' dir='ltr'>nova,</span> <span class='ocrx_word' id='word_1_131' title='bbox 270 1079 301 1105; x_wconf 90' lang='lat' dir='ltr'>et</span> <span class='ocrx_word' id='word_1_132' title='bbox 318 1083 403 1115; x_wconf 88' lang='lat' dir='ltr'>quae</span> <span class='ocrx_word' id='word_1_133' title='bbox 424 1073 559 1105; x_wconf 84' lang='lat' dir='ltr'>Ordinis</span> <span class='ocrx_word' id='word_1_134' title='bbox 581 1079 654 1104; x_wconf 88' lang='lat' dir='ltr'>erat</span> <span class='ocrx_word' id='word_1_135' title='bbox 679 1073 911 1111; x_wconf 80' lang='lat' dir='ltr'>cisterciensis,</span> <span class='ocrx_word' id='word_1_136' title='bbox 938 1074 971 1103; x_wconf 87' lang='lat' dir='ltr'>in</span> <span class='ocrx_word' id='word_1_137' title='bbox 995 1083 1060 1114; x_wconf 92' lang='lat' dir='ltr'>qua</span> <span class='ocrx_word' id='word_1_138' title='bbox 1081 1074 1134 1104; x_wconf 90' lang='lat' dir='ltr'>sui</span> <span class='ocrx_word' id='word_1_139' title='bbox 1156 1083 1229 1104; x_wconf 90' lang='lat' dir='ltr'>con—</span> 
     </span>
     <span class='ocr_line' id='line_1_19' title="bbox 151 1117 1230 1160; baseline -0.002 -10"><span class='ocrx_word' id='word_1_140' title='bbox 151 1119 329 1160; x_wconf 81' lang='lat' dir='ltr'>sanguinei</span> <span class='ocrx_word' id='word_1_141' title='bbox 349 1119 484 1149; x_wconf 88' lang='lat' dir='ltr'>Domini</span> <span class='ocrx_word' id='word_1_142' title='bbox 509 1118 550 1149; x_wconf 88' lang='lat' dir='ltr'>de</span> <span class='ocrx_word' id='word_1_143' title='bbox 580 1118 726 1148; x_wconf 87' lang='lat' dir='ltr'>Ceccano</span> <span class='ocrx_word' id='word_1_144' title='bbox 755 1123 850 1148; x_wconf 88' lang='lat' dir='ltr'>erant</span> <span class='ocrx_word' id='word_1_145' title='bbox 873 1119 1017 1158; x_wconf 88' lang='lat' dir='ltr'>patroni.</span> <span class='ocrx_word' id='word_1_146' title='bbox 1049 1117 1130 1155; x_wconf 90' lang='lat' dir='ltr'>Quis</span> <span class='ocrx_word' id='word_1_147' title='bbox 1154 1127 1230 1158; x_wconf 90' lang='lat' dir='ltr'>ergo</span> 
     </span>
     <span class='ocr_line' id='line_1_20' title="bbox 152 1162 1231 1203; baseline -0.002 -9"><span class='ocrx_word' id='word_1_148' title='bbox 152 1169 220 1194; x_wconf 79' lang='lat' dir='ltr'>tam</span> <span class='ocrx_word' id='word_1_149' title='bbox 241 1163 365 1200; x_wconf 87' lang='lat' dir='ltr'>bonus,</span> <span class='ocrx_word' id='word_1_150' title='bbox 396 1162 452 1203; x_wconf 91' lang='lat' dir='ltr'>qui</span> <span class='ocrx_word' id='word_1_151' title='bbox 477 1162 616 1193; x_wconf 88' lang='lat' dir='ltr'>Iachetto</span> <span class='ocrx_word' id='word_1_152' title='bbox 648 1162 754 1193; x_wconf 88' lang='lat' dir='ltr'>credat</span> <span class='ocrx_word' id='word_1_153' title='bbox 782 1172 850 1192; x_wconf 92' lang='lat' dir='ltr'>uno</span> <span class='ocrx_word' id='word_1_154' title='bbox 873 1162 970 1192; x_wconf 56' lang='lat' dir='ltr'>verbo</span> <span class='ocrx_word' id='word_1_155' title='bbox 997 1162 1152 1200; x_wconf 86' lang='lat' dir='ltr'>narranti,</span> <span class='ocrx_word' id='word_1_156' title='bbox 1177 1169 1231 1193; x_wconf 90' lang='lat' dir='ltr'>aut</span> 
     </span>
     <span class='ocr_line' id='line_1_21' title="bbox 152 1205 1231 1248; baseline -0.002 -10"><span class='ocrx_word' id='word_1_157' title='bbox 152 1206 263 1248; x_wconf 81' lang='lat' dir='ltr'>potius</span> <span class='ocrx_word' id='word_1_158' title='bbox 285 1205 469 1244; x_wconf 78' lang='lat' dir='ltr'>occasione,</span> <span class='ocrx_word' id='word_1_159' title='bbox 493 1213 531 1237; x_wconf 88' lang='lat' dir='ltr'>ut</span> <span class='ocrx_word' id='word_1_160' title='bbox 553 1213 692 1247; x_wconf 85' lang='lat' dir='ltr'>poterat,</span> <span class='ocrx_word' id='word_1_161' title='bbox 717 1213 855 1247; x_wconf 86' lang='lat' dir='ltr'>arrepta,</span> <span class='ocrx_word' id='word_1_162' title='bbox 881 1206 1033 1237; x_wconf 83' lang='lat' dir='ltr'>effutienti</span> <span class='ocrx_word' id='word_1_163' title='bbox 1065 1206 1231 1237; x_wconf 90' lang='lat' dir='ltr'>Thomam</span> 
     </span>
     <span class='ocr_line' id='line_1_22' title="bbox 152 1250 1230 1293; baseline -0.001 -11"><span class='ocrx_word' id='word_1_164' title='bbox 152 1250 364 1293; x_wconf 72' lang='lat' dir='ltr'>eonscientiae</span> <span class='ocrx_word' id='word_1_165' title='bbox 378 1250 515 1282; x_wconf 81' lang='lat' dir='ltr'>stimulis</span> <span class='ocrx_word' id='word_1_166' title='bbox 529 1257 637 1282; x_wconf 86' lang='lat' dir='ltr'>actum</span> <span class='ocrx_word' id='word_1_167' title='bbox 656 1251 696 1281; x_wconf 87' lang='lat' dir='ltr'>ad</span> <span class='ocrx_word' id='word_1_168' title='bbox 715 1251 892 1282; x_wconf 88' lang='lat' dir='ltr'>monachos</span> <span class='ocrx_word' id='word_1_169' title='bbox 911 1251 1088 1289; x_wconf 85' lang='lat' dir='ltr'>accessisse,</span> <span class='ocrx_word' id='word_1_170' title='bbox 1106 1257 1143 1282; x_wconf 92' lang='lat' dir='ltr'>ut</span> <span class='ocrx_word' id='word_1_171' title='bbox 1161 1261 1230 1281; x_wconf 91' lang='lat' dir='ltr'>mo-</span> 
     </span>
     <span class='ocr_line' id='line_1_23' title="bbox 152 1293 1231 1337; baseline -0.002 -10"><span class='ocrx_word' id='word_1_172' title='bbox 152 1295 274 1327; x_wconf 79' lang='lat' dir='ltr'>nachus</span> <span class='ocrx_word' id='word_1_173' title='bbox 304 1295 434 1327; x_wconf 81' lang='lat' dir='ltr'>tandem</span> <span class='ocrx_word' id='word_1_174' title='bbox 458 1306 478 1337; x_wconf 65' lang='lat' dir='ltr'>ev</span> <span class='ocrx_word' id='word_1_175' title='bbox 497 1295 563 1326; x_wconf 79' lang='lat' dir='ltr'>vita</span> <span class='ocrx_word' id='word_1_176' title='bbox 592 1293 760 1336; x_wconf 83' lang='lat' dir='ltr'>migraret?</span> <span class='ocrx_word' id='word_1_177' title='bbox 783 1295 858 1326; x_wconf 84' lang='lat' dir='ltr'>Illos</span> <span class='ocrx_word' id='word_1_178' title='bbox 886 1295 954 1325; x_wconf 91' lang='lat' dir='ltr'>imo</span> <span class='ocrx_word' id='word_1_179' title='bbox 982 1305 1163 1336; x_wconf 84' lang='lat' dir='ltr'>numquam</span> <span class='ocrx_word' id='word_1_180' title='bbox 1186 1295 1231 1326; x_wconf 89' lang='lat' dir='ltr'>vi-</span> 
     </span>
     <span class='ocr_line' id='line_1_24' title="bbox 153 1337 1231 1381; baseline 0 -11"><span class='ocrx_word' id='word_1_181' title='bbox 153 1337 459 1381; x_wconf 48' lang='lat' dir='ltr'>diffirmquesaa</span> <span class='ocrx_word' id='word_1_182' title='bbox 483 1350 539 1371; x_wconf 90' lang='lat' dir='ltr'>eos</span> <span class='ocrx_word' id='word_1_183' title='bbox 565 1339 721 1371; x_wconf 85' lang='lat' dir='ltr'>declinare</span> <span class='ocrx_word' id='word_1_184' title='bbox 751 1339 935 1380; x_wconf 82' lang='lat' dir='ltr'>cogitasset,</span> <span class='ocrx_word' id='word_1_185' title='bbox 960 1340 1020 1370; x_wconf 91' lang='lat' dir='ltr'>nisi</span> <span class='ocrx_word' id='word_1_186' title='bbox 1048 1340 1231 1371; x_wconf 79' lang='lat' dir='ltr'>necessitate</span> 
     </span>
     <span class='ocr_line' id='line_1_25' title="bbox 151 1383 1231 1439; baseline -0.001 -23"><span class='ocrx_word' id='word_1_187' title='bbox 151 1383 351 1426; x_wconf 72' lang='lat' dir='ltr'>compulsus,</span> <span class='ocrx_word' id='word_1_188' title='bbox 371 1391 408 1415; x_wconf 91' lang='lat' dir='ltr'>ut</span> <span class='ocrx_word' id='word_1_189' title='bbox 426 1391 558 1416; x_wconf 79' lang='lat' dir='ltr'>testatur</span> <span class='ocrx_word' id='word_1_190' title='bbox 575 1385 794 1439; x_wconf 54' lang='lat' dir='ltr'>Ptolomaqus,</span> <span class='ocrx_word' id='word_1_191' title='bbox 809 1385 900 1426; x_wconf 93' lang='lat' dir='ltr'>quod</span> <span class='ocrx_word' id='word_1_192' title='bbox 918 1383 951 1414; x_wconf 91' lang='lat' dir='ltr'>in</span> <span class='ocrx_word' id='word_1_193' title='bbox 966 1384 1081 1415; x_wconf 87' lang='lat' dir='ltr'>vicinia</span> <span class='ocrx_word' id='word_1_194' title='bbox 1104 1385 1231 1416; x_wconf 91' lang='lat' dir='ltr'>nullum</span> 
     </span>
     <span class='ocr_line' id='line_1_26' title="bbox 151 1428 1230 1470; baseline -0.002 -9"><span class='ocrx_word' id='word_1_195' title='bbox 151 1435 236 1468; x_wconf 69' lang='lat' dir='ltr'>ent,</span> <span class='ocrx_word' id='word_1_196' title='bbox 258 1428 315 1460; x_wconf 85' lang='lat' dir='ltr'>ubi</span> <span class='ocrx_word' id='word_1_197' title='bbox 343 1429 555 1470; x_wconf 84' lang='lat' dir='ltr'>exciperetur,</span> <span class='ocrx_word' id='word_1_198' title='bbox 588 1429 721 1460; x_wconf 85' lang='lat' dir='ltr'>fratrum</span> <span class='ocrx_word' id='word_1_199' title='bbox 747 1429 796 1460; x_wconf 92' lang='lat' dir='ltr'>sui</span> <span class='ocrx_word' id='word_1_200' title='bbox 823 1428 953 1460; x_wconf 87' lang='lat' dir='ltr'>Ordinis</span> <span class='ocrx_word' id='word_1_201' title='bbox 982 1429 1230 1468; x_wconf 87' lang='lat' dir='ltr'>monasterium;</span> 
     </span>
     <span class='ocr_line' id='line_1_27' title="bbox 152 1473 1232 1514; baseline -0.002 -8"><span class='ocrx_word' id='word_1_202' title='bbox 152 1479 185 1506; x_wconf 76' lang='lat' dir='ltr'>et</span> <span class='ocrx_word' id='word_1_203' title='bbox 206 1473 522 1514; x_wconf 79' lang='lat' dir='ltr'>consanguineorum</span> <span class='ocrx_word' id='word_1_204' title='bbox 545 1474 711 1505; x_wconf 87' lang='lat' dir='ltr'>adstrictus</span> <span class='ocrx_word' id='word_1_205' title='bbox 737 1473 956 1511; x_wconf 82' lang='lat' dir='ltr'>humanitate,</span> <span class='ocrx_word' id='word_1_206' title='bbox 980 1474 1036 1514; x_wconf 91' lang='lat' dir='ltr'>qui</span> <span class='ocrx_word' id='word_1_207' title='bbox 1055 1474 1166 1505; x_wconf 90' lang='lat' dir='ltr'>locum</span> <span class='ocrx_word' id='word_1_208' title='bbox 1190 1475 1232 1505; x_wconf 90' lang='lat' dir='ltr'>ei-</span> 
     </span>
     <span class='ocr_line' id='line_1_28' title="bbox 150 1518 1231 1559; baseline -0.001 -8"><span class='ocrx_word' id='word_1_209' title='bbox 150 1518 227 1551; x_wconf 71' lang='lat' dir='ltr'>dem</span> <span class='ocrx_word' id='word_1_210' title='bbox 239 1518 274 1550; x_wconf 83' lang='lat' dir='ltr'>in</span> <span class='ocrx_word' id='word_1_211' title='bbox 288 1518 524 1550; x_wconf 84' lang='lat' dir='ltr'>monachorum</span> <span class='ocrx_word' id='word_1_212' title='bbox 539 1518 709 1550; x_wconf 90' lang='lat' dir='ltr'>Coenobio</span> <span class='ocrx_word' id='word_1_213' title='bbox 724 1525 981 1559; x_wconf 84' lang='lat' dir='ltr'>procuraverant,</span> <span class='ocrx_word' id='word_1_214' title='bbox 1002 1528 1040 1549; x_wconf 92' lang='lat' dir='ltr'>eo</span> <span class='ocrx_word' id='word_1_215' title='bbox 1056 1518 1140 1549; x_wconf 84' lang='lat' dir='ltr'>adire</span> <span class='ocrx_word' id='word_1_216' title='bbox 1156 1529 1231 1550; x_wconf 89' lang='lat' dir='ltr'>con-</span> 
     </span>
     <span class='ocr_line' id='line_1_29' title="bbox 151 1562 1231 1602; baseline -0.002 -7"><span class='ocrx_word' id='word_1_217' title='bbox 151 1562 315 1602; x_wconf 68' lang='lat' dir='ltr'>stituisset,</span> <span class='ocrx_word' id='word_1_218' title='bbox 334 1569 372 1594; x_wconf 91' lang='lat' dir='ltr'>ut</span> <span class='ocrx_word' id='word_1_219' title='bbox 392 1563 512 1594; x_wconf 82' lang='lat' dir='ltr'>viribus</span> <span class='ocrx_word' id='word_1_220' title='bbox 535 1563 665 1594; x_wconf 85' lang='lat' dir='ltr'>tandem</span> <span class='ocrx_word' id='word_1_221' title='bbox 696 1563 818 1594; x_wconf 89' lang='lat' dir='ltr'>refectis</span> <span class='ocrx_word' id='word_1_222' title='bbox 842 1563 900 1594; x_wconf 89' lang='lat' dir='ltr'>iter</span> <span class='ocrx_word' id='word_1_223' title='bbox 927 1573 1024 1593; x_wconf 89' lang='lat' dir='ltr'>suum</span> <span class='ocrx_word' id='word_1_224' title='bbox 1047 1563 1088 1593; x_wconf 87' lang='lat' dir='ltr'>ad</span> <span class='ocrx_word' id='word_1_225' title='bbox 1114 1563 1231 1594; x_wconf 89' lang='lat' dir='ltr'>Conci-</span> 
     </span>
     <span class='ocr_line' id='line_1_30' title="bbox 150 1606 1230 1649; baseline 0 -10"><span class='ocrx_word' id='word_1_226' title='bbox 150 1607 235 1639; x_wconf 74' lang='lat' dir='ltr'>lium</span> <span class='ocrx_word' id='word_1_227' title='bbox 262 1607 478 1648; x_wconf 82' lang='lat' dir='ltr'>Lugdunense</span> <span class='ocrx_word' id='word_1_228' title='bbox 508 1615 763 1649; x_wconf 83' lang='lat' dir='ltr'>prosequeretur.</span> <span class='ocrx_word' id='word_1_229' title='bbox 789 1608 887 1638; x_wconf 85' lang='lat' dir='ltr'>Haud</span> <span class='ocrx_word' id='word_1_230' title='bbox 915 1617 992 1638; x_wconf 87' lang='lat' dir='ltr'>vero</span> <span class='ocrx_word' id='word_1_231' title='bbox 1023 1606 1144 1638; x_wconf 88' lang='lat' dir='ltr'>inficias</span> <span class='ocrx_word' id='word_1_232' title='bbox 1167 1607 1230 1639; x_wconf 88' lang='lat' dir='ltr'>ive-</span> 
     </span>
     <span class='ocr_line' id='line_1_31' title="bbox 151 1651 1230 1694; baseline 0 -10"><span class='ocrx_word' id='word_1_233' title='bbox 151 1651 231 1691; x_wconf 97' lang='grc' dir='ltr'><strong>βίη,</strong></span> <span class='ocrx_word' id='word_1_234' title='bbox 248 1658 281 1684; x_wconf 83' lang='lat' dir='ltr'>et</span> <span class='ocrx_word' id='word_1_235' title='bbox 302 1652 411 1693; x_wconf 87' lang='lat' dir='ltr'>ipsum</span> <span class='ocrx_word' id='word_1_236' title='bbox 433 1652 599 1684; x_wconf 87' lang='lat' dir='ltr'>Thomam</span> <span class='ocrx_word' id='word_1_237' title='bbox 622 1652 654 1683; x_wconf 91' lang='lat' dir='ltr'>in</span> <span class='ocrx_word' id='word_1_238' title='bbox 681 1662 720 1683; x_wconf 91' lang='lat' dir='ltr'>eo</span> <span class='ocrx_word' id='word_1_239' title='bbox 745 1652 854 1693; x_wconf 87' lang='lat' dir='ltr'>potius</span> <span class='ocrx_word' id='word_1_240' title='bbox 882 1652 1051 1691; x_wconf 87' lang='lat' dir='ltr'>coenobio,</span> <span class='ocrx_word' id='word_1_241' title='bbox 1075 1663 1175 1694; x_wconf 88' lang='lat' dir='ltr'>quam</span> <span class='ocrx_word' id='word_1_242' title='bbox 1198 1653 1230 1684; x_wconf 89' lang='lat' dir='ltr'>in</span> 
     </span>
     <span class='ocr_line' id='line_1_32' title="bbox 151 1696 1231 1738; baseline -0.001 -10"><span class='ocrx_word' id='word_1_243' title='bbox 151 1696 304 1729; x_wconf 62' lang='lat' dir='ltr'>auxiliari</span> <span class='ocrx_word' id='word_1_244' title='bbox 328 1697 641 1738; x_wconf 81' lang='lat' dir='ltr'>consanguineorum</span> <span class='ocrx_word' id='word_1_245' title='bbox 672 1697 791 1735; x_wconf 90' lang='lat' dir='ltr'>domo,</span> <span class='ocrx_word' id='word_1_246' title='bbox 820 1696 944 1728; x_wconf 84' lang='lat' dir='ltr'>sanitati</span> <span class='ocrx_word' id='word_1_247' title='bbox 978 1697 1142 1728; x_wconf 89' lang='lat' dir='ltr'>consulere</span> <span class='ocrx_word' id='word_1_248' title='bbox 1174 1707 1231 1728; x_wconf 87' lang='lat' dir='ltr'>vo-</span> 
     </span>
     <span class='ocr_line' id='line_1_33' title="bbox 150 1740 1230 1782; baseline 0.001 -10"><span class='ocrx_word' id='word_1_249' title='bbox 150 1740 266 1780; x_wconf 65' lang='lat' dir='ltr'>lu&#39;nae;</span> <span class='ocrx_word' id='word_1_250' title='bbox 287 1742 387 1773; x_wconf 87' lang='lat' dir='ltr'>nullis</span> <span class='ocrx_word' id='word_1_251' title='bbox 405 1748 543 1772; x_wconf 77' lang='lat' dir='ltr'>attamen</span> <span class='ocrx_word' id='word_1_252' title='bbox 563 1742 777 1773; x_wconf 85' lang='lat' dir='ltr'>conscientiae</span> <span class='ocrx_word' id='word_1_253' title='bbox 794 1742 934 1772; x_wconf 85' lang='lat' dir='ltr'>stimulis</span> <span class='ocrx_word' id='word_1_254' title='bbox 951 1747 1072 1779; x_wconf 86' lang='lat' dir='ltr'>actum,</span> <span class='ocrx_word' id='word_1_255' title='bbox 1093 1742 1147 1772; x_wconf 93' lang='lat' dir='ltr'>sed</span> <span class='ocrx_word' id='word_1_256' title='bbox 1171 1752 1230 1782; x_wconf 92' lang='lat' dir='ltr'>pro</span> 
     </span>
     <span class='ocr_line' id='line_1_34' title="bbox 150 1785 1228 1827; baseline -0.002 -9"><span class='ocrx_word' id='word_1_257' title='bbox 150 1785 210 1817; x_wconf 80' lang='lat' dir='ltr'>vin·</span> <span class='ocrx_word' id='word_1_258' title='bbox 230 1785 459 1827; x_wconf 75' lang='lat' dir='ltr'>religiosissimi</span> <span class='ocrx_word' id='word_1_259' title='bbox 473 1786 592 1824; x_wconf 89' lang='lat' dir='ltr'>indole,</span> <span class='ocrx_word' id='word_1_260' title='bbox 607 1786 768 1827; x_wconf 82' lang='lat' dir='ltr'>religiosas</span> <span class='ocrx_word' id='word_1_261' title='bbox 784 1786 901 1817; x_wconf 90' lang='lat' dir='ltr'>domos</span> <span class='ocrx_word' id='word_1_262' title='bbox 916 1786 1128 1817; x_wconf 87' lang='lat' dir='ltr'>saecularibus</span> <span class='ocrx_word' id='word_1_263' title='bbox 1139 1796 1228 1827; x_wconf 85' lang='lat' dir='ltr'>prae-</span> 
     </span>
     <span class='ocr_line' id='line_1_35' title="bbox 152 1829 1230 1870; baseline -0.001 -7"><span class='ocrx_word' id='word_1_264' title='bbox 152 1830 290 1870; x_wconf 58' lang='lat' dir='ltr'>imaue</span> <span class='ocrx_word' id='word_1_265' title='bbox 311 1830 347 1862; x_wconf 84' lang='lat' dir='ltr'>ld</span> <span class='ocrx_word' id='word_1_266' title='bbox 369 1836 476 1861; x_wconf 83' lang='lat' dir='ltr'>sancte</span> <span class='ocrx_word' id='word_1_267' title='bbox 499 1837 682 1862; x_wconf 88' lang='lat' dir='ltr'>attestatum</span> <span class='ocrx_word' id='word_1_268' title='bbox 705 1831 808 1861; x_wconf 90' lang='lat' dir='ltr'>habeo</span> <span class='ocrx_word' id='word_1_269' title='bbox 828 1840 847 1860; x_wconf 83' lang='lat' dir='ltr'>a</span> <span class='ocrx_word' id='word_1_270' title='bbox 863 1829 999 1861; x_wconf 88' lang='lat' dir='ltr'>Nicolao</span> <span class='ocrx_word' id='word_1_271' title='bbox 1018 1830 1141 1861; x_wconf 85' lang='lat' dir='ltr'>Abbate</span> <span class='ocrx_word' id='word_1_272' title='bbox 1161 1841 1230 1862; x_wconf 89' lang='lat' dir='ltr'>mo-</span> 
     </span>
     <span class='ocr_line' id='line_1_36' title="bbox 152 1872 1228 1916; baseline -0.001 -9"><span class='ocrx_word' id='word_1_273' title='bbox 152 1872 279 1907; x_wconf 58' lang='lat' dir='ltr'>fflii</span> <span class='ocrx_word' id='word_1_274' title='bbox 301 1875 557 1913; x_wconf 79' lang='lat' dir='ltr'>Fossae-novae,</span> <span class='ocrx_word' id='word_1_275' title='bbox 590 1874 646 1916; x_wconf 89' lang='lat' dir='ltr'>qui</span> <span class='ocrx_word' id='word_1_276' title='bbox 670 1874 703 1905; x_wconf 89' lang='lat' dir='ltr'>in</span> <span class='ocrx_word' id='word_1_277' title='bbox 722 1875 877 1906; x_wconf 85' lang='lat' dir='ltr'>Processu</span> <span class='ocrx_word' id='word_1_278' title='bbox 904 1875 1154 1906; x_wconf 80' lang='lat' dir='ltr'>canonizationis</span> <span class='ocrx_word' id='word_1_279' title='bbox 1179 1886 1228 1906; x_wconf 88' lang='lat' dir='ltr'>ca-</span> 
     </span>
     <span class='ocr_line' id='line_1_37' title="bbox 150 1918 1227 1961; baseline 0.001 -11"><span class='ocrx_word' id='word_1_280' title='bbox 150 1918 220 1960; x_wconf 63' lang='lat' dir='ltr'>pite</span> <span class='ocrx_word' id='word_1_281' title='bbox 240 1927 282 1958; x_wconf 80' lang='lat' dir='ltr'>u,</span> <span class='ocrx_word' id='word_1_282' title='bbox 312 1928 394 1950; x_wconf 90' lang='lat' dir='ltr'>num</span> <span class='ocrx_word' id='word_1_283' title='bbox 417 1919 450 1958; x_wconf 92' lang='lat'>8,</span> <span class='ocrx_word' id='word_1_284' title='bbox 474 1919 518 1951; x_wconf 92' lang='lat' dir='ltr'>sic</span> <span class='ocrx_word' id='word_1_285' title='bbox 542 1919 601 1950; x_wconf 83' lang='lat' dir='ltr'>ait:</span> <span class='ocrx_word' id='word_1_286' title='bbox 625 1919 713 1950; x_wconf 89' lang='lat' dir='ltr'>Dum</span> <span class='ocrx_word' id='word_1_287' title='bbox 737 1919 842 1950; x_wconf 87' lang='lat' dir='ltr'>dictus</span> <span class='ocrx_word' id='word_1_288' title='bbox 855 1918 910 1961; x_wconf 88' lang='lat' dir='ltr'>sr.</span> <span class='ocrx_word' id='word_1_289' title='bbox 930 1919 1068 1951; x_wconf 77' lang='lat' dir='ltr'>Thomas</span> <span class='ocrx_word' id='word_1_290' title='bbox 1094 1925 1227 1951; x_wconf 82' lang='lat' dir='ltr'>vocatus</span> 
     </span>
     <span class='ocr_line' id='line_1_38' title="bbox 152 1962 1231 2006; baseline -0.002 -9"><span class='ocrx_word' id='word_1_291' title='bbox 152 1962 223 1997; x_wconf 54' lang='lat' dir='ltr'>fn?</span> <span class='ocrx_word' id='word_1_292' title='bbox 237 1963 283 1996; x_wconf 75' lang='lat' dir='ltr'>ad</span> <span class='ocrx_word' id='word_1_293' title='bbox 307 1964 487 1996; x_wconf 81' lang='lat' dir='ltr'>Concilium</span> <span class='ocrx_word' id='word_1_294' title='bbox 511 1964 749 2006; x_wconf 79' lang='lat' dir='ltr'>Lugdunense,</span> <span class='ocrx_word' id='word_1_295' title='bbox 774 1969 806 1995; x_wconf 88' lang='lat' dir='ltr'>et</span> <span class='ocrx_word' id='word_1_296' title='bbox 829 1965 1002 1995; x_wconf 80' lang='lat' dir='ltr'>transitum</span> <span class='ocrx_word' id='word_1_297' title='bbox 1017 1963 1151 2005; x_wconf 82' lang='lat' dir='ltr'>faceret</span> <span class='ocrx_word' id='word_1_298' title='bbox 1168 1975 1231 2005; x_wconf 89' lang='lat' dir='ltr'>per</span> 
     </span>
     <span class='ocr_line' id='line_1_39' title="bbox 154 2006 1228 2051; baseline 0 -11"><span class='ocrx_word' id='word_1_299' title='bbox 154 2006 381 2050; x_wconf 58' lang='lat' dir='ltr'>Qaniam,</span> <span class='ocrx_word' id='word_1_300' title='bbox 398 2009 584 2050; x_wconf 84' lang='lat' dir='ltr'>infirmatus</span> <span class='ocrx_word' id='word_1_301' title='bbox 591 2008 667 2051; x_wconf 84' lang='lat' dir='ltr'>suit</span> <span class='ocrx_word' id='word_1_302' title='bbox 680 2010 713 2039; x_wconf 89' lang='lat' dir='ltr'>in</span> <span class='ocrx_word' id='word_1_303' title='bbox 732 2014 840 2040; x_wconf 87' lang='lat' dir='ltr'>castro</span> <span class='ocrx_word' id='word_1_304' title='bbox 854 2009 1046 2050; x_wconf 78' lang='lat' dir='ltr'>Magentiae</span> <span class='ocrx_word' id='word_1_305' title='bbox 1060 2009 1228 2040; x_wconf 89' lang='lat' dir='ltr'>cuiusdam</span> 
     </span>
     <span class='ocr_line' id='line_1_40' title="bbox 151 2053 1230 2095; baseline 0.001 -11"><span class='ocrx_word' id='word_1_306' title='bbox 151 2053 276 2085; x_wconf 67' lang='lat' dir='ltr'>donnini</span> <span class='ocrx_word' id='word_1_307' title='bbox 291 2053 469 2085; x_wconf 83' lang='lat' dir='ltr'>Annibaldi</span> <span class='ocrx_word' id='word_1_308' title='bbox 481 2053 522 2084; x_wconf 89' lang='lat' dir='ltr'>de</span> <span class='ocrx_word' id='word_1_309' title='bbox 538 2053 703 2092; x_wconf 86' lang='lat' dir='ltr'>Ceccano,·</span> <span class='ocrx_word' id='word_1_310' title='bbox 730 2060 761 2084; x_wconf 91' lang='lat' dir='ltr'>et</span> <span class='ocrx_word' id='word_1_311' title='bbox 774 2063 846 2084; x_wconf 88' lang='lat' dir='ltr'>cum</span> <span class='ocrx_word' id='word_1_312' title='bbox 863 2055 932 2094; x_wconf 88' lang='lat' dir='ltr'>ipsa</span> <span class='ocrx_word' id='word_1_313' title='bbox 948 2053 1136 2095; x_wconf 86' lang='lat' dir='ltr'>infirmitate</span> <span class='ocrx_word' id='word_1_314' title='bbox 1148 2064 1230 2095; x_wconf 81' lang='lat' dir='ltr'>gra-</span> 
     </span>
     <span class='ocr_line' id='line_1_41' title="bbox 151 2095 1232 2141; baseline 0 -11"><span class='ocrx_word' id='word_1_315' title='bbox 151 2095 299 2136; x_wconf 67' lang='lat' dir='ltr'>eamr,</span> <span class='ocrx_word' id='word_1_316' title='bbox 318 2098 403 2129; x_wconf 77' lang='lat' dir='ltr'>dixit</span> <span class='ocrx_word' id='word_1_317' title='bbox 421 2096 477 2141; x_wconf 90' lang='lat' dir='ltr'>(ut</span> <span class='ocrx_word' id='word_1_318' title='bbox 494 2098 602 2129; x_wconf 86' lang='lat' dir='ltr'>audivi</span> <span class='ocrx_word' id='word_1_319' title='bbox 621 2108 639 2128; x_wconf 85' lang='lat' dir='ltr'>a</span> <span class='ocrx_word' id='word_1_320' title='bbox 658 2096 837 2140; x_wconf 86' lang='lat' dir='ltr'>pluribus):</span> <span class='ocrx_word' id='word_1_321' title='bbox 857 2098 894 2128; x_wconf 89' lang='lat' dir='ltr'>Si</span> <span class='ocrx_word' id='word_1_322' title='bbox 913 2098 1074 2130; x_wconf 88' lang='lat' dir='ltr'>Dominus</span> <span class='ocrx_word' id='word_1_323' title='bbox 1093 2099 1232 2130; x_wconf 84' lang='lat' dir='ltr'>voluerit</span> 
     </span>
     <span class='ocr_line' id='line_1_42' title="bbox 107 2142 1228 2184; baseline -0.001 -10"><span class='ocrx_word' id='word_1_324' title='bbox 107 2159 115 2165; x_wconf 90' lang='lat'><strong>·</strong></span> <span class='ocrx_word' id='word_1_325' title='bbox 151 2150 205 2174; x_wconf 64' lang='lat' dir='ltr'>ne</span> <span class='ocrx_word' id='word_1_326' title='bbox 223 2143 368 2180; x_wconf 68' lang='lat' dir='ltr'>visitare,</span> <span class='ocrx_word' id='word_1_327' title='bbox 379 2143 496 2174; x_wconf 85' lang='lat' dir='ltr'>melius</span> <span class='ocrx_word' id='word_1_328' title='bbox 509 2148 557 2174; x_wconf 86' lang='lat' dir='ltr'>est</span> <span class='ocrx_word' id='word_1_329' title='bbox 569 2143 656 2184; x_wconf 89' lang='lat' dir='ltr'>quod</span> <span class='ocrx_word' id='word_1_330' title='bbox 672 2144 820 2184; x_wconf 88' lang='lat' dir='ltr'>reperiar</span> <span class='ocrx_word' id='word_1_331' title='bbox 834 2143 867 2173; x_wconf 86' lang='lat' dir='ltr'>in</span> <span class='ocrx_word' id='word_1_332' title='bbox 887 2142 981 2174; x_wconf 87' lang='lat' dir='ltr'>domo</span> <span class='ocrx_word' id='word_1_333' title='bbox 998 2143 1228 2184; x_wconf 80' lang='lat' dir='ltr'>religiosorum</span> 
     </span>
     <span class='ocr_line' id='line_1_43' title="bbox 151 2187 1231 2231; baseline 0 -12"><span class='ocrx_word' id='word_1_334' title='bbox 151 2194 251 2231; x_wconf 56' lang='lat' dir='ltr'>qum</span> <span class='ocrx_word' id='word_1_335' title='bbox 269 2188 304 2218; x_wconf 84' lang='lat' dir='ltr'>in</span> <span class='ocrx_word' id='word_1_336' title='bbox 322 2187 468 2218; x_wconf 86' lang='lat' dir='ltr'>domibus</span> <span class='ocrx_word' id='word_1_337' title='bbox 485 2187 724 2219; x_wconf 87' lang='lat' dir='ltr'>saecularium:</span> <span class='ocrx_word' id='word_1_338' title='bbox 742 2193 774 2218; x_wconf 89' lang='lat' dir='ltr'>et</span> <span class='ocrx_word' id='word_1_339' title='bbox 787 2197 830 2218; x_wconf 80' lang='lat' dir='ltr'>ex</span> <span class='ocrx_word' id='word_1_340' title='bbox 843 2192 921 2218; x_wconf 90' lang='lat' dir='ltr'>tunc</span> <span class='ocrx_word' id='word_1_341' title='bbox 934 2197 1034 2218; x_wconf 86' lang='lat' dir='ltr'>causa</span> <span class='ocrx_word' id='word_1_342' title='bbox 1047 2187 1231 2219; x_wconf 73' lang='lat' dir='ltr'>‘devotionis</span> 
     </span>
     <span class='ocr_line' id='line_1_44' title="bbox 142 2230 1228 2273; baseline -0.001 -10"><span class='ocrx_word' id='word_1_343' title='bbox 142 2230 232 2273; x_wconf 65' lang='lat' dir='ltr'>ficit</span> <span class='ocrx_word' id='word_1_344' title='bbox 252 2241 289 2263; x_wconf 84' lang='lat' dir='ltr'>se</span> <span class='ocrx_word' id='word_1_345' title='bbox 299 2233 433 2272; x_wconf 85' lang='lat' dir='ltr'>portari</span> <span class='ocrx_word' id='word_1_346' title='bbox 457 2232 502 2263; x_wconf 87' lang='lat' dir='ltr'>ad</span> <span class='ocrx_word' id='word_1_347' title='bbox 519 2233 750 2263; x_wconf 90' lang='lat' dir='ltr'>monasterium</span> <span class='ocrx_word' id='word_1_348' title='bbox 770 2232 1018 2263; x_wconf 81' lang='lat' dir='ltr'>Fossae-novae.</span> <span class='ocrx_word' id='word_1_349' title='bbox 1035 2232 1134 2270; x_wconf 93' lang='lat' dir='ltr'>Quod</span> <span class='ocrx_word' id='word_1_350' title='bbox 1153 2242 1228 2273; x_wconf 84' lang='lat' dir='ltr'>ergo</span> 
     </span>
     <span class='ocr_line' id='line_1_45' title="bbox 153 2276 1229 2317; baseline 0.001 -10"><span class='ocrx_word' id='word_1_351' title='bbox 153 2285 198 2308; x_wconf 70' lang='lat' dir='ltr'>ea·</span> <span class='ocrx_word' id='word_1_352' title='bbox 217 2276 395 2314; x_wconf 72' lang='lat' dir='ltr'>deuotione,</span> <span class='ocrx_word' id='word_1_353' title='bbox 416 2286 453 2307; x_wconf 86' lang='lat' dir='ltr'>ex</span> <span class='ocrx_word' id='word_1_354' title='bbox 473 2276 589 2317; x_wconf 85' lang='lat' dir='ltr'>pietate</span> <span class='ocrx_word' id='word_1_355' title='bbox 612 2276 733 2308; x_wconf 89' lang='lat' dir='ltr'>factum</span> <span class='ocrx_word' id='word_1_356' title='bbox 757 2276 833 2314; x_wconf 84' lang='lat' dir='ltr'>fuit,</span> <span class='ocrx_word' id='word_1_357' title='bbox 854 2283 891 2307; x_wconf 91' lang='lat' dir='ltr'>ut</span> <span class='ocrx_word' id='word_1_358' title='bbox 908 2276 996 2307; x_wconf 87' lang='lat' dir='ltr'>testis</span> <span class='ocrx_word' id='word_1_359' title='bbox 1018 2276 1051 2307; x_wconf 89' lang='lat' dir='ltr'>in</span> <span class='ocrx_word' id='word_1_360' title='bbox 1074 2277 1229 2308; x_wconf 86' lang='lat' dir='ltr'>Processu</span> 
     </span>
     <span class='ocr_line' id='line_1_46' title="bbox 152 2320 1230 2362; baseline 0.001 -11"><span class='ocrx_word' id='word_1_361' title='bbox 152 2320 404 2352; x_wconf 55' lang='lat' dir='ltr'>manationis</span> <span class='ocrx_word' id='word_1_362' title='bbox 431 2321 552 2352; x_wconf 89' lang='lat' dir='ltr'>iuratus</span> <span class='ocrx_word' id='word_1_363' title='bbox 583 2321 744 2362; x_wconf 86' lang='lat' dir='ltr'>perhibet,</span> <span class='ocrx_word' id='word_1_364' title='bbox 781 2331 819 2351; x_wconf 90' lang='lat' dir='ltr'>ex</span> <span class='ocrx_word' id='word_1_365' title='bbox 849 2322 1064 2352; x_wconf 87' lang='lat' dir='ltr'>conscientiae</span> <span class='ocrx_word' id='word_1_366' title='bbox 1090 2322 1230 2353; x_wconf 87' lang='lat' dir='ltr'>stimulis</span> 
     </span>
     <span class='ocr_line' id='line_1_47' title="bbox 150 2364 1101 2406; baseline 0 -10"><span class='ocrx_word' id='word_1_367' title='bbox 150 2364 273 2397; x_wconf 63' lang='lat' dir='ltr'>fictum</span> <span class='ocrx_word' id='word_1_368' title='bbox 291 2372 396 2396; x_wconf 79' lang='lat' dir='ltr'>nmat</span> <span class='ocrx_word' id='word_1_369' title='bbox 413 2365 447 2396; x_wconf 91' lang='lat' dir='ltr'>in</span> <span class='ocrx_word' id='word_1_370' title='bbox 466 2375 523 2396; x_wconf 88' lang='lat' dir='ltr'>sua</span> <span class='ocrx_word' id='word_1_371' title='bbox 542 2365 685 2396; x_wconf 81' lang='lat' dir='ltr'>Historia</span> <span class='ocrx_word' id='word_1_372' title='bbox 707 2365 895 2396; x_wconf 87' lang='lat' dir='ltr'>florentinus</span> <span class='ocrx_word' id='word_1_373' title='bbox 915 2365 1101 2406; x_wconf 82' lang='lat' dir='ltr'>Malaspina.</span> 
     </span>
     <span class='ocr_line' id='line_1_48' title="bbox 196 2409 1229 2451; baseline -0.001 -10"><span class='ocrx_word' id='word_1_374' title='bbox 196 2416 198 2418; x_wconf 80' lang='grc'>’</span> <span class='ocrx_word' id='word_1_375' title='bbox 216 2409 325 2450; x_wconf 78' lang='lat' dir='ltr'>Pergit</span> <span class='ocrx_word' id='word_1_376' title='bbox 346 2409 439 2448; x_wconf 84' lang='lat' dir='ltr'>ultra,</span> <span class='ocrx_word' id='word_1_377' title='bbox 464 2416 496 2441; x_wconf 87' lang='lat' dir='ltr'>et</span> <span class='ocrx_word' id='word_1_378' title='bbox 517 2410 571 2448; x_wconf 82' lang='lat' dir='ltr'>ait,</span> <span class='ocrx_word' id='word_1_379' title='bbox 595 2409 761 2441; x_wconf 86' lang='lat' dir='ltr'>Thomam</span> <span class='ocrx_word' id='word_1_380' title='bbox 784 2410 898 2441; x_wconf 89' lang='lat' dir='ltr'>obiisse</span> <span class='ocrx_word' id='word_1_381' title='bbox 921 2410 1133 2441; x_wconf 84' lang='lat' dir='ltr'>monachum:</span> <span class='ocrx_word' id='word_1_382' title='bbox 1163 2421 1229 2451; x_wconf 92' lang='lat' dir='ltr'>quo</span> 
     </span>
     <span class='ocr_line' id='line_1_49' title="bbox 130 2453 1231 2497; baseline 0 -11"><span class='ocrx_word' id='word_1_383' title='bbox 130 2492 138 2496; x_wconf 17' lang='grc' dir='ltr'><strong>ἦ</strong></span> <span class='ocrx_word' id='word_1_384' title='bbox 152 2453 232 2497; x_wconf 69' lang='lat' dir='ltr'>nihil</span> <span class='ocrx_word' id='word_1_385' title='bbox 245 2454 347 2495; x_wconf 79' lang='lat' dir='ltr'>magis</span> <span class='ocrx_word' id='word_1_386' title='bbox 365 2464 383 2484; x_wconf 88' lang='lat' dir='ltr'>a</span> <span class='ocrx_word' id='word_1_387' title='bbox 401 2454 531 2485; x_wconf 86' lang='lat' dir='ltr'>veritate</span> <span class='ocrx_word' id='word_1_388' title='bbox 549 2454 708 2490; x_wconf 87' lang='lat' dir='ltr'>abhorret,</span> <span class='ocrx_word' id='word_1_389' title='bbox 729 2464 804 2486; x_wconf 90' lang='lat' dir='ltr'>cum</span> <span class='ocrx_word' id='word_1_390' title='bbox 822 2454 970 2495; x_wconf 88' lang='lat' dir='ltr'>spiritum</span> <span class='ocrx_word' id='word_1_391' title='bbox 989 2454 1127 2485; x_wconf 89' lang='lat' dir='ltr'>emiserit</span> <span class='ocrx_word' id='word_1_392' title='bbox 1149 2454 1231 2486; x_wconf 89' lang='lat' dir='ltr'>inter</span> 
     </span>
     <span class='ocr_line' id='line_1_50' title="bbox 152 2497 1230 2539; baseline 0 -9"><span class='ocrx_word' id='word_1_393' title='bbox 152 2497 287 2530; x_wconf 74' lang='lat' dir='ltr'>stau-um</span> <span class='ocrx_word' id='word_1_394' title='bbox 304 2499 663 2530; x_wconf 29' lang='lat' dir='ltr'>suorumrDominicani</span> <span class='ocrx_word' id='word_1_395' title='bbox 688 2498 836 2536; x_wconf 88' lang='lat' dir='ltr'>Instituti,</span> <span class='ocrx_word' id='word_1_396' title='bbox 856 2508 940 2539; x_wconf 91' lang='lat' dir='ltr'>quos</span> <span class='ocrx_word' id='word_1_397' title='bbox 963 2498 995 2528; x_wconf 89' lang='lat' dir='ltr'>in</span> <span class='ocrx_word' id='word_1_398' title='bbox 1019 2498 1070 2529; x_wconf 88' lang='lat' dir='ltr'>via</span> <span class='ocrx_word' id='word_1_399' title='bbox 1097 2499 1230 2530; x_wconf 84' lang='lat' dir='ltr'>comites</span> 
     </span>
     <span class='ocr_line' id='line_1_51' title="bbox 150 2542 1230 2584; baseline -0.001 -10"><span class='ocrx_word' id='word_1_400' title='bbox 150 2542 298 2581; x_wconf 67' lang='lat' dir='ltr'>habebat,</span> <span class='ocrx_word' id='word_1_401' title='bbox 321 2542 504 2583; x_wconf 83' lang='lat' dir='ltr'>amplexus;</span> <span class='ocrx_word' id='word_1_402' title='bbox 529 2542 674 2584; x_wconf 84' lang='lat' dir='ltr'>factaque</span> <span class='ocrx_word' id='word_1_403' title='bbox 702 2543 789 2584; x_wconf 88' lang='lat' dir='ltr'>apud</span> <span class='ocrx_word' id='word_1_404' title='bbox 820 2542 949 2573; x_wconf 83' lang='lat' dir='ltr'>fratrem</span> <span class='ocrx_word' id='word_1_405' title='bbox 972 2542 1166 2574; x_wconf 85' lang='lat' dir='ltr'>Rainaldum</span> <span class='ocrx_word' id='word_1_406' title='bbox 1191 2544 1230 2574; x_wconf 89' lang='lat' dir='ltr'>de</span> 
     </span>
     <span class='ocr_line' id='line_1_52' title="bbox 151 2586 1229 2628; baseline 0 -9"><span class='ocrx_word' id='word_1_407' title='bbox 151 2586 303 2619; x_wconf 78' lang='lat' dir='ltr'>Priverno</span> <span class='ocrx_word' id='word_1_408' title='bbox 327 2587 470 2618; x_wconf 89' lang='lat' dir='ltr'>eiusdem</span> <span class='ocrx_word' id='word_1_409' title='bbox 494 2587 624 2618; x_wconf 82' lang='lat' dir='ltr'>Ordinis</span> <span class='ocrx_word' id='word_1_410' title='bbox 647 2587 784 2628; x_wconf 86' lang='lat' dir='ltr'>generali</span> <span class='ocrx_word' id='word_1_411' title='bbox 804 2587 1031 2627; x_wconf 84' lang='lat' dir='ltr'>exomologesi.</span> <span class='ocrx_word' id='word_1_412' title='bbox 1052 2588 1140 2618; x_wconf 87' lang='lat' dir='ltr'>Haec</span> <span class='ocrx_word' id='word_1_413' title='bbox 1155 2598 1229 2619; x_wconf 87' lang='lat' dir='ltr'>sane</span> 
     </span>
     <span class='ocr_line' id='line_1_53' title="bbox 152 2631 1230 2673; baseline 0 -11"><span class='ocrx_word' id='word_1_414' title='bbox 152 2631 274 2670; x_wconf 81' lang='lat' dir='ltr'>omnia,</span> <span class='ocrx_word' id='word_1_415' title='bbox 288 2641 372 2673; x_wconf 84' lang='lat' dir='ltr'>quae</span> <span class='ocrx_word' id='word_1_416' title='bbox 383 2631 511 2663; x_wconf 87' lang='lat' dir='ltr'>lachetti</span> <span class='ocrx_word' id='word_1_417' title='bbox 531 2638 713 2663; x_wconf 89' lang='lat' dir='ltr'>commenta</span> <span class='ocrx_word' id='word_1_418' title='bbox 732 2638 886 2669; x_wconf 91' lang='lat' dir='ltr'>evertunt,</span> <span class='ocrx_word' id='word_1_419' title='bbox 906 2638 1010 2662; x_wconf 84' lang='lat' dir='ltr'>narrat</span> <span class='ocrx_word' id='word_1_420' title='bbox 1028 2632 1230 2663; x_wconf 88' lang='lat' dir='ltr'>disertissime</span> 
     </span>
     <span class='ocr_line' id='line_1_54' title="bbox 118 2675 1231 2718; baseline 0 -10"><span class='ocrx_word' id='word_1_421' title='bbox 118 2675 121 2678; x_wconf 76' lang='grc'><strong>’</strong></span> <span class='ocrx_word' id='word_1_422' title='bbox 151 2675 346 2708; x_wconf 76' lang='lat' dir='ltr'>Gufflelmus</span> <span class='ocrx_word' id='word_1_423' title='bbox 370 2676 409 2707; x_wconf 90' lang='lat' dir='ltr'>de</span> <span class='ocrx_word' id='word_1_424' title='bbox 427 2676 551 2714; x_wconf 87' lang='lat' dir='ltr'>Tocco,</span> <span class='ocrx_word' id='word_1_425' title='bbox 571 2676 620 2707; x_wconf 91' lang='lat' dir='ltr'>his</span> <span class='ocrx_word' id='word_1_426' title='bbox 638 2676 758 2707; x_wconf 85' lang='lat' dir='ltr'>verbis:</span> <span class='ocrx_word' id='word_1_427' title='bbox 777 2677 854 2718; x_wconf 75' lang='lat' dir='ltr'>Post</span> <span class='ocrx_word' id='word_1_428' title='bbox 871 2677 931 2707; x_wconf 85' lang='lat' dir='ltr'>hoc</span> <span class='ocrx_word' id='word_1_429' title='bbox 953 2686 1025 2707; x_wconf 84' lang='lat' dir='ltr'>cum</span> <span class='ocrx_word' id='word_1_430' title='bbox 1039 2677 1231 2717; x_wconf 89' lang='lat' dir='ltr'>praedictus</span> 
     </span>
     <span class='ocr_line' id='line_1_55' title="bbox 152 2720 1232 2762; baseline 0.001 -11"><span class='ocrx_word' id='word_1_431' title='bbox 152 2721 278 2752; x_wconf 80' lang='lat' dir='ltr'>Doctor</span> <span class='ocrx_word' id='word_1_432' title='bbox 285 2720 412 2762; x_wconf 86' lang='lat' dir='ltr'>fuisset</span> <span class='ocrx_word' id='word_1_433' title='bbox 429 2721 592 2762; x_wconf 84' lang='lat' dir='ltr'>aliquibus</span> <span class='ocrx_word' id='word_1_434' title='bbox 608 2721 758 2752; x_wconf 87' lang='lat' dir='ltr'>remediis</span> <span class='ocrx_word' id='word_1_435' title='bbox 781 2720 995 2762; x_wconf 88' lang='lat' dir='ltr'>confortatus,</span> <span class='ocrx_word' id='word_1_436' title='bbox 1012 2726 1047 2751; x_wconf 89' lang='lat' dir='ltr'>ut</span> <span class='ocrx_word' id='word_1_437' title='bbox 1066 2721 1232 2752; x_wconf 84' lang='lat' dir='ltr'>videretur</span> 
     </span>
     <span class='ocr_line' id='line_1_56' title="bbox 152 2765 1232 2806; baseline 0 -9"><span class='ocrx_word' id='word_1_438' title='bbox 152 2765 215 2797; x_wconf 79' lang='lat' dir='ltr'>sibi</span> <span class='ocrx_word' id='word_1_439' title='bbox 236 2765 324 2806; x_wconf 88' lang='lat' dir='ltr'>quod</span> <span class='ocrx_word' id='word_1_440' title='bbox 339 2770 451 2806; x_wconf 86' lang='lat' dir='ltr'>posset</span> <span class='ocrx_word' id='word_1_441' title='bbox 479 2766 541 2796; x_wconf 85' lang='lat' dir='ltr'>iter</span> <span class='ocrx_word' id='word_1_442' title='bbox 569 2766 727 2806; x_wconf 85' lang='lat' dir='ltr'>inceptum</span> <span class='ocrx_word' id='word_1_443' title='bbox 753 2766 911 2806; x_wconf 84' lang='lat' dir='ltr'>prosequi</span> <span class='ocrx_word' id='word_1_444' title='bbox 935 2774 1047 2796; x_wconf 84' lang='lat' dir='ltr'>versus</span> <span class='ocrx_word' id='word_1_445' title='bbox 1073 2765 1232 2804; x_wconf 87' lang='lat' dir='ltr'>Romam;</span> 
     </span>
     <span class='ocr_line' id='line_1_57' title="bbox 153 2809 1232 2852; baseline 0.001 -12"><span class='ocrx_word' id='word_1_446' title='bbox 153 2811 250 2852; x_wconf 68' lang='lat' dir='ltr'>iuxta</span> <span class='ocrx_word' id='word_1_447' title='bbox 276 2811 508 2841; x_wconf 86' lang='lat' dir='ltr'>monasterium</span> <span class='ocrx_word' id='word_1_448' title='bbox 537 2809 775 2841; x_wconf 82' lang='lat' dir='ltr'>Fossae-novae</span> <span class='ocrx_word' id='word_1_449' title='bbox 807 2811 988 2847; x_wconf 90' lang='lat' dir='ltr'>transiens,</span> <span class='ocrx_word' id='word_1_450' title='bbox 1014 2811 1168 2841; x_wconf 84' lang='lat' dir='ltr'>invitatus</span> <span class='ocrx_word' id='word_1_451' title='bbox 1191 2811 1232 2842; x_wconf 89' lang='lat' dir='ltr'>ab</span> 
     </span>
     <span class='ocr_line' id='line_1_58' title="bbox 153 2853 1231 2896; baseline 0.001 -11"><span class='ocrx_word' id='word_1_452' title='bbox 153 2853 276 2886; x_wconf 75' lang='lat' dir='ltr'>Abbate</span> <span class='ocrx_word' id='word_1_453' title='bbox 299 2859 330 2886; x_wconf 87' lang='lat' dir='ltr'>et</span> <span class='ocrx_word' id='word_1_454' title='bbox 351 2855 535 2892; x_wconf 79' lang='lat' dir='ltr'>monachis,</span> <span class='ocrx_word' id='word_1_455' title='bbox 561 2855 670 2886; x_wconf 81' lang='lat' dir='ltr'>volens</span> <span class='ocrx_word' id='word_1_456' title='bbox 693 2855 736 2886; x_wconf 91' lang='lat' dir='ltr'>ibi</span> <span class='ocrx_word' id='word_1_457' title='bbox 757 2854 919 2896; x_wconf 86' lang='lat' dir='ltr'>aliquibus</span> <span class='ocrx_word' id='word_1_458' title='bbox 937 2854 1048 2885; x_wconf 88' lang='lat' dir='ltr'>diebus</span> <span class='ocrx_word' id='word_1_459' title='bbox 1072 2855 1158 2886; x_wconf 84' lang='lat' dir='ltr'>vires</span> <span class='ocrx_word' id='word_1_460' title='bbox 1180 2865 1231 2886; x_wconf 90' lang='lat' dir='ltr'>re-</span> 
     </span>
     <span class='ocr_line' id='line_1_59' title="bbox 154 2897 1230 2941; baseline 0 -11"><span class='ocrx_word' id='word_1_461' title='bbox 154 2906 295 2937; x_wconf 70' lang='lat' dir='ltr'>sumere,</span> <span class='ocrx_word' id='word_1_462' title='bbox 304 2899 511 2940; x_wconf 83' lang='lat' dir='ltr'>praedictum</span> <span class='ocrx_word' id='word_1_463' title='bbox 530 2900 762 2930; x_wconf 89' lang='lat' dir='ltr'>monasterium</span> <span class='ocrx_word' id='word_1_464' title='bbox 782 2905 830 2930; x_wconf 86' lang='lat' dir='ltr'>est</span> <span class='ocrx_word' id='word_1_465' title='bbox 844 2899 1013 2940; x_wconf 81' lang='lat' dir='ltr'>ingressus</span> <span class='ocrx_word' id='word_1_466' title='bbox 1027 2897 1117 2941; x_wconf 91' lang='lat' dir='ltr'>(eius</span> <span class='ocrx_word' id='word_1_467' title='bbox 1134 2900 1230 2930; x_wconf 90' lang='lat' dir='ltr'>etiam</span> 
     </span>
     <span class='ocr_line' id='line_1_60' title="bbox 154 2942 1232 2984; baseline 0.001 -10"><span class='ocrx_word' id='word_1_468' title='bbox 154 2948 254 2984; x_wconf 68' lang='lat' dir='ltr'>nepoe</span> <span class='ocrx_word' id='word_1_469' title='bbox 271 2948 394 2983; x_wconf 78' lang='lat' dir='ltr'>agente,</span> <span class='ocrx_word' id='word_1_470' title='bbox 412 2942 602 2974; x_wconf 79' lang='lat' dir='ltr'>Ptolomaeo</span> <span class='ocrx_word' id='word_1_471' title='bbox 626 2950 715 2982; x_wconf 88' lang='lat' dir='ltr'>teste,</span> <span class='ocrx_word' id='word_1_472' title='bbox 731 2950 767 2974; x_wconf 93' lang='lat' dir='ltr'>ut</span> <span class='ocrx_word' id='word_1_473' title='bbox 785 2943 963 2974; x_wconf 89' lang='lat' dir='ltr'>monachos</span> <span class='ocrx_word' id='word_1_474' title='bbox 981 2944 1155 2974; x_wconf 91' lang='lat' dir='ltr'>benevolos</span> <span class='ocrx_word' id='word_1_475' title='bbox 1173 2945 1232 2975; x_wconf 94' lang='lat' dir='ltr'>ho-</span> 
     </span>
     <span class='ocr_line' id='line_1_61' title="bbox 155 2986 1232 3030; baseline 0.001 -12"><span class='ocrx_word' id='word_1_476' title='bbox 155 2986 254 3028; x_wconf 64' lang='lat' dir='ltr'>spite:</span> <span class='ocrx_word' id='word_1_477' title='bbox 285 2986 500 3030; x_wconf 84' lang='lat' dir='ltr'>experiretur).</span> <span class='ocrx_word' id='word_1_478' title='bbox 533 2988 599 3025; x_wconf 89' lang='lat' dir='ltr'>Qui</span> <span class='ocrx_word' id='word_1_479' title='bbox 621 2998 693 3019; x_wconf 88' lang='lat' dir='ltr'>cum</span> <span class='ocrx_word' id='word_1_480' title='bbox 711 2989 822 3028; x_wconf 89' lang='lat' dir='ltr'>primo</span> <span class='ocrx_word' id='word_1_481' title='bbox 852 2989 1021 3029; x_wconf 77' lang='lat' dir='ltr'>ingressus</span> <span class='ocrx_word' id='word_1_482' title='bbox 1035 2987 1159 3029; x_wconf 88' lang='lat' dir='ltr'>fuisset</span> <span class='ocrx_word' id='word_1_483' title='bbox 1182 2999 1232 3020; x_wconf 89' lang='lat' dir='ltr'>ec-</span> 
     </span>
     <span class='ocr_line' id='line_1_62' title="bbox 156 3030 1232 3073; baseline 0.002 -11"><span class='ocrx_word' id='word_1_484' title='bbox 156 3030 304 3069; x_wconf 58' lang='lat' dir='ltr'>clessam,</span> <span class='ocrx_word' id='word_1_485' title='bbox 327 3031 508 3063; x_wconf 79' lang='lat' dir='ltr'>claustrum</span> <span class='ocrx_word' id='word_1_486' title='bbox 526 3037 641 3072; x_wconf 85' lang='lat' dir='ltr'>postea</span> <span class='ocrx_word' id='word_1_487' title='bbox 670 3033 806 3063; x_wconf 83' lang='lat' dir='ltr'>intravit</span> <span class='ocrx_word' id='word_1_488' title='bbox 829 3055 836 3063; x_wconf 96' lang='lat'>.</span> <span class='ocrx_word' id='word_1_489' title='bbox 862 3054 870 3063; x_wconf 93' lang='lat'>.</span> <span class='ocrx_word' id='word_1_490' title='bbox 896 3054 905 3063; x_wconf 91' lang='lat'>.</span> <span class='ocrx_word' id='word_1_491' title='bbox 929 3038 960 3063; x_wconf 92' lang='lat' dir='ltr'>et</span> <span class='ocrx_word' id='word_1_492' title='bbox 982 3037 1088 3063; x_wconf 86' lang='lat' dir='ltr'>tactus</span> <span class='ocrx_word' id='word_1_493' title='bbox 1114 3034 1232 3073; x_wconf 85' lang='lat' dir='ltr'>spiritu</span> 
     </span>
     <span class='ocr_line' id='line_1_63' title="bbox 149 3075 1232 3116; baseline 0.003 -11"><span class='ocrx_word' id='word_1_494' title='bbox 149 3075 342 3116; x_wconf 80' lang='lat' dir='ltr'>prophetiae</span> <span class='ocrx_word' id='word_1_495' title='bbox 354 3075 448 3114; x_wconf 79' lang='lat' dir='ltr'>dixit,</span> <span class='ocrx_word' id='word_1_496' title='bbox 462 3076 615 3116; x_wconf 90' lang='lat' dir='ltr'>pluribus</span> <span class='ocrx_word' id='word_1_497' title='bbox 637 3076 842 3107; x_wconf 86' lang='lat' dir='ltr'>audientibus</span> <span class='ocrx_word' id='word_1_498' title='bbox 859 3077 1024 3107; x_wconf 81' lang='lat' dir='ltr'>monachis</span> <span class='ocrx_word' id='word_1_499' title='bbox 1043 3082 1074 3108; x_wconf 91' lang='lat' dir='ltr'>et</span> <span class='ocrx_word' id='word_1_500' title='bbox 1095 3078 1148 3108; x_wconf 89' lang='lat' dir='ltr'>sui</span> <span class='ocrx_word' id='word_1_501' title='bbox 1169 3078 1232 3108; x_wconf 89' lang='lat' dir='ltr'>Or-</span> 
     </span>
     <span class='ocr_line' id='line_1_64' title="bbox 155 3118 1232 3161; baseline 0.004 -12"><span class='ocrx_word' id='word_1_502' title='bbox 155 3119 243 3150; x_wconf 86' lang='lat' dir='ltr'>dinis</span> <span class='ocrx_word' id='word_1_503' title='bbox 261 3118 447 3160; x_wconf 83' lang='lat' dir='ltr'>fratribus,</span> <span class='ocrx_word' id='word_1_504' title='bbox 478 3125 510 3150; x_wconf 85' lang='lat' dir='ltr'>et</span> <span class='ocrx_word' id='word_1_505' title='bbox 531 3122 708 3161; x_wconf 86' lang='lat' dir='ltr'>praecipue</span> <span class='ocrx_word' id='word_1_506' title='bbox 730 3131 789 3152; x_wconf 87' lang='lat' dir='ltr'>suo</span> <span class='ocrx_word' id='word_1_507' title='bbox 818 3122 920 3159; x_wconf 85' lang='lat' dir='ltr'>socio,</span> <span class='ocrx_word' id='word_1_508' title='bbox 946 3122 999 3152; x_wconf 89' lang='lat' dir='ltr'>cui</span> <span class='ocrx_word' id='word_1_509' title='bbox 1021 3128 1232 3153; x_wconf 84' lang='lat' dir='ltr'>consueverat</span> 
     </span>
     <span class='ocr_line' id='line_1_65' title="bbox 154 3163 1232 3206; baseline 0.003 -11"><span class='ocrx_word' id='word_1_510' title='bbox 154 3163 275 3195; x_wconf 76' lang='lat' dir='ltr'>sinilia</span> <span class='ocrx_word' id='word_1_511' title='bbox 298 3163 462 3194; x_wconf 81' lang='lat' dir='ltr'>revelare:</span> <span class='ocrx_word' id='word_1_512' title='bbox 484 3164 604 3195; x_wconf 85' lang='lat' dir='ltr'>Frater</span> <span class='ocrx_word' id='word_1_513' title='bbox 625 3165 815 3206; x_wconf 80' lang='lat' dir='ltr'>Raynalde,</span> <span class='ocrx_word' id='word_1_514' title='bbox 835 3166 916 3196; x_wconf 81' lang='lat' dir='ltr'>haec</span> <span class='ocrx_word' id='word_1_515' title='bbox 938 3166 1064 3206; x_wconf 87' lang='lat' dir='ltr'>requies</span> <span class='ocrx_word' id='word_1_516' title='bbox 1082 3176 1154 3197; x_wconf 90' lang='lat' dir='ltr'>mea</span> <span class='ocrx_word' id='word_1_517' title='bbox 1173 3172 1232 3198; x_wconf 86' lang='lat' dir='ltr'>etc.</span> 
     </span>
     <span class='ocr_line' id='line_1_66' title="bbox 154 3207 1232 3250; baseline 0.003 -12"><span class='ocrx_word' id='word_1_518' title='bbox 154 3208 231 3239; x_wconf 84' lang='lat' dir='ltr'>Post</span> <span class='ocrx_word' id='word_1_519' title='bbox 246 3207 339 3248; x_wconf 89' lang='lat' dir='ltr'>-quod</span> <span class='ocrx_word' id='word_1_520' title='bbox 355 3208 579 3248; x_wconf 83' lang='lat' dir='ltr'>propheticum</span> <span class='ocrx_word' id='word_1_521' title='bbox 598 3209 730 3247; x_wconf 85' lang='lat' dir='ltr'>dietum,</span> <span class='ocrx_word' id='word_1_522' title='bbox 753 3209 794 3240; x_wconf 85' lang='lat' dir='ltr'>de</span> <span class='ocrx_word' id='word_1_523' title='bbox 815 3219 875 3240; x_wconf 87' lang='lat' dir='ltr'>suo</span> <span class='ocrx_word' id='word_1_524' title='bbox 893 3210 980 3240; x_wconf 85' lang='lat' dir='ltr'>obitu</span> <span class='ocrx_word' id='word_1_525' title='bbox 991 3209 1162 3250; x_wconf 86' lang='lat' dir='ltr'>fratribus</span> <span class='ocrx_word' id='word_1_526' title='bbox 1179 3212 1232 3242; x_wconf 85' lang='lat' dir='ltr'>sui</span> 
     </span>
     <span class='ocr_line' id='line_1_67' title="bbox 159 3252 1232 3294; baseline 0.004 -12"><span class='ocrx_word' id='word_1_527' title='bbox 159 3252 295 3283; x_wconf 87' lang='lat' dir='ltr'>Ordinis</span> <span class='ocrx_word' id='word_1_528' title='bbox 298 3253 477 3292; x_wconf 88' lang='lat' dir='ltr'>praecipue</span> <span class='ocrx_word' id='word_1_529' title='bbox 491 3252 750 3292; x_wconf 85' lang='lat' dir='ltr'>lamentantibus,</span> <span class='ocrx_word' id='word_1_530' title='bbox 760 3255 888 3294; x_wconf 86' lang='lat' dir='ltr'>positus</span> <span class='ocrx_word' id='word_1_531' title='bbox 898 3253 972 3293; x_wconf 85' lang='lat' dir='ltr'>suit</span> <span class='ocrx_word' id='word_1_532' title='bbox 984 3254 1109 3285; x_wconf 81' lang='lat' dir='ltr'>Doctor-</span> <span class='ocrx_word' id='word_1_533' title='bbox 1130 3255 1163 3286; x_wconf 90' lang='lat' dir='ltr'>in</span> <span class='ocrx_word' id='word_1_534' title='bbox 1178 3265 1232 3286; x_wconf 89' lang='lat' dir='ltr'>ca-</span> 
     </span>
     <span class='ocr_line' id='line_1_68' title="bbox 157 3296 1231 3340; baseline 0.004 -14"><span class='ocrx_word' id='word_1_535' title='bbox 157 3306 250 3327; x_wconf 77' lang='lat' dir='ltr'>mera</span> <span class='ocrx_word' id='word_1_536' title='bbox 271 3296 403 3327; x_wconf 89' lang='lat' dir='ltr'>Abbatis</span> <span class='ocrx_word' id='word_1_537' title='bbox 417 3301 474 3327; x_wconf 88' lang='lat' dir='ltr'>etc.</span> <span class='ocrx_word' id='word_1_538' title='bbox 493 3297 569 3327; x_wconf 83' lang='lat' dir='ltr'>Post</span> <span class='ocrx_word' id='word_1_539' title='bbox 582 3297 729 3328; x_wconf 80' lang='lat' dir='ltr'>devotum</span> <span class='ocrx_word' id='word_1_540' title='bbox 744 3299 932 3338; x_wconf 84' lang='lat' dir='ltr'>sepulturae</span> <span class='ocrx_word' id='word_1_541' title='bbox 945 3298 1101 3339; x_wconf 83' lang='lat' dir='ltr'>officium,</span> <span class='ocrx_word' id='word_1_542' title='bbox 1113 3299 1231 3340; x_wconf 90' lang='lat' dir='ltr'>frater</span> 
     </span>
     <span class='ocr_line' id='line_1_69' title="bbox 157 3341 1233 3384; baseline 0.002 -12"><span class='ocrx_word' id='word_1_543' title='bbox 157 3341 355 3382; x_wconf 70' lang='lat' dir='ltr'>Rasnaldus</span> <span class='ocrx_word' id='word_1_544' title='bbox 377 3341 418 3371; x_wconf 92' lang='lat' dir='ltr'>de</span> <span class='ocrx_word' id='word_1_545' title='bbox 437 3341 586 3381; x_wconf 83' lang='lat' dir='ltr'>Piperno.</span> <span class='ocrx_word' id='word_1_546' title='bbox 598 3363 606 3372; x_wconf 90' lang='lat'>.</span> <span class='ocrx_word' id='word_1_547' title='bbox 617 3363 626 3372; x_wconf 87' lang='lat'>.</span> <span class='ocrx_word' id='word_1_548' title='bbox 655 3342 860 3382; x_wconf 81' lang='lat' dir='ltr'>praedicavit</span> <span class='ocrx_word' id='word_1_549' title='bbox 877 3348 908 3373; x_wconf 82' lang='lat' dir='ltr'>et</span> <span class='ocrx_word' id='word_1_550' title='bbox 926 3342 1026 3373; x_wconf 81' lang='lat' dir='ltr'>dixit:</span> <span class='ocrx_word' id='word_1_551' title='bbox 1047 3343 1122 3384; x_wconf 78' lang='lat' dir='ltr'>Ego</span> <span class='ocrx_word' id='word_1_552' title='bbox 1141 3345 1233 3374; x_wconf 90' lang='lat' dir='ltr'>istius</span> 
     </span>
     <span class='ocr_line' id='line_1_70' title="bbox 157 3385 1230 3425; baseline 0.003 -10"><span class='ocrx_word' id='word_1_553' title='bbox 157 3385 310 3416; x_wconf 84' lang='lat' dir='ltr'>Doctoris</span> <span class='ocrx_word' id='word_1_554' title='bbox 333 3386 431 3416; x_wconf 88' lang='lat' dir='ltr'>totius</span> <span class='ocrx_word' id='word_1_555' title='bbox 454 3386 538 3416; x_wconf 77' lang='lat' dir='ltr'>vitae</span> <span class='ocrx_word' id='word_1_556' title='bbox 561 3387 733 3417; x_wconf 80' lang='lat' dir='ltr'>exterioris</span> <span class='ocrx_word' id='word_1_557' title='bbox 756 3392 787 3416; x_wconf 88' lang='lat' dir='ltr'>et</span> <span class='ocrx_word' id='word_1_558' title='bbox 809 3387 1023 3417; x_wconf 86' lang='lat' dir='ltr'>conscientiae</span> <span class='ocrx_word' id='word_1_559' title='bbox 1041 3388 1130 3418; x_wconf 84' lang='lat' dir='ltr'>testis</span> <span class='ocrx_word' id='word_1_560' title='bbox 1147 3397 1230 3425; x_wconf 90' lang='lat' dir='ltr'>sum,</span> 
     </span>
     <span class='ocr_line' id='line_1_71' title="bbox 158 3429 1233 3471; baseline 0.002 -11"><span class='ocrx_word' id='word_1_561' title='bbox 158 3434 191 3463; x_wconf 79' lang='lat' dir='ltr'>et</span> <span class='ocrx_word' id='word_1_562' title='bbox 203 3429 402 3471; x_wconf 79' lang='lat' dir='ltr'>frequenter</span> <span class='ocrx_word' id='word_1_563' title='bbox 429 3429 541 3460; x_wconf 81' lang='lat' dir='ltr'>audivi</span> <span class='ocrx_word' id='word_1_564' title='bbox 562 3430 712 3460; x_wconf 88' lang='lat' dir='ltr'>meritum</span> <span class='ocrx_word' id='word_1_565' title='bbox 735 3431 806 3461; x_wconf 85' lang='lat' dir='ltr'>eius</span> <span class='ocrx_word' id='word_1_566' title='bbox 828 3436 893 3461; x_wconf 84' lang='lat' dir='ltr'>tam</span> <span class='ocrx_word' id='word_1_567' title='bbox 923 3430 1066 3468; x_wconf 84' lang='lat' dir='ltr'>evidens,</span> <span class='ocrx_word' id='word_1_568' title='bbox 1092 3436 1124 3461; x_wconf 87' lang='lat' dir='ltr'>et</span> <span class='ocrx_word' id='word_1_569' title='bbox 1147 3441 1233 3462; x_wconf 84' lang='lat' dir='ltr'>nunc</span> 
     </span>
     <span class='ocr_line' id='line_1_72' title="bbox 157 3472 1232 3515; baseline 0 -10"><span class='ocrx_word' id='word_1_570' title='bbox 157 3475 346 3515; x_wconf 82' lang='lat' dir='ltr'>generalem</span> <span class='ocrx_word' id='word_1_571' title='bbox 371 3475 441 3505; x_wconf 88' lang='lat' dir='ltr'>eius</span> <span class='ocrx_word' id='word_1_572' title='bbox 463 3473 694 3514; x_wconf 86' lang='lat' dir='ltr'>confessionem</span> <span class='ocrx_word' id='word_1_573' title='bbox 717 3474 830 3505; x_wconf 82' lang='lat' dir='ltr'>audivi</span> <span class='ocrx_word' id='word_1_574' title='bbox 851 3479 909 3504; x_wconf 88' lang='lat' dir='ltr'>etc.</span> <span class='ocrx_word' id='word_1_575' title='bbox 933 3472 1138 3505; x_wconf 88' lang='lat' dir='ltr'>Effutientem</span> <span class='ocrx_word' id='word_1_576' title='bbox 1160 3475 1232 3515; x_wconf 91' lang='lat' dir='ltr'>quis</span> 
     </span>
     <span class='ocr_line' id='line_1_73' title="bbox 158 3517 1231 3558; baseline 0 -9"><span class='ocrx_word' id='word_1_577' title='bbox 158 3518 260 3549; x_wconf 89' lang='lat' dir='ltr'>modo</span> <span class='ocrx_word' id='word_1_578' title='bbox 275 3518 353 3549; x_wconf 86' lang='lat' dir='ltr'>ferat</span> <span class='ocrx_word' id='word_1_579' title='bbox 367 3518 543 3549; x_wconf 87' lang='lat' dir='ltr'>lachettum</span> <span class='ocrx_word' id='word_1_580' title='bbox 561 3518 782 3558; x_wconf 85' lang='lat' dir='ltr'>Malaspinam,</span> <span class='ocrx_word' id='word_1_581' title='bbox 797 3517 995 3548; x_wconf 88' lang='lat' dir='ltr'>monachum</span> <span class='ocrx_word' id='word_1_582' title='bbox 1010 3518 1126 3548; x_wconf 90' lang='lat' dir='ltr'>obiisse</span> <span class='ocrx_word' id='word_1_583' title='bbox 1141 3519 1231 3549; x_wconf 90' lang='lat' dir='ltr'>Tho-</span> 
     </span>
     <span class='ocr_line' id='line_1_74' title="bbox 157 3560 1173 3602; baseline 0 -9"><span class='ocrx_word' id='word_1_584' title='bbox 157 3571 247 3593; x_wconf 79' lang='lat' dir='ltr'>mam</span> <span class='ocrx_word' id='word_1_585' title='bbox 268 3562 302 3593; x_wconf 90' lang='lat' dir='ltr'>in</span> <span class='ocrx_word' id='word_1_586' title='bbox 325 3563 483 3594; x_wconf 89' lang='lat' dir='ltr'>coenobio</span> <span class='ocrx_word' id='word_1_587' title='bbox 506 3560 761 3593; x_wconf 82' lang='lat' dir='ltr'>Fossae-novae?</span> <span class='ocrx_word' id='word_1_588' title='bbox 1171 3599 1173 3602; x_wconf 21' lang='lat' dir='ltr'>v</span> 
     </span>
     <span class='ocr_line' id='line_1_75' title="bbox 228 3604 1231 3648; baseline -0.001 -11"><span class='ocrx_word' id='word_1_589' title='bbox 228 3607 384 3638; x_wconf 76' lang='lat' dir='ltr'>Fabulam</span> <span class='ocrx_word' id='word_1_590' title='bbox 414 3607 532 3639; x_wconf 90' lang='lat' dir='ltr'>claudit</span> <span class='ocrx_word' id='word_1_591' title='bbox 554 3607 623 3638; x_wconf 92' lang='lat' dir='ltr'>ille:</span> <span class='ocrx_word' id='word_1_592' title='bbox 650 3604 794 3648; x_wconf 85' lang='lat' dir='ltr'>Eiusque</span> <span class='ocrx_word' id='word_1_593' title='bbox 822 3606 888 3637; x_wconf 86' lang='lat' dir='ltr'>fato</span> <span class='ocrx_word' id='word_1_594' title='bbox 917 3605 1035 3644; x_wconf 87' lang='lat' dir='ltr'>functi,</span> <span class='ocrx_word' id='word_1_595' title='bbox 1066 3606 1231 3647; x_wconf 90' lang='lat' dir='ltr'>inquiens,</span> 
     </span>
     <span class='ocr_line' id='line_1_76' title="bbox 157 3650 1231 3692; baseline -0.002 -9"><span class='ocrx_word' id='word_1_596' title='bbox 157 3660 276 3692; x_wconf 80' lang='lat' dir='ltr'>corpus</span> <span class='ocrx_word' id='word_1_597' title='bbox 297 3652 439 3683; x_wconf 83' lang='lat' dir='ltr'>obtinent</span> <span class='ocrx_word' id='word_1_598' title='bbox 461 3652 610 3683; x_wconf 86' lang='lat' dir='ltr'>monachi</span> <span class='ocrx_word' id='word_1_599' title='bbox 613 3659 628 3690; x_wconf 90' lang='lat'><em>;</em></span> <span class='ocrx_word' id='word_1_600' title='bbox 650 3662 687 3683; x_wconf 87' lang='lat' dir='ltr'>ac</span> <span class='ocrx_word' id='word_1_601' title='bbox 710 3651 736 3682; x_wconf 91' lang='lat' dir='ltr'>si</span> <span class='ocrx_word' id='word_1_602' title='bbox 755 3651 917 3690; x_wconf 84' lang='lat' dir='ltr'>eiusdem,</span> <span class='ocrx_word' id='word_1_603' title='bbox 940 3650 1039 3682; x_wconf 87' lang='lat' dir='ltr'>veluti</span> <span class='ocrx_word' id='word_1_604' title='bbox 1063 3651 1231 3682; x_wconf 86' lang='lat' dir='ltr'>cuiusdam</span> 
     </span>
    </p>
   </div>
   <div class='ocr_carea' id='block_1_3' title="bbox 2277 303 2360 327">
    <p class='ocr_par' dir='ltr' id='par_1_3' title="bbox 2277 303 2360 327">
     <span class='ocr_line' id='line_1_77' title="bbox 2277 303 2360 327; baseline 0.012 -1"><span class='ocrx_word' id='word_1_605' title='bbox 2277 303 2360 327; x_wconf 83' lang='lat' dir='ltr'>LXXI</span> 
     </span>
    </p>
   </div>
   <div class='ocr_carea' id='block_1_4' title="bbox 1283 363 2367 3688">
    <p class='ocr_par' dir='ltr' id='par_1_4' title="bbox 1283 363 2361 1069">
     <span class='ocr_line' id='line_1_78' title="bbox 1287 363 2359 404; baseline 0.006 -11"><span class='ocrx_word' id='word_1_606' title='bbox 1287 363 1456 401; x_wconf 85' lang='lat' dir='ltr'>monachi,</span> <span class='ocrx_word' id='word_1_607' title='bbox 1486 363 1545 394; x_wconf 89' lang='lat' dir='ltr'>sibi</span> <span class='ocrx_word' id='word_1_608' title='bbox 1576 373 1692 404; x_wconf 88' lang='lat' dir='ltr'>corpus</span> <span class='ocrx_word' id='word_1_609' title='bbox 1727 364 1832 395; x_wconf 88' lang='lat' dir='ltr'>deberi</span> <span class='ocrx_word' id='word_1_610' title='bbox 1863 365 2098 396; x_wconf 87' lang='lat' dir='ltr'>contendissent</span> <span class='ocrx_word' id='word_1_611' title='bbox 2128 366 2359 400; x_wconf 90' lang='lat' dir='ltr'>Cistercienses.</span> 
     </span>
     <span class='ocr_line' id='line_1_79' title="bbox 1287 407 2361 449; baseline 0.006 -12"><span class='ocrx_word' id='word_1_612' title='bbox 1287 407 1352 438; x_wconf 90' lang='lat' dir='ltr'>Sibi</span> <span class='ocrx_word' id='word_1_613' title='bbox 1375 408 1425 438; x_wconf 91' lang='lat' dir='ltr'>ius</span> <span class='ocrx_word' id='word_1_614' title='bbox 1448 408 1544 447; x_wconf 90' lang='lat' dir='ltr'>istud,</span> <span class='ocrx_word' id='word_1_615' title='bbox 1568 409 1658 449; x_wconf 77' lang='lat' dir='ltr'>quod</span> <span class='ocrx_word' id='word_1_616' title='bbox 1680 408 1856 449; x_wconf 86' lang='lat' dir='ltr'>Malaspina</span> <span class='ocrx_word' id='word_1_617' title='bbox 1880 416 2082 440; x_wconf 88' lang='lat' dir='ltr'>commentus</span> <span class='ocrx_word' id='word_1_618' title='bbox 2106 417 2162 448; x_wconf 91' lang='lat' dir='ltr'>est,</span> <span class='ocrx_word' id='word_1_619' title='bbox 2187 421 2253 441; x_wconf 91' lang='lat' dir='ltr'>non</span> <span class='ocrx_word' id='word_1_620' title='bbox 2276 423 2361 443; x_wconf 88' lang='lat' dir='ltr'>arro—</span> 
     </span>
     <span class='ocr_line' id='line_1_80' title="bbox 1286 452 2361 494; baseline 0.005 -12"><span class='ocrx_word' id='word_1_621' title='bbox 1286 459 1400 491; x_wconf 87' lang='lat' dir='ltr'>garunt</span> <span class='ocrx_word' id='word_1_622' title='bbox 1423 452 1655 483; x_wconf 85' lang='lat' dir='ltr'>Fossanovani:</span> <span class='ocrx_word' id='word_1_623' title='bbox 1681 453 1865 494; x_wconf 88' lang='lat' dir='ltr'>factumque</span> <span class='ocrx_word' id='word_1_624' title='bbox 1889 453 1956 484; x_wconf 91' lang='lat' dir='ltr'>sine</span> <span class='ocrx_word' id='word_1_625' title='bbox 1980 453 2078 484; x_wconf 90' lang='lat' dir='ltr'>dubio</span> <span class='ocrx_word' id='word_1_626' title='bbox 2102 454 2133 484; x_wconf 91' lang='lat' dir='ltr'>vi</span> <span class='ocrx_word' id='word_1_627' title='bbox 2157 461 2187 485; x_wconf 90' lang='lat' dir='ltr'>et</span> <span class='ocrx_word' id='word_1_628' title='bbox 2211 455 2361 487; x_wconf 88' lang='lat' dir='ltr'>violentia</span> 
     </span>
     <span class='ocr_line' id='line_1_81' title="bbox 1287 497 2358 537; baseline 0.004 -11"><span class='ocrx_word' id='word_1_629' title='bbox 1287 497 1599 536; x_wconf 89' lang='lat' dir='ltr'>consanguineorum</span> <span class='ocrx_word' id='word_1_630' title='bbox 1614 497 1761 528; x_wconf 84' lang='lat' dir='ltr'>Thomae</span> <span class='ocrx_word' id='word_1_631' title='bbox 1778 498 1996 528; x_wconf 87' lang='lat' dir='ltr'>Dominorum</span> <span class='ocrx_word' id='word_1_632' title='bbox 2014 498 2052 528; x_wconf 91' lang='lat' dir='ltr'>de</span> <span class='ocrx_word' id='word_1_633' title='bbox 2068 498 2225 537; x_wconf 81' lang='lat' dir='ltr'>Ceccano,</span> <span class='ocrx_word' id='word_1_634' title='bbox 2235 510 2274 530; x_wconf 92' lang='lat' dir='ltr'>ne</span> <span class='ocrx_word' id='word_1_635' title='bbox 2290 510 2358 531; x_wconf 91' lang='lat' dir='ltr'>cor-</span> 
     </span>
     <span class='ocr_line' id='line_1_82' title="bbox 1286 541 2359 580; baseline 0.004 -9"><span class='ocrx_word' id='word_1_636' title='bbox 1286 551 1346 580; x_wconf 91' lang='lat' dir='ltr'>pus</span> <span class='ocrx_word' id='word_1_637' title='bbox 1366 541 1433 571; x_wconf 89' lang='lat' dir='ltr'>eius</span> <span class='ocrx_word' id='word_1_638' title='bbox 1452 541 1631 572; x_wconf 84' lang='lat' dir='ltr'>trasferrent</span> <span class='ocrx_word' id='word_1_639' title='bbox 1650 541 1758 572; x_wconf 87' lang='lat' dir='ltr'>fratres</span> <span class='ocrx_word' id='word_1_640' title='bbox 1776 542 2018 574; x_wconf 62' lang='lat' dir='ltr'>Praedicatores</span> <span class='ocrx_word' id='word_1_641' title='bbox 2048 543 2130 574; x_wconf 90' lang='lat' dir='ltr'>Rem</span> <span class='ocrx_word' id='word_1_642' title='bbox 2149 550 2295 574; x_wconf 84' lang='lat' dir='ltr'>testatam</span> <span class='ocrx_word' id='word_1_643' title='bbox 2312 554 2359 575; x_wconf 88' lang='lat' dir='ltr'>re-</span> 
     </span>
     <span class='ocr_line' id='line_1_83' title="bbox 1284 585 2359 626; baseline 0.004 -11"><span class='ocrx_word' id='word_1_644' title='bbox 1284 585 1378 626; x_wconf 91' lang='lat' dir='ltr'>liquit</span> <span class='ocrx_word' id='word_1_645' title='bbox 1401 586 1606 616; x_wconf 87' lang='lat' dir='ltr'>Ptolomaeus</span> <span class='ocrx_word' id='word_1_646' title='bbox 1625 586 1659 616; x_wconf 90' lang='lat' dir='ltr'>in</span> <span class='ocrx_word' id='word_1_647' title='bbox 1677 586 1854 617; x_wconf 88' lang='lat' dir='ltr'>Annalibus</span> <span class='ocrx_word' id='word_1_648' title='bbox 1873 587 1946 617; x_wconf 88' lang='lat' dir='ltr'>loco</span> <span class='ocrx_word' id='word_1_649' title='bbox 1966 587 2076 618; x_wconf 84' lang='lat' dir='ltr'>citato:</span> <span class='ocrx_word' id='word_1_650' title='bbox 2104 587 2279 619; x_wconf 85' lang='lat' dir='ltr'>Voluerunt</span> <span class='ocrx_word' id='word_1_651' title='bbox 2301 598 2359 619; x_wconf 90' lang='lat' dir='ltr'>au-</span> 
     </span>
     <span class='ocr_line' id='line_1_84' title="bbox 1284 629 2360 672; baseline 0.004 -12"><span class='ocrx_word' id='word_1_652' title='bbox 1284 635 1346 660; x_wconf 92' lang='lat' dir='ltr'>tem</span> <span class='ocrx_word' id='word_1_653' title='bbox 1357 629 1490 670; x_wconf 88' lang='lat' dir='ltr'>fratres</span> <span class='ocrx_word' id='word_1_654' title='bbox 1512 631 1591 668; x_wconf 88' lang='lat' dir='ltr'>eius,</span> <span class='ocrx_word' id='word_1_655' title='bbox 1612 630 1769 671; x_wconf 88' lang='lat' dir='ltr'>inquiens,</span> <span class='ocrx_word' id='word_1_656' title='bbox 1790 641 1907 672; x_wconf 75' lang='lat' dir='ltr'>corpus</span> <span class='ocrx_word' id='word_1_657' title='bbox 1926 631 2125 672; x_wconf 85' lang='lat' dir='ltr'>transferre:</span> <span class='ocrx_word' id='word_1_658' title='bbox 2142 632 2200 663; x_wconf 88' lang='lat' dir='ltr'>sed</span> <span class='ocrx_word' id='word_1_659' title='bbox 2216 633 2360 664; x_wconf 88' lang='lat' dir='ltr'>Domina</span> 
     </span>
     <span class='ocr_line' id='line_1_85' title="bbox 1285 672 2359 717; baseline 0.004 -13"><span class='ocrx_word' id='word_1_660' title='bbox 1285 672 1402 716; x_wconf 89' lang='lat' dir='ltr'>(neptis</span> <span class='ocrx_word' id='word_1_661' title='bbox 1425 673 1586 717; x_wconf 84' lang='lat' dir='ltr'>Thomae)</span> <span class='ocrx_word' id='word_1_662' title='bbox 1611 685 1675 706; x_wconf 88' lang='lat' dir='ltr'>non</span> <span class='ocrx_word' id='word_1_663' title='bbox 1694 676 1844 716; x_wconf 84' lang='lat' dir='ltr'>permisit</span> <span class='ocrx_word' id='word_1_664' title='bbox 1860 686 1925 716; x_wconf 90' lang='lat' dir='ltr'>pro</span> <span class='ocrx_word' id='word_1_665' title='bbox 1950 676 2120 707; x_wconf 84' lang='lat' dir='ltr'>dilectione</span> <span class='ocrx_word' id='word_1_666' title='bbox 2143 681 2174 707; x_wconf 87' lang='lat' dir='ltr'>et</span> <span class='ocrx_word' id='word_1_667' title='bbox 2191 676 2359 708; x_wconf 75' lang='lat' dir='ltr'>devotione</span> 
     </span>
     <span class='ocr_line' id='line_1_86' title="bbox 1283 719 2356 761; baseline 0.004 -13"><span class='ocrx_word' id='word_1_668' title='bbox 1283 728 1380 759; x_wconf 88' lang='lat' dir='ltr'>quam</span> <span class='ocrx_word' id='word_1_669' title='bbox 1404 719 1448 749; x_wconf 90' lang='lat' dir='ltr'>ad</span> <span class='ocrx_word' id='word_1_670' title='bbox 1471 720 1574 759; x_wconf 89' lang='lat' dir='ltr'>ipsum</span> <span class='ocrx_word' id='word_1_671' title='bbox 1602 720 1754 760; x_wconf 82' lang='lat' dir='ltr'>gerebat:</span> <span class='ocrx_word' id='word_1_672' title='bbox 1779 721 1888 761; x_wconf 88' lang='lat' dir='ltr'>sicque</span> <span class='ocrx_word' id='word_1_673' title='bbox 1908 719 1994 761; x_wconf 84' lang='lat' dir='ltr'>fecit</span> <span class='ocrx_word' id='word_1_674' title='bbox 2021 721 2179 752; x_wconf 87' lang='lat' dir='ltr'>occultari</span> <span class='ocrx_word' id='word_1_675' title='bbox 2200 731 2264 761; x_wconf 87' lang='lat' dir='ltr'>per</span> <span class='ocrx_word' id='word_1_676' title='bbox 2290 732 2356 752; x_wconf 92' lang='lat' dir='ltr'>mo-</span> 
     </span>
     <span class='ocr_line' id='line_1_87' title="bbox 1285 763 2355 797; baseline 0.004 -4"><span class='ocrx_word' id='word_1_677' title='bbox 1285 763 1413 794; x_wconf 87' lang='lat' dir='ltr'>nachos.</span> <span class='ocrx_word' id='word_1_678' title='bbox 1432 763 1523 793; x_wconf 85' lang='lat' dir='ltr'>Paria</span> <span class='ocrx_word' id='word_1_679' title='bbox 1547 763 1651 794; x_wconf 88' lang='lat' dir='ltr'>scribit</span> <span class='ocrx_word' id='word_1_680' title='bbox 1670 764 1703 794; x_wconf 91' lang='lat' dir='ltr'>in</span> <span class='ocrx_word' id='word_1_681' title='bbox 1723 764 1863 795; x_wconf 85' lang='lat' dir='ltr'>Historia</span> <span class='ocrx_word' id='word_1_682' title='bbox 1883 765 2103 796; x_wconf 83' lang='lat' dir='ltr'>ecclesiastica:</span> <span class='ocrx_word' id='word_1_683' title='bbox 2124 766 2271 796; x_wconf 87' lang='lat' dir='ltr'>Tradunt</span> <span class='ocrx_word' id='word_1_684' title='bbox 2294 776 2355 797; x_wconf 89' lang='lat' dir='ltr'>au-</span> 
     </span>
     <span class='ocr_line' id='line_1_88' title="bbox 1284 808 2359 848; baseline 0.003 -10"><span class='ocrx_word' id='word_1_685' title='bbox 1284 815 1346 838; x_wconf 85' lang='lat' dir='ltr'>tem</span> <span class='ocrx_word' id='word_1_686' title='bbox 1377 808 1548 845; x_wconf 84' lang='lat' dir='ltr'>historiae,</span> <span class='ocrx_word' id='word_1_687' title='bbox 1578 808 1664 848; x_wconf 88' lang='lat' dir='ltr'>quod</span> <span class='ocrx_word' id='word_1_688' title='bbox 1692 808 1804 839; x_wconf 87' lang='lat' dir='ltr'>ibidem</span> <span class='ocrx_word' id='word_1_689' title='bbox 1837 810 1946 840; x_wconf 87' lang='lat' dir='ltr'>multis</span> <span class='ocrx_word' id='word_1_690' title='bbox 1978 810 2146 840; x_wconf 86' lang='lat' dir='ltr'>miraculis</span> <span class='ocrx_word' id='word_1_691' title='bbox 2178 810 2297 841; x_wconf 87' lang='lat' dir='ltr'>claruit</span> <span class='ocrx_word' id='word_1_692' title='bbox 2327 816 2359 841; x_wconf 90' lang='lat' dir='ltr'>et</span> 
     </span>
     <span class='ocr_line' id='line_1_89' title="bbox 1284 852 2359 895; baseline 0.004 -13"><span class='ocrx_word' id='word_1_693' title='bbox 1284 853 1394 883; x_wconf 88' lang='lat' dir='ltr'>multis</span> <span class='ocrx_word' id='word_1_694' title='bbox 1417 852 1543 883; x_wconf 89' lang='lat' dir='ltr'>indiciis</span> <span class='ocrx_word' id='word_1_695' title='bbox 1565 852 1657 883; x_wconf 87' lang='lat' dir='ltr'>Deus</span> <span class='ocrx_word' id='word_1_696' title='bbox 1688 862 1781 883; x_wconf 86' lang='lat' dir='ltr'>suam</span> <span class='ocrx_word' id='word_1_697' title='bbox 1811 854 2012 884; x_wconf 87' lang='lat' dir='ltr'>sanctitatem</span> <span class='ocrx_word' id='word_1_698' title='bbox 2041 854 2198 885; x_wconf 82' lang='lat' dir='ltr'>ostendit:</span> <span class='ocrx_word' id='word_1_699' title='bbox 2219 860 2359 895; x_wconf 85' lang='lat' dir='ltr'>propter</span> 
     </span>
     <span class='ocr_line' id='line_1_90' title="bbox 1283 898 2357 939; baseline 0.004 -13"><span class='ocrx_word' id='word_1_700' title='bbox 1283 906 1380 937; x_wconf 92' lang='lat' dir='ltr'>quam</span> <span class='ocrx_word' id='word_1_701' title='bbox 1404 906 1536 927; x_wconf 87' lang='lat' dir='ltr'>causam</span> <span class='ocrx_word' id='word_1_702' title='bbox 1561 898 1614 927; x_wconf 86' lang='lat' dir='ltr'>sui</span> <span class='ocrx_word' id='word_1_703' title='bbox 1636 898 1885 937; x_wconf 83' lang='lat' dir='ltr'>consanguinei,</span> <span class='ocrx_word' id='word_1_704' title='bbox 1913 908 1984 928; x_wconf 88' lang='lat' dir='ltr'>cum</span> <span class='ocrx_word' id='word_1_705' title='bbox 2013 899 2078 929; x_wconf 85' lang='lat' dir='ltr'>sint</span> <span class='ocrx_word' id='word_1_706' title='bbox 2099 900 2299 939; x_wconf 86' lang='lat' dir='ltr'>potentiores</span> <span class='ocrx_word' id='word_1_707' title='bbox 2317 900 2357 930; x_wconf 90' lang='lat' dir='ltr'>de</span> 
     </span>
     <span class='ocr_line' id='line_1_91' title="bbox 1287 941 2360 984; baseline 0.004 -14"><span class='ocrx_word' id='word_1_708' title='bbox 1287 941 1485 981; x_wconf 86' lang='lat' dir='ltr'>Campania,</span> <span class='ocrx_word' id='word_1_709' title='bbox 1511 950 1574 971; x_wconf 90' lang='lat' dir='ltr'>non</span> <span class='ocrx_word' id='word_1_710' title='bbox 1593 942 1815 980; x_wconf 85' lang='lat' dir='ltr'>permiserunt</span> <span class='ocrx_word' id='word_1_711' title='bbox 1840 951 1956 982; x_wconf 86' lang='lat' dir='ltr'>corpus</span> <span class='ocrx_word' id='word_1_712' title='bbox 1983 942 2057 972; x_wconf 88' lang='lat' dir='ltr'>inde</span> <span class='ocrx_word' id='word_1_713' title='bbox 2083 943 2277 984; x_wconf 74' lang='lat' dir='ltr'>transferri,·</span> <span class='ocrx_word' id='word_1_714' title='bbox 2295 945 2360 974; x_wconf 89' lang='lat' dir='ltr'>imo</span> 
     </span>
     <span class='ocr_line' id='line_1_92' title="bbox 1284 984 2358 1026; baseline 0.005 -12"><span class='ocrx_word' id='word_1_715' title='bbox 1284 995 1356 1015; x_wconf 91' lang='lat' dir='ltr'>cum</span> <span class='ocrx_word' id='word_1_716' title='bbox 1379 984 1545 1015; x_wconf 87' lang='lat' dir='ltr'>audissent</span> <span class='ocrx_word' id='word_1_717' title='bbox 1568 985 1654 1025; x_wconf 90' lang='lat' dir='ltr'>quod</span> <span class='ocrx_word' id='word_1_718' title='bbox 1665 984 1799 1025; x_wconf 87' lang='lat' dir='ltr'>fratres</span> <span class='ocrx_word' id='word_1_719' title='bbox 1821 987 1873 1016; x_wconf 86' lang='lat' dir='ltr'>sui</span> <span class='ocrx_word' id='word_1_720' title='bbox 1900 985 2032 1017; x_wconf 82' lang='lat' dir='ltr'>Ordinis</span> <span class='ocrx_word' id='word_1_721' title='bbox 2054 987 2114 1017; x_wconf 88' lang='lat' dir='ltr'>hoc</span> <span class='ocrx_word' id='word_1_722' title='bbox 2139 988 2358 1026; x_wconf 86' lang='lat' dir='ltr'>attentabant,</span> 
     </span>
     <span class='ocr_line' id='line_1_93' title="bbox 1284 1029 1801 1069; baseline 0 -9"><span class='ocrx_word' id='word_1_723' title='bbox 1284 1038 1402 1069; x_wconf 77' lang='lat' dir='ltr'>corpus</span> <span class='ocrx_word' id='word_1_724' title='bbox 1425 1030 1526 1069; x_wconf 86' lang='lat' dir='ltr'>ipsius</span> <span class='ocrx_word' id='word_1_725' title='bbox 1548 1029 1801 1060; x_wconf 80' lang='lat' dir='ltr'>occultaverunt.</span> 
     </span>
    </p>

    <p class='ocr_par' dir='ltr' id='par_1_5' title="bbox 1283 1073 2367 2617">
     <span class='ocr_line' id='line_1_94' title="bbox 1351 1073 2355 1116; baseline 0.005 -14"><span class='ocrx_word' id='word_1_726' title='bbox 1351 1073 1418 1103; x_wconf 85' lang='lat' dir='ltr'>Tot</span> <span class='ocrx_word' id='word_1_727' title='bbox 1441 1083 1516 1112; x_wconf 91' lang='lat' dir='ltr'>ergo</span> <span class='ocrx_word' id='word_1_728' title='bbox 1541 1073 1740 1113; x_wconf 82' lang='lat' dir='ltr'>deturpatam</span> <span class='ocrx_word' id='word_1_729' title='bbox 1763 1074 1935 1105; x_wconf 86' lang='lat' dir='ltr'>mendaciis</span> <span class='ocrx_word' id='word_1_730' title='bbox 1959 1074 2142 1116; x_wconf 91' lang='lat' dir='ltr'>putidisque</span> <span class='ocrx_word' id='word_1_731' title='bbox 2165 1076 2355 1107; x_wconf 90' lang='lat' dir='ltr'>commentis</span> 
     </span>
     <span class='ocr_line' id='line_1_95' title="bbox 1285 1117 2360 1160; baseline 0.004 -13"><span class='ocrx_word' id='word_1_732' title='bbox 1285 1117 1414 1148; x_wconf 85' lang='lat' dir='ltr'>lachetti</span> <span class='ocrx_word' id='word_1_733' title='bbox 1433 1117 1633 1155; x_wconf 87' lang='lat' dir='ltr'>sententiam,</span> <span class='ocrx_word' id='word_1_734' title='bbox 1653 1127 1735 1158; x_wconf 90' lang='lat' dir='ltr'>quae</span> <span class='ocrx_word' id='word_1_735' title='bbox 1754 1118 1883 1148; x_wconf 89' lang='lat' dir='ltr'>nonnisi</span> <span class='ocrx_word' id='word_1_736' title='bbox 1905 1118 2075 1159; x_wconf 89' lang='lat' dir='ltr'>scriptoris,</span> <span class='ocrx_word' id='word_1_737' title='bbox 2095 1120 2242 1150; x_wconf 89' lang='lat' dir='ltr'>Thomae</span> <span class='ocrx_word' id='word_1_738' title='bbox 2261 1128 2360 1160; x_wconf 83' lang='lat' dir='ltr'>gesta,</span> 
     </span>
     <span class='ocr_line' id='line_1_96' title="bbox 1285 1161 2357 1205; baseline 0.005 -14"><span class='ocrx_word' id='word_1_739' title='bbox 1285 1171 1366 1202; x_wconf 86' lang='lat' dir='ltr'>quae</span> <span class='ocrx_word' id='word_1_740' title='bbox 1391 1161 1504 1192; x_wconf 88' lang='lat' dir='ltr'>scirent</span> <span class='ocrx_word' id='word_1_741' title='bbox 1528 1171 1652 1199; x_wconf 89' lang='lat' dir='ltr'>omnes,</span> <span class='ocrx_word' id='word_1_742' title='bbox 1677 1162 1790 1202; x_wconf 90' lang='lat' dir='ltr'>supine</span> <span class='ocrx_word' id='word_1_743' title='bbox 1813 1162 1998 1202; x_wconf 87' lang='lat' dir='ltr'>ignorantis,</span> <span class='ocrx_word' id='word_1_744' title='bbox 2023 1163 2127 1194; x_wconf 89' lang='lat' dir='ltr'>foetus</span> <span class='ocrx_word' id='word_1_745' title='bbox 2147 1174 2214 1194; x_wconf 89' lang='lat' dir='ltr'>esse</span> <span class='ocrx_word' id='word_1_746' title='bbox 2233 1171 2357 1205; x_wconf 85' lang='lat' dir='ltr'>potest;</span> 
     </span>
     <span class='ocr_line' id='line_1_97' title="bbox 1285 1205 2360 1248; baseline 0.005 -13"><span class='ocrx_word' id='word_1_747' title='bbox 1285 1205 1403 1236; x_wconf 91' lang='lat' dir='ltr'>mirum</span> <span class='ocrx_word' id='word_1_748' title='bbox 1427 1212 1474 1236; x_wconf 92' lang='lat' dir='ltr'>est</span> <span class='ocrx_word' id='word_1_749' title='bbox 1497 1205 1623 1246; x_wconf 87' lang='lat' dir='ltr'>allegari</span> <span class='ocrx_word' id='word_1_750' title='bbox 1647 1216 1665 1236; x_wconf 88' lang='lat' dir='ltr'>a</span> <span class='ocrx_word' id='word_1_751' title='bbox 1688 1206 1899 1247; x_wconf 89' lang='lat' dir='ltr'>Disquisitore</span> <span class='ocrx_word' id='word_1_752' title='bbox 1923 1208 2083 1247; x_wconf 89' lang='lat' dir='ltr'>potuisse,</span> <span class='ocrx_word' id='word_1_753' title='bbox 2108 1214 2144 1238; x_wconf 93' lang='lat' dir='ltr'>ut</span> <span class='ocrx_word' id='word_1_754' title='bbox 2172 1219 2360 1248; x_wconf 89' lang='lat' dir='ltr'>praeconce-</span> 
     </span>
     <span class='ocr_line' id='line_1_98' title="bbox 1285 1250 2357 1290; baseline 0.004 -10"><span class='ocrx_word' id='word_1_755' title='bbox 1285 1257 1357 1290; x_wconf 83' lang='lat' dir='ltr'>ptae</span> <span class='ocrx_word' id='word_1_756' title='bbox 1380 1250 1559 1290; x_wconf 85' lang='lat' dir='ltr'>opinationi</span> <span class='ocrx_word' id='word_1_757' title='bbox 1584 1250 1622 1280; x_wconf 88' lang='lat' dir='ltr'>de</span> <span class='ocrx_word' id='word_1_758' title='bbox 1646 1251 1840 1282; x_wconf 87' lang='lat' dir='ltr'>monachatu</span> <span class='ocrx_word' id='word_1_759' title='bbox 1865 1251 2012 1282; x_wconf 87' lang='lat' dir='ltr'>Thornae</span> <span class='ocrx_word' id='word_1_760' title='bbox 2036 1251 2133 1283; x_wconf 90' lang='lat' dir='ltr'>fidem</span> <span class='ocrx_word' id='word_1_761' title='bbox 2162 1253 2357 1284; x_wconf 78' lang='lat' dir='ltr'>conciliaret!</span> 
     </span>
     <span class='ocr_line' id='line_1_99' title="bbox 1284 1294 2360 1336; baseline 0.003 -11"><span class='ocrx_word' id='word_1_762' title='bbox 1284 1294 1474 1325; x_wconf 88' lang='lat' dir='ltr'>Prudentior</span> <span class='ocrx_word' id='word_1_763' title='bbox 1493 1295 1644 1326; x_wconf 89' lang='lat' dir='ltr'>Erasmus</span> <span class='ocrx_word' id='word_1_764' title='bbox 1664 1295 1792 1326; x_wconf 81' lang='lat' dir='ltr'>Gattula</span> <span class='ocrx_word' id='word_1_765' title='bbox 1811 1295 1973 1336; x_wconf 89' lang='lat' dir='ltr'>professus</span> <span class='ocrx_word' id='word_1_766' title='bbox 1992 1303 2052 1327; x_wconf 87' lang='lat' dir='ltr'>est:</span> <span class='ocrx_word' id='word_1_767' title='bbox 2073 1297 2119 1327; x_wconf 91' lang='lat' dir='ltr'>Iis</span> <span class='ocrx_word' id='word_1_768' title='bbox 2144 1297 2271 1328; x_wconf 88' lang='lat' dir='ltr'>lachetti</span> <span class='ocrx_word' id='word_1_769' title='bbox 2291 1308 2360 1329; x_wconf 79' lang='lat' dir='ltr'>ver-</span> 
     </span>
     <span class='ocr_line' id='line_1_100' title="bbox 1285 1339 2367 1380; baseline 0.004 -11"><span class='ocrx_word' id='word_1_770' title='bbox 1285 1339 1349 1376; x_wconf 90' lang='lat' dir='ltr'>bis,</span> <span class='ocrx_word' id='word_1_771' title='bbox 1374 1339 1539 1380; x_wconf 85' lang='lat' dir='ltr'>inquiens,</span> <span class='ocrx_word' id='word_1_772' title='bbox 1565 1349 1643 1370; x_wconf 89' lang='lat' dir='ltr'>usus</span> <span class='ocrx_word' id='word_1_773' title='bbox 1667 1350 1730 1371; x_wconf 89' lang='lat' dir='ltr'>non</span> <span class='ocrx_word' id='word_1_774' title='bbox 1754 1350 1844 1378; x_wconf 90' lang='lat' dir='ltr'>sum,</span> <span class='ocrx_word' id='word_1_775' title='bbox 1870 1351 1929 1371; x_wconf 89' lang='lat' dir='ltr'>nec</span> <span class='ocrx_word' id='word_1_776' title='bbox 1950 1350 2020 1372; x_wconf 88' lang='lat' dir='ltr'>sum</span> <span class='ocrx_word' id='word_1_777' title='bbox 2046 1351 2166 1372; x_wconf 89' lang='lat' dir='ltr'>usurus</span> <span class='ocrx_word' id='word_1_778' title='bbox 2189 1342 2232 1372; x_wconf 90' lang='lat' dir='ltr'>ad</span> <span class='ocrx_word' id='word_1_779' title='bbox 2255 1350 2367 1373; x_wconf 70' lang='lat' dir='ltr'>meam&#39;</span> 
     </span>
     <span class='ocr_line' id='line_1_101' title="bbox 1283 1384 2358 1425; baseline 0.003 -11"><span class='ocrx_word' id='word_1_780' title='bbox 1283 1385 1474 1415; x_wconf 87' lang='lat' dir='ltr'>sententiam</span> <span class='ocrx_word' id='word_1_781' title='bbox 1493 1384 1708 1424; x_wconf 87' lang='lat' dir='ltr'>probandam.</span> <span class='ocrx_word' id='word_1_782' title='bbox 1728 1385 1788 1416; x_wconf 93' lang='lat' dir='ltr'>Vel</span> <span class='ocrx_word' id='word_1_783' title='bbox 1807 1395 1844 1416; x_wconf 87' lang='lat' dir='ltr'>ex</span> <span class='ocrx_word' id='word_1_784' title='bbox 1862 1385 1931 1425; x_wconf 90' lang='lat' dir='ltr'>ipsa</span> <span class='ocrx_word' id='word_1_785' title='bbox 1950 1392 2055 1416; x_wconf 86' lang='lat' dir='ltr'>tamen</span> <span class='ocrx_word' id='word_1_786' title='bbox 2079 1392 2128 1416; x_wconf 91' lang='lat' dir='ltr'>tot</span> <span class='ocrx_word' id='word_1_787' title='bbox 2151 1386 2274 1417; x_wconf 88' lang='lat' dir='ltr'>mendis</span> <span class='ocrx_word' id='word_1_788' title='bbox 2293 1397 2358 1418; x_wconf 90' lang='lat' dir='ltr'>sca-</span> 
     </span>
     <span class='ocr_line' id='line_1_102' title="bbox 1285 1428 2360 1470; baseline 0.003 -11"><span class='ocrx_word' id='word_1_789' title='bbox 1285 1435 1370 1459; x_wconf 86' lang='lat' dir='ltr'>tente</span> <span class='ocrx_word' id='word_1_790' title='bbox 1401 1428 1528 1459; x_wconf 86' lang='lat' dir='ltr'>lachetti</span> <span class='ocrx_word' id='word_1_791' title='bbox 1557 1429 1734 1459; x_wconf 83' lang='lat' dir='ltr'>narratione</span> <span class='ocrx_word' id='word_1_792' title='bbox 1763 1429 1794 1459; x_wconf 93' lang='lat' dir='ltr'>id</span> <span class='ocrx_word' id='word_1_793' title='bbox 1823 1429 1935 1460; x_wconf 88' lang='lat' dir='ltr'>saltem</span> <span class='ocrx_word' id='word_1_794' title='bbox 1965 1430 2181 1470; x_wconf 90' lang='lat' dir='ltr'>colligendum</span> <span class='ocrx_word' id='word_1_795' title='bbox 2210 1441 2292 1469; x_wconf 90' lang='lat' dir='ltr'>esse,</span> <span class='ocrx_word' id='word_1_796' title='bbox 2317 1431 2360 1462; x_wconf 90' lang='lat' dir='ltr'>ait</span> 
     </span>
     <span class='ocr_line' id='line_1_103' title="bbox 1285 1473 2358 1516; baseline 0.003 -13"><span class='ocrx_word' id='word_1_797' title='bbox 1285 1473 1492 1514; x_wconf 89' lang='lat' dir='ltr'>Disquisitor:</span> <span class='ocrx_word' id='word_1_798' title='bbox 1518 1474 1750 1504; x_wconf 83' lang='lat' dir='ltr'>Monachatum</span> <span class='ocrx_word' id='word_1_799' title='bbox 1780 1475 1919 1506; x_wconf 85' lang='lat' dir='ltr'>Thomae</span> <span class='ocrx_word' id='word_1_800' title='bbox 1941 1480 2019 1506; x_wconf 89' lang='lat' dir='ltr'>tunc</span> <span class='ocrx_word' id='word_1_801' title='bbox 2041 1476 2193 1515; x_wconf 89' lang='lat' dir='ltr'>temporis</span> <span class='ocrx_word' id='word_1_802' title='bbox 2216 1485 2358 1516; x_wconf 89' lang='lat' dir='ltr'>comper-</span> 
     </span>
     <span class='ocr_line' id='line_1_104' title="bbox 1285 1516 2362 1560; baseline 0.002 -12"><span class='ocrx_word' id='word_1_803' title='bbox 1285 1519 1442 1549; x_wconf 91' lang='lat' dir='ltr'>tissimum</span> <span class='ocrx_word' id='word_1_804' title='bbox 1464 1516 1593 1558; x_wconf 79' lang='lat' dir='ltr'>fuisse,·</span> <span class='ocrx_word' id='word_1_805' title='bbox 1616 1518 1655 1549; x_wconf 91' lang='lat' dir='ltr'>de</span> <span class='ocrx_word' id='word_1_806' title='bbox 1685 1528 1751 1559; x_wconf 90' lang='lat' dir='ltr'>quo</span> <span class='ocrx_word' id='word_1_807' title='bbox 1782 1526 1950 1559; x_wconf 87' lang='lat' dir='ltr'>propterea</span> <span class='ocrx_word' id='word_1_808' title='bbox 1980 1529 2091 1550; x_wconf 87' lang='lat' dir='ltr'>ansam</span> <span class='ocrx_word' id='word_1_809' title='bbox 2116 1519 2168 1550; x_wconf 89' lang='lat' dir='ltr'>ille</span> <span class='ocrx_word' id='word_1_810' title='bbox 2196 1519 2362 1560; x_wconf 86' lang='lat' dir='ltr'>arripuerit</span> 
     </span>
     <span class='ocr_line' id='line_1_105' title="bbox 1286 1561 2361 1604; baseline 0.002 -12"><span class='ocrx_word' id='word_1_811' title='bbox 1286 1569 1406 1593; x_wconf 88' lang='lat' dir='ltr'>caetera</span> <span class='ocrx_word' id='word_1_812' title='bbox 1429 1561 1641 1602; x_wconf 86' lang='lat' dir='ltr'>confingendi.</span> <span class='ocrx_word' id='word_1_813' title='bbox 1663 1563 1832 1594; x_wconf 87' lang='lat' dir='ltr'>Undenam</span> <span class='ocrx_word' id='word_1_814' title='bbox 1851 1563 2044 1604; x_wconf 90' lang='lat' dir='ltr'>Disquisitor</span> <span class='ocrx_word' id='word_1_815' title='bbox 2062 1564 2167 1601; x_wconf 89' lang='lat' dir='ltr'>habet,</span> <span class='ocrx_word' id='word_1_816' title='bbox 2187 1571 2263 1595; x_wconf 93' lang='lat' dir='ltr'>tunc</span> <span class='ocrx_word' id='word_1_817' title='bbox 2282 1571 2361 1594; x_wconf 88' lang='lat' dir='ltr'>tem-</span> 
     </span>
     <span class='ocr_line' id='line_1_106' title="bbox 1286 1606 2362 1647; baseline 0.001 -10"><span class='ocrx_word' id='word_1_818' title='bbox 1286 1606 1372 1647; x_wconf 89' lang='lat' dir='ltr'>poris</span> <span class='ocrx_word' id='word_1_819' title='bbox 1396 1607 1688 1647; x_wconf 86' lang='lat' dir='ltr'>compertissimum</span> <span class='ocrx_word' id='word_1_820' title='bbox 1709 1607 1805 1638; x_wconf 84' lang='lat' dir='ltr'>fuisse</span> <span class='ocrx_word' id='word_1_821' title='bbox 1828 1608 2058 1639; x_wconf 87' lang='lat' dir='ltr'>monachatum</span> <span class='ocrx_word' id='word_1_822' title='bbox 2081 1608 2244 1646; x_wconf 86' lang='lat' dir='ltr'>Thomae,</span> <span class='ocrx_word' id='word_1_823' title='bbox 2269 1608 2362 1639; x_wconf 88' lang='lat' dir='ltr'>silen-</span> 
     </span>
     <span class='ocr_line' id='line_1_107' title="bbox 1285 1651 2362 1693; baseline 0.002 -12"><span class='ocrx_word' id='word_1_824' title='bbox 1285 1651 1370 1682; x_wconf 89' lang='lat' dir='ltr'>tibus</span> <span class='ocrx_word' id='word_1_825' title='bbox 1393 1651 1581 1693; x_wconf 86' lang='lat' dir='ltr'>synchronis</span> <span class='ocrx_word' id='word_1_826' title='bbox 1600 1651 1668 1682; x_wconf 82' lang='lat' dir='ltr'>aliis</span> <span class='ocrx_word' id='word_1_827' title='bbox 1695 1652 1924 1692; x_wconf 89' lang='lat' dir='ltr'>probatissimis</span> <span class='ocrx_word' id='word_1_828' title='bbox 1948 1652 2164 1693; x_wconf 88' lang='lat' dir='ltr'>scriptoribus,</span> <span class='ocrx_word' id='word_1_829' title='bbox 2183 1652 2250 1683; x_wconf 88' lang='lat' dir='ltr'>imo</span> <span class='ocrx_word' id='word_1_830' title='bbox 2274 1663 2362 1693; x_wconf 85' lang='lat' dir='ltr'>aper-</span> 
     </span>
     <span class='ocr_line' id='line_1_108' title="bbox 1286 1694 2361 1738; baseline 0.001 -12"><span class='ocrx_word' id='word_1_831' title='bbox 1286 1696 1406 1726; x_wconf 89' lang='lat' dir='ltr'>tissime</span> <span class='ocrx_word' id='word_1_832' title='bbox 1429 1694 1658 1727; x_wconf 82' lang='lat' dir='ltr'>abnuentibus?</span> <span class='ocrx_word' id='word_1_833' title='bbox 1681 1697 1798 1727; x_wconf 90' lang='lat' dir='ltr'>Nonne</span> <span class='ocrx_word' id='word_1_834' title='bbox 1822 1697 1930 1737; x_wconf 89' lang='lat' dir='ltr'>potius</span> <span class='ocrx_word' id='word_1_835' title='bbox 1957 1697 2125 1735; x_wconf 87' lang='lat' dir='ltr'>Iachettus,</span> <span class='ocrx_word' id='word_1_836' title='bbox 2150 1697 2205 1738; x_wconf 92' lang='lat' dir='ltr'>qui</span> <span class='ocrx_word' id='word_1_837' title='bbox 2229 1697 2278 1727; x_wconf 91' lang='lat' dir='ltr'>vel</span> <span class='ocrx_word' id='word_1_838' title='bbox 2302 1707 2361 1738; x_wconf 93' lang='lat' dir='ltr'>pro</span> 
     </span>
     <span class='ocr_line' id='line_1_109' title="bbox 1285 1739 2362 1782; baseline 0.001 -11"><span class='ocrx_word' id='word_1_839' title='bbox 1285 1740 1380 1780; x_wconf 79' lang='lat' dir='ltr'>genio</span> <span class='ocrx_word' id='word_1_840' title='bbox 1399 1739 1504 1779; x_wconf 85' lang='lat' dir='ltr'>finxit,</span> <span class='ocrx_word' id='word_1_841' title='bbox 1519 1741 1570 1772; x_wconf 90' lang='lat' dir='ltr'>vel</span> <span class='ocrx_word' id='word_1_842' title='bbox 1588 1741 1769 1781; x_wconf 84' lang='lat' dir='ltr'>ignoranter</span> <span class='ocrx_word' id='word_1_843' title='bbox 1784 1741 1906 1782; x_wconf 86' lang='lat' dir='ltr'>scripsit</span> <span class='ocrx_word' id='word_1_844' title='bbox 1927 1741 2125 1772; x_wconf 85' lang='lat' dir='ltr'>monachum</span> <span class='ocrx_word' id='word_1_845' title='bbox 2142 1741 2258 1772; x_wconf 89' lang='lat' dir='ltr'>obiisse</span> <span class='ocrx_word' id='word_1_846' title='bbox 2272 1741 2362 1772; x_wconf 90' lang='lat' dir='ltr'>Tho-</span> 
     </span>
     <span class='ocr_line' id='line_1_110' title="bbox 1286 1786 2363 1827; baseline 0.002 -12"><span class='ocrx_word' id='word_1_847' title='bbox 1286 1795 1384 1823; x_wconf 88' lang='lat' dir='ltr'>mam,</span> <span class='ocrx_word' id='word_1_848' title='bbox 1399 1792 1573 1826; x_wconf 88' lang='lat' dir='ltr'>actumque</span> <span class='ocrx_word' id='word_1_849' title='bbox 1595 1786 1803 1816; x_wconf 89' lang='lat' dir='ltr'>conscientiae</span> <span class='ocrx_word' id='word_1_850' title='bbox 1819 1786 1954 1818; x_wconf 85' lang='lat' dir='ltr'>stimulis</span> <span class='ocrx_word' id='word_1_851' title='bbox 1969 1786 2087 1827; x_wconf 87' lang='lat' dir='ltr'>portari</span> <span class='ocrx_word' id='word_1_852' title='bbox 2116 1796 2148 1816; x_wconf 91' lang='lat' dir='ltr'>se</span> <span class='ocrx_word' id='word_1_853' title='bbox 2166 1786 2306 1817; x_wconf 88' lang='lat' dir='ltr'>voluisse</span> <span class='ocrx_word' id='word_1_854' title='bbox 2321 1786 2363 1817; x_wconf 86' lang='lat' dir='ltr'>ad</span> 
     </span>
     <span class='ocr_line' id='line_1_111' title="bbox 1286 1829 2361 1872; baseline 0.002 -12"><span class='ocrx_word' id='word_1_855' title='bbox 1286 1829 1481 1860; x_wconf 91' lang='lat' dir='ltr'>coenobium</span> <span class='ocrx_word' id='word_1_856' title='bbox 1492 1829 1736 1867; x_wconf 85' lang='lat' dir='ltr'>Fossae-novae,</span> <span class='ocrx_word' id='word_1_857' title='bbox 1752 1830 1785 1860; x_wconf 90' lang='lat' dir='ltr'>in</span> <span class='ocrx_word' id='word_1_858' title='bbox 1803 1831 1982 1872; x_wconf 91' lang='lat' dir='ltr'>eodemque</span> <span class='ocrx_word' id='word_1_859' title='bbox 2001 1830 2159 1862; x_wconf 87' lang='lat' dir='ltr'>coenobio</span> <span class='ocrx_word' id='word_1_860' title='bbox 2171 1831 2316 1871; x_wconf 87' lang='lat' dir='ltr'>posuisse</span> <span class='ocrx_word' id='word_1_861' title='bbox 2324 1831 2361 1862; x_wconf 87' lang='lat' dir='ltr'>ti-</span> 
     </span>
     <span class='ocr_line' id='line_1_112' title="bbox 1286 1874 2362 1916; baseline 0.002 -12"><span class='ocrx_word' id='word_1_862' title='bbox 1286 1874 1444 1905; x_wconf 89' lang='lat' dir='ltr'>rocinium</span> <span class='ocrx_word' id='word_1_863' title='bbox 1454 1874 1676 1913; x_wconf 88' lang='lat' dir='ltr'>monachatus,</span> <span class='ocrx_word' id='word_1_864' title='bbox 1687 1882 1742 1906; x_wconf 83' lang='lat' dir='ltr'>aut</span> <span class='ocrx_word' id='word_1_865' title='bbox 1755 1875 1822 1915; x_wconf 87' lang='lat' dir='ltr'>pari</span> <span class='ocrx_word' id='word_1_866' title='bbox 1838 1875 1963 1906; x_wconf 83' lang='lat' dir='ltr'>licentia</span> <span class='ocrx_word' id='word_1_867' title='bbox 1977 1875 2109 1913; x_wconf 85' lang='lat' dir='ltr'>finxerit,</span> <span class='ocrx_word' id='word_1_868' title='bbox 2121 1882 2175 1906; x_wconf 90' lang='lat' dir='ltr'>aut</span> <span class='ocrx_word' id='word_1_869' title='bbox 2190 1875 2256 1916; x_wconf 87' lang='lat' dir='ltr'>pari</span> <span class='ocrx_word' id='word_1_870' title='bbox 2271 1875 2362 1915; x_wconf 89' lang='lat' dir='ltr'>igno-</span> 
     </span>
     <span class='ocr_line' id='line_1_113' title="bbox 1286 1917 2362 1960; baseline 0.001 -11"><span class='ocrx_word' id='word_1_871' title='bbox 1286 1918 1385 1949; x_wconf 85' lang='lat' dir='ltr'>rantia</span> <span class='ocrx_word' id='word_1_872' title='bbox 1404 1919 1561 1959; x_wconf 90' lang='lat' dir='ltr'>scripserit</span> <span class='ocrx_word' id='word_1_873' title='bbox 1582 1919 1780 1950; x_wconf 89' lang='lat' dir='ltr'>monachum</span> <span class='ocrx_word' id='word_1_874' title='bbox 1799 1919 1907 1960; x_wconf 89' lang='lat' dir='ltr'>ipsum</span> <span class='ocrx_word' id='word_1_875' title='bbox 1922 1917 2036 1950; x_wconf 85' lang='lat' dir='ltr'>fuisse?</span> <span class='ocrx_word' id='word_1_876' title='bbox 2055 1920 2096 1950; x_wconf 87' lang='lat' dir='ltr'>Id</span> <span class='ocrx_word' id='word_1_877' title='bbox 2115 1929 2207 1950; x_wconf 89' lang='lat' dir='ltr'>nemo</span> <span class='ocrx_word' id='word_1_878' title='bbox 2229 1919 2362 1957; x_wconf 87' lang='lat' dir='ltr'>dixerit,</span> 
     </span>
     <span class='ocr_line' id='line_1_114' title="bbox 1286 1963 2361 2005; baseline 0.001 -12"><span class='ocrx_word' id='word_1_879' title='bbox 1286 1963 1412 2004; x_wconf 90' lang='lat' dir='ltr'>reponit</span> <span class='ocrx_word' id='word_1_880' title='bbox 1434 1963 1504 2002; x_wconf 82' lang='lat' dir='ltr'>ine,</span> <span class='ocrx_word' id='word_1_881' title='bbox 1530 1965 1592 1995; x_wconf 88' lang='lat' dir='ltr'>nisi</span> <span class='ocrx_word' id='word_1_882' title='bbox 1615 1965 1671 2005; x_wconf 88' lang='lat' dir='ltr'>qui</span> <span class='ocrx_word' id='word_1_883' title='bbox 1693 1964 1871 1995; x_wconf 83' lang='lat' dir='ltr'>lachettum</span> <span class='ocrx_word' id='word_1_884' title='bbox 1895 1964 2080 1995; x_wconf 88' lang='lat' dir='ltr'>mortalium</span> <span class='ocrx_word' id='word_1_885' title='bbox 2106 1964 2361 2004; x_wconf 83' lang='lat' dir='ltr'>imprudentissi-</span> 
     </span>
     <span class='ocr_line' id='line_1_115' title="bbox 1286 2008 2362 2050; baseline 0 -12"><span class='ocrx_word' id='word_1_886' title='bbox 1286 2018 1372 2038; x_wconf 92' lang='lat' dir='ltr'>mum</span> <span class='ocrx_word' id='word_1_887' title='bbox 1400 2008 1499 2039; x_wconf 89' lang='lat' dir='ltr'>simul</span> <span class='ocrx_word' id='word_1_888' title='bbox 1529 2013 1559 2039; x_wconf 86' lang='lat' dir='ltr'>et</span> <span class='ocrx_word' id='word_1_889' title='bbox 1587 2009 1895 2049; x_wconf 85' lang='lat' dir='ltr'>impudentissimum</span> <span class='ocrx_word' id='word_1_890' title='bbox 1918 2009 2071 2050; x_wconf 87' lang='lat' dir='ltr'>finxerit.</span> <span class='ocrx_word' id='word_1_891' title='bbox 2109 2008 2278 2039; x_wconf 86' lang='lat' dir='ltr'>Summam</span> <span class='ocrx_word' id='word_1_892' title='bbox 2302 2008 2362 2038; x_wconf 91' lang='lat' dir='ltr'>im-</span> 
     </span>
     <span class='ocr_line' id='line_1_116' title="bbox 1286 2052 2360 2094; baseline 0.002 -12"><span class='ocrx_word' id='word_1_893' title='bbox 1286 2052 1499 2093; x_wconf 87' lang='lat' dir='ltr'>prudentiam,</span> <span class='ocrx_word' id='word_1_894' title='bbox 1514 2063 1637 2093; x_wconf 87' lang='lat' dir='ltr'>repono</span> <span class='ocrx_word' id='word_1_895' title='bbox 1653 2063 1724 2094; x_wconf 87' lang='lat' dir='ltr'>ego,</span> <span class='ocrx_word' id='word_1_896' title='bbox 1740 2060 1770 2084; x_wconf 90' lang='lat' dir='ltr'>et</span> <span class='ocrx_word' id='word_1_897' title='bbox 1784 2053 2018 2094; x_wconf 89' lang='lat' dir='ltr'>impudentiam</span> <span class='ocrx_word' id='word_1_898' title='bbox 2036 2053 2108 2094; x_wconf 91' lang='lat' dir='ltr'>quis</span> <span class='ocrx_word' id='word_1_899' title='bbox 2128 2063 2194 2083; x_wconf 91' lang='lat' dir='ltr'>non</span> <span class='ocrx_word' id='word_1_900' title='bbox 2209 2059 2360 2092; x_wconf 87' lang='lat' dir='ltr'>agnoscat</span> 
     </span>
     <span class='ocr_line' id='line_1_117' title="bbox 1285 2097 2359 2138; baseline 0.001 -11"><span class='ocrx_word' id='word_1_901' title='bbox 1285 2097 1317 2127; x_wconf 92' lang='lat' dir='ltr'>in</span> <span class='ocrx_word' id='word_1_902' title='bbox 1342 2107 1392 2134; x_wconf 91' lang='lat' dir='ltr'>eo,</span> <span class='ocrx_word' id='word_1_903' title='bbox 1408 2097 1463 2138; x_wconf 87' lang='lat' dir='ltr'>qui</span> <span class='ocrx_word' id='word_1_904' title='bbox 1488 2098 1597 2138; x_wconf 84' lang='lat' dir='ltr'>paucis</span> <span class='ocrx_word' id='word_1_905' title='bbox 1616 2097 1649 2128; x_wconf 92' lang='lat' dir='ltr'>in</span> <span class='ocrx_word' id='word_1_906' title='bbox 1668 2097 1770 2129; x_wconf 87' lang='lat' dir='ltr'>verbis</span> <span class='ocrx_word' id='word_1_907' title='bbox 1794 2104 1842 2128; x_wconf 92' lang='lat' dir='ltr'>tot</span> <span class='ocrx_word' id='word_1_908' title='bbox 1860 2097 1921 2128; x_wconf 89' lang='lat' dir='ltr'>alia</span> <span class='ocrx_word' id='word_1_909' title='bbox 1945 2097 2109 2128; x_wconf 88' lang='lat' dir='ltr'>mendacia</span> <span class='ocrx_word' id='word_1_910' title='bbox 2132 2097 2170 2127; x_wconf 91' lang='lat' dir='ltr'>de</span> <span class='ocrx_word' id='word_1_911' title='bbox 2192 2097 2359 2128; x_wconf 89' lang='lat' dir='ltr'>Ludovico</span> 
     </span>
     <span class='ocr_line' id='line_1_118' title="bbox 1285 2141 2357 2180; baseline 0 -8"><span class='ocrx_word' id='word_1_912' title='bbox 1285 2142 1452 2172; x_wconf 85' lang='lat' dir='ltr'>Tolosano</span> <span class='ocrx_word' id='word_1_913' title='bbox 1477 2149 1507 2173; x_wconf 90' lang='lat' dir='ltr'>et</span> <span class='ocrx_word' id='word_1_914' title='bbox 1535 2142 1682 2173; x_wconf 85' lang='lat' dir='ltr'>fratribus</span> <span class='ocrx_word' id='word_1_915' title='bbox 1710 2142 1900 2180; x_wconf 86' lang='lat' dir='ltr'>Minoribus,</span> <span class='ocrx_word' id='word_1_916' title='bbox 1929 2142 1968 2172; x_wconf 92' lang='lat' dir='ltr'>de</span> <span class='ocrx_word' id='word_1_917' title='bbox 1992 2142 2066 2172; x_wconf 92' lang='lat' dir='ltr'>divo</span> <span class='ocrx_word' id='word_1_918' title='bbox 2090 2141 2219 2172; x_wconf 85' lang='lat' dir='ltr'>Thoma</span> <span class='ocrx_word' id='word_1_919' title='bbox 2243 2148 2274 2172; x_wconf 92' lang='lat' dir='ltr'>et</span> <span class='ocrx_word' id='word_1_920' title='bbox 2297 2141 2357 2172; x_wconf 88' lang='lat' dir='ltr'>fra-</span> 
     </span>
     <span class='ocr_line' id='line_1_119' title="bbox 1285 2184 2359 2226; baseline 0 -10"><span class='ocrx_word' id='word_1_921' title='bbox 1285 2186 1385 2217; x_wconf 85' lang='lat' dir='ltr'>tribus</span> <span class='ocrx_word' id='word_1_922' title='bbox 1408 2186 1680 2218; x_wconf 83' lang='lat' dir='ltr'>Praedicatoribus</span> <span class='ocrx_word' id='word_1_923' title='bbox 1702 2187 1860 2218; x_wconf 88' lang='lat' dir='ltr'>liberrime</span> <span class='ocrx_word' id='word_1_924' title='bbox 1883 2184 2042 2217; x_wconf 86' lang='lat' dir='ltr'>venditat?</span> <span class='ocrx_word' id='word_1_925' title='bbox 2066 2186 2137 2217; x_wconf 89' lang='lat' dir='ltr'>Una</span> <span class='ocrx_word' id='word_1_926' title='bbox 2159 2186 2223 2224; x_wconf 87' lang='lat' dir='ltr'>illa,</span> <span class='ocrx_word' id='word_1_927' title='bbox 2248 2186 2274 2216; x_wconf 91' lang='lat' dir='ltr'>si</span> <span class='ocrx_word' id='word_1_928' title='bbox 2293 2186 2359 2226; x_wconf 92' lang='lat' dir='ltr'>pla-</span> 
     </span>
     <span class='ocr_line' id='line_1_120' title="bbox 1285 2230 2360 2271; baseline -0.002 -9"><span class='ocrx_word' id='word_1_929' title='bbox 1285 2238 1363 2269; x_wconf 87' lang='lat' dir='ltr'>ceat,</span> <span class='ocrx_word' id='word_1_930' title='bbox 1379 2231 1539 2262; x_wconf 83' lang='lat' dir='ltr'>excusatio</span> <span class='ocrx_word' id='word_1_931' title='bbox 1563 2231 1670 2262; x_wconf 84' lang='lat' dir='ltr'>fuerit:</span> <span class='ocrx_word' id='word_1_932' title='bbox 1692 2231 1836 2271; x_wconf 89' lang='lat' dir='ltr'>scriptori</span> <span class='ocrx_word' id='word_1_933' title='bbox 1851 2231 1891 2261; x_wconf 88' lang='lat' dir='ltr'>ad</span> <span class='ocrx_word' id='word_1_934' title='bbox 1910 2230 2103 2262; x_wconf 86' lang='lat' dir='ltr'>calumniam</span> <span class='ocrx_word' id='word_1_935' title='bbox 2122 2240 2226 2270; x_wconf 90' lang='lat' dir='ltr'>prono</span> <span class='ocrx_word' id='word_1_936' title='bbox 2246 2230 2360 2261; x_wconf 82' lang='lat' dir='ltr'>fucum</span> 
     </span>
     <span class='ocr_line' id='line_1_121' title="bbox 1285 2274 2358 2316; baseline -0.002 -10"><span class='ocrx_word' id='word_1_937' title='bbox 1285 2275 1395 2306; x_wconf 86' lang='lat' dir='ltr'>fecisse</span> <span class='ocrx_word' id='word_1_938' title='bbox 1419 2275 1559 2306; x_wconf 86' lang='lat' dir='ltr'>habitam</span> <span class='ocrx_word' id='word_1_939' title='bbox 1582 2286 1601 2306; x_wconf 90' lang='lat' dir='ltr'>a</span> <span class='ocrx_word' id='word_1_940' title='bbox 1624 2276 1760 2316; x_wconf 89' lang='lat' dir='ltr'>puerulo</span> <span class='ocrx_word' id='word_1_941' title='bbox 1789 2276 1919 2306; x_wconf 78' lang='lat' dir='ltr'>Thoma</span> <span class='ocrx_word' id='word_1_942' title='bbox 1942 2275 1975 2305; x_wconf 90' lang='lat' dir='ltr'>in</span> <span class='ocrx_word' id='word_1_943' title='bbox 2003 2274 2172 2306; x_wconf 88' lang='lat' dir='ltr'>Coenobio</span> <span class='ocrx_word' id='word_1_944' title='bbox 2192 2274 2358 2305; x_wconf 85' lang='lat' dir='ltr'>Casinensi</span> 
     </span>
     <span class='ocr_line' id='line_1_122' title="bbox 1285 2318 2358 2360; baseline -0.001 -10"><span class='ocrx_word' id='word_1_945' title='bbox 1285 2320 1524 2358; x_wconf 84' lang='lat' dir='ltr'>educationem;</span> <span class='ocrx_word' id='word_1_946' title='bbox 1544 2327 1713 2360; x_wconf 90' lang='lat' dir='ltr'>parentum</span> <span class='ocrx_word' id='word_1_947' title='bbox 1737 2319 1804 2350; x_wconf 86' lang='lat' dir='ltr'>eius</span> <span class='ocrx_word' id='word_1_948' title='bbox 1824 2319 2005 2358; x_wconf 89' lang='lat' dir='ltr'>consilium,</span> <span class='ocrx_word' id='word_1_949' title='bbox 2025 2319 2114 2360; x_wconf 91' lang='lat' dir='ltr'>quod</span> <span class='ocrx_word' id='word_1_950' title='bbox 2133 2318 2300 2357; x_wconf 84' lang='lat' dir='ltr'>ferebatur,</span> <span class='ocrx_word' id='word_1_951' title='bbox 2322 2325 2358 2350; x_wconf 90' lang='lat' dir='ltr'>ut</span> 
     </span>
     <span class='ocr_line' id='line_1_123' title="bbox 1284 2363 2360 2405; baseline -0.001 -10"><span class='ocrx_word' id='word_1_952' title='bbox 1284 2365 1463 2395; x_wconf 90' lang='lat' dir='ltr'>monachus</span> <span class='ocrx_word' id='word_1_953' title='bbox 1487 2365 1645 2402; x_wconf 88' lang='lat' dir='ltr'>evaderet;</span> <span class='ocrx_word' id='word_1_954' title='bbox 1665 2364 1819 2395; x_wconf 81' lang='lat' dir='ltr'>adhibitas</span> <span class='ocrx_word' id='word_1_955' title='bbox 1840 2373 1972 2405; x_wconf 92' lang='lat' dir='ltr'>quoque</span> <span class='ocrx_word' id='word_1_956' title='bbox 1990 2363 2157 2394; x_wconf 85' lang='lat' dir='ltr'>violentias</span> <span class='ocrx_word' id='word_1_957' title='bbox 2180 2370 2216 2394; x_wconf 91' lang='lat' dir='ltr'>ut</span> <span class='ocrx_word' id='word_1_958' title='bbox 2238 2369 2360 2394; x_wconf 87' lang='lat' dir='ltr'>vestem</span> 
     </span>
     <span class='ocr_line' id='line_1_124' title="bbox 1284 2407 2360 2449; baseline -0.001 -10"><span class='ocrx_word' id='word_1_959' title='bbox 1284 2409 1532 2440; x_wconf 84' lang='lat' dir='ltr'>Dominicanam</span> <span class='ocrx_word' id='word_1_960' title='bbox 1551 2415 1678 2439; x_wconf 85' lang='lat' dir='ltr'>exueret</span> <span class='ocrx_word' id='word_1_961' title='bbox 1699 2409 1942 2449; x_wconf 88' lang='lat' dir='ltr'>adsumeretque</span> <span class='ocrx_word' id='word_1_962' title='bbox 1961 2407 2164 2439; x_wconf 83' lang='lat' dir='ltr'>monachales</span> <span class='ocrx_word' id='word_1_963' title='bbox 2182 2414 2302 2445; x_wconf 88' lang='lat' dir='ltr'>vestes;</span> <span class='ocrx_word' id='word_1_964' title='bbox 2324 2418 2360 2438; x_wconf 85' lang='lat' dir='ltr'>ac</span> 
     </span>
     <span class='ocr_line' id='line_1_125' title="bbox 1285 2451 2361 2484; baseline -0.001 -1"><span class='ocrx_word' id='word_1_965' title='bbox 1285 2453 1417 2484; x_wconf 88' lang='lat' dir='ltr'>fortasse</span> <span class='ocrx_word' id='word_1_966' title='bbox 1447 2453 1656 2484; x_wconf 90' lang='lat' dir='ltr'>Casinensem</span> <span class='ocrx_word' id='word_1_967' title='bbox 1685 2453 1855 2484; x_wconf 88' lang='lat' dir='ltr'>Abbatiam</span> <span class='ocrx_word' id='word_1_968' title='bbox 1884 2453 2017 2483; x_wconf 87' lang='lat' dir='ltr'>demum</span> <span class='ocrx_word' id='word_1_969' title='bbox 2049 2452 2190 2483; x_wconf 86' lang='lat' dir='ltr'>oblatam</span> <span class='ocrx_word' id='word_1_970' title='bbox 2213 2451 2318 2482; x_wconf 88' lang='lat' dir='ltr'>eidem</span> <span class='ocrx_word' id='word_1_971' title='bbox 2342 2462 2361 2482; x_wconf 93' lang='lat' dir='ltr'>a</span> 
     </span>
     <span class='ocr_line' id='line_1_126' title="bbox 1285 2496 2360 2535; baseline -0.002 -7"><span class='ocrx_word' id='word_1_972' title='bbox 1285 2498 1435 2528; x_wconf 87' lang='lat' dir='ltr'>Romano</span> <span class='ocrx_word' id='word_1_973' title='bbox 1454 2497 1617 2528; x_wconf 91' lang='lat' dir='ltr'>Pontifice.</span> <span class='ocrx_word' id='word_1_974' title='bbox 1638 2497 1726 2528; x_wconf 87' lang='lat' dir='ltr'>Haec</span> <span class='ocrx_word' id='word_1_975' title='bbox 1746 2497 1932 2535; x_wconf 70' lang='lat' dir='ltr'>hebertum,</span> <span class='ocrx_word' id='word_1_976' title='bbox 1953 2507 2029 2528; x_wconf 89' lang='lat' dir='ltr'>cum</span> <span class='ocrx_word' id='word_1_977' title='bbox 2046 2496 2154 2527; x_wconf 88' lang='lat' dir='ltr'>minus</span> <span class='ocrx_word' id='word_1_978' title='bbox 2173 2503 2290 2527; x_wconf 89' lang='lat' dir='ltr'>attente</span> <span class='ocrx_word' id='word_1_979' title='bbox 2309 2506 2360 2527; x_wconf 81' lang='lat' dir='ltr'>ex-</span> 
     </span>
     <span class='ocr_line' id='line_1_127' title="bbox 1285 2541 2360 2583; baseline -0.001 -11"><span class='ocrx_word' id='word_1_980' title='bbox 1285 2542 1438 2582; x_wconf 88' lang='lat' dir='ltr'>penderit,</span> <span class='ocrx_word' id='word_1_981' title='bbox 1453 2541 1585 2573; x_wconf 85' lang='lat' dir='ltr'>fortasse</span> <span class='ocrx_word' id='word_1_982' title='bbox 1606 2542 1786 2583; x_wconf 86' lang='lat' dir='ltr'>deceperint</span> <span class='ocrx_word' id='word_1_983' title='bbox 1813 2552 1849 2573; x_wconf 88' lang='lat' dir='ltr'>ac</span> <span class='ocrx_word' id='word_1_984' title='bbox 1868 2541 2093 2582; x_wconf 53' lang='lat' dir='ltr'>permoverinss</span> <span class='ocrx_word' id='word_1_985' title='bbox 2108 2547 2145 2572; x_wconf 90' lang='lat' dir='ltr'>ut</span> <span class='ocrx_word' id='word_1_986' title='bbox 2162 2541 2360 2572; x_wconf 85' lang='lat' dir='ltr'>monachum</span> 
     </span>
     <span class='ocr_line' id='line_1_128' title="bbox 1284 2586 1596 2617; baseline 0.003 -1"><span class='ocrx_word' id='word_1_987' title='bbox 1284 2587 1449 2617; x_wconf 87' lang='lat' dir='ltr'>Thomam</span> <span class='ocrx_word' id='word_1_988' title='bbox 1472 2586 1596 2617; x_wconf 86' lang='lat' dir='ltr'>faceret.</span> 
     </span>
    </p>

    <p class='ocr_par' dir='ltr' id='par_1_6' title="bbox 1284 2629 2361 3688">
     <span class='ocr_line' id='line_1_129' title="bbox 1353 2629 2359 2671; baseline -0.002 -10"><span class='ocrx_word' id='word_1_989' title='bbox 1353 2631 1389 2661; x_wconf 91' lang='lat'>11.</span> <span class='ocrx_word' id='word_1_990' title='bbox 1415 2633 1458 2661; x_wconf 92' lang='lat' dir='ltr'>At</span> <span class='ocrx_word' id='word_1_991' title='bbox 1481 2631 1566 2662; x_wconf 91' lang='lat' dir='ltr'>hunc</span> <span class='ocrx_word' id='word_1_992' title='bbox 1595 2631 1732 2671; x_wconf 91' lang='lat' dir='ltr'>denique</span> <span class='ocrx_word' id='word_1_993' title='bbox 1760 2630 1990 2662; x_wconf 87' lang='lat' dir='ltr'>monachatum</span> <span class='ocrx_word' id='word_1_994' title='bbox 2017 2629 2249 2660; x_wconf 89' lang='lat' dir='ltr'>evidentissime</span> <span class='ocrx_word' id='word_1_995' title='bbox 2276 2639 2359 2660; x_wconf 91' lang='lat' dir='ltr'>ever-</span> 
     </span>
     <span class='ocr_line' id='line_1_130' title="bbox 1284 2674 2359 2716; baseline -0.003 -10"><span class='ocrx_word' id='word_1_996' title='bbox 1284 2682 1374 2713; x_wconf 90' lang='lat' dir='ltr'>tunt,</span> <span class='ocrx_word' id='word_1_997' title='bbox 1399 2682 1561 2716; x_wconf 92' lang='lat' dir='ltr'>quotquot</span> <span class='ocrx_word' id='word_1_998' title='bbox 1594 2682 1662 2706; x_wconf 88' lang='lat' dir='ltr'>acta</span> <span class='ocrx_word' id='word_1_999' title='bbox 1694 2675 1823 2706; x_wconf 90' lang='lat' dir='ltr'>suntin</span> <span class='ocrx_word' id='word_1_1000' title='bbox 1847 2685 1942 2706; x_wconf 86' lang='lat' dir='ltr'>causa</span> <span class='ocrx_word' id='word_1_1001' title='bbox 1973 2674 2184 2705; x_wconf 89' lang='lat' dir='ltr'>translationis</span> <span class='ocrx_word' id='word_1_1002' title='bbox 2217 2674 2359 2714; x_wconf 91' lang='lat' dir='ltr'>corporis</span> 
     </span>
     <span class='ocr_line' id='line_1_131' title="bbox 1285 2718 2360 2760; baseline -0.002 -10"><span class='ocrx_word' id='word_1_1003' title='bbox 1285 2731 1309 2751; x_wconf 86' lang='lat' dir='ltr'>s.</span> <span class='ocrx_word' id='word_1_1004' title='bbox 1335 2720 1501 2758; x_wconf 87' lang='lat' dir='ltr'>Thomae,</span> <span class='ocrx_word' id='word_1_1005' title='bbox 1532 2730 1614 2760; x_wconf 88' lang='lat' dir='ltr'>quae</span> <span class='ocrx_word' id='word_1_1006' title='bbox 1645 2730 1731 2750; x_wconf 89' lang='lat' dir='ltr'>anno</span> <span class='ocrx_word' id='word_1_1007' title='bbox 1760 2720 1841 2750; x_wconf 84' lang='lat'>1368</span> <span class='ocrx_word' id='word_1_1008' title='bbox 1871 2719 2012 2759; x_wconf 86' lang='lat' dir='ltr'>contigit.</span> <span class='ocrx_word' id='word_1_1009' title='bbox 2039 2718 2214 2749; x_wconf 85' lang='lat' dir='ltr'>Historiam</span> <span class='ocrx_word' id='word_1_1010' title='bbox 2237 2718 2360 2758; x_wconf 88' lang='lat' dir='ltr'>scripsit</span> 
     </span>
     <span class='ocr_line' id='line_1_132' title="bbox 1286 2764 2358 2805; baseline -0.003 -10"><span class='ocrx_word' id='word_1_1011' title='bbox 1286 2764 1487 2795; x_wconf 89' lang='lat' dir='ltr'>Raimundus</span> <span class='ocrx_word' id='word_1_1012' title='bbox 1511 2764 1671 2805; x_wconf 86' lang='lat' dir='ltr'>Hugonis,</span> <span class='ocrx_word' id='word_1_1013' title='bbox 1691 2764 1776 2795; x_wconf 90' lang='lat' dir='ltr'>illius</span> <span class='ocrx_word' id='word_1_1014' title='bbox 1795 2764 1903 2795; x_wconf 87' lang='lat' dir='ltr'>aetatis</span> <span class='ocrx_word' id='word_1_1015' title='bbox 1923 2770 2049 2794; x_wconf 89' lang='lat' dir='ltr'>auctor:</span> <span class='ocrx_word' id='word_1_1016' title='bbox 2072 2773 2206 2803; x_wconf 87' lang='lat' dir='ltr'>eamque</span> <span class='ocrx_word' id='word_1_1017' title='bbox 2230 2773 2267 2793; x_wconf 81' lang='lat' dir='ltr'>ex</span> <span class='ocrx_word' id='word_1_1018' title='bbox 2290 2772 2358 2802; x_wconf 91' lang='lat' dir='ltr'>per-</span> 
     </span>
     <span class='ocr_line' id='line_1_133' title="bbox 1286 2806 2358 2849; baseline -0.003 -10"><span class='ocrx_word' id='word_1_1019' title='bbox 1286 2815 1412 2840; x_wconf 90' lang='lat' dir='ltr'>vetusto</span> <span class='ocrx_word' id='word_1_1020' title='bbox 1428 2819 1486 2840; x_wconf 90' lang='lat' dir='ltr'>ms.</span> <span class='ocrx_word' id='word_1_1021' title='bbox 1503 2809 1715 2849; x_wconf 87' lang='lat' dir='ltr'>autographo,</span> <span class='ocrx_word' id='word_1_1022' title='bbox 1737 2809 1823 2849; x_wconf 89' lang='lat' dir='ltr'>apud</span> <span class='ocrx_word' id='word_1_1023' title='bbox 1845 2808 1952 2839; x_wconf 89' lang='lat' dir='ltr'>fratres</span> <span class='ocrx_word' id='word_1_1024' title='bbox 1971 2807 2202 2838; x_wconf 87' lang='lat' dir='ltr'>Praedicatores</span> <span class='ocrx_word' id='word_1_1025' title='bbox 2217 2806 2358 2837; x_wconf 85' lang='lat' dir='ltr'>Tolosae</span> 
     </span>
     <span class='ocr_line' id='line_1_134' title="bbox 1286 2851 2358 2892; baseline -0.005 -8"><span class='ocrx_word' id='word_1_1026' title='bbox 1286 2854 1471 2891; x_wconf 84' lang='lat' dir='ltr'>adservato,</span> <span class='ocrx_word' id='word_1_1027' title='bbox 1509 2853 1675 2884; x_wconf 88' lang='lat' dir='ltr'>ediderunt</span> <span class='ocrx_word' id='word_1_1028' title='bbox 1707 2853 1954 2884; x_wconf 90' lang='lat' dir='ltr'>Continuatores</span> <span class='ocrx_word' id='word_1_1029' title='bbox 1986 2852 2132 2882; x_wconf 86' lang='lat' dir='ltr'>Bonandi</span> <span class='ocrx_word' id='word_1_1030' title='bbox 2166 2851 2205 2881; x_wconf 84' lang='lat' dir='ltr'>ad</span> <span class='ocrx_word' id='word_1_1031' title='bbox 2234 2851 2319 2881; x_wconf 91' lang='lat' dir='ltr'>diem</span> <span class='ocrx_word' id='word_1_1032' title='bbox 2338 2862 2358 2892; x_wconf 94' lang='lat'><strong><em>7</em></strong></span> 
     </span>
     <span class='ocr_line' id='line_1_135' title="bbox 1287 2895 2359 2938; baseline -0.004 -10"><span class='ocrx_word' id='word_1_1033' title='bbox 1287 2898 1401 2929; x_wconf 84' lang='lat' dir='ltr'>martii.</span> <span class='ocrx_word' id='word_1_1034' title='bbox 1421 2899 1527 2929; x_wconf 90' lang='lat' dir='ltr'>Nemo</span> <span class='ocrx_word' id='word_1_1035' title='bbox 1551 2898 1650 2928; x_wconf 88' lang='lat' dir='ltr'>nescit</span> <span class='ocrx_word' id='word_1_1036' title='bbox 1673 2907 1812 2938; x_wconf 89' lang='lat' dir='ltr'>namque</span> <span class='ocrx_word' id='word_1_1037' title='bbox 1839 2896 2016 2928; x_wconf 86' lang='lat' dir='ltr'>monachos</span> <span class='ocrx_word' id='word_1_1038' title='bbox 2035 2895 2256 2927; x_wconf 89' lang='lat' dir='ltr'>Cistercienses</span> <span class='ocrx_word' id='word_1_1039' title='bbox 2280 2895 2359 2925; x_wconf 85' lang='lat' dir='ltr'>Fos-</span> 
     </span>
     <span class='ocr_line' id='line_1_136' title="bbox 1287 2939 2358 2983; baseline -0.004 -10"><span class='ocrx_word' id='word_1_1040' title='bbox 1287 2953 1477 2980; x_wconf 83' lang='lat' dir='ltr'>sanovanos,</span> <span class='ocrx_word' id='word_1_1041' title='bbox 1497 2942 1584 2983; x_wconf 86' lang='lat' dir='ltr'>apud</span> <span class='ocrx_word' id='word_1_1042' title='bbox 1607 2952 1689 2983; x_wconf 89' lang='lat' dir='ltr'>quos</span> <span class='ocrx_word' id='word_1_1043' title='bbox 1713 2942 1799 2972; x_wconf 87' lang='lat' dir='ltr'>diem</span> <span class='ocrx_word' id='word_1_1044' title='bbox 1818 2941 1969 2972; x_wconf 88' lang='lat' dir='ltr'>ultimum</span> <span class='ocrx_word' id='word_1_1045' title='bbox 1990 2940 2102 2972; x_wconf 86' lang='lat' dir='ltr'>clausit</span> <span class='ocrx_word' id='word_1_1046' title='bbox 2119 2939 2276 2970; x_wconf 85' lang='lat' dir='ltr'>maximus</span> <span class='ocrx_word' id='word_1_1047' title='bbox 2299 2939 2358 2970; x_wconf 91' lang='lat' dir='ltr'>Ec-</span> 
     </span>
     <span class='ocr_line' id='line_1_137' title="bbox 1287 2983 2358 3027; baseline -0.005 -9"><span class='ocrx_word' id='word_1_1048' title='bbox 1287 2987 1398 3018; x_wconf 88' lang='lat' dir='ltr'>clesiae</span> <span class='ocrx_word' id='word_1_1049' title='bbox 1424 2987 1567 3024; x_wconf 90' lang='lat' dir='ltr'>Doctor,</span> <span class='ocrx_word' id='word_1_1050' title='bbox 1595 2987 1727 3027; x_wconf 90' lang='lat' dir='ltr'>eiusque</span> <span class='ocrx_word' id='word_1_1051' title='bbox 1751 2996 1867 3026; x_wconf 88' lang='lat' dir='ltr'>corpus</span> <span class='ocrx_word' id='word_1_1052' title='bbox 1903 2985 2068 3016; x_wconf 90' lang='lat' dir='ltr'>conditum</span> <span class='ocrx_word' id='word_1_1053' title='bbox 2092 2984 2169 3022; x_wconf 90' lang='lat' dir='ltr'>fuit,</span> <span class='ocrx_word' id='word_1_1054' title='bbox 2203 2984 2242 3014; x_wconf 88' lang='lat' dir='ltr'>de</span> <span class='ocrx_word' id='word_1_1055' title='bbox 2265 2983 2358 3014; x_wconf 87' lang='lat' dir='ltr'>sacris</span> 
     </span>
     <span class='ocr_line' id='line_1_138' title="bbox 1286 3028 2359 3072; baseline -0.004 -10"><span class='ocrx_word' id='word_1_1056' title='bbox 1286 3032 1415 3072; x_wconf 84' lang='lat' dir='ltr'>lipsanis</span> <span class='ocrx_word' id='word_1_1057' title='bbox 1430 3031 1489 3062; x_wconf 86' lang='lat' dir='ltr'>sibi</span> <span class='ocrx_word' id='word_1_1058' title='bbox 1503 3031 1715 3071; x_wconf 91' lang='lat' dir='ltr'>postmodum</span> <span class='ocrx_word' id='word_1_1059' title='bbox 1739 3030 1851 3071; x_wconf 89' lang='lat' dir='ltr'>ereptis</span> <span class='ocrx_word' id='word_1_1060' title='bbox 1869 3030 2002 3070; x_wconf 85' lang='lat' dir='ltr'>graviter</span> <span class='ocrx_word' id='word_1_1061' title='bbox 2020 3028 2170 3066; x_wconf 86' lang='lat' dir='ltr'>doluisse,</span> <span class='ocrx_word' id='word_1_1062' title='bbox 2187 3038 2224 3059; x_wconf 86' lang='lat' dir='ltr'>ac</span> <span class='ocrx_word' id='word_1_1063' title='bbox 2242 3038 2359 3068; x_wconf 90' lang='lat' dir='ltr'>provo-</span> 
     </span>
     <span class='ocr_line' id='line_1_139' title="bbox 1287 3072 2357 3114; baseline -0.005 -7"><span class='ocrx_word' id='word_1_1064' title='bbox 1287 3076 1411 3107; x_wconf 89' lang='lat' dir='ltr'>catione</span> <span class='ocrx_word' id='word_1_1065' title='bbox 1425 3076 1466 3106; x_wconf 86' lang='lat' dir='ltr'>ad</span> <span class='ocrx_word' id='word_1_1066' title='bbox 1479 3076 1666 3106; x_wconf 87' lang='lat' dir='ltr'>Romanum</span> <span class='ocrx_word' id='word_1_1067' title='bbox 1679 3074 1867 3106; x_wconf 88' lang='lat' dir='ltr'>Pontificem</span> <span class='ocrx_word' id='word_1_1068' title='bbox 1882 3073 2076 3114; x_wconf 88' lang='lat' dir='ltr'>interposita,</span> <span class='ocrx_word' id='word_1_1069' title='bbox 2091 3072 2170 3103; x_wconf 86' lang='lat' dir='ltr'>nihil</span> <span class='ocrx_word' id='word_1_1070' title='bbox 2185 3082 2251 3102; x_wconf 91' lang='lat' dir='ltr'>non</span> <span class='ocrx_word' id='word_1_1071' title='bbox 2269 3082 2357 3113; x_wconf 89' lang='lat' dir='ltr'>prae-</span> 
     </span>
     <span class='ocr_line' id='line_1_140' title="bbox 1286 3116 2359 3159; baseline -0.005 -8"><span class='ocrx_word' id='word_1_1072' title='bbox 1286 3120 1401 3159; x_wconf 91' lang='lat' dir='ltr'>teriise,</span> <span class='ocrx_word' id='word_1_1073' title='bbox 1412 3127 1448 3151; x_wconf 92' lang='lat' dir='ltr'>ut</span> <span class='ocrx_word' id='word_1_1074' title='bbox 1461 3120 1514 3150; x_wconf 91' lang='lat' dir='ltr'>illa</span> <span class='ocrx_word' id='word_1_1075' title='bbox 1529 3120 1588 3150; x_wconf 87' lang='lat' dir='ltr'>sibi</span> <span class='ocrx_word' id='word_1_1076' title='bbox 1603 3120 1846 3150; x_wconf 87' lang='lat' dir='ltr'>restituerentur.</span> <span class='ocrx_word' id='word_1_1077' title='bbox 1859 3119 1891 3150; x_wconf 91' lang='lat' dir='ltr'>Si</span> <span class='ocrx_word' id='word_1_1078' title='bbox 1904 3117 2114 3148; x_wconf 77' lang='lat' dir='ltr'>monasticam</span> <span class='ocrx_word' id='word_1_1079' title='bbox 2127 3116 2359 3148; x_wconf 89' lang='lat' dir='ltr'>institutionem</span> 
     </span>
     <span class='ocr_line' id='line_1_141' title="bbox 1287 3161 2356 3206; baseline -0.004 -11"><span class='ocrx_word' id='word_1_1080' title='bbox 1287 3165 1459 3206; x_wconf 90' lang='lat' dir='ltr'>aliquando</span> <span class='ocrx_word' id='word_1_1081' title='bbox 1478 3164 1623 3194; x_wconf 90' lang='lat' dir='ltr'>Thomas</span> <span class='ocrx_word' id='word_1_1082' title='bbox 1642 3163 1806 3204; x_wconf 86' lang='lat' dir='ltr'>amplexus</span> <span class='ocrx_word' id='word_1_1083' title='bbox 1826 3169 1920 3201; x_wconf 89' lang='lat' dir='ltr'>esset;</span> <span class='ocrx_word' id='word_1_1084' title='bbox 1942 3163 1969 3192; x_wconf 91' lang='lat' dir='ltr'>si</span> <span class='ocrx_word' id='word_1_1085' title='bbox 1991 3161 2200 3192; x_wconf 83' lang='lat' dir='ltr'>conscientiae</span> <span class='ocrx_word' id='word_1_1086' title='bbox 2220 3161 2356 3192; x_wconf 89' lang='lat' dir='ltr'>stimulis</span> 
     </span>
     <span class='ocr_line' id='line_1_142' title="bbox 1287 3205 2358 3247; baseline -0.005 -7"><span class='ocrx_word' id='word_1_1087' title='bbox 1287 3216 1386 3247; x_wconf 83' lang='lat' dir='ltr'>actus,</span> <span class='ocrx_word' id='word_1_1088' title='bbox 1406 3209 1446 3239; x_wconf 90' lang='lat' dir='ltr'>ad</span> <span class='ocrx_word' id='word_1_1089' title='bbox 1465 3208 1641 3239; x_wconf 85' lang='lat' dir='ltr'>monachos</span> <span class='ocrx_word' id='word_1_1090' title='bbox 1660 3218 1736 3239; x_wconf 91' lang='lat' dir='ltr'>cum</span> <span class='ocrx_word' id='word_1_1091' title='bbox 1754 3208 1869 3238; x_wconf 91' lang='lat' dir='ltr'>morbo</span> <span class='ocrx_word' id='word_1_1092' title='bbox 1884 3213 2089 3247; x_wconf 89' lang='lat' dir='ltr'>premeretur,</span> <span class='ocrx_word' id='word_1_1093' title='bbox 2105 3205 2224 3246; x_wconf 88' lang='lat' dir='ltr'>portari</span> <span class='ocrx_word' id='word_1_1094' title='bbox 2251 3215 2284 3236; x_wconf 88' lang='lat' dir='ltr'>se</span> <span class='ocrx_word' id='word_1_1095' title='bbox 2296 3216 2358 3236; x_wconf 71' lang='lat' dir='ltr'>,vo-</span> 
     </span>
     <span class='ocr_line' id='line_1_143' title="bbox 1285 3250 2358 3291; baseline -0.004 -7"><span class='ocrx_word' id='word_1_1096' title='bbox 1285 3254 1405 3291; x_wconf 83' lang='lat' dir='ltr'>luisset,</span> <span class='ocrx_word' id='word_1_1097' title='bbox 1421 3259 1457 3283; x_wconf 88' lang='lat' dir='ltr'>ut</span> <span class='ocrx_word' id='word_1_1098' title='bbox 1475 3259 1648 3283; x_wconf 88' lang='lat' dir='ltr'>extremam</span> <span class='ocrx_word' id='word_1_1099' title='bbox 1666 3252 1777 3283; x_wconf 89' lang='lat' dir='ltr'>saltem</span> <span class='ocrx_word' id='word_1_1100' title='bbox 1795 3251 1877 3282; x_wconf 84' lang='lat' dir='ltr'>vitae</span> <span class='ocrx_word' id='word_1_1101' title='bbox 1892 3251 2061 3291; x_wconf 89' lang='lat' dir='ltr'>periodum</span> <span class='ocrx_word' id='word_1_1102' title='bbox 2075 3250 2162 3290; x_wconf 90' lang='lat' dir='ltr'>apud</span> <span class='ocrx_word' id='word_1_1103' title='bbox 2182 3250 2358 3280; x_wconf 88' lang='lat' dir='ltr'>monachos</span> 
     </span>
     <span class='ocr_line' id='line_1_144' title="bbox 1286 3294 2358 3335; baseline -0.005 -7"><span class='ocrx_word' id='word_1_1104' title='bbox 1286 3298 1418 3335; x_wconf 89' lang='lat' dir='ltr'>viveret;</span> <span class='ocrx_word' id='word_1_1105' title='bbox 1443 3297 1468 3327; x_wconf 91' lang='lat' dir='ltr'>si</span> <span class='ocrx_word' id='word_1_1106' title='bbox 1491 3297 1669 3328; x_wconf 90' lang='lat' dir='ltr'>monachus</span> <span class='ocrx_word' id='word_1_1107' title='bbox 1688 3296 1828 3334; x_wconf 84' lang='lat' dir='ltr'>tandem,</span> <span class='ocrx_word' id='word_1_1108' title='bbox 1851 3296 1939 3326; x_wconf 84' lang='lat' dir='ltr'>velut</span> <span class='ocrx_word' id='word_1_1109' title='bbox 1957 3295 2078 3326; x_wconf 87' lang='lat' dir='ltr'>eiurato</span> <span class='ocrx_word' id='word_1_1110' title='bbox 2101 3294 2358 3324; x_wconf 87' lang='lat' dir='ltr'>Praedicatorum</span> 
     </span>
     <span class='ocr_line' id='line_1_145' title="bbox 1287 3338 2358 3380; baseline -0.005 -8"><span class='ocrx_word' id='word_1_1111' title='bbox 1287 3342 1419 3380; x_wconf 88' lang='lat' dir='ltr'>Ordine,</span> <span class='ocrx_word' id='word_1_1112' title='bbox 1435 3347 1573 3371; x_wconf 86' lang='lat' dir='ltr'>mortem</span> <span class='ocrx_word' id='word_1_1113' title='bbox 1596 3341 1689 3372; x_wconf 84' lang='lat' dir='ltr'>obiit:</span> <span class='ocrx_word' id='word_1_1114' title='bbox 1710 3350 1837 3371; x_wconf 86' lang='lat' dir='ltr'>summa</span> <span class='ocrx_word' id='word_1_1115' title='bbox 1860 3340 1926 3370; x_wconf 89' lang='lat' dir='ltr'>sine</span> <span class='ocrx_word' id='word_1_1116' title='bbox 1949 3339 2048 3370; x_wconf 88' lang='lat' dir='ltr'>dubio</span> <span class='ocrx_word' id='word_1_1117' title='bbox 2072 3338 2151 3369; x_wconf 85' lang='lat' dir='ltr'>ratio</span> <span class='ocrx_word' id='word_1_1118' title='bbox 2174 3338 2358 3369; x_wconf 89' lang='lat' dir='ltr'>Cistercien-</span> 
     </span>
     <span class='ocr_line' id='line_1_146' title="bbox 1286 3382 2357 3426; baseline -0.005 -10"><span class='ocrx_word' id='word_1_1119' title='bbox 1286 3386 1374 3416; x_wconf 91' lang='lat' dir='ltr'>sibus</span> <span class='ocrx_word' id='word_1_1120' title='bbox 1397 3391 1522 3426; x_wconf 89' lang='lat' dir='ltr'>praesto</span> <span class='ocrx_word' id='word_1_1121' title='bbox 1547 3385 1667 3423; x_wconf 86' lang='lat' dir='ltr'>fuisset,</span> <span class='ocrx_word' id='word_1_1122' title='bbox 1692 3395 1791 3425; x_wconf 89' lang='lat' dir='ltr'>quam</span> <span class='ocrx_word' id='word_1_1123' title='bbox 1814 3384 1962 3414; x_wconf 84' lang='lat' dir='ltr'>adversus</span> <span class='ocrx_word' id='word_1_1124' title='bbox 1991 3383 2098 3413; x_wconf 89' lang='lat' dir='ltr'>fratres</span> <span class='ocrx_word' id='word_1_1125' title='bbox 2124 3382 2357 3412; x_wconf 89' lang='lat' dir='ltr'>Praedicatores</span> 
     </span>
     <span class='ocr_line' id='line_1_147' title="bbox 1287 3426 2358 3470; baseline -0.005 -10"><span class='ocrx_word' id='word_1_1126' title='bbox 1287 3435 1498 3470; x_wconf 87' lang='lat' dir='ltr'>opponerent,</span> <span class='ocrx_word' id='word_1_1127' title='bbox 1518 3439 1554 3459; x_wconf 87' lang='lat' dir='ltr'>ac</span> <span class='ocrx_word' id='word_1_1128' title='bbox 1577 3429 1707 3460; x_wconf 86' lang='lat' dir='ltr'>Urbano</span> <span class='ocrx_word' id='word_1_1129' title='bbox 1726 3429 1756 3459; x_wconf 91' lang='lat' dir='ltr'>V</span> <span class='ocrx_word' id='word_1_1130' title='bbox 1774 3427 1919 3459; x_wconf 87' lang='lat' dir='ltr'>Pontifici</span> <span class='ocrx_word' id='word_1_1131' title='bbox 1939 3427 2079 3460; x_wconf 77' lang='lat' dir='ltr'>Maximo</span> <span class='ocrx_word' id='word_1_1132' title='bbox 2106 3426 2146 3456; x_wconf 89' lang='lat' dir='ltr'>ad</span> <span class='ocrx_word' id='word_1_1133' title='bbox 2174 3435 2287 3456; x_wconf 83' lang='lat' dir='ltr'>causae</span> <span class='ocrx_word' id='word_1_1134' title='bbox 2305 3426 2358 3456; x_wconf 91' lang='lat' dir='ltr'>de-</span> 
     </span>
     <span class='ocr_line' id='line_1_148' title="bbox 1286 3470 2359 3512; baseline -0.004 -9"><span class='ocrx_word' id='word_1_1135' title='bbox 1286 3474 1466 3504; x_wconf 89' lang='lat' dir='ltr'>fensionem</span> <span class='ocrx_word' id='word_1_1136' title='bbox 1495 3473 1704 3510; x_wconf 84' lang='lat' dir='ltr'>adducerent,</span> <span class='ocrx_word' id='word_1_1137' title='bbox 1733 3478 1769 3502; x_wconf 90' lang='lat' dir='ltr'>ut</span> <span class='ocrx_word' id='word_1_1138' title='bbox 1798 3482 1857 3512; x_wconf 92' lang='lat' dir='ltr'>pro</span> <span class='ocrx_word' id='word_1_1139' title='bbox 1885 3471 1967 3502; x_wconf 90' lang='lat' dir='ltr'>votis</span> <span class='ocrx_word' id='word_1_1140' title='bbox 1997 3471 2126 3501; x_wconf 83' lang='lat' dir='ltr'>tandem</span> <span class='ocrx_word' id='word_1_1141' title='bbox 2156 3470 2246 3510; x_wconf 90' lang='lat' dir='ltr'>quod</span> <span class='ocrx_word' id='word_1_1142' title='bbox 2269 3477 2359 3510; x_wconf 87' lang='lat' dir='ltr'>opta-</span> 
     </span>
     <span class='ocr_line' id='line_1_149' title="bbox 1286 3515 2357 3556; baseline -0.002 -8"><span class='ocrx_word' id='word_1_1143' title='bbox 1286 3518 1362 3548; x_wconf 88' lang='lat' dir='ltr'>bant</span> <span class='ocrx_word' id='word_1_1144' title='bbox 1385 3517 1563 3547; x_wconf 85' lang='lat' dir='ltr'>felicissime</span> <span class='ocrx_word' id='word_1_1145' title='bbox 1593 3522 1870 3556; x_wconf 89' lang='lat' dir='ltr'>consequerentur.</span> <span class='ocrx_word' id='word_1_1146' title='bbox 1900 3515 1963 3546; x_wconf 89' lang='lat' dir='ltr'>Sed</span> <span class='ocrx_word' id='word_1_1147' title='bbox 1989 3515 2052 3545; x_wconf 91' lang='lat' dir='ltr'>hoc</span> <span class='ocrx_word' id='word_1_1148' title='bbox 2081 3520 2266 3553; x_wconf 85' lang='lat' dir='ltr'>momento,</span> <span class='ocrx_word' id='word_1_1149' title='bbox 2290 3524 2357 3555; x_wconf 90' lang='lat' dir='ltr'>quo</span> 
     </span>
     <span class='ocr_line' id='line_1_150' title="bbox 1287 3558 2359 3601; baseline -0.004 -9"><span class='ocrx_word' id='word_1_1150' title='bbox 1287 3561 1366 3592; x_wconf 92' lang='lat' dir='ltr'>nihil</span> <span class='ocrx_word' id='word_1_1151' title='bbox 1389 3561 1510 3601; x_wconf 89' lang='lat' dir='ltr'>aptius,</span> <span class='ocrx_word' id='word_1_1152' title='bbox 1534 3560 1614 3591; x_wconf 86' lang='lat' dir='ltr'>nihil</span> <span class='ocrx_word' id='word_1_1153' title='bbox 1637 3560 1786 3599; x_wconf 86' lang='lat' dir='ltr'>solidius,</span> <span class='ocrx_word' id='word_1_1154' title='bbox 1811 3559 1890 3590; x_wconf 87' lang='lat' dir='ltr'>nihil</span> <span class='ocrx_word' id='word_1_1155' title='bbox 1912 3559 2037 3599; x_wconf 86' lang='lat' dir='ltr'>gravius</span> <span class='ocrx_word' id='word_1_1156' title='bbox 2065 3558 2178 3589; x_wconf 84' lang='lat' dir='ltr'>adferri</span> <span class='ocrx_word' id='word_1_1157' title='bbox 2201 3568 2359 3599; x_wconf 85' lang='lat' dir='ltr'>umquam</span> 
     </span>
     <span class='ocr_line' id='line_1_151' title="bbox 1286 3602 2358 3646; baseline -0.003 -10"><span class='ocrx_word' id='word_1_1158' title='bbox 1286 3605 1452 3646; x_wconf 91' lang='lat' dir='ltr'>potuisset,</span> <span class='ocrx_word' id='word_1_1159' title='bbox 1469 3615 1597 3635; x_wconf 87' lang='lat' dir='ltr'>causam</span> <span class='ocrx_word' id='word_1_1160' title='bbox 1611 3615 1703 3635; x_wconf 83' lang='lat' dir='ltr'>suam</span> <span class='ocrx_word' id='word_1_1161' title='bbox 1717 3614 1784 3635; x_wconf 89' lang='lat' dir='ltr'>non</span> <span class='ocrx_word' id='word_1_1162' title='bbox 1802 3610 1990 3644; x_wconf 85' lang='lat' dir='ltr'>perorarunt</span> <span class='ocrx_word' id='word_1_1163' title='bbox 2007 3603 2070 3641; x_wconf 88' lang='lat' dir='ltr'>illi;</span> <span class='ocrx_word' id='word_1_1164' title='bbox 2085 3603 2207 3634; x_wconf 84' lang='lat' dir='ltr'>nullam</span> <span class='ocrx_word' id='word_1_1165' title='bbox 2224 3602 2358 3634; x_wconf 89' lang='lat' dir='ltr'>iniecere</span> 
     </span>
     <span class='ocr_line' id='line_1_152' title="bbox 1286 3646 2361 3688; baseline -0.003 -8"><span class='ocrx_word' id='word_1_1166' title='bbox 1286 3649 1484 3680; x_wconf 89' lang='lat' dir='ltr'>mentionem</span> <span class='ocrx_word' id='word_1_1167' title='bbox 1502 3649 1541 3680; x_wconf 92' lang='lat' dir='ltr'>de</span> <span class='ocrx_word' id='word_1_1168' title='bbox 1559 3649 1753 3680; x_wconf 84' lang='lat' dir='ltr'>monachatu</span> <span class='ocrx_word' id='word_1_1169' title='bbox 1777 3648 1841 3679; x_wconf 86' lang='lat' dir='ltr'>divi</span> <span class='ocrx_word' id='word_1_1170' title='bbox 1863 3648 2022 3687; x_wconf 89' lang='lat' dir='ltr'>Thomae,</span> <span class='ocrx_word' id='word_1_1171' title='bbox 2041 3647 2108 3678; x_wconf 89' lang='lat' dir='ltr'>sive</span> <span class='ocrx_word' id='word_1_1172' title='bbox 2125 3647 2268 3688; x_wconf 88' lang='lat' dir='ltr'>pueruli,</span> <span class='ocrx_word' id='word_1_1173' title='bbox 2293 3646 2361 3678; x_wconf 84' lang='lat' dir='ltr'>sive</span> 
     </span>
    </p>
   </div>
  </div>
 </body>
</html>
