2788 4204
8 371 21 384 ⁸
34 375 99 392 u.-1⁵
111 374 160 391 om.
177 374 223 395 ex;

0 397 34 421 Ἀι
49 396 99 419 nisi
112 396 144 417 sil
158 401 196 417 ex.

4 424 19 436 ¹·
27 423 79 446 Lib.
89 423 107 449 1,
118 423 170 444 lect.
180 428 195 444 ι.

0 474 54 505 ¹⁸4:
66 475 180 501 dicimusf
188 481 220 497 ri:

8 502 111 527 ubitam
121 503 165 524 est.

23 799 152 816 mm:
163 799 221 822 pos-

79 1259 228 1312 ,ἑρέέέαῗῖ

61 1321 86 1334 .·
146 1317 158 1333 ι
167 1310 221 1333 Vide

0 4000 12 4204 :war-‘ficteque
9 3978 11 3982 ,
6 3939 9 3943 .
8 3915 9 3920 Α

1092 282 1204 318 CAP.
1234 282 1322 330 xv,
1352 282 1504 319 LECT.
1534 283 1606 319 xx

251 357 355 394 enim
383 358 525 407 aliquid
553 358 750 396 addiscere
773 358 844 395 nisi
865 371 911 395 ex
932 360 952 380 '¹‘
971 358 1237 408 praeexistenti
1257 372 1319 396 co—

249 411 433 459 gnitione,
464 411 560 448 sicut
587 411 701 449 etiam
730 424 845 460 supra
861 413 880 433 '⁵
901 411 1000 448 circa
1029 412 1319 450 demonstratio-

249 477 340 502 nem
370 465 534 502 diximus
555 466 586 501 *.
609 465 834 502 Immediata
862 473 990 502 autern
1018 466 1203 515 principia
1230 466 1318 504 ideo

251 530 296 555 ex
323 518 590 568 praeexistenti
619 518 834 566 cognitione
862 518 1060 556 addiscere
1088 532 1167 556 non
1186 532 1319 568 possu-

250 584 349 619 mus,
370 572 465 621 quia
486 571 744 620 praeexistens
774 572 937 620 cognitio
968 580 1023 609 est
1051 573 1207 619 certior,
1230 586 1318 610 curn

249 625 296 662 sit
323 637 438 662 causa
466 624 698 661 certitudinis
732 624 792 662 his
829 637 928 674 quae
955 638 1025 674 per
1058 638 1145 663 eam
1173 626 1319 663 innote—

249 685 369 715 scunt.
395 678 511 714 Nulla
539 685 668 714 autem
689 679 853 726 cognitio
875 686 931 715 est
949 679 1086 715 certior
1105 680 1318 727 cognitione

248 730 470 768 huiusmodi
497 731 782 780 principiorum.
804 733 920 770 Unde
945 745 1024 769 non
1042 732 1194 769 videtur
1213 733 1319 782 quod

247 784 441 833 possimus
457 785 477 805 ²⁴
498 796 544 821 ea
564 796 807 833 cognoscere,
829 798 918 823 cum
946 786 1051 834 prius
1079 798 1158 822 non
1178 799 1317 835 cogno—

248 849 431 874 verimus.

303 892 339 928 6.
360 890 505 937 Tertio,
530 890 603 928 ibi:
631 892 883 940 Manifestum
912 892 1029 942 igitur
1046 898 1102 929 est
1119 900 1201 939 etc.,
1229 905 1318 930 con-

250 944 366 982 cludit
385 957 431 981 ex
449 944 668 993 praemissis
683 942 697 966 δ
717 946 867 982 duabus
886 946 1106 991 rationibus,
1128 946 1234 994 quod
1253 959 1318 983 ne-

249 1010 324 1047 que
343 997 524 1046 possibile
544 1006 601 1035 est
629 1011 783 1047 semper
801 1000 944 1036 habere
973 999 1231 1047 cognitionem
1250 1000 1319 1037 ho-

248 1063 335 1088 rum
363 1051 650 1100 principiorum,
672 1065 771 1101 quae
800 1065 871 1090 nos
899 1053 1028 1098 lateat3
1050 1065 1174 1101 neque
1204 1053 1318 1090 etiarn

201 1127 204 1130 -
247 1104 429 1154 possibile
467 1112 524 1142 est
552 1106 659 1154 quod
695 1106 874 1143 in.nobis
908 1114 1109 1154 generetur
1137 1106 1184 1143 de
1213 1118 1318 1143 novo

208 1182 211 1184 -
248 1158 331 1195 talis
360 1158 536 1206 cognitio,
558 1159 785 1197 omnimoda
809 1160 1020 1208 ignorantia
1051 1159 1317 1208 praecedente,

249 1218 287 1248 et
313 1223 393 1249 non
421 1212 551 1249 habito
581 1213 709 1262 aliquo
738 1213 812 1250 alio
841 1213 984 1250 habitu.

302 1277 339 1314 7.
360 1266 512 1303 Deinde
541 1278 629 1303 cum
666 1266 774 1303 dicit:
801 1267 966 1304 Necesse
992 1266 1118 1314 itaque
1145 1271 1200 1302 est
1227 1272 1322 1311 etc.,>

248 1319 361 1357 solvit
374 1319 604 1368 praemissas
617 1321 636 1342 ²⁸
652 1319 905 1369 quaestiones.
922 1320 972 1356 Et
985 1319 1124 1368 primo,
1136 1318 1249 1355 solvit
1267 1319 1321 1355 ul-

1374 359 1524 406 timam;
1546 361 1728 409 secundo,
1745 362 1858 399 solvit
1873 362 1967 399 duas
1982 363 2141 411 primas;
2162 363 2231 400 ibi:
2253 364 2441 406 Quoniam

1373 419 1499 450 autem
1527 426 1659 451 eorum
1688 416 1754 464 qui
1783 416 1885 453 circa
1923 416 2146 453 intellectum
2173 418 2192 438 ²*
2226 425 2295 454 etc.
2331 418 2442 456 Circa
2467 431 2478 442 ⁸

1372 466 1542 515 primum
1580 468 1657 505 duo
1696 469 1799 506 facit:
1828 469 1967 518 primo,
2002 470 2115 506 solvit
2143 470 2439 518 dubitationem;

1374 520 1555 567 secundo,
1573 522 1787 559 manifestat
1800 523 2031 560 solutionem
2045 523 2223 572 positam;
2240 524 2308 560 ibi:
2332 525 2444 566 Quod

1373 579 1498 610 autem
1526 575 1665 612 dictum
1694 581 1749 612 est
1774 576 1863 613 olim
1889 577 1909 598 *
1938 584 2007 614 etc.
2036 577 2147 614 Circa
2173 577 2343 626 primum
2372 578 2441 615 tria
2468 590 2476 599 ·

1372 626 1480 663 facit:
1499 627 1638 675 primo,
1667 630 1848 677 proponit
1884 631 1991 679 quod
2029 638 2180 680 oportet
2207 631 2349 680 aliquid
2377 644 2439 668 co-

1372 680 1628 726 gnoscitivum
1643 681 1681 718 in
1697 683 1808 720 nobis
1826 684 2094 732 praeexistere;
2111 685 2294 731 secundo,
2316 692 2440 722 osten-

1374 733 1427 769 dit
1454 733 1547 782 quid
1566 734 1613 770 sit
1631 735 1740 782 illud3
1761 736 1833 773 ibi:
1862 738 2013 774 Videtur
2031 744 2156 774 autem
2173 739 2194 760 *
2214 746 2297 784 etc.;
2317 738 2439 786 tertio,
2467 749 2476 758 ·

1373 787 1537 823 ostendit
1571 789 1770 836 quomodo
1809 802 1855 826 ex
1881 791 2146 839 praeexistenti
2181 792 2439 840 cognoscitivo

1371 839 1559 889 principio
1579 842 1646 878 fiat
1664 842 1702 878 in
1731 843 1841 880 nobis
1860 844 2133 893 principiorum
2162 845 2343 893 cognitio;
2367 845 2439 882 ibi:

1371 893 1437 929 Ex
1453 905 1563 930 sensu
1579 895 1727 942 quidem
1744 897 1764 917 Ἐ
1785 903 1854 934 etc.
1876 898 1975 934 Dicit
1995 911 2084 946 ergo
2100 899 2226 947 primo
2251 899 2356 948 quod
2375 908 2440 936 ne·
2466 912 2476 923 ⁸

1373 958 1478 982 cesse
1508 955 1563 984 est
1590 960 1613 984 a
1640 949 1826 998 principio
1846 950 1885 987 in
1904 951 2015 988 nobis
2039 964 2120 989 esse
2141 953 2350 1000 quamdam
2371 965 2440 1002 po-

1372 1000 1529 1036 tentiam
1554 1002 1852 1049 cognoscitivam
1872 1009 1899 1050 ⁸,
1921 1017 2019 1053 quae
2047 1005 2187 1042 scilicet
2213 1006 2441 1054 praeexistat

1374 1053 1578 1100 cognitioni
1605 1054 1901 1104 principiorum;
1932 1071 2010 1095 non
2038 1066 2166 1095 tamen
2198 1060 2312 1096 talem
2341 1072 2440 1108 quae

1374 1106 1420 1142 sit
1450 1107 1578 1154 potior
1614 1116 1800 1156 quantum
1838 1111 1887 1148 ad
1925 1112 2187 1149 certitudinem
2226 1113 2440 1160 cognitione

1373 1159 1660 1208 principiorum.
1682 1162 1794 1199 Unde
1814 1175 1892 1200 non
1921 1165 2059 1202 eodem
2089 1166 2208 1202 modo
2236 1166 2440 1216 principio-

1375 1224 1461 1248 rum
1491 1214 1654 1261 cognitio
1674 1215 1717 1251 fit
1745 1215 1783 1252 in
1811 1217 1922 1253 nobis
1949 1230 1995 1254 ex
2023 1219 2285 1267 praeexistenti
2314 1220 2440 1268 cogni-

1375 1265 1490 1313 tione,
1511 1266 1607 1303 sicut
1635 1268 1770 1305 accidit
1793 1269 1831 1306 in
1860 1271 1917 1307 his
1937 1283 2036 1320 quae
2066 1280 2345 1320 cognoscuntur
2371 1286 2442 1323 per

1376 1319 1744 1358 demonstrationem
1762 1323 1781 1343 ’³‘
1802 1322 1826 1359 ζ.

300 1508 327 1544 ὃ)
350 1508 491 1535 Concludit
508 1516 546 1534 ex
565 1508 722 1541 praemissis
745 1514 794 1533 etc.
812 1522 831 1527 -
848 1508 930 1539 BFIQ
947 1513 972 1533 et
990 1516 1016 1541 p.
1031 1515 1067 1532 rn.
1086 1507 1121 1532 K:
1141 1500 1263 1532 excludit
1280 1514 1317 1532 ex

241 1545 401 1579 praemissis
406 1552 417 1575 ‚·
434 1545 482 1570 sed
501 1549 541 1570 est
559 1544 635 1569 lectio
654 1551 776 1569 erronea:
795 1543 836 1568 hic
855 1544 925 1568 enim
945 1552 966 1568 s.
980 1543 1098 1568 Thomas
1117 1543 1192 1568 infert
1207 1544 1317 1568 corolla-

245 1581 324 1612 rium,
343 1581 415 1614 quod
434 1588 464 1606 ex
483 1580 635 1613 praemissis
654 1588 698 1605 nn.
717 1587 735 1612 4
753 1585 779 1604 et
799 1579 812 1604 5
828 1579 943 1604 infertur.
956 1594 976 1599 -
988 1579 1086 1604 Deinde
1100 1579 1134 1603 F:
1149 1579 1220 1611 quod
1235 1586 1318 1611 neque

201 1631 207 1636 ·
247 1616 408 1650 impossibile
432 1619 472 1641 est
496 1623 616 1648 semper:
641 1615 717 1640 lectio
740 1615 866 1646 absurda,
892 1621 917 1640 et
941 1615 1092 1648 praemissis
1117 1622 1276 1647 repugnans.
1299 1628 1318 1633 -

246 1653 283 1678 L:
296 1652 494 1686 principiorum
513 1655 540 1677 et
558 1659 606 1677 nos
625 1652 709 1676 lateat
714 1659 724 1680 ,·
742 1651 776 1676 C:
795 1652 892 1680 latent,·
912 1651 948 1681 Q:
968 1652 1047 1681 latet,·
1066 1650 1106 1675 alii
1121 1650 1206 1675 codd.:
1220 1650 1317 1675 lateat:

247 1693 274 1713 et
291 1687 358 1714 hanc
376 1688 515 1713 lectionem
534 1686 676 1712 sufficimus
697 1687 730 1716 Ρ,
750 1687 860 1712 lateant.
870 1687 963 1711 Sermo
977 1692 1017 1711 est
1030 1686 1099 1711 enim
1112 1687 1144 1711 de
1157 1686 1316 1719 cognitione,

246 1724 317 1749 unde
335 1727 362 1748 et
379 1731 459 1756 supra
478 1723 520 1755 (n.
533 1721 565 1756 4)
586 1730 608 1748 s.
626 1722 744 1747 Thomas
764 1722 834 1751 dixit,
855 1722 951 1747 habeat
973 1722 1150 1755 cognitionem
1171 1721 1318 1753 principio-

247 1766 310 1784 rum
329 1759 553 1788 immediatorum,
568 1761 595 1784 et
608 1759 693 1783 lateat
711 1758 806 1790 ipsum.
823 1771 843 1776 -
861 1758 972 1789 Deinde,
992 1758 1018 1782 in
1037 1756 1088 1782 fine
1107 1757 1183 1782 huius
1208 1757 1318 1787 numeri,

248 1795 333 1826 codd„
347 1802 401 1820 exc.
410 1794 508 1825 FGIQ:
523 1793 676 1819 omnimoda
687 1793 858 1827 ignorantias
869 1793 927 1818 PG:
940 1793 1049 1818 omnino
1063 1793 1234 1826 ignorantia,-
1247 1792 1317 1823 FlQ:

247 1830 401 1856 omnimodo
421 1829 586 1864 ignorantia,
597 1843 617 1848 -
629 1829 720 1860 Codd.,
739 1837 794 1854 exc.
813 1829 849 1854 G:
869 1832 896 1853 et
914 1836 966 1853 non
987 1829 1076 1853 habito
1094 1828 1184 1861 aliquo
1202 1828 1256 1853 alio
1271 1828 1318 1852 ha-

247 1865 314 1892 bitu.
333 1866 354 1892 P
367 1873 421 1891 om.
435 1865 540 1895 habit05
558 1865 579 1890 B
595 1872 717 1890 erronee:
737 1868 764 1889 et
776 1864 937 1896 praehabito
955 1864 1036 1889 etiam
1055 1864 1146 1896 aliquo
1159 1869 1216 1895 etc.;
1236 1864 1273 1888 H:
1292 1867 1319 1889 et

248 1909 302 1927 non
320 1901 419 1927 habens
437 1901 551 1934 aliquem
571 1900 689 1925 habitum
695 1908 704 1930 ‚·
723 1900 747 1925 Τ
765 1908 818 1925 om.
837 1900 942 1932 aliquo,·
960 1900 986 1924 M
1004 1907 1058 1924 om.
1076 1899 1140 1925 alio.

302 1935 325 1972 ε)
344 1937 458 1962 Necesse
475 1939 516 1962 est
533 1941 556 1960 α’
565 1935 702 1968 principio
725 1936 752 1960 in
773 1935 847 1960 nobis
865 1942 922 1960 esse
940 1935 1085 1968 quamdam
1105 1935 1256 1967 potentiam
1275 1942 1319 1960 co-

246 1972 433 2006 gnooeinvam.
450 1986 471 1991 -
487 1972 528 1996 Ad
547 1971 611 1996 haec
628 1971 707 1996 verba
726 1975 767 1996 est
791 1971 986 1996 attendendum.
1004 1971 1092 1995 Tertia
1116 1970 1235 2004 quaestio
1258 1979 1319 2003 pro-

298 2007 332 2033 ila
356 2016 382 2033 n.
403 2006 435 2039 3,
461 2014 528 2040 quae
556 2011 643 2032 tamen
672 2006 757 2040 primo
782 2006 891 2031 solvitur
914 2007 945 2031 ab
970 2006 1122 2038 Aristotele,
1150 2011 1204 2031 erat
1232 2011 1319 2031 utrum

247 2015 352 2069 mnus
370 2043 516 2076 primorum
542 2042 727 2076 principiorum
745 2043 924 2075 acquirantur
947 2050 962 2067 a
981 2042 1071 2072 nobis;
1097 2042 1138 2067 vel
1162 2047 1250 2067 utrum
1269 2042 1321 2066 sint

248 2079 325 2105 nobis
350 2079 459 2108 innata,
484 2079 518 2104 ita
542 2083 630 2103 tamen
649 2083 679 2103 ut
703 2078 729 2103 in
748 2078 875 2111 principio
900 2086 949 2103 nos
973 2078 1077 2103 lateant.
1103 2077 1180 2108 Quod
1203 2078 1319 2102 additum

247 2114 368 2141 existimo
387 2119 475 2139 contra
494 2114 629 2139 Platonem
649 2112 698 2147 (cf.
710 2113 754 2139 lib.
769 2114 787 2144 1,
802 2114 860 2139 lect.
874 2112 924 2148 ιιι).
943 2114 1017 2139 Ratio
1036 2114 1145 2138 adducta
1164 2121 1189 2138 n.
1208 2121 1226 2145 4
1243 2121 1320 2146 urge-

247 2155 291 2176 tur
309 2151 342 2175 ad
360 2150 524 2175 suadendum
543 2157 595 2174 non
615 2157 694 2183 posse
708 2148 829 2174 affirmari
844 2150 915 2182 quod
930 2149 1015 2174 innata
1030 2149 1063 2174 sit
1077 2149 1209 2174 existentia
1223 2149 1319 2182 primo-

248 2194 310 2212 rum
324 2185 510 2219 principiorum
529 2185 555 2210 in
573 2186 659 2217 nobis,
673 2191 699 2211 et
712 2182 790 2210 simul
810 2186 881 2218 quod
901 2193 949 2210 nos
963 2186 1066 2210 lateant.
1081 2185 1132 2209 Sed
1145 2184 1248 2209 aliunde
1263 2193 1288 2209 n.
1305 2183 1318 2209 5

248 2221 314 2247 ratio
333 2221 438 2247 affertur
456 2221 488 2246 ad
506 2221 669 2255 probandum
690 2221 761 2253 quod
781 2221 871 2246 eadem
894 2221 977 2254 prima
996 2220 1118 2254 principia
1137 2228 1190 2245 non
1210 2225 1321 2253 possunt

249 2264 310 2283 ease
328 2257 462 2290 acquisita.
485 2257 568 2290 Ergo,
593 2257 755 2282 concluditur
773 2265 799 2282 ιι.
818 2255 849 2287 6,
869 2256 991 2290 principia
1009 2256 1092 2289 prima
1115 2261 1176 2280 sunt
1194 2256 1219 2280 in
1244 2256 1320 2280 nobis

249 2293 343 2326 partim
362 2292 448 2318 innata
461 2297 487 2318 et
501 2292 595 2325 partim
611 2293 744 2325 acquisita,
759 2292 809 2317 sub
829 2293 933 2318 diverso
951 2297 1079 2325 respectu.
1093 2305 1112 2310 —
1126 2291 1267 2322 Quomodo
1282 2291 1320 2316 in-

250 2327 325 2354 nata?
340 2328 407 2359 Quia
417 2335 513 2361 nempe
524 2328 599 2353 nobis
609 2328 696 2353 innata
705 2333 746 2353 est
759 2329 887 2361 quaedam
898 2328 1012 2361 potentia
1022 2327 1197 2360 cognoscitiva
1208 2327 1321 2359 praeexi-

244 2369 323 2390 stens
337 2363 475 2395 cognitioni
495 2363 682 2397 principiorum
702 2363 739 2396 (n.
754 2364 799 2396 7.),
815 2358 913 2398 ἀνάγκη
929 2359 980 2397 ἄρα
993 2360 1059 2398 ἔχειν
1073 2362 1117 2397 μέν
1132 2371 1188 2388 τινα
1202 2361 1316 2397 δύναμιν.

250 2399 310 2425 Non
329 2399 388 2433 dicit
405 2399 522 2424 habitum
536 2397 616 2433 (ἕξις),
631 2407 684 2424 non
704 2399 877 2432 cognitionem
893 2399 1014 2433 (γνῶσις),
1029 2407 1081 2423 non
1098 2399 1210 2431 denique
1225 2406 1320 2431 cogno-

251 2435 343 2460 scibile
360 2435 403 2460 vel
421 2434 553 2468 cognitum
573 2433 720 2468 (γνωστὸν),
735 2435 781 2459 sed
794 2435 951 2464 facultatem,
971 2433 1089 2468 δύναμις
1104 2440 1134 2459 ιιι
1146 2434 1320 2467 intelligamus

250 2470 406 2504 principium
429 2470 634 2502 cognoscitivum
659 2470 834 2503 praeexistens
862 2470 1024 2503 acquisitioni
1052 2469 1154 2495 habitus
1177 2469 1321 2502 primorum

251 2506 437 2540 principiorum
455 2506 481 2530 in
500 2506 576 2531 nobis
595 2513 655 2531 esse
674 2506 736 2539 quid
756 2506 935 2536 subiectivum,
951 2514 1005 2530 non
1023 2505 1188 2536 obiectivum‚
1202 2513 1262 2530 esse
1276 2505 1322 2530 ali—

251 2541 316 2575 quid
335 2542 436 2567 animae
461 2547 573 2566 nostrae.
597 2541 664 2566 Hinc
688 2541 787 2566 ratione
810 2541 919 2571 obiecti,
939 2541 1063 2574 principia
1081 2541 1165 2574 prima
1188 2549 1239 2565 non
1262 2546 1323 2566 sunt

251 2577 328 2603 nobis
342 2577 436 2608 innata,
447 2577 494 2602 sed
504 2577 536 2602 de
546 2585 615 2602 novo
628 2577 794 2610 acquiruntur
799 2584 806 2607 ;
821 2577 919 2602 ratione
931 2577 1048 2607 subiecti,
1060 2582 1121 2601 sunt
1135 2576 1210 2601 nobis
1223 2577 1321 2607 innata;

251 2613 303 2638 hoc
316 2618 363 2643 est,
377 2613 463 2638 innata
476 2617 518 2638 est
536 2618 562 2638 et
580 2620 745 2646 consequens
765 2613 866 2638 animae
882 2617 999 2637 naturam
1016 2613 1123 2637 facultas
1139 2612 1322 2644 cognoscitiva,

251 2648 352 2674 habens
377 2649 520 2673 naturalem
546 2648 736 2673 inclinationem
760 2649 792 2673 ad
811 2649 992 2680 cognoscenda
1010 2648 1110 2673 obiecta
1135 2648 1247 2680 propria.
1271 2648 1322 2673 Sed

251 2684 300 2710 hac
318 2684 346 2709 in
359 2691 388 2709 re
400 2684 544 2708 audiendus
558 2689 598 2709 est
617 2692 640 2709 s.
655 2684 780 2713 Thomas,
794 2685 839 2716 qui
853 2684 880 2709 in
893 2684 1005 2709 Summa
1019 2684 1142 2717 theolog„
1157 2684 1214 2713 l-ll,
1230 2691 1274 2716 qu.
1289 2692 1323 2715 u,

251 2720 323 2745 artic.
332 2727 354 2750 1,
365 2727 503 2753 quaerens,
521 2719 616 2744 Utrum
631 2720 728 2752 aliquis
742 2719 847 2744 habitus
859 2720 895 2744 sit
906 2727 924 2744 a
934 2723 1041 2749 natura,
1052 2719 1097 2744 ait:
1110 2730 1122 2742 «
1131 2719 1239 2744 Videtur
1251 2720 1322 2752 quod

252 2756 341 2780 nullus
358 2755 461 2780 habitus
481 2755 514 2780 sit
532 2763 547 2780 a
565 2761 683 2780 natura...
703 2756 754 2780 Sed
773 2760 862 2780 contra
875 2760 927 2784 est,
943 2755 1014 2788 quod
1032 2755 1059 2779 in
1074 2755 1107 2779 V1
1122 2755 1184 2780 Eth.
1198 2755 1275 2787 (cap.
1285 2762 1321 2785 ιιι,

252 2797 325 2816 n.t—-
335 2791 386 2816 Ed.
395 2791 473 2822 Did.)
483 2791 550 2816 inter
565 2791 629 2816 alios
645 2791 748 2816 habitus
764 2791 868 2824 ponitur
883 2791 1032 2816 intellectus
1046 2790 1257 2822 principiorum,
1278 2790 1323 2823 qui

253 2831 295 2852 est
312 2834 328 2852 a
345 2832 450 2856 natura,
468 2826 539 2851 unde
557 2831 584 2851 et
601 2826 726 2860 principia
744 2827 829 2859 prima
848 2827 967 2851 dicuntur
985 2826 1133 2851 naturaliter
1151 2826 1260 2859 cognita.

308 2871 324 2887 »
338 2862 496 2895 Respondeo
510 2862 656 2892 dicendum,
671 2863 742 2895 quod
757 2862 853 2895 aliquid
872 2867 959 2895 potest
977 2869 1037 2887 esse
1057 2862 1172 2886 naturale
1187 2862 1261 2886 alicui
1276 2862 1325 2886 du-

248 2897 367 2931 pliciter.
389 2898 447 2925 Uno
466 2898 545 2923 modo
565 2898 710 2923 secundum
730 2903 847 2923 naturam
868 2898 963 2930 speciei
970 2906 977 2928 ;
1002 2897 1068 2922 sicut
1086 2898 1201 2922 naturale
1219 2902 1259 2922 est
1277 2897 1324 2922 ho·

252 2933 316 2959 rnini
335 2941 395 2959 esse
413 2933 519 2963 risibile,
537 2938 564 2958 et
581 2934 633 2965 igni
652 2934 710 2959 ferri
730 2942 844 2958 sursum.
862 2934 923 2958 Alio
942 2933 1022 2958 modo
1041 2933 1183 2958 secundum
1207 2939 1325 2958 naturam

252 2969 389 3000 individui3
410 2969 476 2994 sicut
493 2970 610 2994 naturale
628 2974 669 2994 est
692 2969 790 2994 Socrati
808 2969 850 2994 vel
870 2969 969 2994 Platoni
994 2977 1054 2994 esse
1078 2967 1269 3001 aegrotativum
1283 2969 1325 2994 vel

253 3005 409 3035 sanativum,
425 3005 567 3030 secundum
582 3004 714 3037 propriam
729 3005 944 3037 complexionem.
954 3005 1057 3029 Rursus
1072 3005 1215 3029 secundum
1227 3010 1326 3029 utram·-

252 3048 308 3074 que
326 3045 445 3065 naturam
469 3045 557 3073 potest
575 3039 623 3064 dici
642 3040 741 3074 aliquid
765 3041 883 3065 naturale
908 3040 1067 3072 dupliciter:
1088 3040 1147 3065 Uno
1166 3040 1245 3065 modo
1265 3040 1326 3072 quia

253 3081 339 3101 totum
357 3081 398 3101 est
416 3083 431 3100 a
450 3081 552 3105 natura:
575 3075 637 3100 Alio
656 3076 735 3101 modo
754 3076 814 3108 quia
838 3076 984 3100 secundum
1010 3076 1106 3108 aliquid
1125 3081 1166 3100 est
1184 3084 1198 3100 a
1217 3081 1325 3106 natura,

254 3116 281 3136 et
299 3111 444 3136 secundum
463 3111 560 3144 aliquid
579 3116 619 3136 est
636 3111 668 3135 ab
688 3111 804 3136 exteriori
823 3110 962 3144 principio:
981 3111 1047 3136 sicut
1065 3119 1125 3136 curn
1144 3111 1238 3144 aliquis
1250 3119 1324 3136 sana-

253 3151 297 3171 tur
314 3154 362 3179 per
379 3147 506 3179 seipsum,
525 3151 578 3171 tota
598 3146 693 3171 sanitas
712 3145 753 3171 est
771 3155 785 3171 a
803 3151 908 3177 natura;
927 3154 987 3171 cum
1007 3152 1093 3171 autem
1112 3146 1206 3179 aliquis
1222 3152 1327 3171 sanatur

254 3181 351 3207 auxilio
369 3182 521 3213 medicinae,
541 3182 637 3207 sanitas
657 3182 750 3215 partim
770 3187 810 3207 est
827 3190 842 3207 a
857 3187 955 3212 natura,
970 3182 1064 3215 partim
1078 3182 1110 3207 ab
1125 3182 1242 3207 exteriori
1256 3182 1326 3215 prin-

255 3225 278 3242 ει
298 3225 332 3242 ιο.

280 3225 296 3251 P
312 3262 325 3275 ι
342 3252 374 3277 Si
386 3252 471 3286 igitur
489 3253 632 3285 loquamur
645 3253 678 3278 de
690 3252 782 3278 habitu
801 3253 945 3278 secundum
960 3253 1032 3285 quod
1050 3256 1090 3278 est
1108 3247 1247 3284 dispositio
1266 3253 1326 3277 sul>-

256 3287 318 3313 iecti
336 3287 362 3312 in
382 3288 477 3313 ordine
495 3288 533 3313 ad
547 3289 671 3321 sormam
694 3289 736 3313 vel
753 3291 893 3318 naturam,
913 3289 1028 3321 quolibet
1049 3288 1252 3320 praedictorum
1272 3295 1327 3313 mo-

255 3323 354 3349 dorum
372 3323 506 3356 contingit
529 3323 648 3349 habitum
675 3331 731 3349 esse
756 3324 916 3349 naturalem.
934 3324 983 3349 Est
1000 3325 1069 3349 enim
1089 3324 1174 3356 aliqua
1193 3324 1328 3355 dispositio

256 3358 390 3390 naturalis,
409 3366 477 3391 quae
496 3359 606 3384 debetur
623 3359 752 3384 humanae
771 3359 874 3392 speciei,
894 3364 964 3384 extra
982 3367 1061 3392 quam
1084 3359 1171 3384 nullus
1189 3359 1270 3383 homo
1289 3359 1327 3383 in-

255 3394 370 3419 venitur:
390 3399 415 3419 et
432 3394 496 3419 haec
514 3399 555 3419 est
567 3395 689 3419 naturalis
709 3395 853 3420 secundum
874 3400 991 3419 naturam
1011 3394 1115 3428 speciei.
1130 3395 1181 3419 Sed
1196 3394 1256 3427 quia
1269 3394 1327 3419 talis

256 3429 394 3463 dispositio
409 3429 550 3462 quamdam
563 3430 723 3455 latitudinem
742 3430 827 3461 habet,
847 3430 971 3463 contingit
989 3430 1106 3455 diversos
1123 3430 1219 3463 gradus
1237 3429 1328 3454 huius-

257 3465 328 3490 modi
349 3465 525 3498 dispositionis
544 3465 683 3490 convenire
703 3465 811 3490 diversis
830 3465 981 3490 horninibus
1001 3466 1142 3490 secundum
1157 3470 1275 3490 naturam
1290 3465 1329 3490 in-

257 3501 369 3526 dividui:
389 3505 415 3526 et
433 3500 582 3526 huiusmodi
602 3501 738 3534 dispositio
757 3506 843 3533 potest
861 3509 920 3526 esse
938 3502 980 3526 vel
1000 3501 1112 3526 totaliter
1130 3509 1144 3526 a
1163 3506 1268 3532 natura,
1286 3501 1328 3525 vel

259 3536 352 3570 partim
372 3544 387 3561 a
406 3541 495 3561 natura
514 3541 540 3561 et
557 3536 651 3569 partim
670 3536 702 3561 ab
721 3536 838 3561 exteriori
857 3536 991 3570 principio,
1011 3537 1077 3562 sicut
1096 3537 1192 3562 dictum
1211 3541 1252 3561 est
1269 3536 1329 3568 (hic

257 3573 329 3604 sup.)
348 3572 380 3596 de
399 3571 440 3596 his
459 3571 504 3604 qui
524 3577 647 3596 sanantur
664 3580 712 3605 per
730 3577 821 3597 artem.

314 3617 328 3630 ι
345 3607 399 3632 Sed
417 3607 530 3637 habitus,
547 3607 593 3640 qui
606 3611 646 3633 est
660 3607 799 3639 dispositio
811 3607 849 3632 ad
861 3607 1057 3640 operationem,
1083 3607 1161 3633 cuius¹
1182 3607 1327 3632 subiectum

257 3646 299 3668 est
318 3643 442 3676 potentia
466 3643 581 3675 animae,
599 3648 629 3668 ut
647 3643 744 3668 dictum
763 3649 803 3668 est
823 3642 862 3677 (q.
880 3651 904 3675 ι,
923 3651 961 3669 ar.
979 3642 1025 3678 ιι),
1042 3646 1132 3676 potest
1149 3643 1255 3676 quidem
1274 3650 1330 3668 esse

1374 1508 1518 1538 ›natur-aus,
1539 1511 1564 1533 et
1582 1510 1725 1535 secundum
1745 1513 1871 1535 naturam
1895 1511 1991 1543 speciei
2015 1514 2041 1536 et
2064 1511 2208 1536 secundum
2228 1514 2353 1536 naturam
2373 1512 2442 1537 indi-

1373 1543 1462 1568 vidui:
1479 1545 1624 1569 secundum
1645 1546 1751 1578 quidem
1770 1551 1888 1571 naturam
1908 1546 2015 1579 speciei,
2035 1547 2180 1572 secundum
2200 1548 2270 1580 quod
2290 1555 2318 1572 se
2330 1552 2400 1572 tenet
2412 1555 2443 1573 ex

1373 1583 1446 1611 parte
1465 1579 1547 1612 ipsius
1566 1581 1675 1612 animae,
1695 1589 1762 1614 quae
1781 1590 1841 1606 curn
1860 1582 1892 1606 sit
1910 1582 1993 1607 forma
2011 1582 2136 1616 corporis,
2155 1588 2195 1607 est
2214 1583 2367 1616 principium
2383 1591 2441 1616 spe-

1374 1613 1487 1646 cificum,
1513 1617 1656 1641 secundum
1677 1622 1761 1641 autem
1789 1624 1906 1642 naturam
1925 1617 2062 1649 individui,
2081 1625 2111 1642 ex
2130 1623 2203 1651 parte
2221 1618 2351 1651 corporis,
2371 1620 2441 1651 quod

1374 1654 1414 1674 est
1432 1650 1564 1676 materiale
1583 1652 1745 1684 principium.
1764 1653 1815 1678 Sed
1834 1658 1921 1678 tamen
1940 1659 2032 1678 neutro
2052 1654 2131 1678 modo
2150 1654 2273 1687 contingit
2291 1654 2316 1678 in
2331 1654 2441 1679 homini-

1373 1685 1423 1710 bus
1443 1693 1502 1711 esse
1520 1686 1622 1712 habitus
1642 1689 1778 1719 naturales,
1797 1689 1830 1713 ita
1849 1690 1919 1721 quod
1938 1689 1990 1714 sint
2013 1689 2123 1714 totaliter
2141 1697 2155 1714 a
2178 1695 2276 1714 natura.
2295 1690 2323 1714 ln
2342 1690 2440 1723 angelis

1373 1721 1503 1754 siquidem
1523 1723 1654 1756 contingit,
1673 1730 1705 1748 eo
1724 1725 1795 1756 quod
1815 1724 1909 1749 habent
1926 1725 2027 1757 species
2047 1725 2218 1757 intelligibiles
2238 1726 2385 1750 naturaliter
2402 1726 2440 1750 in-

1374 1757 1450 1786 ditas;
1470 1758 1541 1790 quod
1560 1766 1612 1782 non
1630 1759 1755 1792 competit
1773 1759 1900 1784 humanae
1919 1765 2032 1791 naturae,
2052 1766 2080 1785 ut
2098 1761 2124 1785 in
2144 1761 2152 1785 1
2173 1761 2268 1785 dictum
2288 1766 2328 1785 est
2346 1760 2385 1794 (q.
2398 1769 2439 1792 Lv,

1374 1792 1443 1817 artic.
1458 1792 1497 1827 ιι.)
1517 1793 1582 1818 Sunt
1594 1802 1657 1826 ergo
1669 1795 1694 1819 in
1711 1794 1860 1820 hominibus
1879 1796 1957 1828 aliqui
1977 1796 2078 1821 habitus
2094 1797 2232 1827 naturales,
2244 1802 2368 1830 tanquam
2382 1805 2440 1830 par-

1374 1827 1420 1852 tim
1440 1835 1454 1853 a
1473 1833 1564 1853 natura
1583 1830 1728 1860 existentes,
1748 1836 1773 1855 et
1791 1831 1883 1864 partirn
1903 1832 1935 1856 ab
1955 1832 2070 1856 exteriori
2089 1832 2222 1864 principio.

1430 1872 1444 1887 ι
1458 1864 1539 1888 Aliter
1557 1865 1662 1897 quidem
1682 1866 1707 1890 in
1719 1866 1914 1899 apprehensivis
1934 1867 2062 1900 potentiis,
2076 1873 2100 1892 et
2114 1867 2186 1892 aliter
2199 1867 2226 1892 in
2240 1867 2392 1900 appetitivis.
2412 1868 2441 1892 ln

1375 1899 1571 1932 apprehensivis
1596 1901 1665 1926 enim
1689 1902 1810 1934 potentiis
1834 1907 1920 1935 potest
1938 1910 1998 1927 esse
2023 1903 2124 1927 habitus
2150 1903 2271 1928 naturalis
2297 1904 2440 1928 secundum

1375 1934 1579 1966 inchoationem,
1603 1938 1745 1962 secundum
1765 1942 1882 1962 naturam
1901 1938 2010 1970 speciei,
2033 1944 2058 1963 et
2077 1939 2219 1963 secundum
2239 1944 2355 1963 naturam
2374 1939 2439 1964 indi-

1374 1970 1452 1995 vidui.
1471 1971 1620 1996 Secundum
1635 1972 1740 2005 quidem
1755 1978 1871 1998 naturam
1886 1973 1989 2006 speciei,
2004 1981 2034 1999 ex
2053 1979 2124 2007 parte
2143 1974 2225 2007 ipsius
2244 1974 2356 1999 animae:
2376 1974 2442 1999 sicut

1375 2006 1522 2031 intellectus
1541 2007 1737 2040 principiorum
1764 2009 1855 2034 dicitur
1879 2017 1938 2034 esse
1961 2009 2062 2034 habitus
2087 2010 2218 2034 naturalis.
2242 2010 2279 2035 Ex
2298 2010 2354 2043 ipsa
2372 2010 2442 2035 enim

1375 2046 1466 2066 natura
1485 2042 1586 2067 animae
1604 2043 1782 2069 intellectualis
1801 2045 1920 2069 convenit
1938 2044 2036 2069 homini
2060 2045 2131 2078 quod
2151 2045 2236 2070 statim
2257 2045 2359 2078 cognito
2378 2046 2440 2078 quid

1375 2082 1416 2102 est
1433 2082 1530 2108 totum,
1554 2084 1579 2103 et
1598 2079 1660 2111 quid
1684 2084 1724 2104 est
1742 2087 1816 2112 pars,
1836 2085 1975 2113 cognoscat
1997 2081 2068 2113 quod
2092 2089 2171 2106 omne
2193 2086 2275 2105 torum
2300 2086 2340 2105 est
2359 2081 2441 2105 maius

1376 2120 1424 2137 sua
1442 2118 1527 2146 parte;
1547 2119 1572 2138 et
1591 2114 1675 2139 simile
1699 2120 1739 2140 est
1758 2116 1783 2140 in
1809 2116 1928 2140 caeteris:
1954 2117 2000 2141 sed
2026 2116 2087 2148 quid
2106 2116 2139 2141 sit
2162 2121 2260 2147 totum,
2284 2121 2310 2141 et
2328 2116 2391 2149 quid
2409 2116 2442 2141 sit

1376 2156 1451 2181 pars,
1475 2157 1633 2181 cognoscere
1658 2158 1709 2175 non
1733 2156 1820 2184 potest
1842 2151 1890 2176 nisi
1915 2159 1961 2184 per
1984 2151 2084 2184 species
2109 2152 2282 2185 intelligibiles
2302 2160 2316 2176 a
2335 2152 2441 2185 phanta-

1376 2184 1502 2209 smatibus
1533 2191 1660 2218 acceptas.
1685 2187 1718 2210 Et
1743 2191 1848 2220 propter
1871 2187 1921 2211 hoc
1946 2187 2118 2219 Philosophus
2142 2187 2168 2212 in
2190 2186 2241 2212 fine
2266 2188 2442 2212 Posteriorum

1376 2220 1489 2245 ostendit
1507 2221 1577 2253 quod
1596 2222 1713 2254 cognitio
1733 2222 1929 2255 principiorum
1944 2223 2071 2255 provenit
2089 2223 2163 2248 nobis
2181 2230 2219 2248 ex
2236 2229 2324 2248 sensu.
2343 2223 2440 2247 Secun-

1377 2256 1438 2280 dum
1458 2264 1521 2280 vero
1539 2261 1657 2281 naturam
1676 2257 1799 2282 individui
1814 2263 1854 2283 est
1866 2258 1958 2291 aliquis
1972 2258 2073 2283 habitus
2089 2258 2277 2291 cognoscitivus
2297 2259 2440 2283 secundum

1376 2291 1565 2316 inchoationem
1585 2293 1740 2324 naturalem,
1760 2293 1912 2326 inquantum
1938 2302 2007 2318 unus
2032 2294 2112 2318 homo
2131 2302 2161 2319 ex
2180 2294 2347 2326 dispositione
2365 2301 2440 2326 orga-

1377 2334 1471 2351 norum
1484 2333 1524 2352 est
1543 2328 1624 2360 magis
1639 2334 1714 2361 aptus
1724 2329 1756 2353 ad
1769 2329 1835 2354 bene
1849 2329 2043 2362 intelligendum
2058 2337 2136 2362 quam
2150 2330 2222 2360 alius,
2237 2329 2390 2362 inquantum
2409 2329 2442 2353 ad

1376 2363 1553 2395 operationem
1578 2363 1723 2388 intellectus
1749 2365 1893 2397 indigemus
1919 2365 2053 2390 virtutibus
2082 2365 2219 2390 sensitivis.
2243 2365 2271 2389 ln
2296 2364 2440 2398 appetitivis

1377 2403 1463 2422 autem
1487 2399 1609 2431 potentiis
1634 2407 1686 2424 non
1710 2405 1750 2425 est
1775 2401 1868 2433 aliquis
1891 2400 1994 2425 habitus
2022 2401 2143 2425 naturalis
2169 2401 2312 2425 secundum
2338 2400 2441 2425 inchoa-

1376 2434 1473 2458 tionem
1493 2442 1524 2459 ex
1542 2440 1614 2467 parte
1633 2435 1713 2468 ipsius
1732 2435 1841 2466 animae,
1855 2441 1981 2469 quantum
1994 2436 2026 2460 ad
2039 2436 2122 2468 ipsam
2142 2436 2311 2461 substantiam
2330 2435 2441 2465 habitus,

1377 2470 1423 2494 sed
1442 2470 1528 2494 solum
1548 2476 1674 2503 quantum
1693 2471 1724 2495 ad
1743 2471 1868 2504 principia
1886 2472 2013 2504 quaedam
2034 2471 2128 2505 ipsius:
2154 2471 2219 2496 sicut
2238 2471 2361 2504 principia
2380 2471 2442 2495 iuris

1378 2505 1524 2530 communis
1549 2506 1667 2531 dicuntur
1691 2514 1751 2531 esse
1769 2507 1907 2532 seminalia
1926 2507 2064 2532 virtutum.
2083 2507 2116 2531 Et
2134 2507 2183 2531 hoc
2202 2507 2273 2537 ideo,
2293 2506 2353 2539 quia
2372 2506 2442 2531 incli-

1378 2541 1447 2566 natio
1466 2541 1498 2566 ad
1516 2541 1616 2566 obiecta
1635 2542 1746 2575 propria,
1760 2550 1826 2575 quae
1839 2543 1940 2567 videtur
1958 2550 2018 2567 esse
2036 2542 2163 2567 inchoatio
2181 2542 2293 2573 habitus,
2312 2550 2364 2566 non
2382 2549 2442 2574 per-

1378 2577 1441 2601 tinet
1460 2577 1492 2601 ad
1511 2576 1644 2608 habiturn,
1664 2578 1711 2602 sed
1730 2578 1813 2610 magis
1832 2578 1942 2611 pertinet
1964 2579 1996 2603 ad
2015 2578 2098 2611 ipsam
2118 2578 2243 2602 rationem
2262 2578 2442 2611 potentiarum.

1378 2613 1429 2637 Sed
1449 2620 1480 2637 ex
1498 2618 1571 2645 parte
1589 2613 1705 2646 corporis
1725 2614 1869 2638 seeundum
1888 2619 2005 2638 naturam
2024 2614 2146 2638 individui
2166 2619 2227 2638 sunt
2245 2614 2322 2646 aliqui
2341 2613 2442 2637 habitus

1378 2648 1507 2681 appetitivi
1522 2649 1665 2673 secundum
1680 2649 1857 2674 inchoationes
1877 2650 2018 2674 naturales:
2035 2654 2096 2674 sunt
2115 2650 2183 2674 enim
2196 2649 2301 2681 quidam
2325 2648 2441 2681 dispositi

1379 2691 1409 2708 ex
1433 2684 1536 2716 propria
1561 2684 1676 2717 corporis
1702 2685 1880 2718 complexione
1903 2685 1935 2710 ad
1961 2685 2117 2715 castitatem,
2141 2685 2181 2709 vel
2204 2684 2441 2714 mansuetudinem,

1378 2720 1419 2744 vel
1439 2720 1470 2744 ad
1490 2719 1587 2752 aliquid
1606 2719 1762 2745 huiusmodi.
1775 2730 1788 2743 ›

1430 2754 1456 2787 ζ)
1477 2755 1553 2785 Quae
1570 2759 1768 2789 cognoscuntur
1787 2763 1839 2788 per
1857 2756 2119 2781 demonstrationem.
2131 2769 2150 2774 -
2163 2756 2305 2788 Hucusque
2333 2755 2444 2779 codices.

1378 2791 1398 2815 P
1422 2796 1448 2815 et
1466 2790 1550 2816 Venn.
1571 2791 1630 2816 edd.
1654 2792 1801 2816 immediate
1826 2792 1941 2816 addunt:
1970 2791 2032 2824 quia
2057 2791 2174 2824 cognitio
2197 2799 2287 2816 eorum
2311 2798 2378 2823 quae
2400 2797 2445 2814 co-

1378 2829 1544 2859 gnoscuntur
1559 2833 1610 2859 per
1624 2827 1889 2856 demonstrationem,
1905 2827 1974 2852 idest
1991 2827 2108 2860 cognitio
2130 2827 2340 2854 conclusionum,
2358 2826 2396 2859 fit
2416 2825 2442 2849 in

1379 2862 1454 2887 nobis
1476 2869 1515 2887 ex
1527 2862 1726 2894 praeexistenti
1747 2863 1898 2896 cognitione
1921 2862 2080 2887 intellectiva
2094 2862 2300 2894 principiorum,
2321 2861 2388 2886 idest
2406 2867 2444 2885 ex

1380 2898 1486 2928 habitu5
1503 2898 1552 2922 sed
1569 2898 1687 2931 cognitio
1702 2898 1897 2930 principiorum
1911 2899 1947 2932 fit
1965 2898 1991 2922 in
2008 2898 2081 2922 nobis
2095 2904 2132 2922 ex
2141 2897 2339 2929 praeexistenti
2351 2895 2443 2929 cogni-

1379 2933 1451 2958 tione
1468 2933 1603 2958 sensitiva.
1621 2947 1640 2952 -
1658 2934 1724 2958 Cum
1750 2934 1824 2958 codd.
1844 2933 1970 2958 consentit
1993 2933 2142 2957 Dominicus
2162 2941 2176 2957 a
2195 2933 2325 2963 Flandria,
2351 2931 2394 2964 qui
2418 2931 2444 2955 in

1379 2969 1519 2998 11Poster.,
1534 2977 1579 3001 qu.
1594 2977 1632 2999 xx,
1648 2970 1717 2993 artic.
1728 2977 1743 2998 1,
1759 2969 1826 2993 hunc
1841 2970 1926 2993 locum
1941 2969 2087 2993 Aristotelis
2102 2968 2217 3001 exponit,
2233 2967 2391 3000 usurpando,
2406 2966 2444 2990 uti

1380 3005 1488 3034 assolet,
1513 3005 1592 3029 verba
1616 3012 1637 3028 s.
1652 3005 1783 3035 Thomae,
1809 3005 1871 3037 quin
1891 3005 1966 3028 addat
1984 3012 2051 3037 quae
2069 3004 2089 3028 P
2108 3009 2133 3028 et
2151 3005 2233 3028 Venn.
2253 3004 2310 3028 edd.
2335 3002 2444 3027 habent:

1381 3050 1394 3062 ‹
1410 3040 1523 3064 Necesse
1546 3045 1587 3064 est
1605 3047 1619 3064 a
1638 3040 1762 3073 principio
1781 3040 1916 3064 creationis
1935 3040 1960 3064 in
1979 3039 2053 3064 nobis
2073 3047 2131 3064 esse
2150 3039 2290 3072 quamdam
2305 3037 2444 3071 potentiam

1382 3085 1395 3097 ι»
1412 3075 1622 3107 cognoscitivam,
1641 3083 1708 3108 quae
1728 3075 1824 3100 scilicet
1842 3075 1978 3108 praecedat
1995 3075 2165 3107 cognitionem
2181 3074 2377 3107 principiorum;
2393 3080 2445 3097 non

1382 3121 1395 3133 ›
1411 3115 1499 3135 tamen
1512 3111 1589 3135 talem
1603 3118 1670 3143 quae
1683 3111 1716 3135 sit
1731 3111 1823 3135 certior
1841 3115 1966 3143 quantum
1979 3111 2011 3135 ad
2026 3110 2202 3135 certitudinem
2217 3110 2361 3142 cognitione
2375 3108 2445 3141 prin-

1383 3156 1396 3168 »
1413 3146 1548 3178 cipiorum.
1567 3146 1642 3170 Unde
1660 3154 1713 3170 non
1732 3147 1824 3171 eodem
1843 3147 1922 3171 modo
1942 3146 2052 3177 cognitio
2076 3146 2260 3178 principiorum
2279 3144 2307 3169 fit
2325 3145 2350 3169 in
2370 3143 2444 3169 nobis

1383 3192 1396 3203 »ι
1413 3189 1443 3205 ex
1462 3181 1642 3213 praeexistenti
1661 3182 1814 3213 cognitione,
1832 3182 1898 3206 sicut
1916 3181 2006 3206 accidit
2020 3181 2045 3205 in
2060 3181 2099 3205 his
2114 3189 2181 3214 quae
2196 3185 2386 3212 cognoscuntur
2399 3185 2448 3212 per

1383 3227 1396 3239 ι
1413 3217 1667 3247 demonstrationem,
1682 3218 1905 3249 quemadmodum
1925 3217 2080 3241 declaratum
2099 3222 2139 3241 est
2157 3217 2181 3240 in
2200 3216 2285 3248 primo
2304 3216 2389 3240 huius.
2401 3225 2414 3237 ι
2426 3229 2445 3234 -

1383 3252 1483 3276 Revera
1502 3259 1569 3284 quae
1587 3252 1716 3276 adduntur
1734 3260 1748 3276 a
1767 3252 1845 3277 Piana
1864 3257 1889 3276 et
1907 3253 1989 3276 Venn.
2004 3252 2062 3277 edd.
2077 3260 2129 3276 non
2144 3252 2231 3276 solum
2250 3259 2302 3276 non
2321 3256 2383 3276 sunt
2401 3260 2446 3277 ne-

1382 3287 1494 3312 cessaria
1512 3287 1561 3311 hoc
1579 3287 1605 3311 in
1625 3288 1690 3317 loco,
1710 3288 1756 3312 sed
1776 3295 1824 3312 nec
1841 3288 1960 3312 videntur
1978 3295 2121 3320 congruere
2139 3287 2221 3311 ordini
2235 3295 2313 3320 quem
2329 3287 2447 3320 sequitur

1382 3323 1423 3347 hic
1442 3323 1467 3347 d.
1486 3322 1604 3347 Thomas
1623 3330 1684 3347 cum
1707 3323 1853 3348 Aristotele.
1879 3323 1945 3347 Nam
1965 3323 2031 3347 iuxta
2050 3323 2202 3347 divisionem
2225 3327 2308 3347 textus
2327 3323 2446 3347 traditam

1383 3358 1409 3382 in
1428 3358 1553 3391 principio
1577 3357 1655 3382 huius
1681 3358 1796 3388 numeri,
1815 3358 1865 3382 hoc
1887 3363 1986 3382 tantum
2011 3365 2041 3382 ex
2065 3358 2274 3382 antecedentibus
2299 3358 2340 3382 hic
2358 3358 2447 3383 inferri

1383 3394 1467 3423 debet,
1483 3401 1578 3426 nempe
1592 3393 1664 3426 quod
1682 3398 1785 3425 oportet
1798 3393 1936 3425 cognitioni
1951 3393 2134 3426 principiorum
2147 3394 2317 3426 praeexistere
2331 3393 2357 3417 in
2371 3394 2447 3418 nobis

1383 3429 1488 3461 aliquod
1512 3429 1664 3461 principium
1693 3429 1904 3460 cognoscitivutn.
1934 3429 2002 3459 Quid
2029 3434 2116 3453 autem
2141 3429 2175 3453 sit
2202 3429 2264 3453 illud
2292 3429 2447 3462 principium

1384 3464 1572 3497 praeexistens,
1596 3469 1621 3489 et
1639 3464 1774 3496 quomodo
1793 3472 1823 3489 ex
1842 3464 1899 3496 ipso
1918 3463 1962 3489 fiat
1980 3464 2006 3488 in
2025 3464 2100 3488 nobis
2119 3464 2302 3497 principiorum
2325 3465 2447 3497 cognitio,

1383 3500 1536 3532 proponitur
1560 3500 1755 3530 declarandum,
1779 3505 1804 3524 et
1826 3500 1875 3524 late
1899 3500 2055 3528 declaratur.
2079 3499 2104 3523 in
2129 3499 2297 3532 sequentibus
2322 3500 2447 3525 numeris.

1385 3536 1459 3560 Unde
1477 3542 1558 3568 prope
1576 3534 1655 3559 finem
1674 3543 1699 3559 n.
1718 3543 1743 3559 ιι
1763 3535 1936 3559 concluditur:
1949 3535 2021 3567 quod
2034 3542 2116 3567 neque
2126 3535 2317 3567 praeexistunt
2331 3535 2356 3559 in
2373 3535 2449 3561 nobis

1384 3571 1489 3596 habitus
1503 3571 1708 3603 principiorum,
1722 3570 1798 3603 quasi
1811 3570 1982 3595 determinati
1999 3573 2026 3595 et
2038 3571 2161 3602 completi
2167 3579 2176 3600 ,·
2189 3578 2272 3603 neque
2285 3571 2365 3595 etiam
2373 3572 2449 3604 fiunt

1385 3607 1418 3631 de
1437 3613 1504 3631 novo
1522 3606 1556 3631 ab
1575 3606 1705 3638 aliquibus
1730 3606 1878 3631 notioribus
1896 3605 2027 3630 habitibus
2042 3606 2296 3638 praeexistentibus,
2316 3606 2385 3631 sicut
2402 3613 2448 3639 ge-

1385 3645 1497 3667 neratur
1515 3642 1542 3666 in
1557 3641 1631 3667 nobis
1642 3642 1747 3666 habitus
1759 3642 1885 3666 scientiae
1898 3648 1936 3666 ex
1944 3641 2166 3675 praecognitione
2173 3642 2386 3674 principiorum;
2401 3641 2449 3667 sed

2493 430 2565 452 Num.
2580 435 2611 459 ¹5·

2492 589 2563 611 Num.
2579 594 2608 617 ¹3-

2492 748 2563 770 Num.
2577 754 2626 776 seq.

2491 911 2562 933 Num.
2578 917 2603 933 u.

2468 1278 2680 1305 'mdefinih'onem;

2468 1311 2486 1330 α
2500 1310 2547 1326 om.
2559 1311 2607 1333 per
2620 1305 2680 1327 dem.

2570 1332 2586 1362 t
