2548 4192
2251 279 2379 304 CCCXIII

772 591 774 593 ¹
819 511 1463 577 DISSERTATIO
1525 464 1749 576 xxx.

186 678 254 718 De
284 679 477 727 quatuor
503 676 712 716 censuris
742 676 949 716 Casimiri
969 676 1149 725 Oudini,
1178 678 1379 718 auctoris
1407 678 1626 718 historiae
1655 679 1838 719 criticae
1866 679 2202 730 philosophiae,
2227 680 2381 720 Iacobi

268 746 458 787 Brukeri
492 758 546 786 ac
575 747 752 786 demum
785 746 986 786 auctoris
1021 747 1248 787 examinis
1277 748 1489 787 vitiorum
1516 748 1791 798 theologiae:
1822 749 1963 799 deque
1991 750 2200 790 vindiciis
2229 751 2380 790 sancti

266 817 471 858 Thomae
506 819 653 868 quoad
685 818 875 868 plurima
908 831 1023 868 quae
1053 819 1236 869 scripsit
1264 820 1464 869 genuina
1492 819 1661 869 Opera,
1689 820 1930 860 dictionem
1967 821 2066 861 eius
2100 834 2154 862 ac
2189 824 2379 872 stylum,

266 902 478 940 graecam
507 889 817 938 eruditionem,
845 890 1055 931 lectionis
1084 891 1260 941 copiam
1293 893 1339 930 et
1371 890 1543 938 crisim,
1578 891 1770 931 solidam
1805 891 2136 942 Scripturarum
2169 894 2379 945 interpre-

268 960 508 1007 tationem,
539 960 845 1009 theologicam
885 960 1180 1010 gravitatem‚
1214 960 1261 998 in
1294 971 1382 999 usu
1409 960 1723 1010 philosophiae
1762 961 2087 1010 Peripateticae
2126 965 2380 1013 consilium,

268 1033 589 1080 servatamque
616 1031 875 1070 methodum
901 1030 949 1069 in
976 1033 1165 1079 utraque
1192 1030 1442 1079 theologia,
1471 1031 1679 1070 revelata
1706 1043 1760 1070 ac
1788 1032 2002 1080 naturali,
2030 1034 2259 1075 tradenda.

589 1395 800 1432 CAPUT
830 1396 856 1432 I.

185 1497 306 1523 Cacimiri
329 1497 425 1523 Oudini
445 1505 553 1523 censura
577 1498 603 1522 in
622 1498 710 1531 Opera
733 1503 759 1523 et
777 1498 918 1523 doctrinam
943 1498 1023 1523 sancti
1042 1497 1175 1529 Thomae,
1200 1505 1259 1523 cum

256 1533 532 1559 animadversionibus.
555 1534 644 1558 Altera
662 1534 787 1565 auctoris,
811 1534 855 1566 qui
874 1534 1007 1559 historiam
1027 1534 1129 1567 scripsit
1147 1533 1259 1558 criticam

256 1569 446 1602 philosophiae.
465 1569 552 1594 Tertia
577 1569 661 1594 iacobi
681 1569 812 1595 Bruckeri.
827 1569 924 1600 Quarta
943 1569 1063 1601 auctoris,
1079 1569 1124 1602 qui
1138 1569 1259 1600 vitiorum

257 1604 404 1638 theologiae
422 1612 531 1630 examen
550 1604 664 1630 instituit.

415 1732 417 1734 .
439 1733 441 1735 .
454 1721 512 1742 ..ἢ
521 1703 600 1734 arias
617 1703 780 1741 hactenus,
796 1703 934 1734 nimium
950 1713 1072 1734 severas
1089 1710 1120 1734 et
1134 1703 1260 1743 iniquas

416 1751 440 1766 ‘
476 1756 499 1781 13
521 1748 554 1778 in
577 1747 857 1779 Dissertationibus
881 1747 996 1778 nostris
1019 1758 1166 1778 censuras
1185 1757 1260 1798 pro-

360 1729 441 1814 ἶνέεγ
455 1768 515 1822 Ἀ
521 1792 664 1830 tulimus,
685 1792 904 1831 expendimus,
921 1791 1171 1832 profligavimus,
1190 1792 1260 1832 qui-

432 1850 445 1869 z
521 1837 581 1867 bus
614 1836 787 1876 peculiares
814 1836 1010 1874 nonnullae,
1038 1836 1103 1866 sive
1137 1836 1260 1866 theolo-

416 1863 507 1935 ’ἢ
521 1880 607 1920 gicae
635 1880 700 1910 sive
730 1890 767 1910 ex
800 1880 1004 1920 philosophia
1035 1881 1260 1920 depromptae,

440 1920 463 1961 ,¹
521 1924 713 1955 feriebantur
735 1924 838 1955 theses
862 1935 880 1954 a
908 1925 983 1955 divo
1007 1925 1137 1955 Thoma
1159 1925 1260 1965 Aqui-

391 1970 395 1977 “
442 1968 453 1979 ‘
484 1943 592 1999 §nate
615 1969 821 2009 Praeceptore
847 1969 1002 2010 Angelico
1030 1976 1259 2009 propugnatae.

187 2014 340 2044 Recentes
358 2012 519 2043 liberiores
544 2013 642 2044 critici
666 2012 723 2043 viri
740 2013 914 2044 succedunt
927 2014 1040 2051 modo,
1064 2014 1119 2054 qui
1136 2013 1260 2044 sinistra

187 2067 334 2099 quaeque
353 2067 371 2088 a
387 2057 551 2098 quibusvis
567 2057 716 2087 adversus
737 2057 931 2098 Aquinatem
949 2058 1011 2088 lata
1030 2057 1145 2088 iudicia
1165 2058 1260 2088 simul

187 2102 386 2141 colligentes,
402 2101 562 2141 integrum
581 2101 742 2132 doctrinae
756 2102 824 2131 eius
839 2101 936 2132 veluti
955 2112 1071 2142 corpus
1090 2102 1259 2133 invadunt:

187 2146 318 2186 eiusque
334 2145 491 2186 Operum,
506 2155 588 2186 quae
603 2145 768 2176 communi
785 2146 888 2176 solent
905 2146 1074 2176 doctorum
1089 2147 1259 2186 praeconio

188 2190 346 2226 celebrari,
370 2196 425 2220 aut
448 2190 586 2230 pretium
605 2199 703 2220 omne
725 2189 863 2220 adimere
887 2197 942 2221 aut
966 2197 1047 2221 certe
1070 2190 1260 2221 imminuere

187 2234 365 2275 plurimum
388 2241 553 2264 conantur.

254 2278 381 2309 Primus
408 2278 515 2318 prodit
542 2277 718 2309 Casimirus
741 2278 909 2317 Oudinus,
940 2279 1126 2309 sanctissimi
1151 2286 1260 2310 coetus

185 2322 547 2354 Praemonstratensium
565 2323 645 2353 olim
662 2323 824 2360 alumnus,
845 2322 987 2353 eiusdem
1003 2323 1132 2354 Ordinis
1151 2324 1260 2354 simul-

187 2377 250 2408 que
266 2366 440 2406 Religionis
456 2366 639 2398 Catholicae
662 2374 773 2407 postea
797 2367 936 2398 desertor
959 2374 1054 2408 atque
1070 2374 1171 2398 sectae
1187 2368 1260 2398 Cal-

186 2411 374 2442 vinistarum
389 2411 532 2441 addictus
550 2411 582 2441 in
599 2411 781 2441 Hollandia.
798 2412 860 2442 Pro
877 2422 914 2442 ea
929 2422 1027 2452 quarn
1043 2412 1102 2442 sibi
1118 2413 1259 2452 adrogat,

188 2455 228 2485 de
251 2455 443 2495 scriptorum
471 2455 744 2486 lucubrationibus
772 2455 931 2486 iudicandi
962 2456 1106 2494 licentia,
1138 2456 1260 2496 pudore

187 2499 334 2539 deposito
349 2499 518 2539 fractisque
533 2499 631 2530 totius
646 2499 819 2530 modestiae
837 2500 992 2538 cancellis,
1013 2500 1095 2531 hanc
1111 2500 1260 2540 operibus

187 2543 354 2581 Thomae,
385 2543 517 2583 eiusque
545 2543 706 2574 doctrinae
734 2553 899 2574 censuram
922 2544 1019 2575 inurit
1047 2551 1138 2575 tomo
1164 2545 1203 2575 111
1228 2545 1261 2575 in

187 2587 415 2618 Dissertatione
431 2588 470 2618 de
487 2586 546 2618 hac
562 2598 595 2618 re
611 2587 764 2626 confecta,
776 2588 877 2628 capite
893 2599 918 2619 1.
942 2602 956 2616 ‹
969 2589 1125 2626 Quamvis
1142 2596 1259 2627 autern,

190 2643 206 2659 >
228 2633 386 2672 inquiens,
411 2631 569 2662 pontificii
593 2632 752 2662 innumeri
776 2642 800 2662 s.
818 2632 982 2663 Thomam
1000 2633 1194 2673 Aquinatem
1218 2634 1260 2664 ob

190 2688 206 2703 s
228 2676 407 2706 doctrinam
435 2676 611 2707 laudarint:
643 2683 751 2707 tamen
774 2677 861 2717 apud
887 2677 972 2707 viros
1001 2677 1126 2707 narium
1151 2687 1261 2708 emun-

190 2732 206 2748 >
229 2726 351 2750 ctarum
369 2720 420 2750 vel
444 2720 566 2750 nullam
581 2720 632 2750 vel
647 2721 808 2751 modicam
832 2721 1044 2751 eruditionem
1067 2732 1104 2752 ex
1127 2722 1262 2752 lectione

189 2776 205 2792 ι
227 2764 374 2804 Operum
390 2764 458 2795 eius
474 2764 591 2795 hauriri
607 2765 752 2795 creditur.
774 2766 858 2795 Nam
875 2765 1094 2796 scholasticam
1110 2766 1262 2796 trutinam

190 2820 206 2836 ι
228 2815 260 2838 et
274 2809 488 2849 garrulitatem
512 2809 640 2839 unicam
664 2809 790 2848 sciebat,
815 2809 873 2839 hac
889 2816 988 2840 aetate
1005 2810 1155 2840 omnibus
1171 2810 1262 2840 scho-

191 2864 206 2879 »
228 2852 575 2888 13511ε15,εοη11111111ε111
599 2859 630 2884 et
653 2853 788 2884 facilem.
815 2854 907 2884 Unde
931 2854 1057 2884 nullum
1081 2854 1181 2894 ipsius
1203 2854 1262 2885 hac

193 2907 208 2922 ›
231 2896 264 2926 in
280 2903 367 2936 parte
383 2897 534 2928 meritum
550 2897 679 2937 agnosci
702 2904 817 2937 potest,
843 2908 917 2928 cum
932 2905 1008 2928 tunc
1024 2898 1176 2938 temporis
1192 2905 1262 2929 ton-

193 2951 209 2968 »
231 2940 356 2970 soribus
379 2941 474 2971 etiam
498 2941 623 2981 cognita
646 2948 737 2972 esset.
760 2941 926 2972 Nesciebat
940 2942 1115 2980 historiam,
1138 2943 1263 2982 linguas

193 2995 210 3011 »
231 2993 311 3024 quas
334 2985 495 3024 appellant
523 2985 678 3023 exoticas,
709 2995 812 3025 neque
836 2993 935 3016 artem
958 2986 1116 3025 criticam,
1145 2987 1262 3027 quibus

193 3039 209 3055 ³
232 3027 345 3058 eruditi
368 3028 464 3058 hodie
491 3029 629 3059 maxime
657 3029 793 3059 celebres
817 3036 909 3060 sunt:
941 3030 1099 3061 intantum
1127 3031 1262 3061 istorum

194 3083 208 3098 ι
231 3071 374 3111 ignarus,
399 3078 435 3102 ut
457 3082 567 3112 graeca
590 3082 648 3103 nec
670 3073 822 3113 tantisper
843 3074 1038 3114 intelligeret.
1068 3075 1175 3105 Tanto
1198 3075 1263 3105 iam

194 3127 209 3143 »
231 3115 326 3145 hodie
342 3114 427 3146 illius
442 3116 608 3146 volumina
632 3126 733 3147 crassa
751 3118 949 3158 contemptui
965 3118 1130 3156 habentur,
1154 3125 1191 3148 ut
1208 3129 1262 3149 ne-

193 3171 208 3187 »
231 3159 349 3200 gligant
371 3159 426 3190 illa
447 3159 549 3200 legere
571 3160 594 3190 ii
617 3160 731 3199 etiam,
761 3161 817 3202 qui
841 3168 1074 3202 compararunt.
1099 3162 1261 3193 Immerito

264 3287 303 3323 (a)
323 3289 352 3313 S.
370 3289 484 3314 nomas
503 3293 561 3315 tout
574 3290 648 3322 plein
668 3290 714 3315 des
728 3291 847 3323 topiques
865 3291 1010 3317 d'Aristote
1027 3296 1054 3317 et
1072 3292 1118 3317 des
1127 3293 1263 3324 principes

192 3325 366 3349 contentieux
383 3332 418 3357 qu
421 3324 448 3349 ’il
465 3325 539 3350 auoit
552 3324 656 3356 puises‚
675 3333 826 3360 commenca
839 3334 896 3358 par
911 3327 986 3360 faire
1006 3327 1052 3352 des
1070 3328 1156 3360 lecons
1174 3335 1222 3352 sur
1239 3328 1263 3352 le

192 3358 293 3384 Maitre
312 3360 357 3384 des
377 3360 529 3389 Sentences,
550 3360 615 3385 dont
633 3361 656 3385 le
675 3364 750 3385 texte
769 3365 878 3386 souvent
896 3361 1003 3386 e'clairci
1020 3362 1094 3386 auoit
1111 3369 1206 3387 encore
1220 3363 1262 3387 be-

192 3395 250 3420 soin
270 3395 303 3419 de
321 3393 404 3419 l'etre.
424 3395 447 3419 Il
465 3395 544 3420 tacha
563 3395 664 3420 ensuite
683 3396 715 3420 de
734 3396 837 3420 donner
854 3397 917 3428 plus
941 3397 973 3421 de
990 3397 1071 3428 jours
1089 3403 1148 3421 aux
1171 3396 1263 3422 etudes

187 3430 340 3463 publiques,
360 3433 387 3455 et
405 3430 424 3454 il
442 3437 567 3462 composa
580 3438 654 3462 pour
671 3434 713 3455 cet
730 3430 791 3463 effet
805 3439 839 3455 un
859 3432 942 3463 Corps
960 3431 1046 3456 entier
1064 3432 1098 3456 de
1117 3430 1261 3465 theologie,

193 3466 228 3491 oi«
245 3466 270 3490 le
287 3466 403 3499 superssu
427 3466 564 3497 l'emporte
583 3472 699 3497 presque
718 3466 846 3498 toujours.
861 3473 908 3491 sur
925 3467 950 3490 le
968 3465 1122 3491 necessaire.
1147 3467 1183 3491 Et
1199 3467 1263 3491 c'est

192 3507 221 3525 ce
243 3501 326 3532 Corps
345 3499 428 3525 divise'
446 3508 477 3525 en
498 3501 564 3525 trois
578 3501 690 3532 parties,
710 3504 736 3526 et
755 3501 821 3526 dont
838 3501 866 3525 la
885 3501 1003 3526 Seconde
1017 3502 1080 3532 plus
1099 3500 1212 3526 e‘tendue
1229 3509 1261 3526 en

192 3536 337 3567 compr-end
360 3536 435 3561 deux
457 3539 559 3564 autres,
583 3543 618 3568 qu
621 3536 662 3560 ’on
685 3536 787 3567 appelle
810 3537 837 3560 la
860 3536 967 3561 Somme
990 3536 1023 3561 de
1045 3536 1117 3561 saint
1139 3536 1261 3561 Thomas.

193 3571 329 3596 D'habiles
347 3571 471 3603 critiques
489 3574 669 3604 soupconnent
682 3574 826 3603 pourtant,
837 3578 886 3603 que
901 3571 946 3596 des
964 3578 1096 3604 ouvrages
1114 3570 1263 3596 accumules

192 3606 240 3638 qui
256 3606 376 3640 s'qffrent
398 3614 460 3631 sous
482 3614 529 3631 son
554 3614 629 3635 nom,
650 3606 669 3631 il
687 3614 703 3630 n
708 3606 735 3639 y
753 3614 770 3631 a
783 3614 837 3639 pas
855 3607 882 3631 Ia
905 3606 1023 3632 dixieme
1041 3606 1133 3638 partie
1155 3607 1201 3639 qui
1223 3607 1262 3631 lui

335 3660 405 3693 Opp.
425 3660 455 3685 D.
470 3660 584 3684 Taoma
603 3659 635 3684 Τ.
650 3659 668 3684 Ι.

1316 1407 1330 1422 »
1353 1395 1459 1435 itaque
1483 1406 1501 1425 a
1516 1396 1670 1426 Romanis
1686 1395 1892 1426 Pontificibus
1915 1397 2038 1427 Doctor
2050 1398 2214 1428 Ecclesiae
2236 1401 2381 1439 quintus,

1317 1451 1331 1466 ³·
1354 1440 1394 1470 ad
1410 1440 1590 1470 instantiam
1607 1440 1735 1471 Ordinis
1752 1440 1884 1471 fratrum
1900 1441 2166 1480 Praedicatorum‚
2184 1445 2383 1475 renunciatus

1317 1497 1331 1511 w
1354 1484 1423 1515 fuit.
1438 1497 1452 1511 ιο
1479 1485 1566 1514 Haec
1586 1491 1669 1522 sunt,
1695 1495 1760 1514 non
1777 1485 1890 1515 eruditi
1913 1485 2098 1525 criticesque
2122 1487 2212 1526 periti
2236 1488 2303 1526 viri,
2327 1490 2384 1529 qui
2412 1484 2414 1486 ’

1314 1529 1353 1559 de
1375 1529 1530 1559 librorum
1554 1529 1655 1568 pretio
1680 1538 1815 1569 aequam
1839 1530 1916 1560 ferat
1939 1530 2141 1568 sententiam,
2167 1531 2221 1561 sed
2244 1532 2384 1563 hominis

1314 1579 1474 1612 apostatae
1497 1573 1722 1612 impotentiore
1750 1573 1811 1604 bile
1843 1574 1997 1604 commoti
2034 1574 2188 1605 inurbana
2216 1583 2246 1606 et
2275 1577 2384 1608 insana

1314 1617 1451 1648 dicteria.
1479 1616 1655 1655 Pontificii,
1687 1627 1769 1657 quos
1793 1625 1885 1648 vocat
1911 1619 2090 1648 laudatores
2113 1619 2279 1659 Thomae,
2311 1629 2385 1652 sunt

1314 1661 1451 1692 Romani
1475 1661 1659 1699 Pontifices,
1683 1671 1766 1701 quos
1790 1663 2010 1693 novemdecim
2034 1670 2179 1694 numerat
2201 1666 2384 1696 Antoninus

1314 1706 1466 1736 Tourron
1481 1705 1514 1735 in
1531 1705 1703 1735 novissima
1726 1705 1868 1736 eiusdem
1883 1707 1946 1737 vita
1961 1707 2072 1747 gallice
2088 1708 2172 1748 typis
2193 1709 2285 1740 edita.
2308 1710 2383 1740 Bul-

1314 1750 1359 1780 las
1375 1759 1487 1790 eorum
1503 1759 1539 1779 ac
1550 1749 1707 1789 Epistolas
1724 1751 1888 1781 consulere
1903 1751 2016 1791 cuique
2031 1759 2155 1791 praesto
2171 1759 2217 1783 est
2231 1753 2263 1783 in
2279 1754 2384 1784 Bulla-

1315 1794 1362 1824 rio
1379 1793 1507 1825 Ordinis
1523 1793 1778 1824 Praedicatorum
1802 1796 1840 1824 ab
1864 1795 2028 1826 Antonino
2052 1796 2212 1826 Bremond
2231 1798 2263 1827 in
2279 1798 2384 1829 lucem

1316 1838 1442 1869 emisso.
1467 1838 1548 1869 Sunt
1564 1838 1669 1875 etiam,
1686 1838 1742 1878 qui
1758 1839 1904 1869 Thomae
1920 1839 2087 1879 Aquinatis
2102 1841 2278 1872 doctrinam
2295 1853 2384 1882 prae-

1316 1883 1409 1913 conio
1433 1882 1567 1913 laudum
1591 1890 1781 1913 exornarunt
1804 1890 1834 1913 et
1857 1891 1980 1920 ornant,
2005 1884 2213 1915 celebriores
2205 1896 2237 1916 in
2254 1887 2384 1927 Europa

1316 1934 1425 1957 coetus
1448 1926 1635 1963 academici,
1660 1926 1796 1966 religiosi
1819 1927 1954 1958 Ordines
1978 1929 2198 1968 quamplures,
2226 1930 2384 1961 innumeri

1315 1971 1407 2011 probi
1423 1971 1573 2011 doctique
1588 1970 1645 2000 viri
1660 1980 1696 2000 ex
1711 1970 1798 2001 omni
1816 1979 1918 2011 gente,
1935 1979 1966 2002 et
1980 1972 2098 2012 lingua,
2116 1980 2146 2003 et
2162 1973 2288 2005 familia.
2306 1976 2384 2005 Istos

1314 2025 1389 2046 vero
1406 2025 1519 2045 omnes
1534 2015 1663 2065 insuper
1678 2015 1772 2046 habet
1791 2022 1822 2046 et
1838 2017 2087 2046 contemnendos
2110 2016 2198 2048 iubet
2219 2018 2383 2058 Oudinus,

1314 2070 1417 2090 novus
1442 2059 1614 2091 Calvinista
1637 2058 1852 2099 inauguratus.

1381 2105 1418 2134 11.
1439 2103 1539 2144 Typis
1556 2104 1922 2134 Arnstaelodamensibus
1944 2104 2060 2144 prodiit
2076 2105 2167 2145 Opus
2184 2116 2267 2136 anno
2290 2108 2383 2148 1737,

1314 2149 1403 2189 quod
1420 2148 1529 2188 gallice
1544 2147 1731 2186 inscribitur,
1748 2149 1894 2179 Histoire
1918 2150 2052 2189 critique
2067 2150 2107 2179 de
2122 2150 2154 2179 la
2172 2151 2381 2191 philosophie.

1314 2193 1366 2223 Ad
1390 2192 1582 2233 Aquinatem
1613 2199 1759 2222 nostrum
1782 2193 1871 2232 quod
1902 2193 2030 2231 attinet,
2062 2194 2241 2224 censorium
2270 2195 2384 2235 legitur

1315 2236 1467 2277 anonymi
1490 2236 1644 2266 iudicium
1663 2243 1753 2267 tomo
1770 2237 1822 2273 111,
1846 2237 1927 2267 libro
1952 2237 2004 2274 lx,
2030 2237 2129 2277 capite
2149 2249 2232 2276 xmn,
2257 2249 2346 2269 num.
2363 2251 2382 2281 7

1315 2281 1363 2311 his
1378 2281 1497 2311 verbis.
1526 2279 1601 2322 ‹(a)
1627 2281 1758 2310 Sanctus
1773 2281 1927 2318 Thomas,
1953 2291 2026 2311 cum
2045 2289 2145 2312 artem
2160 2283 2299 2322 topicam
2315 2284 2383 2314 Ari-

1318 2338 1333 2352 »
1355 2325 1475 2355 stotelis
1499 2324 1655 2354 didicisset
1677 2334 1713 2354 ac
1733 2324 1902 2354 disserendi
1926 2325 2051 2355 solertia
2069 2327 2214 2378 polleret,
2235 2327 2384 2358 lectiones

1319 2381 1332 2396 :o
1356 2370 1447 2399 edere
1471 2368 1575 2408 coepit
1605 2368 1638 2398 in
1668 2368 1855 2408 Magistrum
1878 2369 2128 2407 Sententiarum,
2161 2371 2216 2410 qui
2240 2373 2385 2402 nondum

1318 2426 1332 2441 »
1356 2413 1428 2443 satis
1444 2413 1615 2443 illustratus
1635 2412 1744 2443 fuerat.
1770 2413 1890 2450 Studia,
1907 2423 1989 2453 quae
2008 2415 2141 2453 publicis
2157 2414 2189 2444 in
2206 2415 2385 2456 Gymnasiis

1317 2469 1332 2484 ›
1355 2458 1558 2494 colebantur,
1587 2466 1646 2496 pro
1670 2457 1749 2487 virili
1773 2464 1999 2496 promoturus,
2027 2458 2185 2499 integrum
2208 2459 2385 2500 theologiae

1318 2514 1332 2529 »
1356 2511 1471 2540 corpus
1489 2500 1696 2538 concinnavit,
1720 2500 1754 2530 in
1767 2511 1834 2541 quo
1858 2501 1966 2531 inanes
1983 2509 2013 2532 et
2027 2512 2274 2542 supervacaneae
2290 2514 2385 2544 quae-

1318 2558 1332 2573 »
1355 2545 1472 2576 stiones
1502 2545 1613 2575 locum
1642 2545 1779 2584 eripiunt
1807 2545 1936 2575 utilibus
1967 2556 2003 2576 ac
2030 2547 2219 2578 necessariis.
2250 2548 2328 2578 Tres
2352 2549 2385 2578 in

1318 2602 1333 2617 >v
1352 2597 1455 2629 partes
1474 2589 1676 2619 distributum
1696 2589 1789 2628 Opus
1805 2596 1867 2620 est:
1893 2590 2142 2631 appellaturque,
2167 2591 2277 2622 Sancti
2305 2593 2383 2622 Tho-

1318 2647 1332 2661 »
1355 2643 1428 2664 mae
1450 2634 1593 2664 Summa.
1619 2633 1764 2672 Suspicio
1788 2641 1835 2664 est
1857 2634 1943 2673 apud
1966 2634 2127 2673 peritiores
2152 2635 2284 2673 criticos,
2305 2636 2384 2667 inter

1318 2691 1333 2705 1>
1356 2678 1472 2717 Opera,
1488 2687 1570 2717 quae
1588 2677 1735 2707 Thomae
1750 2678 1917 2718 Aquinatis
1941 2678 2071 2708 nomine
2093 2679 2313 2717 inscribuntur,
2331 2690 2384 2710 ne-

1318 2734 1332 2749 »
1355 2732 1419 2762 que
1442 2721 1598 2752 decimam
1621 2721 1751 2751 illorum
1774 2729 1895 2761 partem
1919 2722 2159 2752 adiudicandam
2183 2724 2284 2753 eidem
2305 2734 2382 2762 esse,

1318 2778 1332 2792 ›
1357 2776 1413 2796 ceu
1441 2775 1517 2796 vero
1545 2765 1682 2805 parenti:
1712 2766 1929 2806 maioremque
1952 2773 2073 2805 partem
2101 2775 2243 2797 auctores
2270 2767 2383 2798 habere

1319 2823 1334 2837 »
1357 2810 1488 2841 Sodales
1511 2809 1750 2847 Dominicanos,
1774 2810 1830 2850 qui
1853 2810 1999 2849 proprios
2023 2810 2126 2841 foetus
2150 2818 2237 2841 tanto
2261 2812 2383 2842 nomini

1319 2867 1334 2882 ›
1357 2861 1614 2894 supposuerunt,
1646 2861 1682 2884 ut
1704 2854 1896 2884 auctoritatis
1925 2854 2043 2884 famam
2070 2855 2145 2894 ipsis
2173 2855 2382 2886 conciliarent.

1319 2911 1333 2926 »
1357 2898 1471 2929 Audax
1486 2908 1553 2928 non
1568 2908 1633 2935 ero,
1658 2897 1683 2928 si
1699 2898 1873 2928 addiderim
1896 2899 1985 2938 quod
2009 2898 2121 2929 eruditi
2144 2898 2201 2928 viri
2217 2900 2254 2929 ab
2271 2899 2383 2930 illustri

1319 2955 1334 2970 ›
1357 2942 1543 2973 Mabillonio
1561 2949 1764 2981 exceperunt:
1789 2942 1937 2972 itinerum
1957 2942 2082 2978 scilicet,
2107 2952 2188 2982 quae
2204 2943 2384 2973 studiorum

1319 2999 1334 3014 »
1357 2996 1451 3016 causa
1475 2986 1678 3025 capessiverat
1701 2986 1902 3016 doctissimus
1925 2993 2031 3020 asceta,
2045 2986 2306 3024 Sammauraeus,
2331 2997 2383 3018 oc-

1319 3044 1333 3059 »
1357 3030 1481 3060 casione
1498 3031 1579 3067 data,
1596 3037 1780 3070 argumenta
1802 3030 1973 3070 plusquam
1996 3030 2180 3060 sufficientia
2199 3031 2328 3061 collecta
2344 3032 2382 3061 ab

1318 3088 1332 3102 ›
1356 3085 1394 3104 eo
1411 3074 1517 3112 fuisse,
1535 3074 1651 3114 quibus
1675 3074 1881 3104 demonstrari
1897 3073 1986 3103 facile
2004 3081 2120 3113 posset,
2146 3074 2268 3105 foetum
2284 3076 2382 3115 Aqui-

1318 3131 1332 3145 »
1356 3118 1435 3148 natis
1466 3128 1532 3147 non
1562 3127 1629 3148 esse
1663 3117 1816 3157 integram
1852 3118 1962 3148 saltem
1998 3118 2176 3158 theologiae
2203 3119 2380 3150 Summam.

1318 3174 1332 3188 »
1355 3162 1454 3202 Atqui
1476 3171 1552 3191 vero
1569 3161 1594 3191 si
1609 3168 1731 3201 partem
1753 3161 1850 3199 illam,
1875 3171 1956 3201 quae
1980 3162 2126 3192 Secunda
2142 3162 2308 3194 Secundae
2326 3173 2382 3203 ap-

1315 3293 1503 3325 appartienne:
1515 3296 1542 3317 et
1560 3293 1592 3318 ils
1610 3293 1732 3325 ajoutent
1750 3300 1799 3325 que
1817 3293 1853 3317 les
1871 3296 1962 3318 autres
1974 3293 2012 3317 lui
2024 3297 2071 3319 ont
2084 3292 2126 3318 e'te'
2138 3293 2263 3326 supposes
2270 3302 2326 3326 par
2339 3296 2377 3321 les

1316 3329 1451 3361 religieux
1469 3328 1502 3352 de
1520 3335 1566 3352 son
1591 3328 1685 3356 Ordre,
1705 3329 1759 3360 afin
1780 3328 1812 3352 de
1830 3329 1867 3352 les
1879 3328 1954 3361 faire
1973 3328 2065 3353 mieux
2084 3330 2200 3354 receuoir
2214 3330 2249 3354 du
2264 3331 2381 3361 public...

1320 3363 1437 3388 Oserois-
1426 3363 1464 3395 -je
1481 3362 1588 3394 ajouter
1602 3363 1636 3387 ici
1651 3370 1701 3387 une
1714 3363 1798 3389 chose,
1814 3370 1862 3394 que
1871 3363 2006 3394 plusieurs
2020 3367 2128 3388 savants
2141 3371 2168 3388 se
2182 3365 2384 3390 resouviennent

1316 3405 1410 3423 encore
1428 3397 1533 3422 d'avoir
1551 3405 1594 3422 oux
1614 3397 1672 3421 dire
1690 3397 1707 3421 ἁ
1726 3398 1743 3421 l'
1745 3398 1847 3422 illustre
1860 3398 1927 3429 pere
1940 3398 2090 3422 Mabillon?
2108 3399 2183 3427 C'est,
2198 3407 2247 3431 que
2262 3401 2328 3425 dans
2342 3408 2383 3426 ses

1317 3432 1440 3466 differens
1460 3439 1577 3465 voyages
1601 3432 1757 3460 litteraires,
1778 3433 1797 3456 il
1814 3433 1888 3457 avoir
1903 3440 2022 3457 ramasse
2046 3434 2092 3458 des
2112 3441 2225 3464 preuves
2246 3436 2310 3466 plus
2332 3444 2384 3476 que

1315 3468 1473 3500 suffisantes,
1484 3474 1557 3498 pour
1575 3465 1728 3492 de'montrer
1741 3474 1791 3499 que
1804 3468 1831 3491 Ia
1846 3467 1952 3492 Somme
1966 3468 1999 3492 de
2012 3468 2084 3493 saint
2101 3468 2214 3495 Thomas
2229 3478 2244 3494 n
2249 3471 2295 3495 ’est
2303 3471 2383 3502 point

1316 3503 1488 3527 entierement
1507 3502 1539 3526 de
1557 3502 1603 3526 lui.
1623 3501 1743 3533 Suppose'
1760 3502 1907 3534 cependant
1920 3510 1970 3534 que
1988 3503 2015 3527 Ia
2034 3503 2153 3529 Secunde
2172 3505 2290 3530 Secunde
2305 3506 2383 3531 doive

1312 3545 1408 3570 passer
1421 3545 1493 3569 pour
1513 3544 1562 3561 une
1575 3537 1737 3568 productiori
1758 3538 1790 3562 de
1808 3545 1854 3562 son
1874 3538 1964 3569 esprit‚
1978 3538 2009 3570 je
2027 3539 2051 3563 le
2070 3542 2163 3564 trouve
2180 3547 2254 3573 assez
2273 3540 2382 3566 de'dom-

1316 3571 1395 3605 mage'
1413 3572 1446 3597 de
1460 3572 1561 3604 per-dre
1579 3575 1638 3597 tout
1656 3573 1680 3597 le
1697 3575 1774 3597 r.este

2202 3671 2237 3695 4⁰
