2548 4192
540 263 1001 301 DISSERTATIONES
1033 265 1281 304 CRITICAE
1312 268 1367 304 IN
1397 269 1435 305 S.
1457 269 1699 306 THOMAM
1727 271 2051 317 AQUINATEM

189 342 271 373 libro
293 342 346 373 del
378 352 414 372 re
438 351 455 372 e
478 342 531 373 del
563 352 686 383 regna,
719 345 908 375 cominciato
941 345 998 375 dal
1028 355 1098 376 ven.
1127 346 1263 377 Dottore

186 397 213 418 s.
243 387 378 418 Tomaso
401 386 431 417 d'
441 387 579 427 Aquino,
592 388 705 427 pescia
730 390 889 429 compiuto
908 389 950 419 da
964 389 1030 430 fra
1059 390 1206 421 Tolomeo
1220 391 1262 421 da

187 432 296 463 Lucca
319 431 372 462 del
394 431 565 462 medesimo
593 431 726 469 Ordine,
752 433 809 463 che
825 433 870 473 fu
900 434 1035 465 Vescovo
1053 434 1088 464 di
1106 435 1261 466 Torcello.

187 476 330 516 Operam
353 485 445 505 suam
475 475 646 506 contulisse
670 476 896 507 Ptolomaeum
920 486 956 510 ut
979 485 1131 518 coeptum
1154 489 1172 509 a
1195 480 1260 510 Do-

186 527 273 551 ctore
286 519 441 559 Angelico
451 519 613 560 perficeret
629 520 722 561 Opus
739 521 813 552 satis
828 530 965 554 constat:
989 521 1069 553 num
1083 533 1158 554 vero
1174 534 1262 564 prae-

186 571 234 595 ter
260 564 331 594 libri
359 564 489 595 secundi
505 572 638 605 partem,
668 565 822 597 addiderit
840 566 907 607 ipse
935 568 1065 599 tertium
1089 568 1206 598 librum
1232 576 1263 599 et

185 615 337 649 quartum
355 608 436 639 infra
455 609 700 641 discutiendum.

568 713 780 751 CAPUT
828 716 881 752 ΙΙ.

183 807 219 832 lo.
238 806 370 831 Ambrosii
395 807 541 832 Barbavara
560 816 681 834 censura:
706 809 943 835 animadversiones
963 811 988 835 in
1008 811 1118 844 primam
1143 812 1260 836 eiusdem

255 847 369 876 partem,
389 850 456 876 quae
475 843 574 876 priores
600 844 679 869 libros
699 845 764 870 duos
785 845 912 871 abiudicat
936 846 968 871 ab
987 846 1125 879 Aquinate.
1145 847 1261 880 Aequior

255 883 296 939 es}
313 886 374 911 pars
398 879 478 904 altera
496 879 521 904 in
547 880 613 905 duos
632 881 798 914 postenores.
818 881 851 905 Hi
877 882 1028 907 Ptolomaeo
1053 883 1164 907 Lucensi
1183 883 1260 908 tribui

254 922 285 939 so
296 920 348 940 ent.

184 1010 207 1041 Ι.
231 1003 453 1086 Censurae,
477 1020 542 1051 qua
566 1010 610 1041 Io.
635 1010 825 1041 Ambrosius
839 1011 1015 1042 Barbavara
1031 1011 1152 1042 notavit
1168 1012 1259 1052 Opu-

311 1054 452 1093 sculum,
477 1064 578 1095 pauca
605 1055 700 1085 verba
728 1054 815 1086 affert
842 1056 953 1086 Petrus
973 1056 1013 1086 de
1031 1056 1111 1086 Alva
1130 1056 1163 1086 in
1183 1066 1257 1096 pro-

181 1099 258 1140 logo
278 1099 344 1129 Sol.
354 1099 440 1136 Ver„
457 1109 584 1139 nempe,
603 1099 652 1129 Ab
667 1104 800 1129 auctore
815 1099 983 1140 inferioris
1001 1101 1114 1131 classis
1133 1110 1258 1140 compo-

181 1145 277 1175 situm
303 1152 372 1174 esse
396 1143 558 1184 pleraque
583 1143 688 1184 fidem
709 1142 864 1184 faciunt:
882 1144 1039 1185 itemque,
1064 1145 1157 1174 Talia
1182 1154 1257 1175 vero

181 1187 369 1218 meditatum
394 1187 503 1218 divum
533 1188 684 1218 Romam
709 1197 770 1229 ego
788 1198 946 1229 nusquam
963 1188 1167 1226 crediderim,
1185 1189 1258 1219 licet

171 1231 284 1273 suerat
300 1233 471 1272 potestatis
493 1232 682 1274 Pontificiae
704 1238 849 1264 assertor
870 1233 1096 1274 gravissimus.
1116 1235 1159 1263 At
1174 1243 1257 1274 quae

180 1275 390 1318 reprehendat
411 1276 586 1307 Barbavara
617 1275 741 1319 (inquit
764 1275 942 1319 Echardus)
969 1287 1035 1309 non
1059 1277 1147 1308 addit
1165 1278 1255 1309 Alva.

181 1320 338 1362 Integram
357 1330 417 1361 ego
436 1330 604 1351 censuram
620 1321 760 1362 profero:

202 1377 213 1380 ⁷⁴
226 1374 233 1376 ”
251 1379 266 1395 α
288 1360 494 1406 opusculum
511 1366 571 1396 XX
594 1366 645 1396 De
668 1366 827 1407 regimine
849 1366 1047 1407 Principum,
1069 1367 1107 1397 ab
1127 1373 1256 1398 auctore

181 1422 197 1438 ι
218 1410 314 1451 longe
337 1410 495 1441 inferioris
521 1410 627 1441 classis
647 1410 866 1451 compositum
885 1421 952 1442 esse
983 1411 1134 1452 pleraque
1158 1411 1255 1442 fidem

180 1466 196 1482 2
218 1455 355 1486 faciunt:
380 1454 564 1495 praesertim
590 1465 666 1486 vero
691 1455 772 1486 ordo
801 1455 921 1496 ubique
948 1456 1119 1496 neglectus.
1145 1457 1255 1487 Primo

181 1511 197 1528 ι
218 1499 300 1531 libro
326 1509 402 1531 cum
427 1499 627 1540 probandam
646 1500 836 1540 suscepisset
854 1500 1072 1531 necessitatem
1093 1501 1254 1541 regiminis

180 1557 196 1572 ι
219 1555 256 1576 ex
274 1544 348 1583 hoc,
367 1544 458 1585 quod
476 1544 577 1575 homo
597 1551 709 1575 natura
728 1551 775 1576 est
788 1545 906 1575 animal
922 1545 1047 1576 sociale:
1067 1552 1162 1586 atque
1177 1546 1255 1577 haec

179 1601 196 1616 ι
218 1589 386 1620 necessitas
411 1598 479 1620 non
498 1599 536 1619 ex
554 1589 695 1630 qualibet
713 1589 885 1620 hominum
904 1590 1053 1621 societate
1077 1597 1108 1620 et
1124 1600 1254 1630 congre-

179 1645 196 1661 »
217 1634 345 1675 gatione
371 1633 548 1674 colligatur,
574 1634 630 1664 sed
655 1643 692 1664 ex
711 1644 748 1665 ea
771 1640 911 1672 tantum,
932 1644 1014 1675 quae
1036 1635 1149 1666 dicitur
1177 1636 1253 1666 civi-

180 1689 196 1706 »
218 1684 289 1714 tas:
311 1678 533 1710 constituenda
559 1678 618 1709 sibi
645 1678 747 1710 fuerat
772 1689 790 1709 a
814 1679 971 1720 principio
998 1679 1077 1710 ratio
1109 1679 1253 1718 civitatis,

180 1734 196 1751 ιν
218 1723 308 1765 quod
334 1729 441 1754 tamen
469 1733 536 1753 non
562 1722 637 1754 fecit
662 1723 723 1754 nisi
742 1730 857 1764 quarto
876 1723 969 1754 libro.
989 1724 1128 1765 Eratque
1148 1724 1254 1755 statim

152 1768 154 1770 '
180 1778 196 1796 2
218 1768 387 1809 aperienda
406 1767 565 1798 distinctio
591 1767 645 1798 illa
663 1767 799 1799 dominii
823 1769 855 1799 in
879 1768 1074 1809 despoticum
1095 1776 1126 1800 et
1142 1769 1253 1809 politi-

179 1825 196 1841 »
217 1823 290 1845 cum
314 1819 351 1844 ut
369 1818 544 1853 appareret,
563 1818 672 1844 utrum
691 1812 822 1843 illorum
841 1813 1054 1843 necessarium
1079 1813 1161 1844 foret
1180 1813 1253 1844 civi-

179 1858 196 1886 »‘
214 1857 269 1889 eati
296 1857 552 1888 constituendae:
578 1866 661 1898 quae
689 1857 899 1888 consideratio
925 1858 964 1888 ab
988 1857 1044 1888 illo
1063 1858 1202 1889 reiicitur
1219 1859 1253 1890 in

177 1913 194 1930 ι
214 1903 384 1943 septimum
409 1910 510 1942 usque
525 1907 623 1942 caput
637 1901 771 1933 secundi
784 1902 869 1933 libr-i.
886 1902 975 1933 Tum
989 1912 1077 1941 vero,
1093 1903 1169 1944 quia
1183 1903 1253 1945 qui-

177 1959 194 1975 »
214 1946 292 1978 libet
313 1946 415 1978 homo
434 1956 453 1976 a
471 1951 583 1976 natura
601 1946 680 1977 liber
697 1946 833 1985 videtur,
853 1948 1099 1978 monstrandum
1118 1948 1253 1979 subinde

176 2004 193 2020 2
215 1998 290 2031 erat,
309 1991 400 2033 quod
424 2000 492 2021 non
515 1990 623 2022 solum
642 1991 743 2022 homo
772 1998 884 2023 natura
902 1991 1054 2023 dominus
1080 1999 1127 2023 est
1144 1993 1253 2024 bruto-

177 2048 193 2064 »
215 2046 289 2069 rum
314 2035 518 2074 animalium:
548 2036 603 2066 sed
628 2036 724 2067 etiam
747 2036 828 2068 inter
846 2036 935 2077 ipsos
954 2037 1100 2068 homines
1120 2037 1252 2079 quidam

177 2094 193 2109 2
216 2087 292 2113 sunt
309 2081 447 2112 aliorum
465 2086 578 2111 natura
602 2080 725 2111 domini
745 2088 776 2112 et
790 2081 924 2122 proinde
939 2081 1080 2122 regimen
1096 2089 1167 2113 tum
1183 2082 1251 2114 iure

177 2138 192 2154 »
215 2126 361 2165 naturali,
379 2132 452 2157 tum
475 2124 572 2156 etiam
597 2124 706 2156 divino
727 2132 887 2157 constare:
911 2136 994 2168 quae
1013 2133 1120 2158 tamen
1139 2127 1172 2157 in
1189 2133 1252 2158 ter-

178 2183 193 2200 »
216 2172 261 2202 tio
285 2177 412 2202 tantum
438 2169 519 2201 libro
543 2170 654 2201 locum
673 2170 760 2211 apud
779 2170 887 2211 ipsum
907 2180 1050 2202 meruere
1078 2181 1170 2213 capp.
1187 2183 1209 2210 1,
1228 2183 1252 2203 11

177 2228 193 2244 2
215 2220 247 2247 et
263 2225 330 2246 vm.
350 2214 400 2246 Sic
425 2224 502 2246 vero
526 2215 663 2246 stabilita
681 2215 804 2246 ratione
823 2215 968 2254 dominii,
989 2216 1251 2257 distinguendum

175 2272 191 2288 ι»
213 2259 294 2291 illud
317 2259 420 2291 fuerat
443 2259 477 2290 in
503 2270 576 2291 suas
600 2266 704 2301 partes
728 2266 758 2291 et
777 2259 1032 2291 distribuendum
1050 2261 1084 2291 in
1103 2263 1249 2303 regimen

176 2317 193 2332 ι
215 2305 314 2341 unius
337 2310 368 2336 et
392 2304 567 2335 multorum
573 2312 587 2343 ,·
609 2305 686 2336 item
709 2304 742 2335 in
763 2306 934 2346 spirituale
952 2310 984 2336 et
1001 2307 1192 2347 temporale,
1214 2317 1251 2337 ex

176 2361 192 2377 ν
214 2359 281 2391 quo
299 2349 338 2380 de
356 2348 509 2389 regimine
524 2349 620 2380 etiam
638 2349 808 2380 Pontificio
825 2359 1007 2381 sermonem
1026 2349 1166 2382 facturus
1186 2358 1251 2382 erat

176 2406 192 2422 ²
214 2395 319 2436 capite
341 2393 463 2425 decimo
486 2395 574 2425 tertii
597 2394 680 2426 libri.
705 2396 812 2435 Atque
832 2394 1013 2426 collaudato
1031 2406 1105 2436 prae
1122 2396 1250 2427 caeteris

175 2450 192 2466 »
213 2438 443 2480 temporalibus
457 2438 599 2469 dominio
614 2439 744 2480 Regali,
760 2439 851 2480 quod
869 2438 943 2470 facit
961 2441 1065 2480 capite
1079 2451 1124 2478 111,
1135 2449 1168 2470 1v
1185 2446 1216 2471 et
1230 2451 1250 2470 v

175 2494 191 2510 ›
207 2484 311 2525 primi
329 2483 419 2521 libri,
444 2483 681 2514 ostendendum
707 2489 772 2514 erat
787 2483 952 2524 quodnam
973 2484 1013 2515 sit
1031 2484 1099 2515 eius
1118 2494 1249 2522 munus,

175 2538 192 2554 ²
214 2534 386 2568 antequam
409 2527 529 2568 stylum
555 2527 711 2558 conferret
733 2527 773 2558 ad
799 2537 851 2565 ea,
871 2527 988 2569 quibus
1007 2529 1109 2569 Reges
1128 2529 1250 2570 impelli

175 2584 191 2599 ι
215 2572 330 2603 debent
348 2572 388 2602 ad
406 2572 487 2602 bene
505 2572 802 2603 administrandum.
820 2573 927 2610 Quare
940 2582 994 2612 xn,
1009 2584 1062 2604 xm
1079 2579 1110 2604 et
1126 2584 1179 2604 xtv
1198 2584 1251 2605 ca-

175 2628 191 2644 »
206 2618 280 2658 pita
297 2617 401 2658 primi
423 2617 498 2648 libri
512 2617 737 2658 praeponenda
754 2616 887 2648 fuissent
908 2627 962 2655 vn,
981 2628 1047 2656 vm,
1066 2629 1098 2648 rx
1117 2625 1148 2649 et
1164 2629 1184 2649 x
1205 2625 1250 2649 at-

175 2673 191 2689 »
213 2670 277 2704 que
295 2660 468 2692 undecimo
488 2661 644 2702 capitibus
660 2661 804 2692 eiusdem
822 2661 903 2692 libri.
915 2662 967 2692 Ad
982 2662 1070 2701 haec,
1088 2673 1163 2694 cum
1177 2663 1250 2694 illae

175 2718 192 2734 ι
215 2705 425 2744 conditiones,
445 2716 524 2747 quas
544 2706 638 2746 exigit
656 2716 674 2736 a
693 2706 836 2747 principe
855 2706 888 2736 in
906 2707 1047 2738 secundo
1067 2707 1168 2746 libro,
1189 2707 1251 2738 sint

175 2763 191 2778 ³
215 2760 404 2782 communes
421 2750 550 2782 cuilibet
563 2750 709 2791 regimini
728 2757 759 2781 et
778 2761 844 2781 non
868 2751 975 2782 solum
1003 2751 1102 2792 regio,
1118 2758 1154 2783 ut
1168 2752 1250 2793 ipse-

176 2807 192 2823 »
215 2802 282 2826 met
301 2801 412 2826 auctor
435 2795 564 2826 veritate
590 2802 718 2826 coactus
738 2802 930 2836 protestatur
952 2797 985 2827 in
1008 2796 1083 2838 fine
1108 2797 1249 2828 eiusdem

177 2852 193 2868 ι
216 2840 308 2878 libri,·
329 2839 417 2880 prius
441 2839 590 2871 omnium
612 2840 806 2881 regiminum
821 2840 940 2881 species
956 2841 1135 2872 tractandae
1151 2848 1249 2879 erant,

177 2896 192 2911 ²
214 2894 273 2915 nec
297 2883 467 2915 differenda
493 2891 558 2916 erat
581 2895 639 2915 sua
664 2885 775 2925 politia
801 2895 903 2926 usque
929 2885 969 2916 ad
997 2891 1160 2927 quartum.
1188 2886 1250 2917 Sed

177 2940 193 2956 ›
215 2928 293 2959 haec
312 2928 351 2959 de
371 2928 498 2959 ordine:
519 2939 595 2959 nam
609 2929 642 2959 in
657 2929 790 2970 singulis
806 2939 938 2971 quoque
953 2930 1040 2961 libris
1056 2930 1177 2972 aliquid
1192 2938 1248 2969 est,

177 2985 193 3000 a>
215 2972 306 3013 quod
328 2979 527 3013 praesentem
550 2983 717 3004 censuram
741 2974 846 3005 subire
869 2974 983 3006 merito
1012 2975 1122 3015 possit.
1147 2976 1251 3006 Primi

177 3029 193 3044 >
216 3016 291 3047 libri
309 3017 413 3057 capite
430 3027 449 3047 x
473 3017 642 3049 discrimen
668 3018 853 3059 importune
872 3018 960 3050 affert
975 3020 1060 3050 inter
1075 3029 1203 3051 servum
1219 3026 1250 3051 et

177 3073 192 3089 2
216 3060 369 3092 liberum:
386 3060 580 3101 importune,
597 3062 742 3103 inquam,
759 3073 834 3094 cum
853 3073 889 3094 ea
909 3063 1082 3094 differentia
1099 3064 1180 3095 nulli
1196 3064 1249 3095 de-

176 3118 192 3133 »
214 3105 323 3146 inceps
346 3105 419 3135 usui
443 3105 502 3136 sibi
521 3105 618 3137 fuisse
637 3114 796 3147 appareat.
808 3107 844 3138 In
861 3107 973 3138 ultimo
987 3109 1091 3149 capite
1105 3107 1249 3139 officium

176 3162 191 3177 2·
215 3159 283 3181 esse
302 3149 345 3180 ait
362 3149 513 3190 principis
533 3156 569 3181 ut
586 3160 643 3191 per
661 3150 765 3191 legem
784 3151 924 3182 divinam
939 3152 1086 3191 edoctus,
1097 3152 1151 3183 illa
1165 3153 1247 3184 mul-

178 3207 193 3222 »
216 3193 343 3225 titudini
372 3200 478 3232 curet,
507 3204 564 3234 per
591 3205 673 3236 quae
700 3195 799 3226 vitam
827 3202 987 3227 aeternam
1015 3204 1246 3238 consequatur:

178 3252 193 3267 »
216 3238 307 3280 quasi
325 3238 359 3268 in
377 3237 464 3269 hunc
482 3237 580 3269 finem
598 3239 781 3271 immediate
800 3241 908 3278 tendat
922 3241 1020 3271 civilis
1034 3247 1184 3282 potestas.
1202 3242 1248 3272 Ita

177 3296 193 3312 a>
214 3293 290 3314 vero
310 3282 553 3322 triumphabunt
570 3283 758 3314 recentiores
773 3284 938 3323 haeretici,
957 3285 1014 3326 qui
1033 3285 1142 3316 omnia
1161 3285 1246 3326 prin—

176 3340 192 3356 »
215 3327 338 3368 cipibus
369 3326 514 3358 deferunt
540 3327 574 3357 in
602 3334 825 3369 contemptum
851 3328 1036 3360 Pontificiae
1063 3329 1244 3361 Maiestatis.

176 3384 192 3400 ›
214 3373 337 3403 Verum
359 3371 410 3402 hic
436 3381 523 3402 error
550 3371 662 3402 accidit
690 3382 727 3402 ex
754 3373 936 3412 perturbato
965 3373 1176 3404 dicendorum
1196 3384 1246 3404 or-

175 3429 191 3444 »
214 3417 299 3455 dine,
319 3426 385 3457 quo
395 3414 431 3446 fit
440 3422 477 3446 ut
490 3422 660 3456 potestates
677 3415 757 3447 inter
771 3426 804 3447 se
818 3416 994 3447 confundat
1008 3423 1038 3447 et
1048 3427 1158 3447 earum
1173 3427 1245 3448 mu-

175 3473 191 3489 »
213 3471 299 3492 nera.
324 3461 477 3501 Dumque
512 3460 617 3491 studet
649 3459 826 3500 principem
853 3467 925 3491 tum
951 3460 1139 3500 politicum,
1174 3467 1245 3492 tum

175 3518 191 3533 ι»
214 3505 421 3537 christianum
449 3504 604 3543 formare,
637 3510 788 3535 neutrum
811 3503 963 3542 instituit,
997 3505 1052 3535 sed
1075 3505 1130 3535 alit
1152 3515 1244 3535 mon-

174 3562 190 3577 »
212 3556 324 3581 strum.
350 3549 635 3587 Quemadmodum
651 3548 747 3579 etiarn
761 3548 794 3579 in
812 3548 952 3580 secundo
968 3548 1060 3587 libro,
1077 3550 1181 3589 capite
1195 3557 1245 3588 111;

175 3606 191 3622 2
213 3594 269 3625 ubi
292 3594 371 3625 dum
395 3594 624 3625 commercium
653 3600 874 3624 extraneorum
897 3593 1044 3630 damnat,
1069 3603 1101 3623 se
1124 3593 1244 3624 Aristo-

174 3650 191 3666 ι
212 3638 282 3670 telis
305 3638 424 3679 potius,
444 3649 542 3680 quam
564 3637 655 3669 Pauli
680 3637 873 3678 discipulum
891 3637 1007 3678 prodit.
1024 3638 1107 3668 Nam
1126 3637 1243 3669 Paulus

2302 286 2396 312 CCLV

1323 360 1337 374 »
1361 348 1418 379 ait:
1439 348 1475 379 In
1494 348 1622 380 Christo
1648 350 1717 380 lesu
1742 360 1807 380 non
1832 358 1878 381 est
1901 352 2062 382 masculus
2080 359 2110 382 et
2124 352 2252 391 femina,
2267 355 2392 393 gentilis

1322 405 1337 419 »
1360 399 1390 423 et
1413 393 1556 431 iudaeus,
1581 394 1731 425 barbarus
1755 401 1786 425 et
1809 395 1927 436 scytha.
1947 407 1962 422 ιν
1998 395 2160 427 Censurae
2180 407 2251 437 pars
2270 398 2330 428 alia
2344 399 2392 429 in-

1319 436 1415 467 ferius
1435 437 1638 469 describenda
1655 439 1722 469 erit.
1982 460 1985 463 Δ

1386 482 1460 512 Non
1483 492 1604 521 vereor,
1629 493 1669 513 ne
1684 483 1857 514 Ambrosio
1873 484 2076 523 Barbavarae,
2092 485 2311 525 perturbatum
2327 487 2390 526 pri-

1318 525 1363 555 mi
1387 532 1418 556 et
1441 527 1571 557 secundi
1601 527 1672 557 libri
1696 527 1842 558 ordinem
1875 528 2084 567 existimanti,
2111 529 2230 569 peritus
2254 530 2391 571 quisque

1318 576 1519 611 attentusque
1541 571 1640 602 lector
1663 582 1730 602 non
1754 572 1926 611 dissentiat,
1944 573 2154 614 ordinemque
2174 574 2213 604 ab
2229 573 2300 614 ipso
2316 584 2391 614 pro—

1318 614 1460 654 positum
1484 615 1633 646 facillime
1656 626 1723 647 non
1747 616 1874 648 reiiciat.
1899 617 2071 658 Optimum
2094 618 2189 658 primi
2213 625 2244 649 et
2260 619 2389 649 secundi

1316 658 1386 688 libri
1410 659 1556 690 ordinem
1579 670 1645 691 non
1669 661 1757 699 vidit,
1781 661 1908 701 vulgata
1929 662 2083 702 opinione
2103 663 2252 703 deceptus
2268 663 2307 693 de
2322 673 2390 694 uno

1317 703 1496 745 eodemque
1520 704 1637 745 Opere,
1662 705 1713 736 De
1728 706 1887 746 regimine
1909 707 2112 747 Principum,
2133 707 2166 737 in
2190 707 2289 738 libros
2311 717 2390 748 qua-

1317 752 1392 778 tuor
1414 748 1543 779 tributo.
1568 749 1695 789 Duplex
1718 750 1875 790 distingue
1895 761 1978 791 opus
2002 761 2037 782 ac
2060 751 2263 790 rectissimus,
2287 752 2388 793 Aqui-

1316 799 1388 823 nate
1412 793 1538 833 dignus,
1562 793 1595 823 in
1619 793 1726 833 Opere
1749 794 1854 834 priore
1877 795 2041 835 apparebit
2063 796 2155 827 ordo.
2174 797 2321 837 Namque
2336 806 2389 827 ca-

1310 837 1379 876 pite
1402 846 1414 867 1
1438 837 1601 876 evincitur,
1626 838 1773 868 homines
1798 838 1893 869 simul
1916 839 2055 870 viventes
2079 841 2118 870 ab
2132 840 2242 881 aliquo
2258 840 2389 880 diligen-

1315 887 1362 910 ter
1385 882 1450 921 regi
1475 888 1636 922 oportere:
1661 883 1765 922 capite
1787 893 1825 920 11,
1850 883 1958 914 utilius
1982 894 2018 914 ac
2037 884 2136 915 tutius
2160 895 2227 915 esse
2254 885 2390 925 regi'per

1316 935 1419 955 unum
1448 936 1547 966 quam
1570 936 1626 966 per
1646 926 1770 966 plures:
1796 928 1898 967 capite
1914 938 1962 965 111,
1982 928 2078 958 unius
2102 929 2296 968 dominium,
2314 939 2389 960 cum

1315 969 1436 1000 iustum
1460 976 1516 1007 est,
1541 970 1702 1010 optimum
1726 978 1809 1001 esse:
1834 972 1937 1011 capite
1960 982 2003 1010 tv,
2028 973 2114 1012 apud
2130 974 2295 1004 Romanos
2314 974 2385 1014 qui-

1315 1014 1390 1043 dem
1412 1020 1539 1044 auctam
1562 1024 1629 1044 esse
1653 1014 1941 1056 amplificatamque
1964 1017 2193 1056 rempublicam
2209 1019 2268 1048 sub
2285 1018 2388 1048 domi-

1314 1057 1369 1087 nio
1394 1058 1589 1088 multorum:
1615 1060 1718 1099 capite
1736 1069 1766 1097 v,
1784 1059 1926 1099 plurium
1949 1067 2087 1091 attamen
2102 1061 2282 1092 dominium
2298 1062 2388 1093 facile

1314 1102 1502 1141 degenerare
1525 1103 1557 1132 in
1581 1103 1782 1143 tyrannidem
1801 1111 1911 1143 posse:
1937 1106 2040 1144 capite
2057 1116 2099 1144 v1‚
2117 1105 2190 1136 hinc
2206 1107 2388 1137 dominium

1314 1146 1409 1176 unius
1429 1156 1578 1186 apparere
1595 1147 1772 1187 optimum:
1798 1149 1901 1188 capite
1919 1158 1975 1186 vn,
1995 1149 2174 1189 praemium
2197 1150 2385 1191 sibi‘re'gem

1313 1190 1355 1220 ob
1379 1197 1498 1221 rectam
1528 1191 1835 1222 administrationem
1858 1192 2027 1232 praefigere
2051 1204 2118 1224 non
2146 1195 2258 1225 debere
2282 1195 2385 1226 hono-

1313 1244 1381 1264 rem
1404 1241 1435 1265 et
1449 1235 1583 1275 gloriam
1600 1242 1631 1266 et
1646 1236 1731 1266 bona
1746 1237 1923 1267 mundana:
1940 1239 2043 1277 capite
2061 1249 2126 1276 vm,
2143 1238 2209 1269 imo
2227 1246 2386 1270 aeternam

1312 1279 1557 1310 beatitudinem:
1579 1281 1682 1321 capite
1697 1291 1739 1318 xx,
1756 1287 1787 1312 et
1801 1281 1994 1312 eminentem
2010 1282 2141 1323 quidem
2158 1283 2296 1314 caelestis
2313 1285 2386 1314 bea-

1312 1323 1456 1354 titudinis
1479 1325 1630 1364 gradum:
1656 1326 1760 1366 capite
1778 1336 1815 1363 x,
1840 1326 1965 1366 regibus
1989 1333 2138 1365 attamen,
2163 1327 2218 1368 qui
2241 1327 2322 1359 iuste
2339 1338 2386 1359 re—

1311 1375 1408 1408 gunt,
1433 1369 1621 1409 temporalia
1644 1379 1776 1411 quoque
1800 1371 1972 1401 commoda
1996 1378 2026 1401 et
2050 1371 2267 1403 emolumenta
2291 1372 2386 1403 obve-

1311 1412 1397 1444 nire:
1422 1415 1527 1454 capite
1548 1424 1592 1452 XI,
1611 1414 1692 1445 inter
1715 1414 1792 1446 haec
1807 1425 1883 1445 vero
1903 1415 2083 1455 computari
2098 1416 2231 1455 divitias,
2247 1423 2385 1457 potesta-

1311 1463 1388 1496 tem,
1411 1458 1581 1496 honorem,
1607 1458 1744 1489 famam:
1769 1461 1874 1500 capite
1896 1470 1939 1490 111
1962 1466 1993 1490 et
2007 1469 2077 1498 xm,
2097 1459 2241 1491 officium
2259 1461 2340 1500 regis
2362 1471 2381 1491 a

1311 1501 1415 1533 forma
1429 1503 1590 1543 regiminis
1606 1503 1756 1534 naturalis
1771 1504 2007 1535 desumendum
2017 1512 2095 1535 esse:
2107 1506 2210 1545 capite
2219 1515 2282 1543 x1v‚
2292 1505 2384 1536 item-

1310 1557 1374 1588 que
1397 1554 1563 1588 oportere,
1595 1555 1631 1579 ut
1654 1558 1706 1578 rex
1729 1548 1762 1578 in
1785 1546 2014 1588 gubernatione
2030 1549 2172 1580 imitetur
2184 1550 2385 1590 gubernatio-

1310 1601 1386 1622 nem
1409 1592 1539 1623 mundi:
1564 1594 1668 1633 capite
1685 1603 1742 1631 xv,
1762 1593 1842 1633 regis
1865 1593 2000 1633 proinde
2025 1604 2135 1624 curam
2158 1604 2236 1633 esse,
2253 1601 2289 1625 ut
2311 1595 2385 1625 sub·

1310 1635 1393 1667 ditos
1417 1637 1457 1667 ad
1479 1637 1578 1667 vitam
1601 1638 1757 1677 agendam
1780 1638 1958 1668 secundum
1981 1638 2131 1669 virtutem
2150 1638 2307 1679 disponat.
2325 1639 2383 1669 Pe-

1310 1681 1437 1711 culiaria
1461 1681 1565 1712 officia
1588 1682 1668 1722 regis
1692 1682 1773 1712 libro
1796 1682 1936 1713 secundo
1960 1690 2181 1723 exponuntur,
2208 1683 2383 1714 rectissimo

1309 1731 1432 1756 servato
1457 1726 1578 1764 ordine;
1603 1736 1638 1756 ac
1655 1727 1765 1766 primo
1789 1727 1892 1767 capite
1911 1727 1950 1758 de
1966 1727 2088 1758 civitate
2113 1734 2143 1758 et
2166 1728 2273 1758 castn's
2294 1728 2383 1759 insti-

1309 1770 1435 1801 tuendis
1459 1770 1578 1810 agitur:
1603 1772 1707 1811 capite
1729 1771 1869 1802 secundo
1892 1771 1931 1802 de
1949 1771 2028 1802 locis
2043 1772 2205 1812 eligendis,
2229 1772 2284 1803 ubi
2309 1773 2383 1803 civi-

1309 1821 1387 1845 tates
1411 1821 1442 1846 et
1473 1821 1572 1846 castra
1595 1815 1769 1855 erigantur:
1802 1817 1895 1846 tertio
1918 1817 2022 1856 capite
2056 1816 2094 1847 de
2130 1817 2268 1847 curanda
2291 1817 2385 1857 copia

1308 1869 1415 1890 rerum
1437 1859 1642 1890 victualium:
1668 1861 1772 1900 capite
1793 1865 1910 1901 quarto
1941 1861 1979 1891 de
2002 1861 2151 1892 locorum
2174 1861 2382 1900 amoenitate,

1308 1914 1390 1945 quae
1414 1904 1547 1934 minime
1570 1904 1687 1944 negligi
1711 1904 1836 1935 debeat:
1867 1906 1970 1945 capite
1992 1906 2103 1946 quinto
2135 1906 2173 1936 de
2189 1906 2384 1937 naturalium

1309 1949 1491 1980 divitiarum
1514 1948 1684 1980 affluentia.
1709 1949 1871 1980 Hactenus
1886 1959 1962 1980 vero
1978 1960 2002 1980 s.
2019 1949 2173 1981 Thomas.
2190 1949 2316 1991 Coepto
2334 1950 2383 1981 of-

1307 1992 1455 2024 ficiorum
1478 1993 1559 2033 regis
1583 1993 1686 2024 ordini
1711 2000 1821 2024 auctor
1843 1993 1953 2032 haesit,
1978 1994 2034 2035 qui
2058 2004 2140 2034 opus
2165 1995 2346 2035 complevit.

1375 2038 1463 2076 Quid
1486 2044 1533 2069 est
1555 2048 1642 2076 vero,
1667 2038 1757 2079 quod
1781 2048 1892 2069 censor
1915 2038 2031 2069 thesim
2053 2038 2142 2069 illam
2165 2039 2382 2079 reprehendat,

1308 2093 1390 2124 quae
1414 2083 1494 2113 libro
1519 2082 1543 2121 1,
1568 2082 1670 2123 capite
1692 2093 1744 2121 xv,
1769 2082 1899 2123 legitur:
1923 2083 1975 2114 Ad
1998 2084 2087 2125 regis
2115 2082 2258 2125 officium
2276 2085 2379 2124 perti-

1308 2133 1371 2165 net,
1397 2137 1435 2158 ea
1459 2128 1586 2158 ratione
1609 2128 1707 2158 vitam
1732 2127 1947 2158 multitudinis
1970 2128 2084 2158 bonam
2103 2138 2305 2168 procurare,
2331 2138 2380 2159 se-

1306 2172 1447 2203 cundum
1471 2171 1557 2213 quod
1585 2173 1737 2213 congruit
1759 2172 1803 2202 ad
1826 2172 1991 2203 caelestem
2021 2172 2246 2203 beatitudinem
2272 2182 2379 2204 conse-

1306 2217 1465 2258 quendam
1475 2217 1494 2247 Ξ)
1516 2218 1568 2247 An
1587 2223 1818 2257 repugnantem
1834 2216 1992 2256 putaveris
2008 2216 2116 2256 ipsum
2131 2217 2305 2255 Thomam,
2321 2217 2378 2258 qui

1307 2261 1506 2299 Quodl.X11,
1523 2267 1579 2292 art.
1596 2271 1669 2291 xxiv
1690 2260 1749 2291 ait:
1769 2261 1871 2298 Finis,
1888 2270 1980 2301 quem
2002 2260 2138 2291 intendit
2153 2261 2322 2302 legislator
2337 2262 2380 2292 ci-

1306 2307 1379 2338 vilis
1402 2311 1449 2337 est
1465 2315 1581 2346 pacem
1604 2314 1738 2336 servare
1761 2306 1846 2335 inter
1868 2306 1965 2343 cives;
1977 2305 2062 2346 finis
2084 2310 2191 2335 autem
2216 2306 2298 2336 iuris
2327 2316 2379 2336 ca-

1306 2351 1414 2382 nonici
1436 2350 1537 2381 tendit
1559 2349 1604 2380 ad
1626 2350 1761 2390 quietem
1786 2349 1951 2380 Ecclesiae
1965 2354 1995 2380 et
2009 2350 2146 2380 salutem
2163 2351 2348 2380 animarum
2361 2351 2380 2381 ?

1304 2394 1485 2434 Antilogiae
1509 2393 1724 2434 suspicionem
1756 2393 1840 2424 tollit
1863 2403 1995 2424 ornnem
2025 2393 2214 2424 Dominicus
2239 2394 2317 2425 Soto
2341 2395 2379 2425 li-

1304 2440 1362 2470 bro
1378 2439 1389 2469 1
1409 2439 1457 2469 De
1471 2438 1590 2469 iustitia
1613 2444 1644 2469 et
1663 2438 1742 2476 iure,
1759 2448 1813 2479 qu.
1838 2448 1882 2476 v1,
1906 2444 1962 2469 art.
1979 2445 2025 2468 rv:
2050 2439 2209 2479 Principis
2216 2439 2312 2480 finis,
2332 2439 2379 2469 in-

1304 2483 1434 2525 quiens,
1459 2483 1532 2514 licet
1549 2483 1723 2523 proximus
1744 2483 1786 2513 sit
1808 2484 1935 2523 quietus
1963 2488 2068 2514 status
2091 2483 2302 2523 reipublicae;
2324 2493 2378 2514 su-

1299 2537 1435 2569 premus
1458 2533 1564 2558 tamen
1589 2532 1636 2558 est
1658 2528 1853 2567 sempiterna
1868 2526 2027 2568 felicitas,
2052 2527 2096 2558 ad
2118 2537 2213 2568 quam
2230 2528 2284 2558 ille
2299 2533 2376 2559 tem-

1298 2573 1427 2614 poralis
1445 2572 1531 2613 finis
1560 2571 1670 2603 tendit.
1702 2571 1786 2602 Hinc
1819 2581 1984 2612 perperam
2016 2572 2179 2612 superiora
2210 2572 2378 2613 Aquinatis

1304 2617 1399 2648 verba
1422 2627 1440 2647 a
1463 2617 1638 2648 Barbavara
1657 2615 1823 2647 intellecta:
1852 2616 1955 2653 Quasi
1971 2617 2003 2646 in
2024 2617 2122 2655 finem
2139 2622 2291 2647 aeternae
2306 2617 2377 2648 bea·

1305 2661 1452 2693 titudinis
1475 2661 1657 2692 immediate
1680 2660 1790 2691 tendat
1813 2661 1916 2691 civilis
1932 2666 2086 2701 potestas.

1371 2706 1481 2737 Timet
1504 2706 1600 2736 etiam
1623 2705 1710 2735 idem
1734 2715 1856 2743 censor,
1879 2705 1935 2736 ubi
1959 2705 2067 2736 nullus
2083 2705 2198 2736 timor:
2223 2715 2258 2736 ac
2279 2706 2304 2736 si
2321 2707 2378 2736 tri-

1305 2751 1462 2791 umphare
1484 2750 1619 2781 debeant
1634 2749 1798 2788 haeretici,
1815 2750 1870 2790 qui
1885 2751 1993 2780 omnia
2002 2750 2203 2790 principibus
2225 2749 2379 2790 deferunt

1304 2796 1337 2826 in
1362 2800 1574 2835 contemptum
1598 2794 1785 2835 Pontificiae
1807 2795 1999 2825 Maiestatis.
2020 2794 2089 2824 Imo
2114 2794 2154 2824 ad
2176 2794 2286 2825 incitas
2302 2794 2377 2825 hae-

1304 2839 1417 2871 reticos
1441 2839 1539 2880 adigit
1553 2839 1676 2870 Doctor
1691 2839 1862 2879 Angelicus
1879 2839 1979 2878 capite
1995 2846 2062 2869 xrv:
2086 2851 2101 2866 ‹<
2114 2838 2176 2869 Sed
2190 2838 2265 2879 quia
2279 2837 2377 2869 finem

1307 2897 1322 2912 »
1345 2884 1504 2915 fruitionis
1528 2883 1651 2914 divinae
1676 2881 1863 2926 (inquiens)
1888 2893 1954 2913 non
1972 2882 2176 2923 consequitur
2194 2883 2295 2913 homo
2322 2893 2377 2923 per

1307 2941 1322 2956 »
1343 2929 1494 2959 virtutem
1517 2928 1704 2966 humanam,
1729 2928 1783 2958 sed
1806 2927 1920 2958 virtute
1945 2927 2060 2966 divina,
2079 2927 2165 2957 iuxta
2187 2927 2268 2957 illud
2285 2929 2375 2968 Apo-

1307 2986 1321 3001 »
1344 2973 1418 3004 stoli
1442 2973 1481 3003 ad
1505 2973 1600 3003 Rom.
1624 2982 1656 3002 vl
1680 2970 1722 3015 (v.
1737 2971 1807 3014 23):
1835 2971 1950 3002 Gratia
1973 2972 2046 3009 Dei,
2065 2972 2129 3002 vita
2145 2976 2292 3002 aeterna:
2307 2982 2375 3012 per-

1306 3030 1321 3045 »
1344 3018 1458 3048 ducere
1481 3018 1521 3047 ad
1544 3017 1637 3047 illum
1665 3015 1763 3047 finem
1786 3026 1852 3046 non
1876 3015 2008 3046 humani
2032 3015 2106 3053 erit,
2131 3016 2186 3046 sed
2209 3015 2306 3046 divini
2329 3026 2375 3046 re-

1306 3075 1321 3090 »
1343 3061 1480 3102 giminis.
1505 3062 1557 3092 Ad
1580 3061 1670 3091 illum
1695 3061 1789 3101 igitur
1812 3070 1918 3100 regem
1934 3060 2120 3090 huiusmodi
2149 3059 2290 3100 regimen
2306 3071 2374 3100 per-

1305 3119 1320 3134 »
1342 3106 1431 3143 tinet,
1456 3106 1512 3147 qui
1536 3115 1602 3136 non
1627 3112 1673 3136 est
1696 3105 1803 3135 solum
1826 3105 1937 3142 homo,
1955 3105 2010 3134 sed
2033 3104 2129 3134 etiam
2144 3104 2243 3142 Deus,
2260 3105 2376 3136 scilicet

1305 3163 1320 3178 »
1342 3151 1382 3180 ad
1406 3150 1586 3181 Dominum
1609 3156 1755 3180 nostrum
1779 3149 1885 3179 lesum
1908 3148 2081 3179 Christum.
2169 3149 2276 3179 Huius
2300 3159 2374 3189 ergo

1305 3208 1320 3222 »
1342 3194 1430 3234 regni
1446 3194 1669 3231 ministerium,
1686 3200 1722 3224 ut
1736 3204 1753 3223 a
1768 3193 1896 3224 terrenis
1913 3199 2016 3223 essent
2031 3193 2204 3233 spiritualia
2218 3193 2373 3231 distincta,

1304 3252 1319 3267 2»
1342 3249 1408 3269 non
1432 3239 1571 3269 terrenis
1593 3238 1742 3279 regibus,
1775 3237 1830 3268 sed
1852 3237 2070 3268 sacerdotibus
2093 3244 2140 3268 est
2164 3238 2374 3268 commissum

1304 3296 1319 3311 »
1342 3290 1373 3313 et
1396 3283 1565 3323 praecipue
1588 3283 1720 3313 Summo
1744 3282 1922 3320 Sacerdoti,
1942 3283 2120 3312 successori
2134 3282 2233 3319 Petri,
2254 3282 2374 3312 Christi

1304 3339 1319 3354 »
1347 3327 1484 3364 Vicario,
1495 3327 1643 3357 Romano
1658 3326 1822 3367 Pontifici:
1843 3326 1894 3356 cui
1911 3336 2023 3356 omnes
2047 3335 2133 3366 reges
2158 3325 2271 3366 populi
2291 3325 2371 3356 chri—

1303 3384 1318 3399 >›
1341 3371 1432 3401 stiani
1456 3377 1583 3410 oportet
1606 3380 1672 3401 esse
1696 3370 1850 3409 subditos,
1866 3370 1946 3400 sicut
1960 3370 2020 3410 ipsi
2034 3369 2177 3400 Domino
2193 3370 2263 3400 Iesu
2279 3369 2370 3400 Chri-

1303 3427 1318 3442 »
1340 3421 1400 3445 sto.
1420 3427 1435 3442 »
1462 3414 1636 3455 Utriusque
1659 3414 1822 3454 potestatis
1846 3414 2000 3454 originem
2019 3414 2114 3453 longe
2130 3414 2255 3454 lateque
2272 3413 2372 3444 diver-

1300 3469 1368 3489 sam
1392 3459 1485 3489 docet
1507 3458 1662 3488 Thomas.

1366 3505 1478 3543 Aeque
1500 3503 1632 3532 robusto
1657 3501 1786 3541 depellit
1808 3501 1935 3531 brachio
1955 3502 2184 3533 haereticorum
2204 3502 2370 3533 audaciam

1300 3547 1400 3587 capite
1423 3557 1474 3584 xv,
1497 3546 1548 3576 vel
1571 3556 1609 3576 eo
1633 3546 1718 3584 loco,
1735 3555 1833 3586 quem
1847 3545 2032 3586 imprudens
2047 3547 2169 3578 notavit
2183 3546 2369 3577 Barbavara:

1302 3604 1317 3619 α
1339 3591 1371 3622 Si
1394 3590 1500 3630 igitur,
1525 3591 1682 3631 inquiens,
1700 3590 1755 3631 qui
1775 3590 1813 3620 de
1828 3589 1943 3620 ultimo
1958 3589 2020 3620 fine
2037 3600 2146 3621 curam
2159 3591 2264 3629 habet,
2282 3601 2370 3631 prae-

1301 3648 1316 3663 »
1339 3645 1405 3665 esse
1429 3635 1522 3666 debet
1544 3634 1603 3673 his,
1628 3634 1683 3676 qui
1708 3644 1816 3665 curam
1839 3634 1956 3665 habent
1979 3635 2018 3665 de
2042 3635 2192 3666 ordinatis
2214 3635 2254 3665 ad
2273 3635 2371 3666 finem
