2548 4192
205 329 358 355 CCXXVIII

204 397 323 428 curavit
346 396 520 427 editionem
544 406 619 426 cum
649 395 785 426 scholiis.
813 395 848 424 In
877 394 1060 434 utriusque,
1087 393 1207 423 Alberti
1239 403 1274 423 ac

203 441 370 480 Thomae,
397 441 507 480 elogiis
531 440 589 470 hac
613 441 651 470 de
674 449 706 469 re
737 439 800 478 agit
829 438 1008 468 Echardus:
1029 437 1274 477 uberioremque

203 485 339 516 instituit
371 494 552 515 sermonem
575 484 608 514 in
642 483 745 522 elogio
768 482 895 523 fratris
928 482 1067 511 Titomae
1095 481 1135 511 de
1157 481 1272 511 Sutton

203 530 307 570 angli,
326 529 376 559 cui
393 528 596 568 Opusculum
619 527 764 557 tribuisse
783 526 906 555 videtur
930 535 955 555 5.
972 525 1173 562 Antoninus;
1194 531 1224 555 et
1239 525 1273 554 in

204 573 309 613 elogio
324 573 449 613 fratris
471 572 626 612 Hugonis
649 570 907 611 Argentinensis,
926 579 1024 609 quem
1040 579 1153 599 verum
1175 568 1272 599 huius

204 617 317 658 Operis
341 623 503 656 parentem
526 614 704 645 existimant
727 613 789 643 alii.

272 661 322 690 111.
352 661 457 690 Locus
482 658 617 689 occurrit
644 658 678 687 in
706 657 932 687 Dissertatione
963 655 1112 686 historica
1134 656 1272 696 Philippi

204 704 332 742 Labbei,
344 713 441 744 quem
456 703 610 732 intactum
626 701 791 741 praeterire
807 710 873 730 non
891 700 973 730 licet.
994 713 1008 727 <c
1022 699 1179 730 Henricus
1196 700 1270 730 Kal-

206 762 221 776 »
243 747 391 778 teisenius
414 746 447 776 in
469 746 601 786 Replica
634 746 677 776 ad
703 745 847 775 Ulricum
871 745 1064 781 Hussitam‚
1092 754 1174 784 quae
1198 753 1273 774 cum

206 805 220 820 >›
242 790 411 821 Basileensi
436 789 581 820 Concilio
613 789 695 819 edita
719 795 775 826 est,
797 789 824 829 ξ.
850 789 963 819 Restat
986 798 1083 825 nunc,
1110 798 1176 817 non
1205 798 1271 818 esse

205 849 220 864 »
243 846 267 866 5.
293 835 439 865 Thomae
463 832 719 874 (Compendium
750 832 988 874 Theologiae),
1014 833 1069 862 sed
1098 832 1180 862 credi
1205 842 1271 862 esse

204 893 219 908 2>
242 879 339 910 Ulrici
362 879 400 908 de
423 878 596 918 Argentina
617 876 760 907 affirmat.
791 877 861 917 Ipse
884 886 1014 917 quoque
1039 887 1063 907 s.
1087 876 1271 906 Antoninus

203 937 218 952 »
240 923 339 954 reiicit
362 922 526 963 quoddam
552 921 780 961 Compendium
811 922 1021 961 Theologiae,
1048 920 1128 950 falso
1157 920 1270 950 adscri-

202 981 217 996 >›
239 974 332 1008 ptum
355 973 463 996 sancto
488 966 645 996 Thomae.
671 966 792 996 Verum
815 965 975 996 Antonius
1006 964 1152 995 Senensis
1175 964 1208 994 id
1232 964 1270 994 de

200 1025 215 1040 »
238 1011 300 1042 alio
325 1010 480 1051 quopiam
513 1010 734 1050 accipiendum
757 1019 824 1039 esse
857 1009 984 1049 satagit:
1013 1019 1078 1039 non
1110 1009 1149 1038 de
1172 1008 1270 1038 hocce

200 1068 215 1084 ι»
238 1062 360 1093 nostro,
377 1054 467 1095 quod
482 1064 507 1085 s.
524 1054 671 1084 Thomae
692 1063 759 1084 esse
776 1063 835 1094 pro
851 1060 1014 1084 constante
1029 1053 1171 1083 habetur.
1189 1052 1270 1089 Quis

201 1113 216 1128 »
237 1109 312 1130 vero
336 1099 508 1129 Palaemon
532 1105 579 1129 sat
594 1098 729 1128 idoneus
753 1104 853 1128 tantas
871 1098 951 1128 inter
971 1107 1026 1128 eos
1043 1097 1159 1137 poterit
1183 1106 1270 1127 com-

202 1157 217 1172 »
239 1153 358 1184 ponere
372 1140 459 1173 lites?
472 1155 487 1170 »
504 1143 695 1173 Palaemone
710 1152 793 1182 opus
810 1152 877 1172 non
893 1148 952 1172 est:
969 1151 1072 1182 neque
1091 1141 1172 1179 lites,
1189 1151 1271 1181 quae

200 1187 352 1228 componi
369 1187 512 1225 debeant,
523 1187 605 1218 ullae
616 1193 698 1217 sunt.
711 1186 836 1226 Duplex
846 1186 1060 1226 Opusculum,
1071 1185 1164 1216 titulo
1178 1185 1271 1215 Com-

194 1232 308 1273 pendii
329 1232 521 1272 Theologiae
535 1231 733 1271 insignitum,
751 1230 915 1270 distinguit
931 1237 1056 1260 sanctus
1075 1229 1270 1267 Antoninus,

201 1282 395 1316 noveratque
412 1275 639 1313 Kalteisenius;
659 1285 695 1305 ac
714 1281 886 1315 utrumque
902 1274 986 1315 typis
1002 1274 1123 1304 editum
1140 1280 1269 1313 prostat.

201 1321 347 1351 Alterum
369 1320 490 1359 incipit,
506 1320 639 1350 Aeterni
654 1320 762 1349 Patris
783 1319 937 1349 Verbum:
956 1318 1101 1356 alterum,
1123 1318 1271 1348 Veritatis

206 1365 426 1405 Theologicae.
453 1364 535 1394 Illud
559 1373 625 1394 esse
649 1363 826 1403 genuinum
849 1362 1016 1402 Aquinatis
1041 1361 1186 1400 foetum,
1212 1371 1271 1401 pro

202 1415 364 1440 constante
397 1408 543 1438 habetur:
563 1407 648 1438 istud
681 1408 719 1437 ab
745 1417 783 1437 eo
808 1406 989 1436 abiudicant
1017 1416 1041 1436 5.
1067 1405 1270 1443 Antoninus,

202 1452 362 1484 Antonius
386 1452 532 1483 Senensis
563 1459 593 1482 et
616 1451 773 1482 Henricus
806 1450 964 1480 Kalteisen
989 1449 1118 1480 Ordinis
1145 1449 1270 1479 Praedi-

202 1504 347 1528 catorum
361 1496 395 1526 in
409 1497 541 1536 Replica
558 1496 649 1527 citata
665 1495 751 1535 apud
767 1494 942 1525 Henricum
952 1493 1120 1524 Canisium
1134 1493 1198 1523 vol.
1217 1493 1271 1531 IV,

201 1542 235 1572 in
258 1541 374 1572 noviss.
402 1540 558 1578 editione,
585 1547 615 1571 et
638 1540 723 1579 apud
746 1539 912 1569 Labbeum
939 1538 1020 1568 inter
1053 1537 1197 1568 Concilia
1221 1543 1271 1567 to-

201 1595 257 1616 mo
280 1585 367 1615 XVII
392 1585 464 1615 edit.
482 1585 561 1615 Ven.

268 1628 459 1659 Hudalricus
482 1628 612 1658 Hussita
635 1637 694 1667 pro
715 1627 815 1657 libera
839 1626 1010 1656 adserenda
1026 1625 1272 1666 praedicatione

202 1673 289 1705 verbi
310 1673 373 1703 Dei
395 1679 507 1702 testem
530 1678 695 1702 vocaverat
713 1670 999 1711 Archiepiscopum
1022 1669 1271 1707 Armachanum,

201 1717 278 1747 haec
300 1717 405 1754 verba,
421 1715 518 1746 veluti
537 1726 560 1746 s.
578 1716 737 1754 Thomae,
757 1725 799 1745 ex
812 1715 866 1746 IV
879 1713 922 1756 (V
945 1712 1041 1756 libro)
1064 1715 1115 1744 De
1139 1715 1273 1744 veritate

201 1770 316 1792 sacrae
335 1761 527 1801 Theologiae
549 1759 751 1790 afferentem:
769 1759 946 1789 Consilium
967 1758 1066 1799 affert
1075 1759 1272 1798 praemium,

204 1815 267 1836 non
291 1810 453 1836 servatum
487 1814 563 1835 vero
586 1804 718 1835 adducit
739 1803 941 1844 supplicium.
967 1803 1018 1833 Ad
1041 1802 1118 1832 haec
1148 1802 1274 1842 reponit

203 1849 430 1880 Kalteisenius:
451 1849 649 1889 Respondeo,
667 1848 817 1889 negando
841 1848 1134 1887 consequentiam...
1151 1846 1202 1877 Ad
1225 1846 1273 1876 al—

204 1894 397 1934 legationem
420 1893 502 1930 dico,
522 1893 607 1933 quod
630 1893 711 1923 liber
735 1902 797 1923 non
823 1897 870 1922 est
891 1893 996 1922 sancti
1024 1891 1183 1921 Thomae:
1205 1890 1272 1928 sed,

204 1943 240 1968 ut
263 1937 416 1975 creditur,
438 1937 540 1968 Ulrici
557 1937 598 1967 de
619 1938 813 1978 Argentina.
829 1936 873 1966 Et
896 1941 1013 1973 notate,
1030 1945 1159 1976 quaeso,
1177 1944 1273 1975 quam

197 1982 382 2022 periculose
405 1982 463 2012 iste
479 1982 603 2022 allegat
624 1982 793 2018 Doctores,
810 1981 886 2021 quia
901 1981 1031 2010 omnino
1056 1989 1119 2010 non
1139 1979 1275 2010 habetur

205 2027 257 2063 ibi,
275 2026 360 2066 quod
382 2026 441 2056 iste
463 2026 558 2056 dicit:
576 2025 665 2056 sed...
686 2025 863 2055 Consilium
880 2029 1043 2055 servatum
1059 2023 1158 2064 affert
1175 2033 1274 2063 prae-

204 2071 315 2108 mium,
333 2079 395 2100 non
418 2075 581 2100 servatum
606 2079 669 2100 non
693 2069 792 2110 affert
805 2069 1007 2109 supplicium.
1025 2068 1051 2098 lt
1066 2077 1140 2107 ergo
1157 2066 1276 2098 inficias

203 2114 414 2144 Kalteisenius
437 2114 530 2154 Opus
553 2113 632 2144 illud
658 2123 724 2144 esse
751 2124 774 2144 5.
792 2113 956 2144 Thomae:
977 2112 1069 2152 Opus
1093 2112 1202 2152 utique
1225 2112 1277 2142 De

203 2159 338 2190 veritate
360 2167 475 2188 sacrae
503 2158 711 2198 Yheologiae,
736 2157 826 2198 quod
843 2157 971 2197 incipit,
1002 2157 1149 2187 Veritatis
1177 2157 1275 2186 Theo-

203 2203 350 2243 logicae:
378 2201 470 2242 Opus
494 2202 589 2232 etiam
612 2202 645 2232 in
669 2202 775 2242 plures
802 2201 900 2232 libros
932 2201 1108 2239 tributum,
1134 2210 1276 2241 quorum

202 2251 339 2287 quartus
360 2246 410 2276 vel
433 2245 563 2286 quintus
585 2246 746 2285 allegatur.
765 2246 800 2276 In
823 2245 922 2276 hocce
937 2245 1047 2286 utique
1071 2244 1275 2285 supposititio

204 2290 371 2330 Opusculo
395 2291 489 2321 verba
513 2296 701 2328 occurrunt,
727 2300 809 2331 quae
832 2289 941 2320 vitiata
964 2300 982 2320 a
1005 2289 1141 2320 Ricardo
1164 2291 1276 2319 Arma-

205 2335 306 2365 chano
330 2341 360 2365 et
383 2334 557 2365 Hudalrico
586 2334 717 2365 Hussita
740 2334 969 2365 referebantur:
997 2333 1118 2373 integra
1140 2343 1216 2364 vero
1240 2343 1276 2363 ac

204 2379 323 2409 sincera
346 2389 364 2408 a
387 2379 579 2409 Kalteisenio
603 2378 821 2417 restituuntur,
839 2388 955 2418 nempe
978 2378 1059 2408 libro
1083 2377 1111 2408 V
1127 2377 1160 2407 in
1185 2377 1276 2408 editis

205 2422 366 2462 exemplis,
384 2423 483 2462 capite
503 2433 583 2453 Lxrx.
600 2423 707 2453 Ulrico
732 2423 770 2453 de
794 2422 965 2462 Argentina
986 2422 1190 2452 tribuendum
1213 2422 1275 2452 hoc

205 2466 298 2506 Opus
319 2466 435 2497 indicat
455 2466 541 2497 idem
560 2467 715 2497 Henricus
735 2467 773 2497 de
789 2467 965 2497 Kalteisen:
986 2467 1186 2497 confundens
1205 2466 1275 2496 abs-

205 2521 268 2551 que
292 2510 390 2541 dubio
414 2517 580 2541 tractatum
597 2511 649 2541 De
670 2520 794 2541 summo
810 2511 900 2542 Bono
920 2511 958 2541 ab
975 2510 1083 2541 Ulrico
1100 2511 1138 2541 de
1155 2512 1275 2550 Argen-

204 2555 271 2586 tina
287 2554 469 2585 confectum
484 2565 559 2585 cum
582 2561 712 2585 tractatu
729 2555 779 2585 De
795 2556 928 2585 ueritate
956 2555 1159 2595 Theologica,
1177 2564 1275 2595 quem

203 2599 344 2640 Hugoni
357 2599 396 2629 de
409 2600 590 2640 Argentina
607 2599 748 2639 plerique
765 2599 954 2636 adiudicant3
970 2598 1029 2628 nisi
1044 2599 1174 2629 fortasse
1188 2599 1222 2629 in
1237 2609 1275 2629 eo

208 2643 311 2674 Ulrici
325 2643 455 2673 nomine
472 2649 526 2674 aut
541 2643 785 2673 amanuensium
801 2649 855 2673 aut
878 2650 1031 2683 typorum
1054 2649 1192 2673 erratum
1215 2642 1276 2672 dici

205 2687 325 2718 debeat.
341 2687 571 2718 Doctissimum
586 2686 925 2727 diligentissimumque
938 2686 1119 2717 Echardum
1134 2686 1275 2717 consule.

273 2731 325 2762 IV.
345 2731 485 2762 Examen
509 2738 655 2762 nostrum
671 2738 772 2762 textus
796 2730 946 2771 exposcit,
961 2730 1017 2771 qui
1038 2730 1151 2769 legitur
1174 2730 1276 2770 prima

205 2775 361 2816 Opusculi
377 2782 475 2816 parte,
487 2775 588 2816 capite
598 2785 716 2806 ccxmv.
732 2788 746 2803 α
758 2775 942 2806 Secundum
956 2774 1035 2805 illud
1046 2774 1195 2805 Matthaei
1204 2783 1276 2804 xxxv

544 316 1001 354 DISSERTATIONES
1032 315 1279 351 CRITICAE
1309 315 1364 351 IN
1394 315 1431 351 S.
1453 315 1694 352 THOMAM
1722 316 2045 363 AQUINATEM

1333 406 1347 420 ι
1370 391 1413 435 (it.
1433 392 1500 436 28);
1521 394 1716 435 Ubicumque
1729 394 1840 434 fuerit
1862 405 1989 435 corpus,
2015 395 2093 426 illuc
2116 395 2405 436 congregabuntur

1333 450 1348 464 »
1371 443 1401 468 et
1423 439 1562 478 aquilae,
1580 448 1637 478 per
1652 449 1731 479 quas
1748 438 1961 478 significantur
1980 439 2093 470 Sancti.
2112 439 2278 479 Signanter
2296 446 2404 469 autem

1332 493 1347 507 »
1369 481 1442 512 loco
1467 483 1611 522 corporis
1625 482 1658 512 in
1682 483 1778 513 Hebr.
1795 483 1934 513 Ioathan
1952 483 2065 514 dicitur
2088 484 2265 514 secundum
2289 483 2403 513 Hiero-

1332 537 1347 552 »
1370 536 1523 566 nymum,
1544 527 1634 567 quod
1656 527 1797 557 cadaver
1826 526 1995 566 significat,
2019 528 2059 557 ad
2082 528 2404 558 commemorandum

1332 581 1347 596 »
1371 569 1487 600 Christi
1510 571 1702 610 passionem.
1722 583 1737 598 »
1757 570 1847 601 Paria
1870 571 2005 601 omnino
2030 578 2103 602 sunt
2126 582 2208 612 quae
2232 578 2404 602 occurrunt

1328 612 1361 643 in
1385 613 1552 653 Opusculo
1577 615 1644 653 LX,
1661 615 1750 655 quod
1774 615 2155 646 minutis·characteribus
2186 621 2405 656 expresserunt

1329 657 1468 687 Romani
1500 658 1655 696 editores,
1689 659 1821 689 articulo
1855 669 1925 689 xxv.
1960 672 1975 687 ι
1998 659 2163 699 Signanter
2189 659 2223 690 in
2256 660 2402 690 Hebraeo

1331 713 1345 728 »
1368 701 1515 731 Ioatham
1540 702 1663 740 dicitur,
1689 703 1778 743 quod
1801 703 1941 733 cadaver
1964 710 2075 741 sonat,
2092 704 2131 733 ab
2160 713 2199 734 eo
2228 704 2318 744 quod
2347 713 2403 743 per

1330 756 1345 770 ²
1368 751 1507 775 mortem
1523 746 1613 776 cadat
1628 747 1805 777 secundum
1821 747 2069 787 Hieronymum,
2085 747 2125 777 ad
2143 757 2400 778 commemoran-

1330 800 1344 815 ιν
1367 789 1442 818 dam
1458 788 1575 819 Christi
1599 790 1792 829 passionem.
1811 802 1826 817 »
1846 790 2050 830 Opusculum
2066 791 2161 829 istud,
2178 792 2268 832 quod
2291 791 2398 822 inscri-

1327 832 1411 862 bitur
1432 833 1484 863 De
1510 834 1710 864 humanitate
1731 834 1807 864 Iesu
1833 834 1954 864 Christi
1967 835 2100 865 Domini
2123 837 2236 872 nostri,
2255 842 2400 866 veterum

1327 886 1423 906 nemo
1447 877 1557 907 tribuit
1586 877 1748 918 Aquinati.
1775 880 1898 908 Auctor
1929 878 2084 908 recentior
2107 885 2172 916 est,
2197 879 2254 919 qui
2277 879 2401 910 tertiam

1327 921 1427 951 sancti
1450 921 1598 951 Thomae
1621 927 1744 961 partem
1767 921 1919 952 Summae
1937 922 1989 952 De
2007 922 2135 953 Christo
2153 923 2293 953 Domino
2316 925 2399 953 eius-

1326 975 1388 1005 que
1410 966 1592 1005 mysteriis,
1618 972 1649 996 et
1672 965 1799 995 ultimas
1823 965 2025 1006 quaestiones
2047 966 2081 995 in
2111 966 2229 996 librum
2252 973 2403 1007 quartum

1327 1009 1560 1040 Sententiarum
1589 1010 1641 1039 De
1664 1010 1781 1040 iudicio
1814 1010 1949 1040 totidem
1977 1019 2058 1050 pene
2088 1010 2189 1041 verbis
2218 1010 2401 1049 defloravit,

1326 1053 1519 1104 qpibusdam
1542 1053 1655 1084 additis
1678 1053 1737 1084 hac
1761 1060 1792 1084 et
1814 1053 1884 1084 illac
1914 1061 2097 1084 sanctorum
2120 1054 2251 1084 Patrum
2279 1061 2402 1085 senten-

1326 1097 1387 1128 tiis.
1404 1097 1582 1128 Censuram
1605 1098 1688 1128 addo
1713 1098 1781 1128 loh.
1807 1098 1970 1128 Ambrosii
2001 1098 2176 1128 Barbavara
2198 1098 2232 1129 in
2255 1098 2400 1137 Libello,

1326 1152 1424 1182 quem
1447 1152 1505 1172 ms.
1523 1142 1645 1172 habeo:
1669 1155 1683 1170 «
1697 1142 1890 1182 Exemplum
1908 1142 1998 1180 illud,
2019 1143 2202 1183 inquientis,
2227 1143 2278 1173 De
2297 1143 2399 1173 tribus

1329 1198 1343 1213 »
1365 1187 1552 1217 Domicellis
1575 1187 1703 1217 unicam
1735 1188 1877 1217 tunicam
1902 1186 2125 1224 induentibus,
2153 1193 2184 1217 et
2214 1187 2401 1217 adverbium

1330 1243 1345 1257 »
1367 1231 1554 1268 benivolius,
1573 1237 1603 1261 et
1626 1231 1775 1271 pleraque
1798 1230 1872 1261 talia
1894 1230 2035 1261 indicant
2052 1230 2204 1261 artificem
2227 1231 2336 1270 paullo
2351 1231 2400 1260 in-

1329 1286 1344 1301 »
1367 1275 1544 1305 cultiorem.
1574 1274 1705 1315 Alioqui
1742 1281 1865 1305 constat
1896 1274 1963 1305 eius
1993 1274 2090 1305 libelli
2121 1274 2299 1305 doctrinam
2333 1284 2400 1305 esse

1330 1331 1344 1346 x·
1366 1318 1661 1359 recapitulationem
1689 1319 1863 1359 quamdam
1886 1329 2010 1357 eorum,
2027 1328 2108 1359 quae
2132 1329 2150 1349 a
2173 1318 2248 1349 divo
2271 1318 2402 1350 Thoma

1329 1374 1344 1389 ²
1366 1363 1474 1393 Tertia
1497 1370 1584 1403 parte
1609 1363 1810 1403 disputantur
1833 1363 1913 1393 circa
1938 1363 2058 1394 Christi
2080 1363 2323 1393 humanitatem.
2337 1374 2352 1390 :v

1394 1407 1445 1436 Ad
1467 1407 1530 1437 loci
1554 1417 1685 1437 examen
1706 1408 1812 1438 redeo.
1830 1407 1929 1438 Vetus
1946 1407 2097 1447 interpres
2113 1407 2229 1437 latinus
2251 1406 2402 1438 Matthaei

1326 1450 1437 1490 legisse
1460 1450 1584 1481 videtur
1607 1451 1708 1491 capite
1731 1462 1813 1489 xxiv,
1828 1457 1857 1482 v.
1875 1451 1915 1481 28
1940 1450 2053 1493 σῶμα,
2073 1451 2158 1482 unde
2181 1451 2276 1482 latine
2300 1458 2400 1482 trans-

1327 1494 1416 1525 tulit:
1440 1494 1636 1535 Ubicumque
1649 1495 1760 1535 fuerit
1787 1505 1923 1536 corpus,
1951 1496 2029 1526 illuc
2061 1495 2349 1536 congregabuntur
2370 1500 2402 1526 et

1327 1539 1466 1579 aquilae.
1484 1538 1622 1569 Graecus
1646 1546 1748 1570 textus
1771 1539 1866 1570 habet
1889 1539 2029 1582 πτῶμα,
2057 1540 2219 1577 cadaver;
2246 1546 2400 1580 notatque

1328 1583 1461 1613 Ioannes
1484 1582 1603 1613 Minius
1626 1583 1753 1623 reperiri
1777 1583 1890 1625 σῶμα,
1907 1594 2034 1624 corpus,
2059 1584 2141 1614 inter
2162 1583 2314 1614 lectiones
2337 1584 2401 1615 Va·-

1326 1627 1460 1657 lesianas
1483 1633 1514 1657 et
1532 1626 1565 1657 in
1582 1627 1691 1658 codice
1707 1637 1767 1658 ms.
1784 1628 1967 1666 Viennensi,
1983 1628 2017 1658 in
2033 1637 2100 1669 quo
2121 1627 2296 1667 corrigitur.
2312 1627 2403 1658 Idem

1327 1678 1465 1702 attamen
1489 1671 1638 1711 adagium
1661 1672 1747 1712 apud
1771 1673 1892 1703 Lucam
1923 1672 2022 1712 capite
2045 1682 2127 1710 xvn,
2148 1677 2178 1702 v.
2205 1672 2244 1702 36
2274 1671 2326 1701 vel
2360 1671 2400 1712 37

1328 1716 1422 1746 habet
1437 1714 1549 1757 σῶμα,
1566 1724 1704 1756 corpus:
1722 1723 1753 1746 et
1768 1716 1849 1747 hanc
1864 1716 2034 1747 lectionem
2051 1726 2118 1747 esse
2139 1717 2255 1754 Lucae,
2272 1714 2402 1758 πτῶμα

1326 1769 1403 1790 vero
1426 1759 1588 1797 Matthaei,
1605 1760 1727 1791 notavit
1750 1761 1953 1802 Euthymius.
1971 1761 2104 1792 Sanctus
2123 1760 2341 1801 Hieronymus
2360 1759 2402 1790 ad

1328 1804 1478 1835 Matthaei
1500 1804 1610 1834 locum
1641 1804 1674 1834 in
1704 1804 1946 1836 Commentario
1979 1805 2023 1836 sic
2056 1804 2196 1836 disserit:
2224 1805 2402 1836 Possumus

1331 1861 1345 1876 ι
1368 1855 1475 1879 autem
1499 1858 1632 1889 corpus,
1658 1848 1739 1880 idest
1762 1848 1912 1892 πτῶμα,
1939 1850 2029 1890 quod
2052 1848 2278 1889 significantius
2305 1848 2402 1879 latine

1331 1905 1346 1920 »
1369 1893 1483 1923 dicitur
1505 1893 1646 1923 cadaver
1668 1894 1706 1923 ab
1731 1903 1770 1924 eo
1794 1894 1883 1934 quod
1906 1904 1962 1934 per
1984 1900 2123 1924 mortem
2146 1893 2253 1931 cadat,
2279 1892 2401 1933 passio-

1332 1950 1346 1964 »
1369 1947 1445 1968 nem
1468 1936 1586 1968 Christi
1614 1937 1797 1977 intelligere.
1823 1951 1838 1966 ι
1866 1938 1951 1968 Hinc
1975 1944 2077 1968 textus
2110 1937 2207 1968 sancti
2231 1937 2401 1975 Thomae,

1328 1982 1421 2012 Petro
1445 1981 1603 2012 pellicano
1635 1981 1847 2020 admonente,
1869 1982 1947 2013 vitio
1971 1982 2102 2013 laborat.
2130 1981 2252 2013 Vitium
2275 1981 2362 2012 istud
2385 1990 2402 2011 e

1329 2026 1451 2056 calamo
1475 2025 1575 2065 ipsius
1598 2026 1746 2056 Thomae
1777 2026 1926 2057 excidisse
1950 2026 2037 2057 haud
2060 2025 2192 2056 dixerim
2220 2035 2301 2066 ego,
2327 2035 2403 2056 cum

1328 2070 1395 2110 ipse
1419 2069 1656 2110 Hieronymum
1685 2070 1793 2101 laudet
1815 2080 1851 2101 ac
1880 2070 2070 2111 Hieronymi
2094 2069 2402 2101 animadversionem

1329 2114 1522 2151 transcribat,
1538 2114 1592 2144 ubi
1617 2124 1674 2144 nec
1698 2114 1863 2153 habentur,
1880 2125 1938 2145 nec
1961 2124 2028 2145 esse
2052 2120 2188 2154 possunt
2209 2114 2304 2144 verba
2326 2113 2400 2152 illa,

1330 2159 1362 2189 in
1386 2158 1489 2189 Hebr.
1506 2158 1654 2190 Ioathan.
1678 2159 1786 2190 Fuerit
1809 2159 1947 2199 genuina
1970 2159 2118 2189 Thomae
2145 2158 2256 2189 lectio:
2283 2159 2316 2188 in
2342 2157 2401 2189 Gr.

1328 2203 1452 2240 Roma,
1469 2201 1607 2245 πτῶμα..

1395 2247 1556 2287 Adagium
1579 2247 1659 2277 illud
1683 2247 1752 2278 lesu
1777 2246 1894 2278 Christi
1918 2253 2087 2287 sumptum
2110 2253 2157 2278 est
2180 2256 2217 2277 ex
2237 2246 2294 2277 Iob
2317 2245 2402 2286 capi-

1329 2297 1360 2322 te
1382 2301 1493 2330 xxxrx,
1518 2297 1548 2322 v.
1568 2292 1627 2322 30:
1656 2291 1851 2332 Ubicumque
1874 2290 2014 2322 cadaver
2025 2290 2154 2332 fuerit,
2171 2292 2278 2322 statim
2311 2289 2403 2322 adest

1329 2335 1447 2376 Aquila
1481 2342 1536 2366 aut
1567 2335 1676 2376 pullus
1707 2335 1853 2377 Aquilae.
1880 2336 1916 2366 In
1952 2336 2099 2367 Hebraeo
2127 2342 2213 2366 textu
2246 2331 2409 2375 legimun

1333 2392 1450 2452 ΠἹβὲῃ
1484 2406 1636 2452 Ἷψξξι,
1656 2406 1687 2432 et
1709 2402 1742 2432 in
1766 2411 1828 2442 quo
1851 2402 1957 2440 occisi,
1981 2401 2024 2432 ibi
2039 2402 2124 2442 ipse;
2141 2401 2191 2432 vel
2214 2401 2268 2432 ubi
2297 2400 2404 2432 saucii

1330 2473 1384 2497 aut
1408 2466 1582 2504 vulnerati,
1609 2466 1652 2496 ibi
1674 2466 1750 2506 ipse.
1778 2465 1853 2502 Quo
1877 2465 1910 2496 in
1933 2465 2007 2496 loco
2031 2475 2094 2496 vox
2126 2465 2214 2496 nulla
2236 2464 2402 2504 hebraica,

1329 2520 1411 2551 quae
1435 2510 1675 2541 similitudinem
1691 2510 1803 2541 habeat
1819 2519 1894 2540 cum
1909 2519 1988 2540 voce
2011 2509 2148 2541 Ioathan
2170 2516 2225 2541 aut
2241 2509 2400 2548 Ioatham,

1330 2564 1412 2595 quae
1435 2554 1467 2584 in
1484 2561 1606 2585 textum
1629 2565 1653 2585 s·
1671 2554 1818 2584 Thomae
1839 2553 1970 2594 irrepsit.
1995 2556 2038 2585 At
2068 2561 2150 2585 certe
2179 2554 2259 2585 mihi
2291 2553 2402 2584 videor

1329 2599 1361 2629 in
1378 2608 1487 2638 graeca
1506 2608 1585 2629 voce
1607 2599 1720 2629 Ptoma
1733 2608 1847 2629 vocem
1865 2597 1954 2628 illam
1970 2597 2180 2629 deformatam
2198 2598 2303 2629 videre
2325 2597 2401 2629 Ioa-

1330 2643 1418 2679 than,
1435 2649 1491 2673 aut
1506 2642 1671 2679 Ioatham,
1691 2642 1742 2672 vel
1765 2642 1860 2673 etiam
1883 2642 2020 2679 lotham,
2038 2649 2075 2674 ut
2089 2642 2204 2682 legitur
2219 2642 2253 2673 in
2268 2652 2328 2673 ms.
2346 2651 2400 2672 co—

1330 2686 1397 2716 dice
1413 2696 1453 2716 ss.
1475 2686 1646 2717 loannis·et
1661 2686 1760 2716 Pauli.
1778 2686 1826 2716 De
1850 2686 1905 2716 illo
1922 2686 2034 2725 adagio
2054 2686 2185 2716 consule
2200 2696 2304 2717 sacrae
2320 2684 2400 2716 Scri-

1329 2737 1439 2770 pturae
1454 2730 1637 2770 interpretes
1654 2737 1684 2760 et
1701 2730 1853 2760 loannem
1876 2729 2031 2763 Drusium
2046 2730 2127 2760 libro
2150 2730 2191 2760 111
2213 2728 2399 2761 Proverbia-

1329 2784 1402 2804 rum
1425 2773 1530 2805 classis
1554 2773 1690 2814 primae,
1714 2783 1803 2805 num.
1827 2784 1853 2804 r.
