2788 4204
83 477 93 487 ⁴
103 475 189 497 Codd.·
198 481 262 496 oum:
271 477 295 496 et

81 502 187 527 immed.‚·
208 508 235 523 P:
250 502 292 523 im·-

81 529 152 549 diate.

178 564 191 580 ν

80 591 90 600 ⁸
105 589 180 611 Codd.
196 600 206 605 —
226 596 269 610 Px:

82 616 194 643 qualitas.

85 648 95 657 ⁸
104 647 294 674 1.ect.praec.n.8.

82 737 166 758 'Omne
173 736 290 758 om.c0dd.

80 1062 125 1084 'CL
138 1063 188 1083 lect.
202 1067 255 1087 xm,
267 1067 290 1082 u.

80 1095 288 1140 iiiitlecnxxmna.

75 1161 144 1181 'aiut
159 1165 183 1181 a.

75 1428 84 1437 ⁸
111 1427 208 1448 Dialect.
238 1432 285 1447 om.

76 1453 151 1480 codd„
167 1459 216 1474 exc.
231 1459 285 1474 oux.

75 1533 84 1542 ⁸
93 1532 232 1558 Cf.1ect.xx‚
242 1537 284 1559 n.5,

75 1565 122 1586 seq.

74 1587 84 1595 ⁸
93 1592 117 1606 n:
129 1585 192 1606 circa
207 1590 266 1606 eam.

76 1640 83 1646 '
93 1638 168 1660 Codd.
177 1649 186 1654 -
195 1644 234 1659 Po:
246 1643 285 1658 su-

74 1665 121 1685 mit.

74 1851 80 1857 ·
94 1849 148 1876 Cap.
162 1854 181 1873 ι,
197 1854 219 1869 η.
235 1854 257 1875 9.

171 1959 188 1975 π

74 2014 80 2019 ”
89 2017 117 2032 ΑΒ
126 2018 130 2032 :
142 2010 284 2038 deputanda.

71 2083 78 2089 ,
92 2063 187 2091 Discipl.
204 2070 251 2085 om.
262 2070 283 2085 Α.

74 2175 81 2181 “
98 2173 171 2196 Codd.
182 2184 198 2188 —
211 2179 283 2198 ποατ

75 2202 96 2221 el
111 2206 164 2221 non.

72 2262 79 2269 '
91 2237 210 2284 Codd.?p:
220 2261 283 2282 dicit.

74 2330 82 2338 ‘
98 2335 141 2350 oo:
157 2329 266 2351 ostendit.

72 2362 147 2393 quom.

95 2383 164 2404 Num.
176 2389 207 2404 10.

322 228 396 274 248

319 305 424 354 quod
443 303 696 352 multipliciter
712 310 838 352 potest
857 315 939 339 esse
959 303 1072 338 falsus
1093 300 1332 348 syllogismus
1351 307 1381 337 μ.

319 357 432 394 Ponit
465 364 593 394 autem
631 368 879 393 communem
913 356 1074 391 modum
1110 353 1259 390 dicens:
1291 353 1382 390 Non

319 411 366 448 sit
391 410 490 447 enim
508 411 545 446 A
564 410 601 446 in
621 409 724 446 nullo
743 411 778 445 B
797 408 1081 452 individualiter,
1101 406 1197 442 idest
1224 405 1270 442 sit
1288 406 1384 442 haec

319 463 529 513 propositio
549 475 642 500 vera
655 462 875 498 immediata
889 461 925 507 *,
946 459 1106 496 Nullum
1121 460 1156 495 Β
1175 464 1227 495 est
1244 459 1298 495 A.-
1314 471 1383 507 po-

321 524 461 554 nuntur
490 515 592 552 enim
612 515 710 551 duae
729 520 740 534 '⁴
759 513 990 561 negationeS,
1015 513 1101 548 loco
1125 511 1256 558 unius;
1277 519 1381 560 puta,

321 570 350 607 si
371 569 553 615 dicamus,
573 568 692 604 Nulla
712 566 897 615 quantitas
912 567 931 587 '¹‘
947 571 1002 601 est
1011 565 1228 610 substantia,
1249 577 1383 601 secun-

322 623 414 660 dum
445 621 654 658 doctrinam
679 632 793 668 supra
820 619 984 666 positam
999 618 1019 638 *
1035 618 1082 655 de
1111 618 1294 665 negativis
1313 618 1382 655 im-

321 674 504 712 mediatis.
527 674 566 710 Si
582 672 665 721 quis
681 685 770 720 ergo
787 668 1010 708 concludat⁵
1020 670 1240 719 oppositum
1256 671 1392 718 huius,·

319 741 388 777 per
402 728 568 776 aliquem
583 726 856 773 syllogismum,
869 725 1073 761 ostendens
1089 723 1229 760 scilicet
1238 737 1350 761 omne
1363 726 1384 746 ³*

319 783 354 818 Β
381 792 458 816 esse
483 781 530 824 A,
555 778 742 826 accipiens
770 789 839 826 pro
869 777 997 814 medio
1032 778 1079 822 C,
1107 777 1176 814 erit
1208 777 1381 827 deceptio

318 846 388 882 per
415 832 686 880 syllogismum.

343 905 346 907 —
373 898 408 933 7.
433 885 581 922 Deinde
620 896 707 920 cum
752 883 855 920 dicit:
892 883 1085 932 Contingit
1120 883 1268 931 quidem
1312 884 1382 934 igi-

318 945 379 975 tur
407 946 488 985 etc.,
516 937 679 974 ostendit
706 944 800 985 quot
826 936 952 973 modis
975 943 1101 984 potest
1127 937 1202 973 hoc
1230 937 1380 975 variari.

319 993 386 1029 Est
413 998 541 1028 autem
579 990 777 1027 sciendum
810 990 915 1038 quod
948 989 1040 1026 falsa
1075 989 1268 1026 conclusio
1304 1003 1382 1028 non

319 1043 553 1081 concluditur
567 1043 636 1080 nisi
653 1044 746 1079 falso
767 1042 987 1090 syllogismo
997 1043 1028 1079 *.
1046 1043 1296 1091 Syllogismus
1316 1056 1382 1081 au-

317 1106 394 1134 tem
413 1104 538 1146 potest
553 1109 635 1132 esse
655 1096 769 1132 falsus
789 1095 986 1144 dupliciter
996 1095 1027 1132 *.
1041 1096 1127 1133 Uno
1147 1097 1280 1143 modo,
1293 1097 1382 1145 quia

318 1151 444 1188 deficit
470 1149 508 1186 in
527 1150 685 1186 *forma
712 1149 948 1197 syllogistica.
970 1149 1019 1185 Et
1046 1149 1108 1186 hic
1135 1162 1214 1186 non
1235 1157 1290 1187 est
1309 1152 1382 1199 syl-

316 1203 516 1251 logismus,
544 1203 611 1240 sed
640 1214 838 1251 apparens.
865 1202 951 1238 Alio
985 1202 1117 1249 modo,
1145 1202 1234 1252 quia
1265 1203 1382 1241 utitur

316 1257 415 1294 falsis
443 1255 776 1305 propositionibus.
798 1256 847 1292 Et
872 1255 935 1292 hic
962 1255 1120 1304 quidem
1149 1263 1206 1292 est
1233 1257 1381 1305 syllogi-

316 1322 420 1347 smus
453 1317 609 1358 propter
646 1308 913 1357 syllogisticam
946 1309 1130 1355 formam,
1165 1316 1220 1345 est
1252 1317 1380 1347 autem

315 1364 428 1400 falsus
455 1369 611 1412 propter
638 1363 749 1399 falsas
776 1361 1057 1410 propositiones
1092 1370 1317 1411 assumptas.
1340 1365 1382 1400 In

315 1416 566 1465 disputatione
587 1428 676 1463 ergo
697 1415 924 1461 dialectica*,
946 1427 1044 1464 quae
1064 1415 1107 1451 fit
1127 1415 1224 1452 circa
1242 1417 1381 1465 proba-

314 1470 413 1515 bilia,
433 1482 525 1507 usus
555 1477 609 1506 est
637 1469 831 1517 utriusque
860 1467 941 1505 falsi
969 1467 1188 1516 syllogismi,
1215 1469 1303 1518 quia
1327 1477 1380 1507 ta-

313 1523 357 1560 lis
387 1522 587 1572 disputatio
606 1521 779 1570 procedit
798 1534 844 1558 ex
864 1521 1136 1558 communibus
1152 1522 1183 1558 *.
1206 1523 1255 1559 Et
1273 1522 1323 1559 ita
1342 1523 1380 1560 in

315 1589 360 1613 ea
376 1577 395 1597 ’¹‘
425 1588 530 1612 error
549 1575 688 1612 attendi
707 1572 833 1623 potest
861 1582 897 1611 et
926 1574 1023 1612 circa
1043 1575 1379 1625 materiam'quam

314 1629 471 1666 assumit
487 1631 519 1676 *,
541 1641 639 1677 quae
660 1636 715 1665 est
735 1628 964 1675 communis,
986 1636 1023 1665 et
1046 1628 1160 1665 etiam
1181 1628 1279 1665 circa
1303 1630 1377 1666 for-

314 1695 440 1729 mam,
470 1694 568 1731 quae
598 1689 654 1718 est
688 1681 916 1719 communis.
953 1681 1031 1718 Sed
1058 1681 1096 1718 in
1126 1681 1379 1730 disputatione

315 1735 624 1781 demonstrativa,
645 1747 743 1783 quae
773 1743 829 1771 est
848 1734 947 1771 circa
965 1734 1190 1782 necessaria,
1217 1747 1295 1772 non
1325 1744 1380 1773 est

313 1801 421 1835 usus,
443 1789 512 1826 nisi
541 1788 638 1825 illius
666 1787 873 1836 syllogismi
893 1793 906 1809 ⁰
925 1788 990 1837 qui
1010 1795 1066 1824 est
1085 1788 1200 1824 falsus
1223 1796 1380 1838 propter

313 1842 530 1889 materiam;
561 1841 661 1890 quia,
688 1848 730 1878 ut
754 1841 887 1878 dicitur
914 1841 953 1878 in
973 1842 987 1878 Ι
1012 1842 1048 1878 T
1044 1841 1238 1889 opicorum
1257 1842 1291 1889 ¹³,-
1310 1855 1376 1891 pa-

314 1895 537 1942 ralogismus
567 1894 785 1943 disciplinae
809 1894 982 1943 procedit
1011 1906 1055 1931 ex
1078 1894 1241 1943 propriis
1270 1895 1378 1932 disci—

313 1949 455 1997 plinae,
485 1948 553 1986 sed
572 1960 651 1984 non
671 1960 716 1984 ex
734 1947 836 1984 veris
855 1953 885 1984 π.
907 1947 1030 1994 Unde,
1053 1959 1141 1984 cum
1162 1949 1286 1985 forma
1305 1950 1378 1997 syl-

313 2001 480 2049 logistica
509 2002 554 2038 sit
581 2001 678 2038 inter
706 2001 928 2038 communia
956 2001 1215 2049 computanda
1241 2002 1282 2049 ¹⁸,
1311 2014 1378 2051 pa-

313 2054 537 2103 ralogismus
567 2054 785 2103 disciplinae
804 2054 834 2100 *,
857 2054 904 2091 de
929 2066 1006 2103 quo
1026 2066 1128 2091 nunc
1147 2054 1278 2102 agitur,
1300 2068 1379 2092 non

312 2115 444 2157 peccat
471 2108 510 2145 in
538 2108 674 2154 forma,
695 2107 763 2144 sed
791 2108 916 2144 solum
945 2107 984 2144 in
1012 2107 1186 2154 materia,
1217 2115 1253 2144 et
1281 2108 1379 2145 circa

311 2161 477 2210 propria,
507 2173 586 2197 non
607 2160 626 2181 *
656 2160 754 2197 circa
783 2160 1015 2197 communia.

365 2215 414 2251 Et
446 2214 533 2251 ideo
562 2213 688 2262 primo
715 2220 747 2260 Ρ,
778 2212 941 2250 ostendit
963 2214 984 2234 *
1012 2213 1212 2262 quomodo
1247 2213 1377 2250 huius—

313 2268 418 2305 modi
448 2267 687 2316 syllogismus
715 2267 899 2315 procedat
919 2279 964 2303 ex
991 2266 1140 2304 duabus
1169 2266 1289 2312 falsis;
1321 2279 1378 2304 se-

313 2321 453 2368 cundo,
474 2319 673 2369 quomodo
694 2320 714 2341 *
738 2319 922 2368 procedat
950 2332 995 2357 ex
1023 2320 1139 2356 altera
1168 2320 1278 2362 falsa;
1308 2320 1377 2357 ibi:

313 2374 386 2411 Sed
398 2374 555 2411 alteram
575 2373 786 2423 contingit*
803 2380 871 2410 etc.
892 2372 1066 2410 Primum
1086 2380 1214 2410 autem
1236 2373 1379 2410 contin-

366 2546 394 2580 μ)
414 2545 598 2577 Multipliciter
618 2547 708 2576 potest
726 2549 774 2569 etc.
789 2558 807 2563 -
822 2544 904 2569 Codd.
923 2544 982 2569 AB:
1008 2544 1190 2576 multipliciter
1209 2547 1299 2576 potest
1321 2551 1378 2570 esse

305 2581 494 2615 falsigraphus
513 2580 683 2614 syllogismus
703 2579 759 2612 (Cf.
774 2580 831 2605 lect.
845 2587 907 2610 xxu,
927 2585 980 2604 not.
995 2580 1039 2612 ε);
1058 2580 1078 2604 C
1097 2580 1236 2604 oscitanter
1253 2587 1306 2604 om.
1321 2580 1377 2614 syl-

312 2617 447 2650 logismus,
467 2621 492 2640 et
506 2616 529 2640 R
541 2623 594 2639 om.
602 2616 701 2648 salsus.
718 2615 768 2640 Alii
782 2615 899 2640 codices:
914 2618 1006 2647 potest
1017 2622 1074 2640 esse
1084 2615 1176 2648 salsus
1189 2615 1378 2649 syllogismum

313 2652 351 2677 O:
370 2659 426 2677 esse
445 2654 534 2683 potest
549 2651 640 2684 salsus
658 2651 845 2684 syllogismu35
863 2651 898 2676 P:
910 2651 1001 2684 salsus
1020 2657 1076 2675 esse
1089 2653 1180 2682 potest
1196 2651 1377 2684 syllogismus.

366 2687 389 2719 ν)
409 2687 548 2711 Ponuntur
567 2686 751 2711 enim-Hanc
769 2687 887 2711 omnium
907 2686 981 2710 codd.
1001 2686 1138 2711 lectionem
1154 2686 1323 2718 praeferimus
1342 2686 1376 2710 P:

308 2722 503 2754 praedicantur
521 2722 599 2746 enim.
617 2722 681 2746 Dico
700 2722 836 2746 lectionem
855 2721 1002 2753 adoptatam
1021 2729 1080 2746 esse
1098 2721 1217 2746 omnium
1231 2722 1314 2751 codd„
1329 2721 1378 2746 nisi

313 2758 378 2783 forte
397 2757 558 2789 excipiendus
572 2758 604 2781 sit
618 2757 651 2787 O,
672 2758 697 2781 in
712 2765 766 2789 quo
779 2757 935 2782 abbreviatio
954 2758 1002 2781 τοῦ
1016 2757 1212 2789 praedicantur
1231 2762 1256 2782 et
1270 2764 1379 2789 ponun-

314 2797 365 2823 tur,
386 2794 458 2826 quasi
477 2800 581 2825 semper
600 2798 639 2816 est
657 2794 805 2825 aequivoca.

367 2826 390 2862 ξ)
411 2828 442 2853 Si
459 2828 517 2860 qu1's
536 2835 600 2861 ergo
625 2828 768 2853 concludat
785 2828 938 2854 etc.-Cum
961 2827 1050 2853 maiori
1070 2827 1145 2852 codd.
1170 2832 1242 2860 parte
1267 2828 1378 2860 legimus

313 2863 454 2889 concludat
472 2864 530 2888 loco
548 2865 595 2888 τοῦ
613 2863 747 2888 concludit
765 2863 901 2888 P.-Unus
920 2863 930 2887 l
948 2863 1026 2889 habet
1049 2862 1186 2888 lectionem
1205 2863 1377 2896 singularem:

315 2899 480 2924 immediatis.
500 2899 569 2924 Rata
587 2899 611 2923 si
629 2899 687 2931 quis
706 2899 779 2924 dicat
796 2899 946 2931 oppositum
966 2903 1014 2924 etc.

368 2932 394 2969 ο)
410 2934 483 2964 Usus,
496 2934 548 2959 nisi
557 2934 627 2958 illius
646 2934 797 2967 syllogismi
806 2940 854 2959 etc.
864 2947 883 2954 —
892 2934 956 2959 Cod.
967 2935 989 2959 Α
1005 2935 1099 2959 iterum
1115 2931 1165 2969 (Cf.
1175 2941 1254 2966 supra
1267 2939 1321 2958 not.
1332 2931 1360 2968 μ)
1371 2942 1378 2959 :

315 2976 377 2994 usus
392 2969 417 2994 in
433 2969 595 3003 syllogismis
603 2969 796 3003 falsigraphus,
812 2970 858 3002 qui
871 2973 911 2994 est
922 2970 1013 3003 salsus
1028 2974 1089 3000 etc.;
1104 2969 1137 2993 ΙΝ
1146 2977 1152 2993 :
1168 2976 1231 2994 usus
1245 2969 1298 2994 nisi
1310 2970 1379 3004 salsi

314 3012 326 3029 s
349 3005 383 3029 Ilo
406 3005 473 3029 ismi.

323 3013 348 3038 y
367 3012 404 3074 πῗ
417 3040 616 3072 Paralogismus
635 3040 798 3071 disciplinae.
814 3053 833 3059 -
849 3041 987 3073 Distinguit
1005 3039 1157 3065 Aristoteles
1177 3040 1234 3065 loco
1253 3040 1329 3065 citato
1348 3047 1379 3065 ex

315 3075 418 3107 Topicis
433 3075 501 3100 hunc
514 3075 716 3107 paralogismum
735 3075 883 3107 disciplinae
897 3076 928 3100 ab
944 3076 999 3101 aliis
1015 3075 1187 3109 syllogismis,
1202 3083 1269 3108 quos
1288 3076 1323 3101 ib.
1337 3083 1378 3100 re-

316 3115 416 3141 censet,
436 3118 528 3142 nempe
548 3111 762 3141 demonstrativo,
782 3111 914 3136 dialectico
937 3116 962 3136 et
981 3111 1141 3136 contentioso
1166 3118 1213 3135 seu
1238 3110 1378 3144 sophistico

317 3145 367 3177 (Cf.
383 3146 441 3170 lect.
451 3153 513 3175 xxu,
531 3150 583 3170 not.
594 3144 626 3179 ε).
645 3145 711 3170 Nam
730 3153 815 3178 neque
834 3154 864 3171 ex
882 3147 950 3171 veris
970 3152 995 3171 et
1013 3147 1102 3179 primis
1121 3146 1293 3178 ratiocinatur,
1313 3146 1379 3171 sinit

317 3181 541 3211 demonstrativus,
556 3181 616 3213 quia
634 3189 686 3205 non
701 3181 790 3212 accipit
803 3189 850 3213 pro
864 3181 950 3206 medio
965 3181 1154 3211 definitionem;
1174 3189 1259 3214 neque
1273 3189 1304 3206 ex
1318 3189 1378 3214 pro—

317 3216 451 3246 babilibus,
471 3216 536 3240 sicut
555 3216 709 3246 dialecticus,
729 3217 789 3248 quia
807 3224 858 3241 non
876 3217 954 3242 sumit
973 3225 1040 3250 quae
1053 3218 1172 3242 videntur
1186 3217 1316 3246 omnibus,
1331 3224 1379 3242 nec

317 3259 383 3283 quae
401 3252 518 3275 videntur
537 3251 667 3283 pluribus,
687 3259 735 3276 nec
748 3259 814 3283 quae
828 3253 908 3276 doctis
924 3258 967 3277 aut
981 3253 1097 3285 plurimis
1113 3257 1156 3276 aut
1170 3253 1378 3284 spectatissimis3

317 3287 363 3310 sed
382 3294 411 3310 ex
431 3287 539 3319 propriis
560 3287 664 3319 quidem
684 3287 811 3317 scientiae,
826 3295 877 3311 non
897 3293 983 3312 tamen
1001 3289 1077 3318 νοτίς,
1092 3288 1275 3329 syllogismum
1291 3287 1378 3313 efficit:

319 3316 377 3345 ἀλλ’
394 3319 420 3345 ἐκ
435 3322 485 3346 τῶν
506 3317 605 3346 οἰκείων
619 3319 663 3355 μὲν
677 3323 708 3356 τῇ·
723 3319 848 3356 ἐπιστήμῃ
862 3319 1020 3356 λημμάτων,
1036 3319 1083 3348 οὔκ
1098 3321 1200 3354 αληθῶν
1214 3319 1241 3346 δὲ
1256 3318 1301 3347 τὸν
1316 3321 1378 3348 συλ-

317 3353 442 3389 λογισμὸν
461 3357 580 3381 ποιεῖται.
600 3357 676 3387 Quod
693 3357 800 3389 explicat
819 3358 937 3390 exemplo
956 3358 1113 3384 matheseos.
1133 3358 1158 3382 Si
1178 3358 1236 3391 quis
1256 3365 1279 3383 e.
1294 3366 1319 3391 g.
1334 3359 1379 3383 de·

318 3391 411 3415 scribat
436 3392 626 3422 semicirculos,
646 3400 697 3416 non
717 3393 937 3425 quemadmodum
957 3393 1117 3419 describendi
1137 3398 1211 3423 sunt,
1237 3398 1280 3418 aut
1299 3394 1378 3418 lineas

319 3427 443 3458 quasdam
463 3427 547 3457 ducat,
562 3435 613 3451 non
632 3428 765 3460 quomodo
785 3428 915 3452 ducendae
930 3433 998 3459 sunt,
1013 3429 1216 3462 paralogismum
1231 3429 1379 3461 disciplinae

319 3461 480 3492 matheseos,
499 3461 548 3486 hoc
567 3467 607 3486 est
625 3470 655 3487 ex
672 3463 782 3495 propriis
808 3463 956 3488 matheseos
977 3461 1146 3500 (semicirculi
1166 3464 1234 3488 enim
1253 3468 1278 3488 et
1297 3464 1380 3489 lineae

319 3501 378 3520 sunt
396 3496 495 3521 obiecta
512 3498 614 3529 propria
632 3497 708 3522 huius
727 3496 856 3532 scientiae)
877 3498 943 3523 facit.

373 3527 396 3564 ρ)
410 3531 445 3555 Et
457 3531 515 3556 ideo
526 3533 649 3563 primo.-
661 3534 696 3556 λι
711 3533 789 3557 Nunc
799 3534 934 3564 prim0313
946 3539 970 3558 ct
980 3541 1005 3566 p.
1015 3541 1051 3558 m.
1061 3534 1097 3558 D:
1114 3534 1158 3559 Sic
1170 3533 1274 3565 primo,-
1285 3534 1377 3559 CHKL

319 3565 371 3595 MQ
383 3571 408 3590 et
422 3574 446 3598 p.
458 3574 492 3591 m.
503 3567 534 3591 S:
551 3567 626 3592 Sicut
634 3568 738 3598 primo,·
753 3568 775 3591 D
788 3575 861 3592 s.m.:
878 3568 914 3592 Et
927 3569 964 3593 sic
974 3569 1079 3600 primm
1094 3568 1132 3593 T:
1149 3569 1194 3594 Sic
1203 3575 1268 3601 ergo
1278 3569 1378 3601 primo.

906 222 1290 261 POSTERIORUM
1315 221 1746 258 ANALYTICORUM
1774 222 1868 258 LIB.
1900 222 1914 257 I

1438 299 1489 347 git
1517 299 1724 348 dupliciter,
1754 299 1843 349 quia
1870 300 1963 337 falsa
1990 300 2212 349 propositio,
2238 308 2303 338 aut
2331 310 2387 339 est
2415 314 2504 340 con-

1438 352 1550 389 traria
1567 365 1695 400 verae,
1713 360 1777 389 aut
1796 353 2095 390 contradictoria.
2117 353 2248 390 Primo
2269 366 2359 404 ergo
2379 363 2504 393 osten-

1439 406 1492 442 dit
1507 406 1705 454 quomodo
1721 406 1942 443 huiusmodi
1958 407 1978 427 '¹‘
1998 407 2238 455 syllogismus
2256 409 2440 456 procedat
2459 421 2504 445 ex

1439 458 1588 495 duabus
1616 459 1716 495 falsis
1737 459 1931 496 contrariis
1954 459 2075 506 veris;
2103 460 2286 508 seeundo,
2303 461 2503 510 quomodo

1439 511 1619 560 accipitur
1647 512 1892 549 contradictio
1920 519 1951 558 ⁰;
1981 513 2050 550 ibi:
2084 514 2208 550 Potest
2233 520 2359 551 autem
2385 515 2439 551 sic
2465 526 2505 551 se

1437 565 1577 601 habere
1596 566 1616 586 *
1637 572 1705 602 etc.

1493 619 1528 654 8.
1549 617 1649 654 Dicit
1668 629 1758 665 ergo
1775 618 1795 639 ²*
1822 618 1949 666 primo
1976 619 2081 667 quod
2100 618 2139 655 in
2165 619 2361 668 praedicto
2391 621 2504 669 syllo-

1438 670 1560 718 gismo
1595 670 1862 719 deceptionem
1899 678 2093 719 causante,
2124 672 2304 721 contingit
2332 673 2504 722 quando-

1438 736 1512 772 que
1541 731 1720 772 utrasque
1747 723 2029 772 propositiones
2058 736 2140 761 esse
2168 726 2291 773 falsas,
2322 734 2358 763 et
2386 738 2504 775 quan-

1439 776 1566 825 doque
1602 778 1760 814 alteram
1797 784 1956 814 tantum.
1995 778 2182 826 Utrasque
2217 786 2346 816 autern
2379 780 2503 828 falsas,

1437 842 1515 867 uno
1554 830 1674 866 modo
1703 830 1734 866 si
1768 830 1999 878 accipiamus
2037 831 2243 868 contrarias
2276 845 2457 870 verarum
2476 839 2502 870 ³.

1438 883 1589 919 Habeat
1623 883 1725 919 enim
1763 883 1813 920 ita
1837 884 1857 904 ’¹‘
1890 896 1930 920 se
1960 884 1991 920 C
2021 883 2070 921 ad
2098 886 2132 920 A
2162 892 2198 921 et
2230 885 2280 922 ad
2296 886 2360 932 B,
2399 886 2505 934 quod

1437 937 1584 972 nullum
1604 936 1636 972 C
1656 936 1703 972 sit
1719 938 1766 982 A,
1789 944 1824 973 et
1843 936 1950 985 quod
1968 937 2114 974 nullum
2135 938 2166 974 B
2186 937 2233 974 sit
2253 938 2296 975 C.
2319 939 2359 975 Si
2380 951 2469 987 ergo
2484 939 2505 960 *

1437 989 1669 1038 accipiantur
1701 990 1888 1026 contraria
1924 990 2064 1027 horum
2077 1019 2086 1036 ,
2122 990 2280 1038 scilicet,
2324 992 2444 1029 Omne
2475 993 2509 1029 C

1437 1048 1492 1079 est
1515 1043 1571 1087 A;
1607 1054 1720 1079 omne
1752 1044 1788 1078 B
1824 1049 1879 1079 est
1917 1044 1970 1087 C;
2005 1051 2190 1092 utraeque
2223 1045 2505 1094 propositiones

1437 1103 1546 1133 erunt
1573 1095 1687 1132 falsae
1715 1095 1887 1133 totaliter.
1913 1097 2010 1133 Puta
2029 1097 2059 1133 si
2089 1097 2232 1135 dicam:
2255 1098 2393 1135 Omnis
2413 1111 2505 1148 qua-

1435 1149 1518 1186 litas
1543 1155 1598 1185 est
1616 1148 1840 1195 substantia3
1870 1149 1995 1186 omnis
2023 1150 2211 1198 quantitas
2239 1159 2295 1188 est
2323 1152 2503 1200 qualitas;

1437 1215 1526 1251 ergo
1561 1202 1686 1239 omnis
1715 1202 1902 1251 quantitas
1931 1210 1988 1240 est
2015 1203 2234 1241 substantia.

1490 1268 1526 1303 9.
1547 1255 1698 1292 Deinde
1727 1268 1816 1292 cum
1845 1255 1952 1292 dicit:
1981 1257 2107 1293 Potest
2140 1262 2266 1294 autem
2292 1257 2347 1294 sic
2372 1269 2413 1294 se
2439 1258 2506 1295 ha-

1436 1309 1524 1345 bere
1551 1315 1634 1355 etc„
1661 1308 1826 1346 ostendit
1853 1309 2053 1357 quomodo
2077 1317 2238 1359 possunt
2256 1322 2340 1347 esse
2368 1311 2505 1348 ambae

1435 1361 1563 1408 falsae,
1585 1369 1622 1398 et
1649 1374 1728 1398 non
1756 1370 1844 1399 sunt
1857 1363 1877 1383 '¹‘
1896 1363 2105 1400 contrariae
2125 1364 2237 1411 veris,
2259 1363 2328 1401 sed
2356 1371 2503 1401 contra-

1437 1414 1628 1452 dictoriae.
1649 1416 1757 1462 Puta,
1778 1415 1809 1452 si
1829 1415 1882 1452 sic
1909 1428 1950 1453 se
1978 1417 2117 1454 habeat
2146 1417 2177 1453 C
2206 1418 2255 1455 ad
2274 1419 2309 1454 A
2328 1417 2366 1454 et
2384 1417 2434 1454 ad
2453 1418 2504 1464 B,

1436 1467 1542 1516 quod
1564 1479 1636 1504 nec
1660 1467 1897 1505 contineatur
1923 1469 2084 1506 totaliter
2102 1470 2174 1507 sub
2193 1472 2245 1517 A,
2270 1482 2396 1519 neque
2421 1470 2504 1507 uni-

1434 1521 1629 1558 versaliter
1643 1522 1663 1541 '⁵
1682 1521 1770 1558 insit
1797 1522 1840 1558 B.
1868 1523 1964 1559 Puta
1983 1522 2015 1559 si
2033 1522 2277 1572 accipiamus,
2292 1524 2504 1572 perfectum

1434 1575 1497 1611 vel
1525 1586 1590 1611 ens
1618 1575 1655 1611 in
1675 1580 1773 1620 actu,
1795 1582 1832 1611 et
1849 1575 2107 1623 procedamus
2132 1576 2202 1613 sic:
2224 1576 2353 1613 Omne
2380 1577 2504 1625 perfe-

1435 1635 1538 1664 ctum
1554 1634 1610 1664 est
1624 1628 1848 1674 substantia3
1870 1629 1995 1666 omnis
2011 1629 2199 1678 quantitas
2219 1636 2275 1666 est
2287 1630 2455 1679 perfecta
2466 1631 2503 1676 *ς

1433 1693 1523 1729 ergo
1538 1686 1552 1701 ⁰
1575 1688 1645 1718 etc.
1667 1681 1914 1719 Manifestum
1935 1690 1990 1719 est
2013 1682 2119 1731 quod
2144 1690 2303 1731 utraque
2323 1690 2380 1720 est
2398 1683 2503 1731 falsa,

1432 1734 1501 1771 sed
1528 1746 1607 1771 non
1635 1734 1807 1772 totaliter.
1834 1735 1931 1772 Sunt
1959 1735 2062 1773 enim
2101 1735 2414 1774 contradictoriae
2442 1748 2503 1774 ea-

1433 1800 1518 1824 rum
1546 1799 1675 1835 verae,
1701 1787 1858 1834 scilicet,
1884 1789 2082 1837 quoddam
2110 1790 2323 1838 perfectum
2353 1796 2506 1827 nonest

1432 1841 1651 1888 substantia,
1668 1848 1716 1888 et,
1733 1841 1924 1890 quaedam
1943 1842 2131 1891 quantitas
2151 1855 2230 1880 non
2249 1850 2306 1880 est
2323 1843 2502 1892 perfecta.

1433 1894 1655 1931 Contrariae
1687 1902 1816 1932 autem
1845 1896 1974 1932 sunt*
2001 1896 2133 1942 falsae,
2164 1896 2325 1943 scilicet,
2354 1898 2503 1935 nullum

1431 1948 1643 1996 perfectum
1681 1955 1737 1985 est
1773 1948 2002 1996 substantia,
2039 1957 2075 1986 et
2102 1950 2204 1987 nulla
2232 1950 2419 2000 quantitas
2449 1957 2504 1987 est

1431 2001 1609 2050 perfecta.

1486 2053 1604 2101 Quod
1632 2061 1761 2091 autem
1792 2055 1823 2091 C
1851 2067 1930 2092 non
1958 2054 2222 2094 universaliter
2247 2055 2335 2094 insit
2362 2057 2394 2094 B
2423 2057 2499 2104 (id-

1432 2114 1499 2154 est,
1521 2106 1627 2156 quod
1645 2106 1747 2144 ista*
1768 2119 1847 2144 non
1875 2108 1921 2145 sit
1948 2120 2059 2146 vera:
2085 2108 2215 2146 Omnis
2234 2110 2423 2158 quantitas
2449 2117 2506 2149 est

1425 2161 1608 2210 perfecta,
1630 2172 1728 2208 quae
1749 2168 1828 2197 erat
1847 2161 1992 2205 minor,·
2014 2169 2066 2208 ut,
2089 2174 2206 2219 omrp
2226 2163 2256 2199 B
2286 2170 2343 2200 est
2363 2164 2383 2184 *
2413 2164 2465 2211 C)
2486 2169 2501 2194 P

1430 2213 1569 2262 probat
1585 2225 1656 2262 per
1683 2214 1770 2261 hoc,
1790 2214 1897 2263 quod
1925 2215 1956 2251 B
1977 2227 2055 2251 non
2074 2222 2200 2264 potest
2224 2215 2407 2253 contineri
2430 2218 2501 2254 sub

1432 2267 1559 2315 aliquo
1587 2273 1680 2313 toto,
1701 2267 1807 2316 quod
1827 2267 1873 2304 de
1895 2280 1941 2304 eo
1965 2267 2228 2306 universaliter
2250 2269 2501 2318 praedicetur.

1433 2320 1482 2356 Et
1509 2320 1584 2356 hoc
1611 2319 1711 2367 ideo,
1733 2320 1822 2369 quia
1841 2321 1937 2358 haec
1954 2321 2184 2370 propositio:
2205 2323 2366 2360 Nullum
2394 2325 2430 2360 Β
2449 2330 2505 2362 est

1433 2374 1481 2419 A,
1502 2372 1698 2410 dicebatur
1717 2385 1800 2410 esse
1819 2373 2069 2412 immediata2
2080 2404 2089 2421 ,
2106 2375 2212 2424 quod
2231 2383 2288 2413 est
2301 2376 2338 2413 A
2352 2388 2436 2418 non.
2448 2377 2503 2415 in-

1431 2543 1678 2611 cngsslfflgggss
1696 2546 2502 2614 ἕῗρῗνΑωῖἑῘ-ῗὲῗὲἷωῖηῗωρᾶῃεοῗιοιῖἶαῖῗῖῗῖιῖῌίἷ

1430 2615 1528 2648 accipit
1541 2616 1779 2642 contradictionem
1786 2624 1796 2647 ,·
1810 2616 1850 2641 M:
1864 2616 2014 2649 accipiatur
2031 2616 2320 2649 contradictoriarum
2338 2618 2376 2643 N:
2394 2621 2503 2644 contr-a-

1431 2651 1510 2676 rium.
1530 2651 1601 2676 Haec
1619 2651 1710 2676 ultima
1724 2651 1799 2676 lectio
1811 2651 1877 2676 falsa
1891 2656 1944 2682 est,
1959 2656 1988 2676 ut
2002 2657 2072 2684 patet
2085 2659 2116 2676 ex
2130 2651 2170 2677 his
2184 2659 2252 2685 quae
2266 2653 2415 2679 immediate
2428 2661 2503 2686 prae-

1431 2686 1526 2711 cedunt
1544 2690 1570 2711 et
1588 2694 1656 2719 quae
1675 2694 1785 2711 numero
1804 2693 1821 2720 9
1840 2687 1968 2712 dicuntur.

1485 2718 1510 2756 τ)
1530 2721 1661 2754 Utrasque
1674 2725 1762 2747 autem
1775 2721 1872 2756 salsas,
1889 2729 1942 2747 uno
1956 2722 2034 2747 modo
2048 2722 2073 2747 si
2085 2723 2255 2755 accipiamus.
2264 2723 2332 2748 -lta
2348 2724 2432 2754 codd„
2447 2731 2502 2750 exc.

1431 2757 1455 2781 R
1474 2761 1499 2781 et
1517 2765 1543 2789 p.
1557 2764 1593 2782 m.
1608 2758 1663 2782 S.—
1674 2757 1732 2781 PR:
1757 2757 1888 2790 Utrasque
1906 2760 1994 2783 autem
2012 2758 2102 2792 falsas
2120 2758 2274 2790 accipimus.
2294 2759 2312 2783 S
2330 2766 2356 2792 p.
2370 2767 2406 2784 m.
2425 2759 2503 2784 habet

1431 2792 1588 2817 lacunam.·-
1600 2792 1673 2817 AGK
1690 2793 1839 2818 immediate
1859 2798 2066 2826 prosequuntur:
2090 2793 2243 2819 contrarias
2265 2801 2357 2824 veras,
2380 2795 2428 2820 sed
2449 2802 2502 2820 non

1431 2827 1507 2852 bene.

1485 2860 1511 2897 υ)
1533 2863 1609 2896 &go
1627 2866 1676 2888 ete.
1685 2877 1704 2882 -
1713 2863 1827 2896 Nempe:
1847 2870 1913 2897 ergo
1931 2863 2017 2889 omnis
2031 2864 2168 2896 quantitas
2182 2867 2223 2890 est
2234 2865 2393 2890 substantia.
2402 2879 2422 2884 —
2435 2865 2504 2891 Infra

1430 2905 1494 2922 vero
1512 2898 1602 2929 (Sunt
1620 2898 1689 2923 enim
1714 2898 1958 2931 contradictoriae)
1981 2898 2115 2924 CDHLM:
2135 2899 2206 2925 Sunt
2224 2900 2294 2925 enim
2313 2900 2347 2925 de
2364 2900 2503 2926 contradi-

1430 2933 1518 2958 ctione
1535 2940 1626 2958 eorum
1648 2931 1692 2970 (M,
1707 2941 1798 2959 earum
1821 2941 1827 2964 ;
1846 2934 1880 2959 E:
1901 2934 1972 2959 Sunt
1985 2934 2054 2959 enim
2074 2941 2154 2963 verae
2165 2935 2377 2961 contradictione
2395 2943 2505 2965 eorum,-

1431 2968 1566 2994 GINORT
1583 2974 1610 2994 et
1623 2976 1645 2993 s.
1661 2977 1695 2994 m.
1711 2969 1766 2994 AS:
1809 2971 1858 2994 unt
1875 2970 1945 2995 enim
1965 2977 2043 2995 uerae
2062 2968 2102 3003 (Α
2135 2988 2143 2995 .
2157 2977 2193 2995 m.
2207 2978 2262 2996 om.
2277 2971 2346 2996 enim
2366 2978 2461 3002 veram
2478 2970 2504 2996 G

1430 3011 1484 3029 om.
1497 3004 1566 3029 enim
1602 3004 1828 3030 contradictoriae
1845 3011 1938 3030 earum
1955 3003 2009 3041 (lT,
2023 3012 2113 3031 eorum
2135 3012 2142 3036 3
2162 3005 2200 3036 Q:
2221 3006 2292 3031 Sunt
2304 3006 2374 3031 enim
2390 3006 2423 3032 de
2440 3013 2504 3032 con·

1431 3039 1608 3064 tradictortae
1625 3046 1726 3065 eorum.
1746 3041 1764 3065 S
1783 3048 1808 3073 p.
1822 3048 1859 3066 m.
1878 3040 1995 3066 abrasus.

1485 3074 1514 3109 φ)
1534 3074 1619 3103 Idest,
1639 3075 1711 3108 quod
1729 3075 1781 3100 ista
1800 3083 1852 3101 non
1866 3075 1902 3101 sit
1915 3083 1978 3101 vera
1997 3076 2168 3101 ete-Verba
2186 3076 2247 3108 ista,
2267 3084 2335 3109 qnae
2352 3076 2502 3110 parenthesi

1431 3110 1618 3140 concludimus,
1634 3117 1727 3135 omnes
1747 3111 1828 3135 nostri
1847 3111 1948 3136 codices
1967 3111 2096 3141 omittunt,
2116 3116 2223 3144 excepto
2241 3111 2271 3137 E.
2290 3112 2328 3136 Ea
2342 3117 2429 3137 tamen
2443 3119 2503 3137 cum

1432 3145 1518 3175 Piana,
1529 3146 1612 3171 Venn.
1623 3145 1682 3170 edd.
1693 3150 1718 3170 et
1727 3146 1784 3171 cod.
1796 3146 1817 3171 E
1831 3146 1982 3178 retinemus,
1997 3154 2050 3171 non
2065 3147 2139 3180 quasi
2154 3146 2299 3172 necessaria
2312 3147 2370 3178 sint,
2381 3148 2428 3172 sed
2442 3147 2504 3180 quia

1432 3181 1571 3205 consulunt
1584 3181 1756 3214 perspicuitati
1775 3181 1910 3212 orationis,
1929 3186 1955 3207 et
1973 3181 2039 3207 forte
2058 3190 2110 3207 non
2129 3187 2190 3207 sunt
2207 3182 2303 3208 inserta
2322 3182 2401 3208 textui
2422 3182 2504 3208 aliena

1432 3223 1519 3247 manu,
1538 3217 1585 3241 sed
1604 3224 1619 3241 a
1637 3223 1658 3241 s.
1668 3215 1772 3241 Thomu
1790 3221 1851 3241 sunt
1870 3217 1960 3250 posita.
1980 3217 2058 3247 Quod
2077 3217 2098 3242 si
2118 3218 2200 3242 lector
2217 3225 2248 3243 ea
2266 3225 2415 3251 expungere
2432 3217 2502 3249 velit,

1432 3251 1612 3284 quaestionem
1631 3259 1692 3278 cum
1711 3259 1743 3276 eo
1761 3259 1814 3276 non
1833 3252 1996 3277 movebimus
2017 3249 2073 3286 (Cf.
2087 3258 2140 3278 not.
2156 3253 2233 3286 aeq.)-

1484 3283 1514 3321 χ)
1536 3287 1683 3312 Dicebatur
1700 3293 1756 3312 esse
1782 3287 1937 3313 immediata
1956 3292 2004 3313 etc.
2017 3302 2036 3307 —
2049 3288 2112 3313 Post
2130 3288 2210 3314 verba
2234 3288 2390 3314 immediata
2408 3288 2465 3314 eod.
2479 3287 2502 3312 E

1432 3322 1513 3347 addit:
1533 3329 1604 3347 nunc
1621 3322 1649 3347 ln
1668 3322 1784 3348 secunda
1803 3325 1885 3355 parte
1903 3323 1981 3348 huius
1999 3323 2133 3354 lectionis,
2153 3331 2248 3356 nempe
2266 3331 2345 3359 supra
2362 3331 2388 3348 n.
2402 3322 2428 3349 6.
2442 3322 2502 3348 mt-

1431 3358 1468 3382 tio
1485 3364 1515 3387 a,
1542 3365 1610 3390 quae
1635 3362 1675 3382 est
1693 3357 1811 3383 eiusdem
1829 3357 1913 3383 ferme
1939 3359 2028 3383 aetatis
2052 3365 2082 3384 ae
2106 3359 2164 3384 cod.
2179 3359 2217 3391 E,
2237 3359 2315 3384 etiam
2337 3358 2416 3384 habet
2438 3357 2502 3383 haec

1432 3393 1523 3417 eadem
1541 3393 1628 3418 verba.
1649 3393 1699 3418 Sed
1714 3393 1740 3418 in
1753 3393 1942 3426 posterioribus
1961 3393 2024 3418 edd.
2039 3394 2203 3419 omittuntur.
2218 3394 2355 3420 Praeterea
2367 3399 2453 3426 neque
2467 3393 2501 3423 P,

1432 3435 1518 3461 neque
1535 3428 1605 3453 ullus
1620 3429 1685 3453 alius
1700 3435 1731 3453 ex
1748 3429 1844 3453 nostris
1858 3429 1932 3454 codd.
1946 3428 2024 3454 habet
2042 3429 2112 3454 illam
2132 3429 2298 3460 additionem,
2316 3435 2384 3462 quae
2397 3427 2502 3461 procul—

1432 3463 1511 3488 dubio
1525 3467 1580 3488 erat
1594 3463 1683 3489 notula
1696 3464 1854 3496 marginalis,
1864 3464 1896 3489 ab
1906 3465 2058 3490 amanuensi
2070 3469 2162 3497 postea
2175 3464 2254 3490 textui
2268 3464 2395 3489 ἰῆσθαι-ι
2403 3463 2429 3488 Μ
2441 3469 2502 3495 pro-

1432 3498 1549 3530 sequitur
1567 3506 1619 3523 non
1638 3503 1721 3524 recte:
1740 3499 1812 3531 quod
1834 3502 1923 3524 autem
1943 3501 1967 3524 A
1986 3507 2039 3524 non
2059 3499 2156 3525 inesset
2173 3499 2198 3524 Β
2211 3499 2303 3532 primo
2309 3506 2319 3529 ‚·
2337 3499 2361 3523 Α
2379 3497 2501 3523 confuse:

1431 3533 1503 3566 quod
1516 3536 1556 3558 est
1569 3534 1593 3558 A
1607 3541 1660 3559 non
1678 3537 1720 3559 est
1735 3535 1759 3558 A
1778 3541 1834 3559 esse
1853 3535 1877 3559 Β
1886 3534 1994 3567 prono,-
2011 3533 2182 3560 mantea:
2196 3534 2269 3567 quod
2282 3535 2323 3559 est
2334 3534 2359 3558 A
2373 3528 2427 3558 nori
2445 3539 2502 3558 esse

1432 3569 1458 3593 in
1475 3567 1558 3601 (1300
1572 3576 1625 3593 om.
1640 3568 1684 3603 in)
1700 3569 1725 3593 B
1733 3569 1825 3601 primo
1831 3577 1840 3599 ,·
1859 3569 1895 3594 N:
1914 3569 1987 3602 quod
2004 3572 2044 3594 est
2061 3571 2085 3594 A
2105 3576 2158 3594 non
2177 3569 2231 3594 erit
2249 3569 2274 3594 Β
2287 3568 2388 3600 primo.

2533 417 2541 425 ·
2556 421 2583 437 o:
2597 416 2683 445 salsus
2697 424 2709 439 s
2727 419 2747 440 1—

2531 442 2596 473 193„
2625 449 2672 465 om.
2717 451 2745 466 u-

2532 474 2600 491 tusm.

2534 580 2542 587 '
2560 578 2631 601 Num.
2642 585 2665 607 9.

2531 631 2644 679 {godde
2654 639 2681 655 P:
2698 639 2744 655 au-

2633 846 2647 862 ἵ

2531 893 2542 904 ⁸
2558 892 2595 914 Ita
2611 899 2639 915 ex
2657 893 2745 916 codd.-

2532 926 2554 941 n:
2565 919 2594 941 Ut
2603 919 2710 942 habene
2719 920 2748 943 C.

2533 946 2748 994 {eandm-rme*

2533 1371 2542 1380 “
2553 1376 2582 1394 o:
2592 1372 2671 1395 elnon
2681 1370 2745 1394 veri·

2532 1397 2678 1420 contrariae.

2533 1535 2542 1543 ·
2552 1540 2566 1556 G
2573 1542 2578 1557 :
2594 1535 2710 1558 totaliter.

2530 1636 2645 1685 εει-τ
2662 1635 2746 1665 Με-

2530 1912 2541 1923 ⁸
2555 1911 2617 1934 Su!
2627 1918 2655 1934 eu
2665 1912 2745 1940 codd„

2531 1943 2581 1960 exc.
2591 1944 2629 1960 οτ.

2530 2129 2650 2152 '8:1110.

2531 2178 2542 2188 ⁸
2551 2177 2597 2200 Est
2609 2183 2658 2200 om.
2667 2183 2690 2199 ι.

2627 2214 2644 2240 φ
