2788 4204
42 392 54 403 '³
71 390 202 412 coda-2:
214 396 255 412 ne-

43 416 151 444 satirae.

44 543 104 566 ⁶Cf.
122 544 173 566 lect.
188 550 254 572 prae-

41 570 100 597 ced„
115 576 138 592 ιι.
150 576 178 598 ¹3·

38 1031 48 1041 ⁶
59 1036 90 1053 A:
106 1030 198 1063 ‘omittit
218 1032 253 1053 ad

38 1057 91 1106 ζιοξε
106 1089 153 1111 per
173 1084 250 1106 solam

37 1110 102 1133 univ.

37 1136 49 1146 ⁶
57 1135 134 1164 Supra
143 1142 167 1158 ιι.
175 1142 196 1159 2.

37 1192 120 1215 'new
126 1193 249 1221 negativa.

36 1242 130 1290 affl
143 1242 250 1270 “⁸¹⁶¹'‘

35 1504 96 1528 'OE-
114 1505 222 1534 leet-pra

33 1530 174 1560 ead-,md-

33 1929 95 1979 251².
102 1919 245 1985 ἱῑέῗῖιῖῗ

29 2246 41 2256 ·
49 2244 121 2269 Nam.
131 2251 182 2276 aeq.

223 1513 247 1528 e·
275 1494 326 1543 git
345 1495 625 1544 oppositionem
640 1494 913 1533 universalium
934 1496 1242 1534 enunciationum

1133 307 1244 344 CAP.
1274 307 1359 353 vn,
1390 306 1540 345 LECT.
1571 309 1622 345 XI

282 379 436 428 ponitur
453 380 539 417 loco
560 381 654 430 signi
673 382 906 431 particularis
926 384 1088 432 negativi
1102 386 1139 431 *3
1158 385 1262 421 unde
1286 397 1346 421 ae-

283 433 466 481 quipollet
493 433 527 470 ei
556 446 655 483 quae
683 442 756 483 est,
790 436 943 484 quidam
971 438 1083 474 homo
1112 449 1186 474 non
1215 443 1270 474 est
1294 437 1347 474 al-

282 486 372 530 bus;
402 487 497 524 sicut
524 494 560 523 et
588 487 730 534 nullus,
766 488 871 536 quod
899 488 1001 526 idem
1030 490 1214 538 significat
1245 502 1290 526 ac
1317 490 1347 527 si

283 538 480 586 diceretur,
501 551 575 577 non
596 540 692 577 ullus
705 542 726 562 ’¹‘
743 541 805 578 vel
826 553 900 578 non
929 543 1093 590 quidam,
1114 551 1170 580 est
1197 543 1346 591 signum

280 591 495 629 universale
532 593 763 641 negativum.
794 594 906 631 Unde
938 595 1010 631 hae
1049 595 1166 642 duae,
1194 596 1346 644 quidam

281 645 393 682 homo
421 651 476 682 est
500 646 608 683 albus
627 648 739 695 (quae
760 654 816 684 εει
833 646 1067 696 particularis
1091 649 1344 696 affirmativa),

282 697 405 735 nullus
431 700 543 735 homo
562 704 617 736 est
641 700 748 737 albus
768 702 880 749 (quae
903 709 958 738 est
985 702 1207 739 universalis
1235 714 1346 750 nega-

281 749 385 798 tiva),
407 759 494 788 sunt
521 753 846 790 contradictoriae.

332 816 369 851 4.
392 805 510 843 Cuius
537 805 630 842 ratio
660 814 715 843 est
740 807 829 856 quia
848 807 1092 844 contradictio
1122 807 1289 845 consistit
1307 808 1346 845 in

281 858 362 894 sola
381 859 594 896 remotione
614 859 876 897 affirmationis
895 873 965 909 per
983 860 1243 908 negationem;
1263 861 1345 897 uni-

278 911 435 948 versalis
463 919 591 949 autem
620 913 847 951 affirmativa
875 921 1096 950 removetur
1126 926 1196 962 per
1223 914 1344 950 solam

279 964 521 1012 negationem
549 966 792 1014 particularis,
814 979 885 1004 nec
913 966 1054 1016 aliquid
1077 967 1179 1004 aliud
1208 979 1344 1003 ex-ne-

280 1018 449 1054 cessitate
469 1018 518 1055 ad
532 1019 636 1056 hoc*
655 1019 828 1067 exigitur;
848 1019 1082 1068 particularis
1101 1028 1229 1057 autem
1245 1019 1345 1055 affir-

279 1071 422 1108 mativa
436 1072 626 1109 removeri
642 1085 719 1109 non
738 1080 863 1120 potest
881 1073 951 1109 nisi
970 1085 1039 1121 per
1052 1072 1307 1110 universalem
1324 1073 1343 1091 ⁴·

278 1124 506 1171 negativam,
528 1124 616 1174 quia
643 1125 720 1162 iam
742 1124 885 1162 dictum
907 1126 996 1162 est*
1015 1126 1120 1175 quod
1146 1124 1344 1174 particula-

278 1176 327 1213 ris
355 1177 583 1214 affirmativa
595 1178 615 1199 ²¹⁸
633 1191 711 1215 non
730 1178 883 1227 proprie
908 1179 1113 1227 opponitur
1129 1177 1344 1227 particulari

277 1229 474 1277 negativae
487 1230 517 1266 *.
538 1230 649 1268 Unde
669 1231 890 1280 relinquitur
904 1231 1010 1280 quod
1023 1229 1228 1268 universali
1244 1230 1343 1266 affir-

277 1282 442 1320 mativae
476 1283 764 1320 contradictorie
788 1284 994 1332 opponitur
1021 1282 1254 1333 particularis
1278 1295 1342 1319 ne-

275 1335 411 1383 gativa,
439 1343 477 1382 et
502 1336 717 1384 particulari
745 1337 995 1374 affirmativae
1027 1337 1250 1374 universalis
1278 1348 1343 1373 ne-

276 1388 411 1437 gata-i.

333 1442 365 1479 5.
386 1441 535 1480 Deinde
556 1455 644 1479 curn
666 1442 770 1479 dicit:
796 1443 1021 1480 contrariae
1048 1454 1138 1480 vero
1159 1450 1241 1490 etc„
1262 1450 1341 1479 tan-

1257 1497 1290 1542 *3
1307 1502 1344 1532 et

276 1548 364 1585 dicit
392 1549 497 1597 quod
538 1548 761 1586 universalis
799 1550 1028 1587 affirmativa
1057 1557 1092 1586 et
1118 1549 1341 1587 universalis

275 1601 450 1649 negativa
470 1610 557 1640 sunt
576 1602 796 1648 contrariae;
813 1603 919 1650 sicut,
936 1603 1057 1640 omnis
1076 1604 1188 1639 homo
1217 1608 1271 1639 est
1288 1603 1341 1639 iu-

273 1659 361 1700 stus,
382 1654 506 1692 nullus
532 1657 645 1692 homo
674 1662 726 1692 est
754 1655 880 1702 iustus,
910 1656 999 1704 quia
1027 1656 1166 1693 scilicet
1188 1656 1341 1692 univer-

275 1707 361 1744 salis
389 1708 564 1755 negativa
582 1714 599 1730 ‘¹‘
624 1721 702 1745 non
731 1709 855 1745 solum
884 1717 1059 1746 removet
1085 1708 1340 1746 universalem

275 1760 564 1808 affirmativam,
595 1761 662 1798 sed
691 1761 804 1798 etiarn
839 1761 1007 1810 designat
1045 1769 1252 1798 extremam
1288 1761 1341 1798 di-

274 1813 460 1861 stantiam,
477 1814 516 1851 in
536 1821 720 1863 quantum
743 1821 855 1862 negat
872 1822 995 1851 toturn
1015 1815 1120 1863 quod
1139 1814 1340 1851 affirmatio

272 1866 380 1915 ponit
393 1867 429 1913 *3
457 1874 493 1904 et
510 1867 585 1904 hoc
602 1867 763 1916 pertinet
782 1868 831 1904 ad
846 1867 1032 1904 rationem
1053 1867 1340 1914 contrarietatis;

274 1926 311 1956 et
336 1918 423 1956 ideo
451 1919 685 1968 particularis
722 1920 950 1958 affirmativa
985 1928 1020 1957 et
1054 1920 1229 1968 negativa
1252 1921 1271 1940 ⁴⁸
1301 1933 1340 1957 se

272 1971 414 2009 habent
441 1973 535 2010 sicut
562 1973 734 2010 medium
762 1973 858 2010 inter
886 1973 1081 2010 contraria.

327 2026 362 2061 6.
384 2025 532 2063 Deinde
554 2038 642 2063 cum
658 2025 776 2063 dicit:
791 2027 978 2069 Quocirca
996 2028 1065 2064 has
1089 2026 1236 2074 quidem
1258 2033 1339 2073 etc„

273 2078 436 2115 ostendit
465 2078 664 2128 quomodo
680 2091 720 2115 se
735 2079 901 2116 habeant
922 2079 1124 2117 affirmatio
1142 2086 1177 2116 et
1191 2079 1340 2126 negatio

273 2131 470 2180 oppositae
487 2131 536 2169 ad
549 2144 687 2169 verum
703 2139 739 2169 et
758 2133 906 2170 falsum.
929 2133 978 2169 Et
997 2132 1135 2181 prim0,
1156 2140 1341 2181 quantum

273 2183 322 2221 ad
351 2184 573 2231 contrarias;
595 2185 776 2233 secundo,
805 2193 990 2235 quantum
1014 2185 1063 2222 ad
1092 2185 1340 2222 contradicto-

273 2236 366 2283 rias;
387 2237 459 2274 ibi:
484 2238 751 2287 Quaecumque
769 2239 886 2288 igitur
905 2239 1215 2276 contradictiones
1231 2239 1340 2284 etc.*;

325 2372 352 2407 α)
368 2373 528 2398 Universalis
538 2372 672 2406 negativa.
686 2373 813 2398 Addimus
823 2373 979 2398 vocabulum
989 2374 1115 2406 negativa
1125 2381 1155 2398 ex
1165 2374 1239 2398 codd.
1248 2393 1254 2404 ,
1269 2374 1339 2406 quod

271 2408 410 2441 requiritur
431 2409 464 2432 ad
483 2408 652 2440 integritatem
671 2409 826 2433 sententiae:
846 2409 910 2433 illud
929 2414 1014 2433 autem
1029 2409 1188 2434 desideratur
1206 2409 1232 2433 in
1248 2409 1340 2439 Piana;

272 2444 319 2468 sed
338 2448 406 2468 certe
424 2448 464 2468 est
482 2444 607 2468 mendum
626 2444 916 2476 typographicum.-In
934 2452 1044 2469 numero
1061 2444 1223 2477 praecedenti
1242 2444 1340 2468 notavi-

272 2486 333 2503 mus
347 2479 373 2503 in
387 2478 503 2510 margine
518 2479 654 2504 lectionem
667 2480 741 2503 codd.
753 2480 855 2504 ABCD:
866 2479 1042 2511 particularis
1062 2479 1187 2512 negativa
1206 2487 1256 2504 non
1272 2487 1338 2511 pro—

267 2514 330 2546 prie
343 2514 487 2546 opponitur
495 2514 658 2546 particulari
671 2515 864 2548 affirmativae:
878 2522 945 2547 quae
959 2515 1034 2539 lectio
1048 2516 1118 2539 nulla
1131 2515 1228 2539 ratione
1243 2515 1340 2539 discor-

273 2550 316 2574 dat
327 2557 340 2574 a
356 2550 442 2580 Piana,
461 2557 541 2581 quam
559 2550 709 2580 retinemus,
728 2551 774 2574 sed
793 2550 880 2582 quoad
900 2550 1094 2582 argumentandi
1114 2550 1225 2574 formam
1249 2550 1341 2575 melior

271 2585 380 2609 videtur.
398 2585 480 2609 Datur
497 2585 566 2609 enim
589 2585 670 2616 ratio,
690 2593 770 2618 quare
788 2585 945 2617 particularis
969 2585 1119 2610 affirmativa
1141 2585 1268 2610 removeri
1287 2593 1340 2610 non

272 2620 355 2653 possit
373 2620 422 2644 nisi
441 2627 488 2652 per
505 2620 678 2645 universalem
698 2620 850 2653 negativam.
875 2621 949 2645 Ratio
966 2629 1030 2646 vero
1049 2626 1089 2645 est
1113 2620 1172 2653 quia
1191 2619 1340 2646 affirmativa

271 2655 399 2680 removeri
416 2656 493 2680 debet
513 2663 560 2688 per
583 2656 728 2688 negativam
735 2663 742 2686 ;
762 2656 808 2680 sed
827 2656 986 2688 particularis
1010 2655 1159 2680 affirmativa
1184 2664 1236 2680 non
1254 2661 1342 2688 potest

272 2691 400 2716 removeri
419 2698 467 2723 per
480 2691 661 2724 particularem
680 2691 840 2723 negativamz
859 2699 920 2715 nam
938 2692 1115 2724 particularis
1138 2691 1264 2724 negativa
1287 2699 1338 2716 non

268 2725 382 2758 proprie
396 2726 539 2758 opponitur
554 2726 718 2758 particulari
736 2726 923 2760 affirmativae.

327 2760 352 2796 β)
373 2761 460 2786 Simul
473 2765 587 2802 possunt
600 2769 663 2787 esse.
678 2762 757 2786 Deest
769 2762 849 2786 simul
866 2762 893 2786 in
912 2762 998 2792 Piana,
1009 2762 1055 2786 sed
1068 2761 1201 2786 adiicimus
1215 2769 1246 2786 ex
1264 2762 1339 2786 codd.

273 2797 349 2821 ACE.
358 2797 408 2821 -Β
431 2797 538 2822 omittit:
558 2797 584 2822 in
603 2797 710 2825 eodem,
724 2797 772 2822 sed
790 2797 949 2822 remotiones
972 2797 1026 2822 albi
1048 2800 1075 2822 et
1093 2797 1165 2830 nigri
1183 2797 1263 2822 simul
1275 2805 1338 2829 pos-

274 2835 338 2857 sunt
352 2839 415 2856 esse.

327 2867 387 2891 Duo
405 2867 627 2892 determinantur·
620 2876 646 2892 in
660 2867 709 2892 hoc
728 2875 849 2893 numero:
873 2876 894 2892 1.
909 2867 979 2900 quod
993 2867 1184 2908 propositiones
1199 2868 1339 2893 contrariae

274 2909 327 2926 non
341 2907 453 2934 possunt
466 2910 526 2927 esse
541 2903 618 2927 simul
636 2910 725 2933 verae·
746 2910 769 2928 2.
789 2904 860 2935 quod
874 2903 1064 2936 propositiones
1077 2903 1276 2933 subcontrariae,
1292 2911 1339 2928 seu

274 2936 448 2969 particulares,
459 2944 506 2962 seu
519 2938 627 2968 mediae,
640 2943 752 2970 possunt
765 2946 823 2963 esse
837 2939 914 2963 simul
927 2946 1012 2963 verae.
1029 2939 1067 2962 Ex
1079 2938 1120 2962 his
1137 2939 1253 2971 sequitur
1268 2939 1339 2971 quod

274 2971 465 3004 propositiones
484 2973 631 3003 contrariae,
641 2973 667 2997 vi
681 2973 872 3005 propositionis,
883 2978 996 3006 possunt
1015 2981 1074 2998 esse
1088 2974 1166 2998 simul
1181 2973 1268 3004 falsae,
1279 2974 1339 3006 quia

275 3011 360 3040 potest
378 3006 483 3039 aliquod
505 3008 679 3040 praedicatum
700 3008 767 3032 falso
790 3008 910 3033 affirmari
933 3014 959 3033 et
976 3008 1041 3033 falso
1060 3009 1147 3041 negari
1173 3009 1205 3033 de
1223 3009 1339 3034 subiecto

274 3042 453 3066 universaliter
475 3047 595 3075 sumpto;
619 3043 685 3067 sicut
702 3043 782 3068 falsae
805 3049 866 3068 sunt
884 3043 1088 3076 propositiones:
1113 3051 1203 3069 omnes
1222 3045 1339 3069 homines

273 3080 337 3102 sunt
355 3077 418 3102 iusti
422 3084 431 3106 ‚¹
450 3078 537 3102 nullus
555 3077 632 3102 homo
655 3081 695 3102 est
713 3078 805 3103 iustus.
833 3079 889 3103 Dixi
908 3079 934 3103 vi
956 3079 1162 3110 propositionis,
1186 3079 1247 3111 quia
1265 3087 1295 3104 ex
1313 3080 1338 3104 vi

275 3112 397 3136 materiae
419 3112 609 3144 propositiones
628 3113 768 3138 contrariae
790 3118 902 3146 possunt
922 3114 1084 3146 aequivalere
1107 3115 1338 3139 contradictoriis.-

275 3147 397 3179 Sequitur
415 3148 530 3172 secundo
549 3147 619 3180 quod
637 3148 827 3180 propositiones
857 3149 1048 3174 subcontrariae
1070 3154 1204 3181 nequeunt
1226 3157 1285 3174 esse
1304 3150 1338 3174 si-

275 3183 330 3207 mul
348 3182 443 3207 falsae:
463 3190 523 3206 nam
538 3182 568 3212 si,
583 3190 606 3207 e.
616 3190 650 3214 g.,
670 3188 757 3208 essent
774 3183 853 3208 'simul
868 3183 959 3209 falsae:
978 3184 1074 3216 aliquis
1092 3184 1170 3209 homo
1184 3188 1223 3209 est
1236 3185 1320 3209 iustus
1329 3192 1339 3213 ,·

275 3218 371 3250 aliquis
385 3218 462 3242 homo
477 3224 527 3242 non
542 3221 582 3242 est
596 3218 693 3242 iustus:
710 3218 791 3243 falsae
805 3224 893 3244 essent
909 3219 1082 3249 universales;
1101 3220 1186 3244 omnis
1203 3220 1281 3244 homo
1299 3223 1339 3244 est

275 3254 359 3278 iustus
365 3260 374 3282 ,·
398 3253 486 3277 nullus
503 3252 581 3277 homo
599 3256 639 3277 est
657 3253 749 3278 iustus.
773 3253 833 3283 Quo
851 3254 950 3286 posito,
970 3254 1179 3279 contradictoriae
1198 3260 1286 3279 essent
1303 3254 1338 3279 s'i-

275 3288 330 3312 mul
349 3287 442 3312 falsae:
472 3295 539 3319 quae
558 3292 598 3312 est
616 3287 727 3312 absurda
740 3288 831 3319 illatio,
855 3294 884 3313 ut
901 3289 1025 3321 probatur
1042 3289 1068 3314 in
1082 3289 1201 3322 sequenti
1220 3297 1337 3314 numero.

328 3322 355 3357 γ)
376 3322 480 3347 Deinde
491 3330 551 3347 cum
565 3323 629 3348 dicit
642 3328 690 3347 etc.
705 3323 732 3347 In
747 3323 900 3348 editionibus
919 3324 967 3349 abc
984 3324 1083 3356 integer
1097 3332 1167 3349 num.
1178 3333 1193 3357 7
1204 3325 1337 3355 omittitur,

275 3366 356 3391 quem
374 3366 434 3383 cum
454 3358 528 3382 codd.
547 3357 668 3382 omnibus
687 3363 714 3382 et
727 3358 835 3383 Venetis
847 3359 904 3383 edd.
924 3359 986 3383 Peri
995 3359 1157 3384 hermeneias
1171 3359 1265 3383 saeculi
1279 3360 1337 3383 XVI

274 3394 353 3418 habet
372 3394 459 3418 Piana.
483 3393 540 3423 Qua
558 3398 644 3417 autem
657 3393 756 3417 ratione
774 3394 906 3418 omittatur
923 3394 1024 3424 nescio,
1043 3395 1090 3418 sed
1108 3394 1233 3418 omittitur
1251 3402 1338 3419 errore

275 3429 352 3462 plane
370 3428 515 3453 manifesto.
538 3428 640 3452 Etenim
663 3435 686 3496 s(
702 3428 818 3452 Thomas
842 3429 1008 3453 manifestans
1027 3429 1144 3453 ordinem
1162 3434 1258 3457 tenua,
1275 3437 1337 3470 pro-

275 3464 349 3496 ponit
361 3464 433 3496 prius
449 3464 586 3488 dicendum
605 3470 665 3488 esse
678 3460 714 3496 (n.
724 3462 752 3496 6)
772 3463 804 3488 de
821 3464 930 3488 veritate
944 3468 970 3488 et
987 3463 1119 3488 falsitate*
1112 3472 1137 3488 in
1156 3463 1338 3496 propositioni-

276 3499 326 3524 bus
340 3499 486 3530 contrariis;
508 3499 600 3523 deinde
626 3507 651 3523 n.
635 3506 682 3558 n7
718 3498 750 3523 de
771 3498 878 3523 veritate
897 3503 924 3523 et
945 3498 1055 3523 falsitate
1074 3499 1100 3522 in
1120 3499 1338 3531 propositionibus

275 3534 490 3564 contradictorii&
510 3539 600 3566 postea
706 3533 767 3568 )de
780 3534 886 3558 veritate
905 3538 931 3558 et
948 3533 1056 3558 falsitate
1075 3533 1100 3557 in
1118 3533 1337 3566 propositionibus

277 3577 330 3594 non
347 3577 409 3595 vere
423 3570 469 3594 sed
488 3574 640 3602 apparenter
635 3533 863 3594 ncontradictoriis.
882 3569 1015 3593 Subtraeto
1030 3568 1105 3601 igitur
1123 3577 1193 3593 num.
1208 3576 1233 3601 7,
1248 3577 1339 3593 manca

276 3609 347 3629 esset
364 3605 489 3637 expositio
508 3609 534 3629 et
550 3605 695 3629 Aristotelis
713 3604 790 3629 textui
809 3604 876 3628 haud
895 3605 1043 3636 adaequata.

329 3638 354 3673 ὃ)
373 3641 429 3666 Nec
437 3643 528 3672 potest
540 3647 568 3665 se
582 3640 609 3665 in
623 3641 687 3672 plus
699 3639 845 3665 extendere
863 3639 914 3664 nisi
928 3643 958 3664 ut
976 3643 1110 3664 removeat
1122 3639 1337 3672 affirmationem.

2418 310 2463 346 53

1401 386 1521 434 tertio,
1543 395 1727 436 quantum
1746 387 1796 424 ad
1825 399 1869 424 ea
1897 400 1994 437 quae
2013 387 2190 425 videntur
2213 388 2460 426 contradicto-

1402 438 1466 485 ria,
1488 448 1524 476 et
1551 453 1629 477 non
1657 448 1763 486 sunt;
1784 440 1855 477 ibi:
1881 441 2146 489 Quaecumque
2172 446 2297 477 autem
2326 442 2363 478 in
2384 442 2463 478 uni-

1400 493 1606 530 versalibus
1621 501 1688 530 etc.
1700 494 1720 514 *
1735 514 1759 521 -
1771 493 1870 530 Dicit
1889 506 1978 542 ergo
1998 494 2124 542 primo
2146 494 2252 543 quod
2271 493 2359 542 quia
2381 494 2463 530 uni-

1400 545 1557 582 versalis
1585 546 1813 583 affirmativa
1846 553 1882 583 et
1913 546 2137 584 universalis
2170 546 2344 594 negativa
2378 554 2464 584 sunt

1402 598 1621 645 contrariae,
1651 598 1883 648 impossibile
1914 607 1969 636 est
1987 600 2092 648 quod
2112 600 2184 636 sint
2203 599 2315 636 simul
2333 611 2460 636 verae.

1402 650 1600 688 Contraria
1620 651 1721 688 enim
1737 659 1870 688 mutuo
1886 664 1926 689 se
1948 653 2146 701 expellunt.
2170 652 2247 689 Sed
2265 652 2463 701 particula-

1401 715 1471 750 res,
1492 716 1589 752 quae
1615 705 1902 742 contradictorie
1923 713 2169 754 opponuntur
2186 705 2462 742 universalibus

1401 756 1606 803 contrariis,
1626 766 1786 805 possunt
1800 757 1912 795 simul
1926 758 2113 795 verificari
2128 759 2166 796 in
2187 759 2338 804 eodem;
2354 758 2459 806 sicut,

1400 820 1475 844 non
1503 809 1625 846 omnis
1655 811 1768 847 homo
1800 816 1855 847 est
1884 811 2007 857 albus,
2043 823 2141 860 quae
2175 811 2461 848 contradictorie

1400 862 1606 909 opponitur
1624 862 1727 910 huic,
1753 863 1872 899 omnis
1895 865 2007 900 homo
2027 870 2081 900 est
2096 864 2214 910 albus,
2241 871 2288 911 et,
2308 864 2461 912 quidam

1398 914 1510 950 homo
1530 920 1585 950 est
1596 915 1714 961 albus,
1726 927 1823 963 quae
1840 916 2125 953 contradictorie
2142 917 2346 966 opponitur
2359 917 2459 965 huic,

1399 966 1522 1003 nullus
1541 968 1653 1004 homo
1677 973 1732 1004 est
1747 968 1864 1004 albus.
1892 969 1941 1004 Et
1967 969 2186 1006 huiusmodi
2206 970 2319 1006 etiam
2339 969 2459 1007 simile

1397 1018 1586 1056 invenitur
1613 1020 1652 1056 in
1681 1020 1941 1057 contrarietate
1971 1033 2119 1059 rerum:
2148 1034 2238 1059 nam
2267 1023 2397 1059 album
2426 1030 2462 1060 et

1397 1070 1547 1118 nigrum
1575 1084 1787 1121 numquam
1807 1073 1917 1110 simul
1947 1086 2027 1110 esse
2052 1082 2211 1123 possunt
2237 1075 2276 1111 in
2304 1075 2459 1122 eodem,

1398 1124 1466 1160 sed
1494 1124 1725 1162 remotiones
1744 1125 1818 1162 albi
1848 1134 1884 1163 et
1902 1126 1995 1174 nigri
2020 1127 2131 1164 simul
2150 1135 2309 1176 possunt
2329 1140 2409 1165 esse
2427 1126 2458 1166 fl:

1396 1184 1521 1225 potest
1547 1177 1648 1214 enim
1682 1178 1823 1227 aliquid
1852 1191 1932 1215 esse
1966 1192 2088 1228 neque
2113 1181 2242 1217 album
2262 1193 2385 1229 neque
2405 1181 2459 1218 ni-

1397 1241 1519 1277 grum,
1540 1229 1635 1266 sicut
1660 1238 1764 1279 patet
1791 1231 1830 1268 in
1850 1244 1895 1268 eo
1925 1233 2029 1280 quod
2050 1240 2104 1269 est
2130 1233 2324 1281 pallidum.
2346 1235 2395 1270 Et
2413 1234 2459 1271 si-

1397 1282 1533 1318 militer
1562 1284 1769 1320 contrariae
1809 1285 2090 1322 enunciationes
2117 1298 2195 1323 non
2226 1294 2385 1334 possunt
2413 1287 2459 1324 si-

1397 1336 1477 1372 mul
1507 1347 1588 1372 esse
1629 1348 1764 1383 verae,
1801 1337 1868 1374 sed
1902 1350 2032 1374 earum
2071 1339 2400 1387 contradictoriae,
2436 1353 2459 1377 a

1397 1388 1535 1438 quibus
1563 1398 1820 1436 removentur,
1841 1391 1954 1428 simul
1981 1399 2141 1439 possunt
2170 1404 2251 1428 esse
2278 1404 2404 1429 verae.

1451 1455 1485 1490 7.
1508 1442 1656 1480 Deinde
1677 1455 1765 1480 cum
1786 1443 1873 1481 dicit
1886 1449 1922 1480 ⁷:
1948 1444 2212 1493 Quaecumque
2239 1445 2355 1494 igitur
2373 1457 2459 1482 con-

1395 1495 1633 1533 tradictiones
1661 1504 1729 1533 etc.
1743 1526 1752 1543 ,
1782 1497 1945 1534 ostendit
1981 1497 2139 1547 qualiter
2165 1498 2303 1534 veritas
2333 1505 2368 1534 et
2395 1498 2459 1534 fal-

1395 1549 1482 1586 sitas
1520 1561 1559 1586 se
1596 1550 1761 1586 habeant
1794 1550 1832 1586 in
1870 1551 2176 1588 contradictoriis.
2208 1551 2318 1587 Circa
2355 1551 2459 1600 quod

1396 1602 1716 1640 considerandum
1737 1610 1792 1639 est
1812 1603 1928 1651 quod,
1957 1603 2051 1640 sicut
2070 1603 2213 1640 dictum
2234 1611 2288 1640 est
2303 1616 2417 1652 supra
2426 1605 2456 1651 *,

1396 1655 1435 1692 in
1455 1655 1943 1703 contradictoriis*negatio
1959 1669 2037 1693 non
2051 1657 2136 1705 plus
2156 1657 2252 1704 facit,
2264 1657 2334 1694 nisi
2355 1657 2459 1706 quod

1396 1716 1570 1745 removet
1586 1708 1891 1746 affirmationem.
1905 1710 2021 1756 Quod
2046 1709 2224 1757 contingit
2249 1710 2454 1758 dupliciter.

1395 1762 1482 1798 Uno
1511 1761 1642 1807 modo,
1664 1762 1817 1810 quando
1847 1770 1902 1799 est
1925 1763 2039 1799 altera
2073 1775 2203 1799 earum
2224 1763 2457 1810 universalis,

1395 1815 1511 1851 altera
1531 1815 1551 1836 *
1568 1814 1811 1863 particularis,
1840 1823 1882 1851 ut
1910 1828 2023 1864 supra
2052 1815 2191 1852 dictum
2223 1824 2278 1852 est
2300 1816 2351 1852 **.
2372 1817 2457 1853 Alio

1396 1867 1527 1913 modo,
1549 1867 1702 1916 quando
1730 1875 1890 1916 utraque
1929 1876 1983 1904 est
2011 1868 2226 1915 singularis:
2254 1868 2342 1917 quia
2369 1877 2458 1906 tunc

1395 1920 1544 1967 negatio
1565 1932 1610 1956 ex
1629 1920 1848 1957 necessitate
1873 1921 2029 1958 refertur
2047 1921 2096 1958 ad
2115 1921 2217 1958 idem
2239 1922 2362 1970 (quod
2380 1935 2459 1959 non

1396 1973 1576 2021 contingit
1601 1973 1639 2009 in
1666 1973 1951 2022 particularibus
1981 1981 2016 2010 et
2043 1973 2271 2021 indefinitis),
2292 1987 2363 2011 nec
2389 1987 2458 2023 po-

1395 2034 1466 2062 test
1493 2038 1533 2062 se
1562 2026 1599 2062 in
1624 2027 1712 2101 plus
1741 2027 1940 2064 extendere
1969 2027 2039 2063 nisi
2066 2034 2108 2063 ut
2135 2035 2332 2064 removeat
2359 2028 2457 2064 affir-

1395 2078 1604 2116 mationem
1641 2107 1648 2116 .
1666 2080 1715 2116 Et
1733 2079 1821 2116 ideo
1843 2080 2038 2128 singularis
2059 2080 2287 2117 affirmativa
2306 2093 2457 2129 semper

1396 2132 1616 2169 contradicit
1635 2132 1810 2180 singulari
1830 2133 2038 2180 negativae,
2059 2133 2253 2181 supposita
2267 2133 2456 2170 identitate

1394 2185 1598 2234 praedicati
1620 2193 1655 2222 et
1674 2185 1840 2222 subiecti.
1868 2187 1917 2222 Et
1935 2186 2020 2223 ideo
2042 2186 2150 2223 dicit·
2160 2186 2275 2234 quod,
2297 2186 2376 2223 sive
2396 2199 2456 2223 ac-

1397 2238 1581 2287 cipiamus
1610 2238 1946 2275 contradictionem
1964 2239 2236 2276 universalium
2263 2239 2456 2276 universa-

1395 2374 1465 2398 Haec
1474 2374 1561 2398 omnia
1576 2373 1751 2398 desiderantur
1765 2373 1790 2398 in
1801 2373 1858 2398 edd.
1869 2373 1954 2403 Piana,
1964 2373 2055 2398 Venet.
2075 2381 2083 2397 1
2091 2373 2140 2398 526
2150 2379 2175 2398 et
2193 2373 2266 2407 1595,
2276 2375 2458 2407 Antuerpiensi

1395 2414 1421 2433 et
1439 2409 1533 2439 Paris.;
1554 2417 1584 2433 ea
1599 2414 1685 2433 tamen
1699 2409 1794 2433 habent
1808 2409 1882 2433 codd.
1903 2409 1935 2432 Et
1948 2413 2024 2433 recte.
2044 2409 2101 2433 Duo
2120 2409 2189 2434 enim
2208 2409 2232 2433 in
2258 2410 2457 2435 contradictoriis

1394 2444 1571 2476 requiruntur;
1590 2452 1672 2468 unum
1685 2444 1755 2476 quod
1770 2443 1905 2468 affirmatio
1919 2449 1944 2468 et
1958 2444 2059 2476 negatio
2073 2444 2214 2469 referantur
2227 2445 2259 2469 ad
2272 2445 2355 2475 idem;
2370 2450 2396 2470 et
2408 2445 2458 2470 hoc

1395 2484 1435 2503 est
1448 2487 1588 2503 commune
1606 2479 1708 2504 cuilibet
1725 2478 1881 2512 oppositioni
1900 2479 2003 2511 proprie
2022 2479 2116 2509 dictae;
2139 2480 2247 2504 alterum
2266 2481 2336 2512 quod
2355 2481 2456 2512 negatio

1395 2522 1447 2539 non
1461 2515 1520 2547 plus
1534 2514 1608 2539 faciat
1629 2514 1677 2538 nisi
1699 2515 1770 2547 quod
1789 2520 1920 2539 removeat
1935 2513 2131 2539 affirmationem
2142 2533 2148 2545 ‚
2165 2520 2191 2539 et
2207 2515 2346 2543 viceversa,
2368 2521 2398 2540 ut
2416 2516 2457 2541 hic

1395 2557 1416 2574 s.
1431 2550 1547 2574 Thomas
1563 2550 1629 2580 dicit;
1640 2554 1666 2574 et
1679 2550 1728 2574 hoc
1748 2550 1882 2582 proprium
1899 2554 1938 2574 est
1955 2550 2124 2582 oppositionis
2143 2550 2357 2575 contradictoriae.
2376 2551 2457 2576 Porro

1395 2590 1535 2617 utrumque
1553 2590 1622 2609 recte
1634 2584 1744 2610 affirmat
1761 2585 1900 2617 Angelicus
1915 2585 1948 2610 de
1961 2585 2179 2617 propositionibus
2199 2586 2325 2618 oppositis
2344 2586 2456 2618 singula-

1394 2620 1480 2650 ribus;
1495 2628 1590 2652 nempe
1608 2620 1679 2652 quod
1693 2625 1719 2644 et
1733 2620 1877 2645 subiectum
1896 2621 1929 2644 sit
1948 2620 2017 2645 idem
2036 2626 2062 2645 et
2080 2621 2150 2653 quod
2164 2621 2266 2652 negatio
2285 2629 2336 2645 non
2355 2622 2413 2654 plus
2427 2629 2456 2646 se

1395 2656 1513 2680 extendat
1527 2663 1605 2688 quam
1619 2661 1648 2680 ut
1662 2660 1793 2680 removeat
1807 2654 2011 2680 affirmationem.
2023 2656 2059 2680 Ex
2074 2663 2127 2688 quo
2142 2656 2270 2680 concludit
2284 2657 2353 2688 quod
2368 2657 2456 2688 singu-

1395 2691 1455 2716 laris
1475 2690 1624 2715 affirmativa
1639 2698 1743 2723 semper
1756 2691 1904 2715 contradicit
1918 2691 2039 2723 singulari
2054 2691 2194 2723 negativae,
2209 2696 2234 2715 et
2247 2691 2385 2721 viceversa,
2400 2699 2455 2722 seu,

1394 2731 1423 2750 ut
1441 2726 1510 2751 idem
1535 2726 1580 2750 sed
1600 2726 1692 2750 melius
1717 2734 1868 2758 expressum
1894 2724 1948 2760 (Cf.
1968 2727 2164 2758 praecedentem
2187 2732 2274 2751 notam
2294 2725 2335 2760 α),
2359 2726 2454 2751 habent

1395 2762 1483 2786 codd.:
1502 2761 1647 2794 singularis
1666 2761 1791 2794 negativa
1809 2769 1912 2793 semper
1930 2762 2138 2786 contradictoria
2157 2765 2196 2786 est
2220 2760 2263 2795 (132
2282 2760 2453 2796 contradicit)

1396 2793 1437 2831 (D,
1453 2804 1505 2821 non
1519 2801 1600 2821 recte:
1619 2797 1756 2821 contraria
1770 2797 1818 2828 est)
1833 2797 1966 2830 singulari
1983 2797 2162 2830 affirmativae
2180 2802 2227 2821 etc.

1447 2831 1471 2864 ε)
1491 2832 1527 2857 Et
1541 2832 1600 2857 ideo
1614 2832 1679 2857 dicit
1697 2832 1869 2856 ete-Codex
1888 2833 1921 2856 E:
1938 2842 1950 2854 ‹
1963 2832 1995 2856 Et
2008 2832 2066 2856 ideo
2094 2832 2152 2856 dicit
2170 2832 2239 2864 quod
2250 2850 2256 2862 ,
2277 2831 2331 2856 sive
2349 2832 2454 2864 accipia-

1395 2876 1410 2890 »
1425 2875 1484 2891 mus
1504 2867 1715 2892 contradictiones
1734 2867 1916 2891 universalium
1930 2867 2107 2891 universaliter
2122 2867 2176 2891 sive
2194 2867 2361 2898 singularium
2374 2874 2455 2891 enun—

1395 2911 1410 2926 ιν
1426 2902 1572 2933 ciationum,
1591 2910 1698 2927 necesse
1717 2907 1756 2927 est
1775 2910 1878 2934 semper
1897 2903 1966 2935 quod
1981 2910 2032 2927 una
2046 2902 2079 2926 sit
2091 2910 2152 2926 vera
2172 2907 2197 2926 et
2217 2902 2294 2926 altera
2313 2901 2384 2926 falsa.
2404 2902 2455 2926 Ne-

1395 2946 1410 2961 »
1426 2945 1477 2970 que
1491 2937 1559 2962 enim
1580 2937 1703 2969 contingit
1725 2938 1802 2962 simul
1817 2945 1876 2962 esse
1896 2945 1985 2962 verum
2006 2944 2060 2962 esse
2078 2941 2104 2962 et
2123 2944 2173 2961 non
2193 2944 2255 2964 esse,
2273 2944 2358 2968 neque
2376 2936 2454 2961 simul

1395 2981 1410 2996 »
1424 2980 1484 2997 esse
1498 2973 1604 2997 falsum:
1625 2973 1684 3005 quia
1701 2980 1792 2997 verum
1811 2972 1872 2997 nihil
1891 2978 1930 2997 est
1943 2973 2010 2996 aliud
2023 2980 2102 3004 quam
2122 2980 2181 2996 cum
2204 2972 2294 2996 dicitur
2308 2979 2366 2996 esse
2384 2972 2454 3004 quod

1395 3017 1410 3031 »
1426 3013 1478 3038 est,
1500 3009 1542 3032 vel
1562 3016 1613 3032 non
1628 3015 1687 3032 esse
1703 3008 1773 3040 quod
1794 3015 1846 3032 non
1866 3013 1918 3038 est;
1943 3013 1968 3032 et
1990 3007 2082 3031 falsum
2102 3007 2163 3031 nihil
2188 3007 2254 3030 aliud
2274 3014 2333 3031 esse
2354 3006 2455 3031 videtur

1395 3051 1410 3066 »
1425 3051 1503 3075 quam
1525 3043 1608 3067 dicere
1621 3050 1680 3067 esse
1698 3043 1769 3075 quod
1787 3051 1839 3067 non
1859 3048 1906 3073 est,
1925 3043 1965 3067 vel
1986 3050 2037 3067 non
2056 3050 2115 3067 esse
2134 3042 2204 3074 quod
2224 3046 2271 3072 est,
2289 3046 2318 3065 ut
2336 3047 2405 3074 patet
2423 3049 2454 3067 ex

1395 3087 1409 3101 »
1425 3078 1458 3102 IV
1474 3078 1625 3111 Metaphys.
1636 3087 1651 3101 »
1663 3078 1788 3102 Eamdem
1808 3078 1943 3102 lectionem
1953 3096 1959 3107 ‚
1981 3077 2098 3109 quamvis
2113 3077 2137 3101 in
2157 3077 2288 3101 nonnullis
2308 3082 2454 3109 corruptam

1393 3113 1514 3138 exhibent
1532 3113 1572 3137 alii
1591 3113 1769 3138 codd.—-Cod.
1794 3114 1830 3137 A:
1849 3117 1875 3138 et
1894 3113 1952 3137 ideo
1971 3113 2035 3137 dicit
2053 3113 2123 3144 quod
2140 3112 2164 3137 si
2182 3120 2232 3137 non
2252 3112 2389 3144 (corrupte
2407 3120 2455 3144 pro

1393 3147 1461 3182 sive)
1483 3148 1689 3180 accipiantur...
1703 3148 1794 3180 Neque
1812 3149 1880 3173 enim
1899 3148 2078 3180 contingit...,
2094 3154 2174 3179 neque
2192 3147 2271 3172 simu!
2289 3154 2344 3172 esse
2362 3155 2454 3172 verum

1393 3187 1420 3209 et
1431 3183 1534 3216 falsum
1553 3190 1622 3208 esse.-
1640 3183 1703 3215 quia
1721 3188 1777 3213 etc.;
1789 3184 1842 3208 -132
1867 3190 1947 3215 neque
1966 3183 2034 3207 enim
2053 3182 2183 3215 contingit
2198 3182 2276 3207 simul
2291 3189 2380 3206 verum
2399 3189 2454 3207 esse

1394 3221 1419 3243 et
1438 3226 1488 3242 non
1508 3225 1575 3247 esse,
1601 3225 1683 3250 neque
1701 3218 1780 3242 simul
1798 3222 1837 3243 est
1855 3219 1956 3251 salsum
1975 3218 2054 3243 simul
2071 3221 2097 3242 et
2116 3225 2214 3246 verum,
2235 3217 2300 3241 nihil
2323 3217 2398 3241 aliud
2415 3220 2455 3242 est

1393 3260 1471 3285 quam
1486 3261 1545 3277 cum
1561 3253 1659 3278 dicitur
1668 3258 1760 3282 etc.;-
1770 3253 1804 3277 C:
1824 3260 1925 3278 necesse
1939 3257 1978 3278 est
1989 3253 2060 3285 quod
2079 3260 2131 3277 una
2144 3253 2179 3277 sit
2198 3259 2260 3277 vera
2274 3255 2300 3276 et
2317 3253 2403 3276 altera
2420 3252 2455 3277 sit

1387 3288 1504 3321 salsa...
1518 3288 1581 3319 quia
1604 3295 1751 3312 verum...:
1766 3289 1867 3321 salsum
1893 3295 1971 3320 quam
1995 3288 2101 3312 videtur
2124 3288 2210 3312 dicere
2232 3294 2286 3312 esse
2309 3287 2379 3318 quod
2402 3294 2453 3311 non

1393 3326 1432 3347 est
1451 3323 1580 3351 etc.;-D:
1600 3330 1682 3354 neque
1700 3323 1767 3347 enim
1793 3323 1922 3356 contingit
1940 3323 2019 3348 simul
2043 3330 2133 3347 verum
2157 3329 2212 3347 esse
2235 3326 2261 3347 et
2284 3329 2334 3346 non
2357 3329 2453 3346 esse...

1393 3358 1464 3390 quod
1477 3361 1555 3389 patet
1577 3365 1614 3382 ex
1637 3357 1668 3381 X
1682 3358 1858 3390 Metaphysic.

1447 3393 1527 3416 Porro
1541 3392 1562 3416 si
1576 3393 1617 3416 vel
1632 3392 1721 3416 leviter
1735 3393 1898 3424 inspiciantur
1917 3392 2065 3417 huiusmodi
2081 3392 2211 3423 lectiones,
2231 3396 2336 3424 apparet
2348 3399 2391 3416 eas
2412 3399 2453 3416 se·

1391 3428 1430 3452 rio
1449 3435 1507 3452 esse
1525 3427 1732 3451 considerandas.
1751 3427 1852 3452 Etenim
1867 3427 2028 3459 probandum
2043 3432 2083 3452 est
2096 3435 2126 3451 ex
2140 3427 2339 3451 contradictoriis
2358 3435 2454 3460 propo-

1393 3462 1537 3492 sitionibus,
1557 3462 1612 3486 sive
1630 3462 1680 3486 sint
1699 3462 1731 3486 de
1749 3462 1939 3487 universalibus
1958 3463 2012 3487 sive
2031 3463 2063 3487 de
2081 3462 2262 3494 singularibus,
2277 3462 2382 3487 alteram
2395 3470 2454 3487 esse

1393 3497 1538 3522 necessario
1562 3504 1650 3521 veram
1675 3501 1700 3521 et
1718 3497 1824 3521 alteram
1852 3497 1952 3521 falsam.
1972 3498 1999 3521 ln
2019 3498 2096 3522 Piana
2118 3502 2204 3521 autem
2224 3497 2346 3529 probatur
2367 3505 2399 3522 ex
2421 3505 2453 3522 eo

1393 3533 1462 3564 quod
1482 3540 1534 3556 non
1553 3532 1683 3563 contingat
1701 3531 1847 3556 huiusmodi
1864 3532 2052 3564 propositiones
2072 3532 2279 3557 contradictorias
2298 3540 2358 3557 esse
2375 3532 2453 3557 simul

1393 3575 1467 3592 veras
1490 3571 1534 3591 aut
1556 3567 1634 3591 simul
1657 3567 1750 3597 salsas,
1764 3567 1827 3599 quia
1847 3575 1936 3592 verum
1956 3567 2021 3592 nihil
2038 3567 2114 3592 aliud
2131 3571 2170 3592 est
2188 3567 2240 3592 nisi
2261 3568 2367 3600 quando
2386 3568 2455 3593 dici-

1393 3606 1438 3628 tur
1456 3609 1511 3627 esse
1529 3602 1600 3634 quod
1618 3605 1664 3630 est,
1679 3605 1727 3627 aut
1745 3607 1792 3627 etc.
1812 3603 1846 3626 At
1859 3602 1885 3626 in
1900 3602 2008 3627 lectione
2027 3603 2113 3634 codd.,
2129 3603 2246 3635 probatio
2264 3603 2334 3635 quod
2353 3611 2404 3627 una
2423 3610 2454 3627 ex

1391 3637 1612 3670 propositionibus
1631 3637 1830 3663 contradictoriis
1848 3645 1909 3662 vera
1927 3638 1960 3662 sit
1978 3643 2004 3662 et
2022 3638 2100 3662 altera
2117 3638 2189 3669 falsa,
2210 3638 2344 3662 deducitur
2361 3638 2453 3663 imme-

2491 496 2499 505 ·
2510 496 2580 518 Num.
2598 497 2620 519 8.

2486 1609 2495 1618 ⁶
2507 1608 2576 1630 Num.
2591 1616 2614 1635 4.

2485 1667 2496 1677 ·
2509 1672 2578 1688 Ancz:
2600 1667 2624 1688 in
2643 1672 2698 1688 con-

2486 1693 2634 1715 tradictione.

2483 1826 2557 1847 'zaac
2573 1825 2635 1852 quod
2646 1824 2698 1855 qui—-

2485 1851 2552 1873 dem..
2559 1854 2585 1878 (ιιι
2593 1857 2638 1872 uno
2644 1851 2696 1878 qui-

2485 1878 2566 1904 deml..
2576 1878 2695 1905 .quando

2485 1910 2531 1925 una
2555 1910 2636 1926 earum
2659 1905 2698 1925 est

2484 1930 2626 1952 universalis
2634 1931 2696 1951 etal-

2485 1960 2537 1978 tera
2552 1961 2594 1978 etc.

2484 1984 2505 1995 *¹
2521 1983 2590 2005 Num.
2598 1988 2618 2010 3.
2627 1994 2637 1999 -
2653 1983 2695 2004 Di-

2485 2012 2543 2031 ctum
2549 2012 2587 2031 est
2593 2017 2621 2032 ex
2626 2009 2695 2031 codd.

2583 2090 2597 2115 ὃ

2585 2203 2596 2219 Ξ
