2788 4204
61 411 219 441 ’.Λιξκκοακτι
235 414 275 431 ac-

59 438 187 484 ?pfflssi·
228 468 276 484 om.

61 488 130 510 codd.
151 495 200 510 exc.
212 495 238 515 G?
255 492 276 510 et

59 515 92 537 ita
105 505 176 542 inira,
196 521 246 537 exc.
262 521 276 537 c

59 547 113 567 no,
127 545 149 564 et
162 548 182 564 s.
193 548 225 564 m.
239 548 263 564 n.

59 732 68 741 ·
75 730 151 753 Omne
158 737 186 753 ex
195 731 274 758 codd.,

58 763 109 779 exc.
122 763 147 779 x.

59 784 80 794 ·”
90 784 220 806 Codd.-r:
234 784 274 806 sit.

62 953 98 974 ’σε
135 953 179 974 ecl.
185 954 223 974 eet
229 952 276 979 iniq

56 984 83 1001 o:
93 984 107 1000 e
125 994 130 1000 .
141 978 179 1000 hle
185 980 223 1001 est
229 979 275 1001 hic.

59 1159 70 1170 '¹
78 1158 126 1181 Eut
141 1165 170 1181 ex
189 1159 257 1181 codd.
267 1176 274 1187 ,

52 1191 175 1234 fxlssonqeu
188 1211 258 1234 codd.

58 1260 177 1282 ‘ruint

1113 271 1224 307 CAP.
1254 271 1359 319 XIII,
1390 272 1541 309 LECT.
1572 273 1697 310 XXIII

305 357 379 395 tes;
409 361 500 397 ergo
521 357 608 386 sunt
625 361 759 399 prope.
777 350 832 387 Sit
851 350 890 387 in
909 362 987 399 quo
1008 350 1039 386 C
1053 350 1248 398 planetae,
1279 350 1375 388 idest

305 402 511 451 accipiatur
536 403 555 424 *
572 403 750 451 planetae
777 403 884 452 quasi
914 403 1041 440 minor
1069 403 1295 441 extremitas.
1333 406 1374 441 In

305 468 382 505 quo
403 463 532 493 autem
550 456 613 493 *B
642 456 689 493 sit
716 468 791 493 non
810 456 1023 503 scintillare,
1050 456 1148 493 idest
1179 469 1253 494 non
1279 458 1374 494 scin-

305 509 427 546 tillare
441 509 646 558 accipiatur
660 509 811 547 medius
830 510 1027 547 terminus.
1040 511 1083 546 In
1102 522 1179 558 quo
1200 512 1374 547 autemA

304 562 351 600 sit
362 574 485 611 prope
511 574 600 608 esse,
621 562 719 599 idest
730 575 853 611 prope
871 575 950 600 esse
969 562 1174 612 accipimur
1191 571 1233 600 ut
1252 564 1375 600 maior

305 615 531 653 extremitas.
543 616 645 652 Vera
658 615 769 664 igitur
784 624 840 653 est
854 617 949 653 haec
963 616 1187 666 propositio:
1200 617 1330 653 Omne
1342 617 1372 653 C

304 675 361 706 est
387 669 438 716 B,
469 668 558 717 quia
584 669 759 717 planetae
793 682 872 707 non
907 670 1116 707 scintillant.
1154 671 1203 707 Et
1235 670 1373 707 iterum

302 734 439 759 verum
474 729 530 759 est
563 722 669 771 quod
701 724 853 760 omne*
867 724 898 760 B
919 731 976 760 est
988 724 1029 745 *²⁸
1043 725 1095 771 A,
1131 723 1219 772 quia
1248 724 1373 760 omnis

302 775 408 812 stella
422 787 502 812 non
521 776 722 813 scintillans
736 789 858 826 prope
879 784 945 814 est.
967 777 1200 814 Huiusmodi
1220 783 1373 813 autem*

301 828 573 877 propositionis
600 830 740 867 veritas
769 837 920 879 oportet
947 830 1053 879 quod
1073 830 1277 879 accipiatur
1303 843 1373 879 per

302 881 577 931 inductionem,
613 891 678 920 aut
704 896 774 932 per
802 896 976 931 sensum,
1007 883 1097 933 quia
1126 883 1282 920 effectus
1310 883 1372 920 hic

303 942 359 972 est
378 937 398 955 ⁴*
417 935 544 972 notior
577 949 692 974 causa
724 945 910 986 quantum
945 937 995 975 ad
1028 949 1196 974 sensum.
1233 937 1282 973 Et
1318 936 1371 973 sic

303 988 473 1037 sequitur
496 990 689 1027 conclusio
719 991 824 1040 quod
845 1002 962 1027 omne
983 991 1014 1027 C
1034 990 1080 1027 sit
1098 992 1144 1027 A.
1166 990 1215 1026 Et
1234 990 1287 1026 sic
1307 990 1370 1026 de-

303 1049 556 1079 monstratum
586 1051 642 1080 est
670 1044 775 1092 quod
801 1044 976 1092 planetae
1005 1043 1086 1080 sive
1114 1043 1242 1079 stellae
1271 1055 1370 1079 erra-

302 1094 398 1131 ticae
418 1103 506 1132 sunt
522 1108 646 1145 prope
666 1095 689 1133 ².
712 1093 786 1133 Hic
813 1096 924 1144 igitur
947 1096 1188 1144 syllogismus
1217 1107 1295 1132 non
1316 1103 1371 1132 est

297 1153 454 1196 propter
473 1148 572 1196 quid,
593 1148 662 1186 sed
678 1157 734 1186 est
746 1150 766 1171 *
781 1150 881 1198 quia.
898 1149 991 1185 Non
1007 1149 1110 1186 enim
1124 1155 1281 1197 propter
1295 1149 1370 1185 hoc

303 1199 408 1249 quod
436 1213 516 1237 non
534 1201 555 1222 *
574 1201 792 1249 scintillant,
821 1203 996 1251 planetae
1025 1209 1113 1238 sunt
1138 1213 1271 1249 prope,
1303 1201 1370 1238 sed

301 1260 458 1302 propter
476 1253 515 1291 id
544 1255 650 1302 quod
668 1268 790 1304 prope
810 1263 897 1292 sunt
905 1255 937 1302 ³¹⁵,
954 1267 1033 1291 non
1052 1253 1261 1291 scintillant.

356 1318 392 1354 7.
422 1306 572 1344 Deinde
602 1321 690 1345 cum
726 1308 829 1346 dicit:
865 1307 1057 1357 Contingit
1088 1313 1213 1344 autem
1243 1312 1279 1343 et
1297 1318 1371 1354 per

300 1358 462 1405 ,ahenum
491 1367 574 1410 etc„
605 1361 717 1398 docet
744 1361 944 1411 quomodo
979 1360 1252 1398 demonstratio
1281 1360 1370 1408 quia

302 1421 546 1451 convertatur
563 1414 603 1452 in
622 1414 986 1452 demonstrationem
1002 1419 1160 1463 propter
1186 1414 1294 1462 quid,
1317 1413 1370 1450 di-

301 1477 391 1503 cens
409 1467 430 1488 ³
457 1467 563 1516 quod
581 1468 766 1518 contingit
781 1473 818 1504 et
837 1480 911 1516 per
929 1467 1090 1505 alterum
1110 1468 1370 1504 demonstrare

299 1518 484 1566 alterum,
513 1520 611 1558 idest
628 1527 649 1549 ¹⁴⁴
674 1534 744 1571 per
778 1521 854 1558 hoc
895 1520 1001 1570 quod
1030 1527 1086 1558 est
1106 1532 1230 1569 prope
1270 1531 1368 1566 esse,

300 1571 564 1611 demonstrare
585 1574 691 1624 quod
719 1587 799 1612 non
818 1574 1018 1611 scintillant
1032 1575 1071 1619 *;
1093 1581 1130 1610 et
1149 1573 1202 1610 sic
1221 1573 1290 1610 erit
1305 1573 1369 1610 de-

297 1754 368 1779 tillat
385 1756 426 1779 est
445 1760 547 1786 prope,-
570 1753 618 1779 sed
637 1753 766 1786 planetae
784 1760 836 1778 non
855 1753 1020 1782 scintillant,·
1042 1760 1108 1786 ergo
1131 1753 1370 1778 etc.·-Consensus

277 1803 280 1806 ⁴
297 1789 351 1815 fere
369 1790 498 1814 unanimis
517 1789 593 1814 codd.
611 1796 689 1822 grave
707 1789 799 1822 ingerit
818 1789 934 1820 dubium,
948 1794 1036 1814 utrum
1050 1789 1179 1821 praefatus
1200 1789 1369 1822 syllogismus

297 1825 423 1858 pertineat
441 1825 473 1849 ad
491 1829 590 1849 textum
608 1832 630 1849 s.
644 1824 772 1855 Thomae,
792 1832 825 1849 an
842 1824 918 1849 fuerit
936 1824 1054 1857 primitus
1069 1824 1199 1848 adnotatio
1213 1824 1369 1857 marginalis,

298 1867 367 1893 quae
391 1860 484 1885 deinde
507 1859 587 1884 textui
619 1859 666 1884 fuit
701 1860 797 1884 inserta
830 1860 1028 1884 amanuensium
1057 1859 1162 1884 incuria.
1189 1859 1314 1884 Iudicium
1337 1860 1370 1884 sit

297 1902 378 1928 penes
391 1896 524 1920 lectorem.
543 1895 600 1920 Hoc
619 1895 706 1920 solum
721 1895 924 1920 animadvertere
943 1895 1017 1920 liceat
1030 1895 1102 1928 quod
1116 1895 1141 1919 in
1155 1895 1233 1919 Piana
1246 1895 1286 1919 bis
1300 1895 1369 1920 idem

239 1949 244 1953 ·
297 1930 466 1964 syllogismus
485 1930 600 1963 ponitur:
619 1930 689 1955 idem
707 1931 776 1955 enim
795 1930 965 1963 syllogismus
984 1935 1025 1955 est
1037 1938 1096 1955 cum
1110 1931 1213 1955 dicitur:
1228 1937 1305 1955 omne
1315 1938 1367 1956 non

296 1965 445 1992 scintillans
463 1971 526 1997 etc.;
545 1970 571 1990 et
589 1973 650 1990 cum
668 1965 831 1998 subiungitur
849 1966 1009 1991 immediate:
1029 1966 1072 1991 Sit
1091 1966 1117 1991 in
1137 1973 1188 1998 quo
1210 1966 1234 1991 C
1249 1971 1297 1991 etc.

302 2008 310 2022 2
350 2001 376 2034 κ)
396 2001 560 2026 Huiusmodi
576 2001 748 2026 autem—Ita
767 2001 846 2026 Piana
869 2009 929 2026 cum
947 2001 1070 2026 omnibus
1090 2002 1177 2031 codd.,
1198 2009 1252 2026 exc.
1272 2001 1303 2031 G,
1324 2001 1367 2034 qui

296 2044 365 2062 unus
374 2036 463 2062 habet:
473 2044 568 2069 prope.
583 2037 636 2062 Hic
648 2039 737 2061 autem
747 2043 840 2062 sensus
848 2037 1043 2069 propositionis
1055 2040 1161 2069 oportet
1173 2039 1202 2061 ut
1211 2037 1367 2068 accipiatur.

296 2072 348 2097 Sed
367 2077 407 2097 est
425 2073 501 2097 lectio
519 2072 650 2097 arbitraria
669 2077 694 2097 et
713 2080 765 2096 non
784 2072 1008 2097 curanda-Infra
1027 2073 1047 2097 P
1066 2072 1160 2097 omittit
1177 2073 1264 2103 verba,
1283 2080 1367 2105 quan-

295 2110 353 2133 tum
371 2108 409 2133 acl
426 2115 540 2138 sensum,
560 2115 628 2140 quae
647 2108 765 2132 addimus
785 2115 816 2132 ex
834 2109 948 2133 unanimi
968 2108 1042 2132 codd.
1062 2115 1200 2133 consensu.

349 2141 378 2176 λ)
398 2143 435 2168 Et
452 2143 491 2168 sic
509 2143 721 2168 demonstratum
740 2146 780 2168 est
798 2144 947 2168 etc.—-Ood.
966 2144 989 2168 Α
1008 2151 1062 2169 om.
1081 2146 1120 2172 et;
1138 2144 1162 2168 Η
1182 2151 1235 2168 om.
1254 2143 1366 2168 sia—P:

296 2179 369 2211 quod
382 2179 511 2210 planetae
529 2185 582 2203 non
602 2179 777 2204 scintillantes
797 2179 859 2204 sive.
879 2179 930 2204 Sed
949 2186 1001 2204 non
1017 2179 1192 2204 scintillantes
1211 2183 1251 2203 est
1265 2179 1365 2203 medius

294 2214 423 2238 terminus
443 2219 595 2247 assumptus
610 2214 636 2239 in
650 2214 764 2247 praefato
783 2215 936 2247 syllogismo
942 2223 949 2246 ;
969 2215 1038 2239 unde
1053 2214 1129 2239 debet
1149 2215 1258 2247 expungi
1277 2214 1309 2238 ab
1324 2214 1367 2239 illa

297 2249 477 2274 conclusione:
492 2250 530 2274 Et
542 2250 581 2275 sic
594 2250 806 2275 demonstratum
821 2255 869 2275 etc.
878 2262 898 2268 —
907 2250 1015 2275 Codices
1027 2258 1129 2281 omnes,
1139 2258 1207 2282 quos
1222 2250 1364 2282 sequimur,

296 2285 419 2310 omittunt
427 2285 508 2310 verba
526 2292 578 2310 non
598 2285 807 2310 scintillantes.-
817 2286 840 2310 R
852 2286 992 2310 oscitanter
1009 2285 1104 2310 omittit
1117 2285 1204 2316 verba,
1218 2286 1290 2317 quod
1303 2286 1365 2317 pla-

296 2323 492 2353 netae...usque
513 2321 544 2345 ad
560 2321 732 2354 syllogismus
746 2328 798 2346 non
814 2324 853 2346 est
867 2321 1000 2346 inclusive.
1009 2335 1028 2340 -
1037 2321 1073 2346 G:
1083 2328 1171 2353 prope
1184 2320 1260 2349 sunt;
1274 2321 1364 2345 ABCD

296 2355 533 2386 EHIKLMNQST:
544 2363 632 2388 prope
645 2356 713 2385 sint;
727 2361 806 2389 atque
819 2357 875 2381 cod.
890 2357 899 2381 1
914 2356 1092 2389 prosequitur:
1102 2359 1217 2388 propter
1230 2356 1280 2381 hoc
1293 2357 1365 2389 quod

297 2398 349 2416 non
369 2391 524 2416 scintillant.
543 2391 597 2416 Hic
615 2396 680 2424 ergo
698 2392 871 2425 syllogismus
891 2392 1096 2424 etc.-Denique
1111 2392 1135 2416 in
1150 2390 1202 2416 fine
1220 2391 1297 2416 huius
1316 2400 1364 2416 nu-

296 2427 361 2451 meri
380 2426 439 2458 (sed
452 2429 567 2459 propter
586 2426 614 2451 id
633 2428 692 2458 ete.)
711 2435 779 2452 unus
798 2427 822 2452 G
841 2427 914 2460 legit:
932 2428 980 2452 sed
998 2434 1012 2452 e
1030 2434 1164 2457 converso,
1184 2427 1284 2452 scilicet
1301 2428 1364 2460 quia

291 2469 379 2494 prope
397 2465 467 2492 sunt,
483 2465 597 2494 propter
615 2462 664 2487 hoc
683 2469 735 2487 non
754 2463 909 2488 scintillant.

350 2497 380 2532 μ.)
402 2498 540 2531 Contingit
558 2500 610 2522 et...
630 2497 698 2523 idest
712 2505 764 2530 per
782 2498 864 2523 hoc.·-·
877 2498 1001 2531 Legimus
1020 2498 1152 2531 contingit
1170 2501 1197 2523 et
1215 2505 1275 2522 cum
1289 2499 1364 2524 codd.

295 2533 602 2564 CDEHILMNOQRST‚
618 2541 686 2565 quae
705 2538 746 2558 est
763 2534 839 2558 lectio
858 2534 985 2558 versionis
1009 2534 1100 2558 latinae
1122 2534 1201 2558 textui
1224 2533 1363 2566 praefixae,

296 2568 349 2593 imo
363 2573 389 2593 et
407 2569 488 2601 ipsius
506 2573 591 2593 textus
610 2569 707 2601 graeci:
722 2567 851 2604 Ἐγχωρεῗ
868 2566 960 2600 δὲκαὶ,
976 2570 1103 2601 possibile
1121 2571 1209 2593 autem
1229 2570 1364 2594 et.·—Item

295 2611 327 2628 ex
345 2604 420 2629 codd.
435 2605 589 2636 adoptamus
605 2604 673 2629 idest
690 2611 743 2636 per
761 2605 818 2630 hoc.
842 2605 936 2637 Excipe
954 2605 975 2629 B
995 2605 1039 2637 qui
1058 2604 1215 2637 peculiarem
1231 2604 1309 2629 habet
1327 2605 1364 2630 le-

294 2639 415 2670 ctionem,
434 2647 542 2672 nempe:
557 2639 741 2665 demonstrare
754 2641 877 2670 alterum,
893 2643 920 2665 et
928 2647 980 2672 per
989 2640 1045 2669 hoc,
1057 2640 1125 2665 idest
1129 2647 1182 2672 per
1195 2647 1304 2665 causam
1319 2640 1364 2665 de-

294 2678 446 2700 monstrare
464 2674 593 2709 effectum,
609 2674 677 2700 idest
686 2679 801 2708 propter
819 2676 906 2701 hoc.-
919 2676 952 2700 P:
971 2676 1103 2709 contingit
1117 2682 1195 2707 per...
1215 2675 1284 2701 idest
1296 2683 1363 2708 pro-

288 2713 355 2742 pter
373 2710 430 2735 hoc.
1192 2729 1194 2732 -

348 2745 372 2778 ν)
390 2747 415 2770 Λ
433 2746 469 2771 sit
487 2753 539 2771 non
558 2746 705 2772 scintillare
724 2747 874 2772 etc.—Cod.
889 2747 925 2771 A:
946 2747 976 2771 In
996 2754 1047 2779 quo
1065 2747 1097 2777 A,
1113 2746 1182 2772 idest
1195 2754 1247 2771 non
1262 2746 1363 2772 scintil-

295 2781 360 2810 lare,
380 2781 528 2813 accipiatur
547 2785 578 2807 ut
596 2782 683 2807 maior
696 2783 857 2807 extremitas
876 2787 924 2807 etc.
944 2783 995 2807 Sed
1014 2782 1078 2807 haec
1096 2782 1171 2807 lectio
1183 2780 1287 2807 >nedum
1301 2790 1363 2807 con-

294 2816 395 2841 tradicit
413 2817 469 2842 aliis
488 2817 572 2848 codd.,
592 2818 638 2842 sed
657 2825 743 2850 neque
761 2825 877 2842 consona
895 2822 936 2842 est
953 2818 1044 2848 textui,
1064 2819 1137 2843 cuius
1160 2818 1240 2842 verba
1259 2826 1281 2842 s.
1291 2817 1363 2842 Tho-

295 2858 352 2876 mas
377 2850 427 2876 hoc
450 2853 507 2877 loco
531 2852 692 2877 transcribit:
717 2849 747 2878 τὸ
771 2851 798 2878 Α
815 2850 846 2878 τὸ
862 2850 907 2887 ,μὴ
932 2851 1130 2886 orimum-H:
1149 2853 1174 2877 A
1193 2860 1270 2882 vero,·
1295 2854 1319 2878 G
1338 2859 1364 2879 et

370 2904 377 2911 .
392 2887 423 2911 S:
442 2888 467 2912 Α
484 2891 582 2913 autem.

349 2919 373 2954 ξ)
395 2922 465 2952 Quia
483 2923 568 2948 omnis
580 2923 692 2955 planeta
706 2931 792 2955 prope
811 2924 1014 2955 etc.—-·Codices,
1033 2925 1145 2957 exceptis
1166 2924 1247 2954 CDE,
1266 2924 1363 2949 habent

294 2956 361 2981 hanc
379 2957 517 2982 lectionem
535 2958 653 2988 Pianam;
673 2960 720 2983 sed
739 2959 806 2983 CDE
824 2959 947 2984 omittunt
965 2959 1028 2984 haec
1042 2960 1122 2985 verba
1140 2967 1226 2992 usque
1245 2960 1285 2990 ad,
1300 2963 1326 2984 et
1338 2961 1362 2984 A

295 2994 335 3016 est
353 2991 380 3017 in
394 2993 426 3023 Β,
445 2993 578 3018 inclusive.
598 2993 672 3024 Quae
690 2994 799 3019 omissio
818 2999 858 3019 est
871 2995 1004 3019 mendum.
1023 2995 1126 3020 Etenim
1145 2995 1220 3028 primi
1236 2995 1361 3020 membri:

295 3030 335 3052 est
349 3027 434 3060 igitur
447 3031 474 3053 et
483 3028 508 3052 Β
522 3028 548 3052 in
566 3029 594 3058 C,
605 3029 676 3060 quod
689 3029 758 3054 iuxta
772 3029 915 3061 praemissa
929 3035 969 3054 est
983 3030 1071 3055 minor
1085 3031 1230 3063 syllogismi
1241 3027 1361 3065 (ὑπάρχει

295 3059 325 3094 δὴ
345 3059 387 3087 καὶ
407 3059 437 3087 τὸ
456 3061 479 3088 Β
498 3064 535 3097 τῷ
553 3061 591 3096 Γ)
610 3063 737 3088 omittitur
755 3065 819 3089 ratio
840 3065 969 3097 assignata
987 3073 1002 3089 a
1020 3065 1170 3091 s-Thoma:
1195 3066 1258 3098 quia
1276 3066 1362 3091 omnis

290 3098 402 3129 planeta
416 3105 504 3130 prope
521 3101 574 3129 est,
594 3103 619 3123 et
637 3099 693 3124 eius
712 3100 770 3124 loco
788 3100 892 3132 ponitur
914 3100 1031 3132 probatio
1054 3101 1178 3126 maioris:
1196 3101 1259 3133 quia
1277 3102 1362 3126 omnis

288 3133 415 3166 planeta,
434 3133 480 3166 qui
493 3140 580 3166 prope
598 3137 649 3163 est,
675 3142 728 3159 non
753 3135 897 3164 scintillat;
915 3136 1033 3179 insuper,
1058 3137 1114 3168 ipsa
1132 3136 1219 3161 maior
1244 3136 1362 3160 eiusdem

294 3168 440 3200 syllogismi
458 3169 590 3201 omittitur,
605 3177 707 3202 nempe,
722 3172 748 3195 et
760 3171 785 3194 A
798 3173 838 3195 est
852 3170 878 3194 in
894 3170 918 3194 B
931 3170 984 3203 (και
1005 3168 1035 3196 τὸ
1051 3170 1078 3196 Α
1090 3172 1126 3205 τῷ
1139 3169 1182 3204 Β).
1197 3171 1362 3203 proindeque

294 3211 346 3227 non
362 3208 432 3228 recte
450 3204 624 3235 concluditur,
643 3212 727 3237 quare
739 3206 860 3238 sequitur
873 3210 921 3230 etc.
944 3204 1019 3237 (ὥστε
1035 3204 1077 3231 καὶ
1097 3208 1134 3240 τῷ
1152 3205 1174 3232 Γ
1190 3203 1219 3230 τὸ
1235 3204 1281 3239 A).
1291 3207 1359 3230 -In-

293 3244 394 3271 tegram
407 3238 474 3263 hanc
492 3239 640 3270 illationem,
664 3247 777 3272 quare...
797 3248 848 3265 non
868 3241 1001 3271 scintillet,
1016 3242 1138 3266 omittunt
1154 3242 1255 3266 codices
1275 3242 1362 3266 HM.—

291 3274 358 3299 ltem
377 3274 466 3304 GIOQ
483 3275 583 3307 legunt:
603 3273 715 3307 quodsi
733 3276 769 3300 sit
787 3275 813 3300 in
836 3276 870 3305 C,
890 3277 989 3301 omisso
1008 3277 1217 3302 et.-Praeterea
1235 3276 1360 3301 CDEGIN

290 3309 376 3340 QsT:
396 3310 467 3341 quod
485 3310 571 3335 omnis
585 3303 698 3342 planeta
715 3318 782 3342 quae
796 3318 883 3343 prope
900 3314 941 3336 est
957 3319 1008 3337 non
1022 3312 1150 3337 scintillat
1169 3311 1205 3343 (S,
1221 3318 1272 3336 non
1292 3312 1360 3336 scin-

293 3345 380 3377 tillet).
395 3345 446 3369 Sed
455 3352 543 3377 prope
561 3348 608 3375 est,
628 3353 688 3370 cum
706 3345 781 3370 fuerit
795 3351 960 3378 assumptum
973 3352 1003 3371 ut
1021 3347 1136 3372 medium
1151 3346 1303 3379 syllogismi,
1318 3354 1361 3371 ex—

293 3381 404 3405 cluditur
423 3380 455 3404 ab
474 3381 587 3405 illatione
606 3380 656 3413 (Cf.
670 3381 728 3405 lect.
742 3388 797 3411 vm,
815 3386 869 3406 not.
884 3381 918 3414 ρ).

346 3416 430 3440 Waitz
446 3415 608 3447 (Aristotelis
626 3416 762 3449 Organon,
778 3416 807 3441 P.
817 3416 846 3447 11,
856 3424 914 3449 pag.
927 3416 970 3449 20)
984 3417 1057 3449 legit:
1073 3412 1182 3451 ὗπάρχει
1195 3413 1226 3447 δὴ
1241 3414 1283 3440 καὶ
1297 3413 1327 3441 τὸ
1338 3415 1360 3441 Β

292 3452 331 3485 τῷ
348 3449 381 3483 Γ,
401 3449 466 3475 ὥστε
485 3448 528 3475 καὶ
547 3452 584 3485 τῷ
602 3449 624 3476 Γ
639 3447 668 3476 τὸ
684 3449 720 3482 A,
735 3447 765 3476 τὸ
786 3448 820 3485 μὴ
839 3449 961 3484 στίλβειν.
978 3449 1033 3476 Καὶ
1053 3456 1100 3476 etc.
1120 3452 1255 3476 Rationem
1274 3457 1360 3476 autem

292 3486 370 3511 huius
385 3487 501 3511 lectionis
511 3486 594 3511 reddit
608 3487 634 3511 in
643 3486 752 3511 Scholiis
764 3494 821 3519 pag.
834 3485 896 3518 334:
912 3487 1033 3511 «Omnes
1049 3487 1158 3518 codices,
1170 3487 1259 3519 inquit,
1271 3494 1324 3511 exc.
1333 3495 1359 3518 n,

294 3531 310 3546 s
325 3522 481 3555 quibuscum
500 3522 619 3546 convenit
637 3522 708 3554 quod
725 3527 777 3546 vet.
792 3522 854 3554 intp.
873 3521 944 3554 goth.
964 3522 1077 3554 praebet,
1091 3527 1152 3554 post
1170 3518 1200 3546 τὸ
1221 3520 1247 3547 A
1266 3521 1361 3547 habent

295 3567 309 3580 ι
324 3554 367 3582 καὶ
387 3553 417 3581 τὸ
433 3555 460 3582 Α
474 3559 511 3591 τῷ
524 3555 547 3581 Β
561 3553 591 3582 τὸ
607 3554 641 3590 μὴ
656 3554 777 3589 στίλβειν,
792 3564 860 3590 quae
873 3557 961 3581 Bkkus
981 3565 1040 3581 cum
1055 3557 1113 3582 edd.
1128 3565 1180 3589 prr.
1193 3557 1228 3581 ita
1241 3562 1360 3590 transpo-

294 3602 308 3615 x
324 3593 383 3624 suit,
402 3597 431 3617 ut
449 3597 507 3617 ante
525 3590 592 3617 ὥστε
607 3592 783 3617 collocaverit:
803 3593 874 3625 quod
891 3593 1025 3625 quomodo
1039 3593 1140 3617 defendi
1155 3593 1237 3624 possit
1251 3600 1303 3617 non
1321 3593 1359 3617 vi-

289 3636 309 3651 »
324 3628 382 3653 deo.
396 3628 458 3659 Nos,
470 3635 553 3661 quum
567 3635 634 3661 quae
647 3628 748 3653 codices
764 3627 899 3653 exhibeant
912 3635 966 3652 non
979 3635 1041 3653 sana
1050 3635 1110 3653 esse
1124 3632 1251 3661 appareat,
1263 3628 1359 3661 aliquid

2425 276 2497 313 231

1431 352 1654 389 monstratio
1673 360 1831 402 propter
1850 353 1952 402 quid.
1988 354 2038 391 Ut
2052 354 2101 390 sit
2122 354 2156 390 C
2170 354 2374 401 erraticae,
2405 355 2502 392 idest

1431 405 1636 454 accipiatur
1671 407 1775 443 stella
1809 407 1971 443 erratica
2017 406 2145 443 minor
2178 408 2408 453 extremitas;
2451 410 2498 445 In

1431 469 1504 506 quo
1523 460 1559 495 B
1590 459 1636 496 sit
1649 471 1771 508 prope
1798 472 1891 507 esse,
1921 459 2019 497 idest
2040 472 2161 509 prope
2189 472 2267 497 esse
2294 461 2499 509 accipiatur

1429 518 1472 547 ut
1499 512 1649 549 medius
1677 513 1873 561 terminus,
1900 513 2006 562 quod
2034 525 2149 562 supra
2178 521 2257 550 erat
2285 514 2408 551 maior
2436 527 2497 551 ex—

1429 565 1617 611 tremitas;
1646 567 1683 603 A
1701 566 1747 603 sit
1770 578 1845 603 non
1873 566 2076 603 scintillare
2098 572 2135 614 ”,
2165 566 2262 604 idest
2294 567 2498 616 accipiatur

1430 629 1504 654 non
1532 619 1735 656 scintillare
1763 619 1886 656 maior
1914 619 2140 666 extremitas,
2158 620 2264 669 quod
2283 632 2398 669 supra
2417 628 2496 658 erat

1429 670 1579 708 medius
1595 672 1790 709 terminus.
1808 674 1876 709 Est
1889 672 2000 720 igitur
2015 673 2080 709 et*
2095 674 2126 710 B
2142 673 2180 710 in
2197 674 2244 721 C,
2266 673 2355 722 quia
2370 674 2495 711 omnis

1427 724 1579 771 planeta
1611 737 1732 774 prope
1762 733 1818 762 est
1836 723 1865 772 ἣ
1896 733 1932 762 et
1959 728 1994 762 A
2024 733 2078 762 est
2105 726 2143 763 in
2171 727 2215 774 Β,
2246 726 2335 775 quia
2369 727 2494 764 omnis

1426 777 1590 826 planeta,
1619 778 1683 826 qui
1711 789 1832 827 prope
1862 786 1937 826 est,
1967 791 2046 815 non
2078 779 2265 826 scintillat;
2295 792 2414 828 quare
2437 793 2494 817 se-

1428 830 1554 878 quitur
1581 832 1686 879 quod
1715 839 1752 868 et
1778 833 1813 868 A
1841 831 1888 868 sit
1915 832 1954 868 in
1983 832 2026 879 C,
2057 832 2206 879 scilicet,
2234 833 2339 882 quod
2368 834 2494 871 omnis

1426 884 1579 931 planeta
1610 896 1690 921 non
1722 884 1905 921 scintillet.
1944 886 1994 921 Et
2025 885 2078 921 sic
2111 885 2180 922 erit
2201 886 2221 907 '¹‘
2253 886 2493 934 syllogismus

1420 942 1579 984 propter
1612 938 1716 985 quid,
1747 950 1836 974 cum
1871 945 2026 986 accepta
2059 938 2105 974 sit
2131 939 2256 987 prima
2284 946 2321 976 et
2357 939 2492 976 imme-

1427 989 1527 1026 diata
1556 1002 1680 1026 causa.
2460 1021 2464 1023 >

1481 1043 1516 1079 8.
1546 1042 1697 1080 Deinde
1726 1055 1815 1079 curn
1845 1042 1950 1079 dicit:
1978 1044 2074 1080 Item
2100 1044 2155 1080 sic
2181 1044 2311 1081 lunam
2340 1045 2491 1082 demon-

1424 1100 1547 1131 strant
1573 1102 1656 1143 etc.,
1676 1095 1784 1144 ponit
1812 1095 1915 1132 aliud
1944 1097 2161 1144 exemplum
2182 1097 2229 1134 ad
2249 1097 2353 1134 idem
2376 1099 2406 1144 *,
2437 1098 2491 1135 di-

1427 1159 1516 1184 cens
1535 1148 1642 1196 quod
1668 1149 1722 1184 sic
1741 1148 1856 1195 (idest
1876 1148 2198 1186 demonstratione
2218 1150 2376 1187 faciente
2396 1151 2491 1188 scire

1425 1201 1551 1248 quia),
1581 1201 1838 1238 demonstrant
1873 1202 1975 1249 quod
1999 1202 2089 1239 luna
2121 1204 2169 1239 sit
2203 1203 2398 1241 circularis
2419 1217 2492 1253 per

1425 1254 1666 1300 incrementa,
1687 1254 1825 1302 quibus
1845 1254 1984 1291 scilicet
2003 1257 2023 1275 ⁴*
2052 1256 2158 1292 omni
2177 1269 2310 1293 mense
2334 1265 2492 1305 augetur

1426 1313 1463 1342 et
1482 1306 1675 1354 minuitur,
1692 1307 1745 1344 sic
1773 1315 2080 1355 argumentantes
2098 1309 2134 1345 *τ
2165 1310 2293 1346 Omne
2314 1311 2418 1358 quod
2438 1311 2491 1347 sic

1425 1367 1584 1408 augetur
1612 1360 1720 1409 quasi
1749 1361 1993 1409 circulariter,
2024 1362 2204 1399 circulare
2233 1370 2304 1409 est;
2334 1370 2492 1411 augetur

1425 1421 1554 1450 autem
1584 1413 1637 1450 sic
1669 1414 1780 1461 luna;
1811 1427 1900 1462 ergo
1930 1422 1986 1451 est
2014 1415 2203 1452 circularis
2228 1421 2251 1452 ⁶.
2286 1416 2348 1452 Sic
2376 1417 2493 1466 igitur

1412 1467 1547 1515 factus
1579 1472 1634 1503 est
1663 1467 1907 1517 syllogismus
1935 1468 2200 1505 demonstrans
2228 1469 2328 1517 quia.
2366 1469 2444 1506 Sed
2471 1482 2492 1506 e

1425 1531 1621 1566 converso,
1645 1521 1769 1568 posito
1789 1521 1910 1558 medio
1931 1522 2055 1570 ipsius,
2076 1522 2119 1559 fit
2139 1522 2378 1570 syllogismus
2400 1534 2491 1571 pro-

1418 1578 1505 1621 pter
1532 1573 1632 1622 quid,
1653 1573 1792 1611 scilicet
1815 1574 1846 1611 si
1872 1582 2038 1623 ponatur
2065 1575 2251 1612 circulare
2274 1583 2315 1612 ut
2342 1575 2491 1612 medius

1425 1761 1440 1776 ιι
1456 1753 1595 1778 delendum
1605 1761 1685 1786 quam
1699 1754 1800 1787 singula
1812 1754 1893 1779 verba
1905 1755 2096 1787 transponenda
2110 1762 2170 1779 esse
2183 1754 2281 1780 facilius
2295 1755 2369 1780 nobis
2384 1763 2490 1788 persua—

1425 1797 1439 1812 »
1454 1789 1560 1820 dentes,
1578 1789 1719 1814 verborum
1734 1790 1824 1814 ordine
1843 1790 1947 1822 qualem
1966 1791 2068 1815 codices
2086 1790 2210 1822 praebent
2228 1796 2339 1822 servato,
2353 1791 2490 1816 omisimus

1425 1832 1440 1847 »
1455 1824 1535 1849 verba
1553 1821 1596 1848 καὶ
1615 1821 1645 1849 τὸ
1665 1823 1692 1850 Α
1710 1827 1746 1859 τῷ
1760 1823 1783 1849 Β
1797 1833 1865 1864 quae
1883 1825 1909 1850 in
1928 1826 2003 1850 codd.
2022 1826 2142 1858 leguntur
2160 1831 2220 1858 post
2239 1822 2269 1850 τὸ
2284 1824 2327 1851 A:
2343 1834 2403 1851 nam
2418 1822 2448 1850 τὸ
2463 1825 2491 1852 Α

1425 1868 1439 1883 »
1454 1867 1501 1891 per
1519 1860 1654 1885 scribentis
1673 1861 1853 1894 negligentiam
1871 1862 2008 1893 repetitum
2027 1862 2052 1885 in
2066 1868 2144 1886 causa
2157 1861 2258 1886 videtur
2275 1861 2364 1893 fuisse,
2378 1867 2407 1886 ut
2421 1862 2489 1886 adie—

1425 1904 1438 1917 »
1455 1900 1526 1919 ctum
1545 1895 1578 1920 sit
1597 1897 1633 1930 τῷ
1651 1893 1674 1920 Β
1693 1901 1718 1920 et
1741 1896 1864 1928 particula
1887 1893 1929 1921 καὶ
1949 1904 2029 1929 quam
2054 1897 2111 1921 cod.
2126 1904 2147 1928 p
2166 1896 2262 1921 omisit.
2286 1897 2371 1922 Etiam
2389 1897 2489 1922 Boethii

1425 1939 1438 1953 s
1454 1931 1600 1955 versionem
1624 1939 1730 1963 pravam
1754 1932 1890 1956 lectionem
1914 1931 2033 1956 exhibere
2056 1936 2126 1964 patet
2139 1940 2145 1956 :
2171 1932 2272 1956 videtur
2297 1933 2367 1957 enim
2394 1933 2489 1965 legisse

1425 1975 1438 1988 »
1454 1962 1563 2001 ὑπάρχει
1582 1963 1612 1998 δὴ
1631 1964 1674 1991 καὶ
1690 1963 1719 1991 τὸ
1739 1965 1762 1991 Β
1780 1969 1817 2001 τῷ
1834 1965 1856 1992 Γ
1876 1963 1906 1992 τὸ
1927 1965 1961 2001 μὴ
1980 1965 2102 1999 στίλβειν,
2122 1965 2188 1992 ὥστε
2207 1964 2250 1991 καὶ
2270 1969 2306 2001 τῷ
2324 1966 2355 1992 Γ.
2367 1968 2490 1993 »—-luxta

1423 2001 1574 2032 lectionem,
1594 2009 1674 2034 quam
1688 2010 1748 2027 cum
1766 2002 1843 2027 Pacio
1863 2000 1883 2036 (l
1903 2003 2014 2033 Postera,
2035 2010 2090 2035 cap.
2103 2010 2127 2033 x,
2143 2003 2190 2027 Ed.
2205 2004 2255 2033 cit„
2274 2010 2332 2036 pag.
2350 1999 2420 2038 196),
2439 2003 2488 2028 Ed.

1422 2037 1499 2061 Basil.
1507 2035 1587 2069 (Opp.
1594 2037 1691 2062 Arist.-
1700 2036 1775 2071 1539,
1783 2045 1889 2071 pag.7o‚
1899 2038 1942 2062 lin.
1954 2034 2058 2072 17—18),
2068 2038 2116 2062 Ed.
2129 2038 2209 2062 Paris.
2221 2037 2403 2070 (Opp.Arist.-
2412 2037 2488 2070 1654,

1422 2071 1499 2096 Tom.
1514 2072 1532 2101 1,
1544 2073 1680 2106 Analytic.
1696 2073 1775 2102 Post„
1792 2073 1834 2098 lib.
1845 2074 1863 2104 l,
1878 2081 1933 2105 cap.
1945 2081 1999 2104 xm,
2010 2082 2034 2098 n.
2052 2073 2074 2104 3,
2086 2081 2144 2105 pag.
2158 2073 2228 2104 204),
2239 2074 2356 2106 aliisque,
2366 2079 2395 2098 ut
2403 2074 2487 2098 Waitz

1421 2106 1545 2138 affirmat,
1570 2108 1698 2140 prioribus
1722 2109 1875 2133 editionibus
1899 2108 1976 2134 habet
1995 2109 2095 2133 Bekker
2118 2106 2180 2144 (Ed.
2197 2109 2276 2133 Acad.
2296 2116 2350 2142 reg.
2365 2110 2486 2140 Boruss.,

1421 2143 1479 2167 Vol.
1494 2143 1516 2173 l,
1530 2151 1589 2175 pag.
1604 2143 1721 2176 78„col.
1737 2141 1762 2179 2)
1783 2149 1809 2168 et
1829 2144 1945 2177 sequitur
1959 2144 2036 2169 Didot
2057 2143 2129 2179 (pag.
2146 2143 2209 2175 134,
2228 2152 2254 2168 n.
2270 2141 2315 2178 3),
2334 2145 2486 2169 Aristoteles

1420 2179 1492 2210 ponit
1510 2179 1638 2211 integrum
1663 2180 1858 2212 syllogismum,
1885 2180 1929 2212 qui
1947 2180 2079 2204 ordinatur
2098 2181 2123 2204 in
2142 2179 2190 2203 hac
2208 2179 2291 2203 forma
2310 2187 2325 2204 a
2344 2188 2364 2204 s.
2375 2180 2486 2205 Thema.

1421 2213 1521 2238 Omnes
1535 2215 1653 2246 planetae
1672 2213 1716 2247 (Γ)
1731 2220 1791 2239 sunt
1805 2223 1885 2247 prope
1900 2213 1943 2247 (B)
1951 2222 1958 2245 ς
1978 2216 2024 2239 sed
2039 2223 2117 2239 omne
2131 2215 2201 2247 quod
2215 2219 2255 2239 est
2269 2222 2350 2248 prope
2370 2213 2413 2247 (Β)
2434 2223 2486 2240 non

1420 2250 1540 2274 scintillat
1558 2248 1620 2282 (A);
1640 2258 1702 2282 ergo
1715 2251 1833 2282 planetae
1847 2248 1891 2283 (Γ)
1906 2258 1958 2274 non
1977 2251 2114 2275 scintillant
2133 2248 2189 2282 (A).
2208 2250 2289 2274 Porro
2304 2250 2391 2275 minor
2410 2250 2486 2275 huius

1420 2285 1564 2318 syllogismi
1575 2286 1724 2310 enunciatur
1739 2286 1770 2310 ab
1781 2286 1927 2316 Aristotele,
1938 2293 1998 2310 cum
2014 2286 2086 2310 dicit:
2101 2282 2210 2326 ὑπάρχει
2219 2282 2250 2316 δὴ
2264 2283 2307 2309 καὶ
2322 2282 2352 2310 τὸ
2363 2284 2385 2310 Β
2399 2287 2436 2319 τῷ
2446 2284 2484 2316 P;

1419 2320 1507 2345 maior
1520 2321 1673 2353 syllogismi,
1689 2329 1749 2345 cum
1763 2321 1877 2353 ponitur:
1897 2318 1939 2345 καὶ
1955 2317 1984 2345 τὸ
2000 2319 2026 2346 Α
2040 2323 2076 2355 τῷ
2090 2319 2122 2352 Β,
2137 2330 2167 2346 το
2183 2318 2217 2363 pa)
2232 2318 2358 2353 στίλβειν;
2375 2322 2486 2354 denique

1419 2356 1552 2380 conclusio
1570 2355 1679 2380 habetur
1698 2357 1723 2380 in
1742 2357 1791 2381 illis
1811 2356 1910 2381 verbis:
1929 2354 1994 2381 ὥστε
2014 2354 2056 2381 καὶ
2076 2358 2112 2381 τῶ
2131 2355 2152 2382 Γ
2168 2365 2198 2382 το
2214 2354 2254 2386 Α,
2274 2364 2329 2387 seu,
2344 2362 2372 2381 ut
2390 2357 2486 2381 habent

1418 2391 1510 2415 Pacius
1530 2396 1555 2415 et
1573 2392 1672 2423 priores
1691 2392 1749 2416 edd.
1769 2399 1847 2424 supra
1866 2392 1969 2416 citatae:
1987 2390 2053 2417 ὥστε
2069 2382 2111 2416 καί
2131 2389 2161 2417 τὸ
2177 2391 2204 2418 Α
2218 2392 2254 2424 τῷ
2267 2390 2362 2416 F.-1n
2377 2392 2486 2417 lectione

1418 2426 1502 2451 Waitz
1522 2427 1690 2459 supprimitur
1705 2427 1793 2452 maior
1806 2428 1950 2460 syllogismi
1966 2424 2019 2459 (καὶ
2035 2423 2064 2452 τὸ
2080 2426 2106 2452 Α
2120 2429 2156 2461 τῷ
2170 2426 2202 2460 Β,
2219 2425 2249 2452 τὸ
2266 2424 2299 2461 μὴ
2315 2425 2445 2460 στίλβειν),
2460 2432 2486 2452 et

1418 2462 1569 2494 proponitur
1583 2462 1761 2495 enthymema:
1776 2470 1867 2488 omnes
1881 2463 2008 2494 planetae
2021 2466 2083 2487 sunt
2093 2471 2179 2495 prope
2184 2470 2193 2492 ,·
2212 2471 2277 2496 ergo
2291 2463 2418 2494 planetae
2433 2470 2483 2487 non

1417 2497 1573 2522 scintillant.
1589 2497 1654 2528 Quia
1669 2498 1744 2530 igitur
1759 2498 1868 2529 codices,
1882 2503 1911 2523 ut
1924 2498 2008 2523 Waitz
2023 2497 2141 2529 affirmat,
2150 2498 2246 2523 habent
2264 2495 2306 2522 zai
2322 2495 2351 2522 τὸ
2367 2497 2392 2523 Α
2403 2499 2439 2532 τῷ
2453 2496 2484 2529 Β,

1418 2540 1470 2557 non
1484 2533 1560 2557 video
1579 2541 1632 2565 qua
1649 2534 1748 2558 ratione
1766 2533 1830 2558 haec
1847 2533 1928 2558 verba
1941 2533 1972 2558 ab
1987 2534 2044 2566 ipso
2058 2534 2216 2559 omittantur.
2235 2534 2294 2558 Non
2308 2533 2486 2558 irrationaliter

1418 2573 1506 2592 autem
1515 2576 1530 2592 a
1543 2569 1661 2593 Bekkero
1675 2566 1718 2593 καὶ
1733 2565 1763 2593 τὸ
1774 2567 1801 2594 Α
1810 2570 1846 2602 τῷ
1858 2567 1881 2593 Β
1894 2565 1924 2593 τὸ
1941 2566 1974 2602 μὴ
1987 2566 2099 2601 στίλβειν
2113 2570 2232 2594 collocari
2242 2574 2301 2594 ante
2314 2567 2380 2594 ὥστε
2394 2569 2486 2593 suadet

1418 2604 1554 2628 auctoritas
1564 2604 1680 2636 priorum
1694 2604 1761 2635 edd„
1772 2612 1819 2629 nec
1833 2612 1886 2629 non
1899 2605 2096 2629 ratiocinationis
2108 2606 2246 2637 integritas,
2261 2610 2289 2629 ut
2299 2604 2485 2629 demonstravi-

1417 2639 1657 2664 mus.Assentimus
1668 2645 1754 2664 autem
1765 2640 1849 2664 eidem
1859 2640 1956 2664 auctori
1966 2648 2026 2664 cum
2036 2640 2105 2664 addit
2113 2640 2212 2665 Boethii
2223 2640 2369 2664 versionem
2379 2647 2485 2671 pravam

1417 2674 1554 2699 lectionem
1569 2674 1702 2700 exhibere:
1719 2676 1769 2700 Est
1782 2675 1867 2708 igitur
1876 2675 1900 2700 Β
1910 2675 1936 2700 in
1950 2676 1977 2705 C,
1988 2676 2059 2708 quod
2071 2679 2111 2700 est
2125 2683 2176 2700 non
2191 2675 2349 2704 scintillare,·
2362 2682 2445 2707 quare
2459 2678 2485 2699 et
2532 2677 2534 2679 '

1419 2710 1445 2734 in
1469 2710 1652 2743 c(1Poster.,
1673 2718 1728 2743 cap.
1741 2719 1764 2741 x,
1780 2718 1838 2743 pag.
1850 2710 1908 2740 531,
1929 2711 1969 2735 ed.
1984 2711 2046 2743 cit.).
2066 2711 2158 2736 Versio
2177 2711 2235 2736 huic
2254 2711 2355 2735 lectioni
2374 2709 2485 2742 praefixa

1418 2745 1495 2771 habet
1512 2746 1600 2771 omnia
1618 2746 1736 2771 membra
1754 2746 1823 2771 iuxta
1840 2754 1959 2779 graecam
1978 2747 2114 2771 lectionem
2134 2747 2208 2777 Pacii,
2227 2746 2335 2770 Bekkeri
2355 2751 2380 2770 et
2398 2745 2483 2775 Didot,

1418 2781 1467 2806 nisi
1482 2782 1553 2814 quod
1567 2789 1657 2814 quare,
1672 2779 1749 2813 ὥστε,
1765 2782 1832 2806 iuxta
1847 2782 1965 2806 adnotata
1979 2790 1994 2806 a
2007 2782 2100 2812 Waitz,
2115 2783 2148 2806 ita
2161 2782 2264 2814 ponitur
2277 2786 2334 2805 ante
2353 2778 2396 2805 καὶ
2412 2782 2447 2814 τῷ
2460 2779 2481 2805 Γ

1418 2812 1448 2840 τὸ
1459 2814 1494 2847 Α,
1504 2821 1533 2841 ut
1546 2818 1624 2842 simul
1639 2816 1739 2842 afficere
1748 2817 1864 2842 videatur
1878 2818 1955 2842 etiam
1970 2817 2096 2842 maiorem
2112 2818 2255 2850 syllogismi
2269 2814 2311 2841 καὶ
2323 2812 2352 2841 τὸ
2364 2815 2390 2840 Α
2401 2818 2437 2849 τῷ
2447 2814 2481 2840 B:

1417 2852 1489 2884 quod
1499 2852 1530 2877 ab
1541 2852 1639 2877 eisdem
1654 2853 1800 2877 auctoribus
1811 2853 1903 2877 merito
1912 2853 2078 2884 improbatur,
2089 2853 2149 2885 quia
2163 2852 2340 2877 confusionem
2355 2851 2483 2875 inducit.—

1417 2887 1576 2920 Philoponus
1596 2889 1621 2912 in
1639 2888 1649 2913 Ι
1668 2888 1770 2913 Poster.
1790 2889 1866 2913 aliam
1889 2888 2025 2912 lectionem
2044 2895 2074 2912 ex
2093 2889 2231 2912 Aristotele
2249 2887 2354 2919 profert,
2373 2894 2481 2918 nempe:

1418 2919 1527 2958 ὑπάρχει
1539 2921 1569 2955 δὴ
1585 2920 1671 2948 καὶτὸ
1686 2922 1709 2948 Β
1724 2925 1761 2957 τῷ
1773 2922 1806 2955 Γ,
1822 2921 1864 2948 καὶ
1879 2920 1909 2948 τὸ
1923 2922 1949 2948 Α
1963 2925 1999 2957 τῷ
2013 2921 2045 2954 Β,
2062 2919 2091 2947 τὸ
2108 2920 2140 2956 μὴ
2156 2921 2266 2955 στίλβειν
2282 2922 2340 2954 (Ed.
2354 2922 2412 2946 Aldi
2427 2922 2480 2946 Ma-

1417 2959 1488 2989 nutii,
1499 2967 1557 2991 pag.
1568 2958 1636 2992 95.—
1645 2959 1768 2988 Venetiis,
1783 2957 1870 2993 1504).
1885 2959 1912 2983 In
1924 2959 1971 2983 hac
1985 2959 2092 2983 lectione
2107 2959 2188 2982 maior
2201 2963 2226 2982 et
2240 2958 2324 2981 minor
2337 2962 2467 2989 ponuntur
2472 2965 2479 2987 ;

1417 2995 1496 3019 illatio
1510 2999 1539 3018 ut
1553 2995 1732 3019 subintellecta
1749 2995 1915 3027 relinquitur:
1935 2994 2005 3026 quod
2019 3002 2071 3018 non
2090 2994 2263 3026 infrequenter
2276 2993 2428 3017 Aristoteles
2444 2992 2480 3017 fa-

1417 3030 1457 3054 cit.
1478 3030 1552 3054 Unde
1571 3030 1592 3054 si
1612 3030 1734 3054 mutanda
1752 3030 1819 3054 foret
1837 3030 1912 3054 lectio
1926 3034 2010 3054 textus
2024 3030 2168 3053 Aristotelis
2187 3029 2236 3061 (de
2254 3036 2306 3060 qua
2324 3035 2352 3052 re
2369 3028 2480 3052 iudicent

1416 3061 1575 3099 peritiores),
1595 3072 1625 3089 ea
1644 3073 1723 3097 quam
1741 3065 1847 3097 praebet
1865 3064 2023 3096 Philoponus
2042 3070 2111 3088 esset
2130 3064 2280 3096 adoptanda,
2299 3063 2381 3095 magis
2401 3071 2480 3095 quam

1416 3100 1466 3131 illa,
1482 3108 1562 3132 quam
1575 3100 1658 3124 Waitz
1674 3100 1790 3125 admittit.
1799 3115 1818 3119 —
1827 3100 1984 3124 Variantium
2000 3100 2146 3130 lectionum,
2157 3107 2223 3132 quae
2237 3104 2357 3123 notamur
2371 3099 2396 3122 in
2410 3103 2480 3122 textu

1416 3143 1523 3167 graeco,
1542 3135 1650 3168 vestigia
1668 3136 1796 3168 quaedam
1815 3140 1938 3167 apparent
1956 3135 1981 3159 in
2000 3135 2159 3165 lectionibus,
2175 3142 2240 3166 quas
2259 3141 2337 3166 supra
2356 3141 2386 3158 ex
2404 3133 2479 3157 codd.

1417 3171 1535 3194 dedimus
1555 3171 1641 3203 quoad
1654 3175 1753 3195 textum
1773 3179 1794 3195 s.
1805 3170 1930 3195 Thomae.
1944 3170 2046 3195 Etenim
2058 3170 2131 3195 codd.
2143 3170 2208 3194 CDE
2222 3174 2343 3193 omittunt
2356 3169 2381 3193 B
2394 3172 2433 3193 est
2446 3169 2478 3198 A,

1416 3205 1466 3230 hoc
1484 3210 1532 3235 est,
1550 3203 1593 3229 καὶ
1613 3202 1643 3230 τὸ
1663 3204 1690 3230 Α
1703 3207 1739 3239 τῷ
1753 3204 1775 3230 Β
1787 3206 1917 3236 omittunt,
1930 3214 1997 3238 quae
2014 3205 2098 3229 Waitz
2118 3213 2132 3230 a
2150 3213 2198 3229 sua
2216 3205 2325 3229 editione
2344 3204 2479 3236 expungit;

1417 3241 1491 3264 codd.
1506 3240 1557 3265 HM
1575 3241 1708 3272 omittunt,
1731 3242 1754 3266 C
1765 3244 1804 3266 est
1817 3242 1849 3271 A,
1870 3246 1895 3265 et
1910 3242 1946 3265 sic
1961 3240 2079 3265 exhibent
2097 3241 2233 3266 lectionem
2252 3239 2394 3272 Philoponi.
2413 3239 2479 3263 Fere

1416 3283 1508 3300 omnes
1522 3281 1610 3300 tamen
1623 3276 1724 3300 codices
1743 3276 1867 3308 praebent
1885 3277 2021 3301 lectionem
2036 3276 2196 3300 conformem
2214 3275 2291 3299 textui
2310 3282 2411 3307 graeco,
2433 3274 2478 3307 qui

1416 3310 1475 3335 huic
1494 3311 1595 3335 lectioni
1614 3318 1636 3335 S.
1646 3311 1696 3335 Th.
1715 3310 1871 3343 praefigitur.

1470 3346 1495 3378 o)
1519 3345 1603 3371 Omne
1620 3346 1691 3378 quod
1709 3346 1747 3371 sic
1770 3350 1887 3379 augetur
1906 3351 1953 3371 etc.
1967 3359 1987 3366 —-
2006 3347 2062 3371 Hoc
2081 3346 2234 3378 syllogismo
2259 3353 2280 3369 s.
2295 3345 2412 3370 Thomas
2435 3352 2478 3370 ex-

1415 3382 1487 3413 ponit
1504 3381 1583 3405 verba
1602 3381 1644 3405 illa
1661 3382 1819 3405 Aristotelis:
1839 3378 1860 3405 εἷ
1879 3379 1967 3415 γὰρ...
1987 3378 2094 3415 φανερὸν
2115 3378 2153 3405 ὅτι
2172 3379 2340 3414 σφαιροειδής.
2360 3380 2478 3410 Quorum

1415 3417 1500 3441 versio
1520 3416 1611 3448 (quam
1630 3424 1660 3440 ex
1673 3415 1781 3440 Boethio
1796 3417 1925 3449 addimus)
1941 3417 2099 3441 desideratur
2114 3417 2139 3440 in
2153 3417 2271 3440 versione
2285 3416 2397 3448 antiqua
2411 3423 2478 3448 quae

1415 3451 1523 3476 habetur
1537 3452 1563 3475 in
1577 3451 1662 3481 Piana,
1677 3452 1702 3475 in
1714 3452 1820 3476 Venetis
1835 3452 1893 3476 edd.
1903 3459 1955 3476 sec.
1965 3452 2021 3482 XV,
2036 3459 2083 3476 nec
2097 3459 2149 3475 non
2163 3452 2188 3475 in
2202 3451 2281 3476 altera
2294 3451 2359 3476 Ven.
2378 3450 2479 3475 1526.-

1415 3487 1482 3511 Infra
1501 3487 1576 3511 codd.
1591 3487 1662 3511 CIO:
1682 3487 1906 3511 demonstrativus
1924 3487 2000 3519 quia,·
2019 3487 2042 3511 H
2059 3486 2152 3511 omittit
2170 3491 2225 3510 tum
2244 3486 2476 3516 demonstrativus,

1414 3527 1471 3546 tum
1490 3522 1675 3546 demonstrans
1693 3522 1713 3546 P
1733 3527 1758 3546 et
1776 3523 1885 3546 aliorum
1905 3523 1978 3547 codd.
1992 3522 2155 3546 Vocabulum
2174 3522 2242 3546 istud
2260 3530 2312 3546 non
2327 3522 2406 3546 estin
2419 3529 2477 3546 ver-

1415 3558 1488 3581 sione
1506 3557 1584 3581 textui
1601 3556 1719 3589 praefixa,
1733 3565 1819 3590 neque
1833 3558 1859 3582 in
1873 3562 1942 3582 textu
1955 3564 2061 3590 graeco3
2076 3558 2122 3582 sed
2136 3557 2199 3582 haec
2218 3565 2270 3581 non
2283 3562 2323 3582 est
2336 3558 2400 3582 ratio
2414 3557 2477 3582 illud

1415 3593 1574 3625 expungendi
1589 3597 1677 3617 contra
1689 3593 1763 3617 codd.
1778 3593 1962 3617 auctoritatem.
1982 3593 2039 3617 Non
2053 3593 2121 3617 enim
2136 3593 2310 3625 infrequenter
2328 3600 2350 3617 s.
2360 3592 2478 3617 Thomas

1415 3628 1539 3653 admiscet
1557 3629 1660 3660 propria
1677 3628 1762 3653 verbis
1780 3629 1927 3653 Aristotelis
1946 3628 1978 3653 ad
1997 3629 2118 3653 orationis
2137 3628 2354 3661 perspicuitatem.

2522 685 2533 696 ⁸
2547 684 2579 705 Et
2591 691 2640 708 om.
2649 692 2735 708 cion.-

2524 710 2560 732 Cf.
2574 714 2630 733 text.

2520 900 2531 911 ⁸
2548 899 2623 922 Codd.
2629 911 2645 916 -
2651 907 2676 922 r:
2688 902 2735 922 est.

2517 1106 2528 1117 ⁴
2551 1106 2590 1127 Ad
2611 1106 2671 1128 idem
2701 1114 2730 1128 ex

2519 1132 2597 1160 codd.,
2612 1139 2662 1155 exc.
2678 1139 2733 1155 cu.

2518 1265 2527 1274 ·
2536 1270 2550 1285 c.
2558 1271 2606 1286 om.
2615 1266 2730 1287 scilicet...

2518 1297 2538 1312 1:
2554 1293 2577 1312 et
2591 1291 2670 1314 dimin.

2517 1318 2528 1328 ‘⁸
2545 1317 2619 1339 Codd.
2631 1330 2641 1334 -
2652 1325 2679 1340 1²:
2690 1324 2733 1340 ar-

2517 1346 2626 1371 guentes.
