2788 4204
1112 273 1222 308 CAP.
1254 273 1323 319 IX,
1354 272 1504 309 LECT.
1533 272 1620 309 VIII

2384 272 2456 311 355

941 496 1327 552 LECTIO
1385 497 1802 553 OCTAVA

452 632 582 673 NON
613 619 726 673 EST
750 632 1058 673 POSSIBILE
1086 634 1146 673 IN
1177 633 1445 674 OMNIBUS
1475 634 1773 674 ACCIPERE
1803 634 1975 686 QUOD
2006 634 2153 686 QUID
2183 634 2297 675 EST

397 708 516 748 PER
546 707 1177 761 ‘DEMONSTRATIONEM
1208 731 1240 739 —
1273 708 1581 760 QUOMODO
1628 708 1702 750 SE
1743 709 1994 749 HABEAT
2036 709 2342 750 DEFINITIO

1004 783 1090 823 AD
1123 782 1741 823 DEMONSTRATIONEM

270 911 372 943 Ἔστι
397 906 434 942 δὲ
460 910 526 942 τῶν
551 910 610 954 μέν
637 909 749 954 ἕτερόν
777 922 810 942 τι
842 912 974 952 αἴτιον,
1002 911 1066 942 τῶν
1093 906 1127 942 δ’
1152 910 1212 943 οὐκ
1238 911 1342 943 ἔστιν.

339 954 441 987 ’Ὥστε
466 951 569 991 δῆλον
597 954 651 986 ὅτι
675 957 734 986 καὶ
759 956 825 987 τῶν
852 958 885 988 τί
911 955 985 987 ἐστι
1007 956 1055 987 τοὶ
1071 955 1129 1000 μὲν
1158 955 1268 998 ἄμεσα
1286 957 1345 986 καὶ

348 999 450 1055 ἀρχῦαί
471 1000 566 1040 εἰσιν,
595 1000 617 1031 οἳ
639 1002 696 1031 καὶ
722 997 808 1031 εἶναι
831 1002 889 1031 καὶ
915 1002 948 1030 τί
975 1001 1066 1032 ἐστιν
1093 998 1278 1031 ὑποθέσθαι
1296 995 1348 1030 δεῖ

347 1042 368 1079 ἦ
396 1045 498 1076 αλλον
525 1043 651 1088 τρόπον
676 1044 803 1088 φανεροὶ
826 1044 979 1079 ποιῆσαι.
999 1043 1102 1086 Ὅπερ
1129 1045 1145 1076 6
1172 1043 1348 1087 ἀριθμητι-

345 1088 402 1125 adq
428 1092 530 1120 ποιεῖ·
555 1091 613 1120 καὶ
638 1089 701 1134 γὰρ
727 1091 761 1121 τί
787 1089 860 1121 ἐστι
886 1088 949 1124 τήν
971 1084 1105 1132 μονάδα
1124 1087 1345 1127 ὑποτίθεται,

346 1134 404 1164 καὶ
430 1131 485 1164 ὅτι
511 1131 616 1164 ἔστιν.
651 1134 722 1164 Τῶν
748 1129 777 1164 δ’
807 1132 954 1178 ἑχόντων
980 1132 1096 1176 μέσον,
1121 1134 1180 1164 καὶ
1205 1132 1246 1163 ὦν
1273 1132 1346 1164 ἐστί

349 1188 383 1208 τι
408 1175 520 1221 ἕτερον
555 1178 665 1208 αἴτιον
692 1177 753 1214 τῆς
788 1178 924 1218 οὐσίας,
957 1177 1030 1209 ’ἐστι
1060 1173 1097 1208 δι’
1128 1172 1345 1216 ἀποδείξεως,

348 1219 457 1274 ὥσπερ
488 1222 638 1264 εἴπομεν,
665 1217 835 1262 δηλῶσαι,
866 1221 913 1266 μή
943 1221 984 1253 τό
1017 1223 1051 1252 τί
1081 1220 1172 1254 ἐστιν
1211 1216 1347 1252 ἀποδει-

346 1275 506 1303 κνυντας.

276 1484 429 1530 Ὀρισμός
454 1481 484 1516 δ’
513 1479 633 1520 ἐπειδή
656 1482 799 1529 λέγεται
820 1482 905 1517 εἶναι
921 1485 1021 1531 λόγος
1049 1487 1111 1517 τοῦ
1129 1490 1162 1520 τί
1181 1487 1266 1529 ἐστι,
1286 1500 1349 1533 φα-

348 1529 440 1574 νερόν
467 1527 520 1560 ὅτι
547 1529 563 1560 6
588 1527 648 1572 μέν
674 1540 725 1566 τις
743 1529 841 1562 ἔσται
865 1529 965 1576 λόγος
993 1532 1055 1562 τοῦ
1073 1533 1106 1562 τί
1132 1535 1285 1576 σημαίνει
1306 1534 1347 1565 τὰ

348 1574 456 1618 ὄνομα
481 1571 501 1609 ἦ
526 1572 627 1618 λόγος
659 1572 773 1618 ἕτερος
800 1571 1039 1618 ὁνοματώδης,
1067 1575 1135 1607 οἷον
1161 1577 1202 1609 τὸ
1228 1580 1260 1610 τί
1290 1589 1347 1615 ση-

348 1621 473 1663 μαίνει,
493 1621 527 1650 τί
554 1617 646 1650 ἐστιν
665 1617 685 1659 ᾖ
705 1622 876 1665 τρίγωνον.
897 1619 1000 1663 ‘'On-ep
1020 1619 1157 1665 ἔχοντες
1184 1621 1238 1654 ὅτι
1257 1621 1345 1664 ἑστι,

348 1664 519 1707 ζητοῦμεν
544 1658 603 1694 διαὶ
628 1663 661 1693 τί
687 1662 792 1695 ἐστιν.
820 1665 980 1697 Χαλεπόν
1005 1660 1034 1695 δ’
1064 1664 1171 1703 οὕτως
1193 1666 1264 1699 ἐστὶ
1286 1668 1347 1698 λα-

348 1709 418 1750 βεῖν
445 1708 467 1740 οἳ
491 1706 538 1752 μή
562 1708 657 1750 ἴσμεν
685 1707 739 1740 ὅτι
760 1708 863 1742 ἔστιν.
888 1710 929 1740 Ἠ
946 1705 975 1741 δ’
1001 1709 1098 1742 αἰτία
1116 1712 1249 1754 εἴρηται
1268 1711 1347 1755 πρό-

350 1764 446 1796 τερον
478 1753 541 1789 τῆς
573 1752 840 1796 χαλεπότητος,
876 1752 930 1786 ὅτι
959 1749 1031 1785 οὐδ’
1066 1754 1094 1784 εἱ
1120 1754 1211 1787 ἔστιν
1244 1754 1265 1792 ἦ
1299 1754 1346 1800 μή

347 1799 455 1842 ἴσμεν,
485 1797 556 1829 ἀλλ’
586 1795 607 1834 ἦ
636 1798 733 1830 κατα
757 1797 978 1842 συμβεβηκός.
1012 1797 1120 1845 Λόγος
1146 1795 1175 1830 δ’
1204 1800 1247 1837 εἷς
1275 1800 1348 1832 ἐστὶ

348 1839 381 1875 δι
408 1844 463 1881 ὥς,
491 1843 507 1874 6
532 1843 590 1884 μὲν
615 1839 800 1885 συνδέσμῳ,
819 1841 930 1887 ὥσπερ
956 1843 976 1879 ἦ
996 1842 1117 1884 Ἰλιοίς,
1144 1844 1159 1875 6
1185 1839 1222 1877 δὲ
1242 1845 1289 1886 τῷ
1315 1845 1348 1876 ἓν

348 1899 394 1920 κα
415 1889 422 1899 ’
453 1886 524 1924 ἑνός
549 1883 672 1924 δηλοῦν
698 1886 745 1931 μὴ
770 1887 867 1919 κατοὶ
891 1887 1113 1932 συμβεβηκός.
1139 1889 1194 1927 Εἷς
1219 1888 1279 1933 μὲν
1305 1885 1349 1926 δή

350 1932 422 1978 ὅρος
449 1932 539 1963 ἐστὶν
566 1930 642 1975 ὅρου
663 1933 680 1964 6
700 1931 883 1976 εἰρημένος,

284 2065 385 2102 ἄλλος
410 2059 438 2095 δ’
461 2062 554 2095 ἐστὶν
581 2062 653 2106 ὅρος
677 2063 778 2110 λόγος
805 2065 821 2097 ὁ
847 2061 955 2102 δηλῶν
980 2059 1039 2096 διαὶ
1063 2067 1096 2096 τί
1122 2064 1229 2099 ἐστιν.

273 2110 380 2142 *Ὦστε
408 2109 424 2140 6
450 2107 510 2152 μὲν
536 2107 699 2152 πρότερος
723 2112 880 2154 σημαίνει
897 2108 970 2152 μέν,
989 2106 1133 2142 δείκνυσι
1150 2106 1178 2141 δ’
1207 2110 1259 2151 οὗ,
1281 2111 1296 2142 6
1315 2105 1346 2141 δ’

350 2153 488 2197 ὕστερος
521 2153 662 2197 φανερόν
697 2151 751 2186 ὅτι
786 2154 886 2187 ἔσται
919 2154 986 2186 οἷον
1019 2149 1191 2195 ἀπόδειξις
1223 2155 1285 2188 τοῦ
1316 2156 1350 2186 τί

350 2199 438 2239 ἐστι,
464 2197 510 2239 τῇ
536 2196 625 2229 θέσει
650 2193 815 2243 διαφέρων
841 2199 905 2237 τῆς
931 2194 1147 2239 ἀποδείξεως.

282 2285 435 2342 Διαφέρει
460 2286 525 2332 γοὶρ
550 2285 655 2317 εἰπεῖν
680 2281 739 2317 διαὶ
764 2287 797 2316 τί
821 2285 949 2330 βροντᾷ
972 2286 1030 2316 καὶ
1056 2286 1088 2316 τί
1115 2284 1187 2318 ἐστι
1205 2285 1347 2328 βροντή·

350 2335 418 2376 ερεῖ
439 2331 504 2377 γοὶρ
538 2329 627 2362 οὕτω
657 2330 717 2374 μὲν
752 2325 844 2361 ’διότι
876 2329 1128 2369 ἀποσβέννυται
1157 2331 1198 2362 τὸ
1224 2332 1289 2375 πῦρ
1315 2331 1349 2362 ἑν

350 2380 422 2414 τοῖς
451 2375 584 2419 νέφεσι·ν
609 2377 645 2407 τί
668 2371 697 2406 δ’
732 2373 805 2406 ἐστὶ
837 2373 983 2417 §ponor-153
1010 2373 1111 2418 ψόφος
1146 2375 1351 2415 ἀποσβεννυ-

349 2421 450 2464 μένου
475 2419 576 2463 πυρός
603 2420 635 2451 ἐν
660 2418 802 2461 νέφεσιν.
820 2418 925 2450 ’Ὥστε
952 2419 968 2449 6
994 2418 1100 2457 αὐτός
1116 2419 1217 2465 λόγος
1244 2420 1349 2452 ἄλλον

349 2465 477 2510 τρόπον
501 2464 656 2511 λέγεται,
679 2466 738 2495 καὶ
761 2459 824 2494 ὠδϊ
844 2463 903 2507 μὲν
924 2458 1095 2503 ἀπόδειξις
1113 2463 1268 2509 συνεχής,
1287 2461 1348 2496 ὠδὶ

348 2506 386 2542 δὲ
412 2509 558 2554 ὁρισμός.
578 2508 657 2540 Ἔτι
679 2509 771 2540 ἐστὶν
791 2507 861 2551 ὅρος
882 2507 1024 2550 βροντῆς
1041 2506 1142 2552 ψόφος
1168 2509 1200 2539 ἐν
1225 2508 1346 2552 νέφεσι·

349 2555 456 2587 τοῦτο
482 2553 511 2588 δ’
540 2554 614 2587 ἐστὶ
640 2554 703 2591 τῆς
729 2553 791 2584 τοῦ
814 2555 847 2583 τί
873 2552 965 2584 ἐστιν
990 2548 1193 2593 ἀποδείξεως
1221 2553 1348 2598 συμπέ-

350 2611 478 2643 ρασμα.

277 2646 315 2676 '0
339 2642 377 2678 δὲ
402 2645 469 2677 τῶν
496 2643 629 2688 ἀμέσων
656 2640 789 2684 ὁρισμὸς
807 2638 894 2678 θέσις
921 2639 995 2673 ἐστὶ
1021 2642 1084 2673 τοῦ
1105 2643 1138 2673 τί
1157 2641 1249 2673 ἐστιν
1268 2641 1349 2673 ἀνα-

349 2684 542 2726 πόδεικτος.
562 2686 680 2717 Ἔστιν
709 2686 774 2730 ἄρα
797 2685 928 2730 ὁρισμὸς
954 2686 998 2723 εῐς
1023 2686 1082 2729 μὲν
1107 2685 1207 2731 λόγος
1234 2687 1296 2718 τοῦ
1315 2688 1348 2718 τί

349 2734 442 2767 ἐστιν
463 2727 727 2771 ἀναπόδεικτος,
748 2731 793 2768 εἷς
818 2728 855 2764 δὲ
879 2730 1101 2776 συλλογισμὸς
1119 2731 1182 2763 τοῦ
1207 2733 1240 2762 τί
1259 2731 1347 2771 ἐστι,

350 2777 479 2812 πτώσει
502 2773 604 2822 διαφέ
624 2787 668 2807 ων
687 2776 750 2813 τῆς
770 2771 986 2816 ἀποδείξεως,
1006 2777 1118 2819 τρίτος
1144 2770 1181 2806 δὲ
1206 2775 1268 2812 τῆς
1287 2775 1349 2807 τοῦ

349 2826 384 2856 τί
409 2823 502 2855 ἐστιν
529 2822 597 2855 ἀπο
621 2821 732 2862 είξεως
757 2820 996 2865 συμπέρασμα.

281 2910 429 2955 Φανερόν
455 2909 512 2942 οὗν
537 2911 572 2943 ἐκ
590 2911 656 2943 τῶν
674 2908 853 2951 εἰρημένων
870 2910 928 2939 καὶ
946 2908 1015 2944 πῶς
1034 2907 1107 2939 ἔστι
1124 2907 1186 2939 τοῦ
1204 2908 1238 2939 τί
1256 2907 1347 2939 ἐστιν

351 2951 524 2995 ἀπόδειξις
545 2956 604 2986 καὶ
629 2954 696 2990 πῶς
724 2952 783 2984 οὐκ
809 2953 896 2993 ἔστι,
913 2954 970 2983 καὶ
998 2953 1096 2983 τίνων
1119 2951 1191 2983 ἔστι
1215 2953 1273 2982 καὶ
1299 2954 1350 2984 τί-

349 3011 412 3031 νων
437 3000 497 3031 οὐκ
523 2999 636 3039 ἔστιν,
663 2998 716 3030 ἔτι
740 2993 767 3028 δ’
798 2997 930 3041 ὁρισμός
960 2996 1117 3040 ποσαχῶς
1144 3008 1182 3028 τε
1206 2995 1347 3041 λέγεται

347 3044 407 3075 καὶ
433 3044 503 3081 πῶς
527 3043 568 3076 τὸ
595 3045 628 3074 τί
655 3040 728 3074 ἐστι
752 3037 897 3073 δείκνυσι
921 3042 979 3072 καὶ
1005 3042 1072 3077 πῶς
1099 3039 1152 3080 οὔ,
1170 3042 1229 3071 καὶ
1248 3041 1346 3070 τίνων

350 3085 423 3119 ἐστὶ
447 3089 506 3119 καὶ
532 3090 630 3119 τίνων
657 3085 708 3127 οὔ,
729 3085 779 3117 ἔτι
805 3082 842 3117 δὲ
868 3084 947 3129 πρὸς
976 3080 1147 3125 ἀπόδειξιν
1174 3085 1242 3122 πῶς
1261 3084 1342 3128 ἔχει,

347 3132 491 3169 καὶπῶς
512 3127 691 3177 ἐνδέχεται
716 3130 778 3162 τοῦ
804 3127 912 3162 αὐτοῦ
934 3125 1020 3161 εἶναι
1043 3131 1101 3160 καὶ
1127 3129 1195 3166 πῶς
1213 3126 1272 3160 οὐκ
1298 3126 1348 3159 ὲν-

350 3172 506 3221 δέχεται.

342 3272 494 3300 ΞῩΝοΡειε.
512 3287 546 3291 -
564 3280 587 3298 1.
608 3271 821 3307 Argumentum
841 3268 952 3306 primae
972 3268 1060 3306 partis
1074 3268 1159 3296 huius
1173 3267 1313 3296 lectionis.
1327 3284 1346 3288 -

283 3311 486 3340 Corollarium.
510 3311 644 3345 Quorum
665 3319 726 3337 non
747 3315 790 3337 est
811 3318 912 3344 causa,
933 3318 995 3336 non
1015 3314 1110 3345 potest
1130 3307 1243 3335 ostendi
1265 3307 1345 3343 quod

283 3352 354 3389 quid
375 3357 417 3379 est
437 3360 489 3387 per
509 3349 803 3383 demonstrationem
819 3349 870 3376 sed
890 3354 1005 3384 oportet
1025 3348 1153 3383 accipere
1175 3347 1255 3383 quod
1276 3346 1345 3382 quid

283 3398 326 3419 est
339 3391 414 3419 sicut
427 3390 577 3427 quoddam
591 3389 790 3416 immediatum
801 3387 983 3424 principium,
994 3388 1038 3415 vel
1052 3386 1233 3414 manifestare
1247 3386 1345 3422 aliquo

282 3431 340 3460 alio
362 3430 453 3458 modo
472 3438 560 3466 quam
581 3438 633 3465 per
647 3427 934 3456 demonstrationem.
950 3444 968 3448 -
984 3434 1010 3454 2.
1026 3426 1198 3462 Simpliciter
1213 3431 1240 3453 et
1260 3426 1346 3453 abso-

282 3471 341 3499 lute
362 3479 422 3498 non
443 3470 550 3497 habere
571 3477 687 3497 causam
709 3467 763 3495 soli
783 3467 879 3504 primo
901 3466 1045 3502 Principio
1067 3465 1218 3502 competit,
1241 3474 1345 3501 nempe

282 3512 356 3546 Deo,
379 3509 429 3546 qui
450 3515 493 3537 est
513 3517 599 3537 causa
620 3517 682 3536 esse
712 3513 740 3535 et
759 3506 884 3535 veritatis
911 3506 941 3534 in
965 3505 1101 3534 omnibus
1122 3506 1216 3533 rebus.
1232 3521 1250 3526 -
1267 3504 1292 3532 3.
1314 3505 1346 3532 In

281 3551 369 3578 rebus
390 3548 561 3577 habentibus
583 3554 708 3585 quatuor
735 3556 850 3581 causas,
872 3555 931 3574 una
952 3552 994 3573 est
1015 3545 1234 3582 quodammodo
1261 3553 1347 3572 causa

282 3589 415 3626 alterius3
436 3597 540 3625 nempe
562 3597 648 3617 causa
667 3586 796 3615 formalis
811 3594 913 3615 causae
935 3584 1097 3620 materialis,
1112 3593 1199 3613 causa
1219 3581 1346 3612 efficiens

1399 910 1417 929 *
1428 911 1484 942 Est
1500 919 1607 943 autem
1624 915 1839 954 quorumdam
1854 914 1983 955 quidem
1995 915 2150 955 quaedam
2162 916 2256 946 altera
2268 926 2370 955 causa,
2381 927 2463 957 quo-

1468 958 1615 987 rumdam
1631 965 1738 988 autem
1754 968 1819 988 non
1836 965 1890 989 est.
1905 958 2126 1001 (Definitiones
2143 960 2273 999 quidem
2288 962 2464 992 secundum

1469 1001 1606 1041 speciem
1635 1002 1733 1032 factae
1764 1002 1890 1032 nullum
1919 1003 2034 1032 habent
2061 1003 2203 1034 medium
2237 1015 2302 1045 quo
2333 1006 2463 1036 demon-

1470 1052 1615 1083 strentur;
1627 1046 1681 1076 sed
1699 1045 1896 1076 definitiones
1913 1047 2087 1076 secundum
2098 1048 2260 1078 materiam
2276 1049 2373 1080 factae
2389 1060 2462 1089 pos-

1470 1096 1543 1118 sunt
1566 1089 1679 1119 habere
1700 1089 1867 1132 medium.)
1885 1091 1990 1128 Quare
2014 1092 2218 1122 manifestum
2241 1100 2286 1124 est
2310 1094 2463 1134 quoniam

1470 1142 1582 1162 eorum
1605 1143 1687 1173 quae
1710 1141 1783 1164 sunt
1807 1134 1884 1175 quid
1911 1141 1966 1173 est,
1986 1134 2046 1164 alia
2068 1136 2197 1175 quidem
2216 1137 2281 1167 sine
2304 1138 2409 1168 medio
2433 1145 2464 1169 et

1470 1176 1623 1216 principia
1647 1184 1730 1215 sunt,
1747 1187 1828 1218 quae
1852 1178 1927 1218 quia
1950 1185 2023 1208 sunt
2046 1186 2076 1209 et
2099 1190 2179 1220 quae
2202 1181 2279 1221 quid
2298 1189 2371 1212 sunt
2390 1193 2463 1222 sup·

1470 1229 1589 1258 ponere
1609 1227 1744 1260 oportet,
1765 1229 1819 1252 aut
1842 1222 1904 1252 alio
1928 1223 2026 1252 modo
2046 1224 2210 1254 manifesta
2233 1225 2349 1263 facere;
2373 1227 2463 1266 quod

1469 1273 1541 1293 vere
1564 1264 1776 1295 arithmeticus
1800 1265 1886 1304 facit,
1904 1273 1934 1296 et
1957 1276 2093 1306 namque
2113 1268 2189 1307 quid
2206 1276 2251 1299 est
2269 1269 2371 1300 unitas
2390 1280 2463 1310 sup-

1470 1308 1577 1349 ponit,
1602 1315 1632 1339 et
1652 1309 1727 1350 quia
1743 1316 1805 1340 est:
1831 1311 1886 1340 sed
1903 1310 2088 1341 habentium
2106 1313 2258 1351 medium,
2275 1320 2305 1343 et
2323 1324 2463 1354 quorum

1471 1360 1518 1383 est
1544 1354 1701 1393 quaedam
1729 1354 1824 1384 altera
1852 1364 1944 1384 causa
1973 1355 2162 1386 substantiae
2192 1364 2222 1387 et
2251 1357 2348 1396 ipsius
2378 1369 2462 1398 esse,

1471 1404 1516 1428 est
1541 1408 1597 1438 per
1624 1398 1925 1429 demonstrationem
1949 1397 2047 1441 (sicut
2069 1400 2190 1431 dictum
2214 1400 2276 1443 est)
2301 1403 2463 1433 ostendere

1470 1452 1536 1472 non
1560 1442 1648 1483 quod
1671 1442 1749 1483 quid
1773 1449 1818 1473 est
1842 1443 2101 1474 demonstrantes.

1401 1484 1419 1504 *
1434 1485 1584 1517 Definitio
1600 1493 1707 1517 autem
1722 1486 1876 1527 quoniam
1892 1487 2022 1527 quidem
2038 1488 2150 1518 dicitur
2164 1488 2242 1519 ratio
2258 1489 2357 1529 ipsius
2376 1491 2464 1531 quod
2489 1493 2500 1504 ⁸

1469 1531 1547 1571 quid
1574 1538 1638 1570 est,
1669 1531 1873 1561 manifestum
1905 1538 1952 1562 est
1985 1532 2139 1572 quoniam
2168 1532 2274 1573 aliqua
2302 1535 2358 1565 erit
2384 1536 2463 1566 ratio

1468 1575 1568 1614 ipsius
1583 1576 1671 1616 quod
1685 1575 1814 1616 quidem
1829 1575 1981 1615 significat
1996 1586 2125 1615 nomen,
2140 1583 2195 1607 aut
2208 1577 2265 1608 erit
2276 1579 2354 1609 ratio
2370 1581 2465 1611 altera

1469 1619 1600 1649 nomina
1612 1630 1745 1660 ponens,
1758 1627 1793 1650 ut
1805 1620 1935 1660 quidem
1951 1621 2126 1661 significans
2138 1621 2216 1661 quid
2232 1628 2278 1652 est
2289 1625 2465 1655 secundum

1470 1664 1559 1704 quod
1573 1664 1746 1705 triangulus
1761 1671 1820 1695 est:
1842 1665 1930 1706 quod
1949 1676 2023 1696 vero
2042 1666 2190 1696 habentes
2207 1667 2282 1706 quia
2296 1675 2352 1707 est,
2369 1679 2463 1710 quae-

1469 1709 1568 1739 rimus
1591 1715 1720 1748 propter
1742 1709 1819 1749 quid
1843 1717 1897 1740 est.
1923 1709 2055 1741 Difficile
2079 1717 2185 1741 autem
2208 1718 2254 1742 est
2267 1712 2310 1742 sic
2326 1714 2464 1754 accipere

1470 1763 1552 1794 quae
1575 1763 1641 1782 non
1664 1753 1780 1783 scimus
1808 1754 1883 1795 quia
1913 1761 1995 1784 sunt.
2022 1755 2126 1786 Causa
2148 1763 2254 1787 autem
2273 1758 2359 1797 prius
2383 1758 2465 1789 dicta

1471 1805 1517 1829 est
1533 1797 1732 1836 difficultatis,
1752 1799 1826 1839 quia
1842 1809 1945 1839 neque
1961 1799 1986 1829 si
2002 1807 2058 1838 est,
2078 1811 2180 1842 neque
2199 1802 2224 1832 si
2241 1812 2317 1840 non,
2337 1802 2464 1841 scimus,

1471 1843 1527 1873 sed
1550 1850 1603 1874 aut
1626 1843 1802 1874 secundum
1825 1845 1976 1875 accidens.
2008 1845 2100 1876 Ratio
2124 1853 2230 1877 autem
2253 1857 2317 1877 una
2340 1853 2385 1877 est
2408 1847 2464 1877 du-

1471 1888 1602 1929 pliciter:
1620 1889 1696 1919 haec
1712 1888 1842 1928 quidem
1858 1889 2081 1921 coniunctione
2100 1898 2156 1929 est,
2171 1898 2207 1922 ut
2222 1902 2302 1932 quae
2319 1898 2364 1922 est
2383 1891 2464 1929 Ilias;

1472 1933 1532 1963 alia
1555 1943 1629 1963 vero
1653 1943 1755 1963 unum
1776 1933 1814 1962 de
1831 1943 1897 1963 uno
1914 1935 2081 1965 ostendens
2104 1946 2170 1966 non
2189 1937 2364 1967 secundum
2387 1937 2464 1968 acci-

1473 1978 1559 2007 dens.
1584 1977 1677 2008 Ratio
1701 1983 1808 2007 autem
1832 1987 1895 2008 una
1916 1978 2046 2019 quidem
2060 1979 2155 2020 igitur
2177 1981 2329 2011 terminus
2345 1989 2390 2013 est
2404 1989 2464 2013 ter-

1473 2021 1570 2057 mini,
1595 2031 1676 2062 quae
1700 2021 1781 2051 dicta
1805 2028 1860 2052 est.

1405 2065 1422 2084 *
1436 2066 1508 2096 Alia
1530 2075 1606 2096 vero
1629 2065 1782 2096 terminus
1805 2072 1852 2096 est
1874 2066 2092 2097 demonstrans
2116 2074 2244 2108 propter
2266 2069 2341 2108 quid
2364 2077 2419 2101 est.

1406 2110 1512 2147 Quare
1535 2110 1637 2150 prima
1655 2110 1786 2150 quidem
1809 2109 1961 2149 significat
1984 2112 2072 2151 quod
2092 2112 2169 2152 quid
2188 2119 2248 2150 est,
2273 2114 2466 2146 demonstrat

1472 2161 1580 2184 autem
1602 2164 1679 2184 non.
1700 2155 1790 2191 Quae
1813 2164 1887 2184 vero
1915 2155 2070 2194 posterior
2100 2163 2163 2194 est,
2187 2157 2390 2189 manifestum
2420 2166 2466 2190 est

1473 2199 1626 2240 quoniam
1650 2199 1707 2230 erit
1730 2206 1764 2230 ut
1788 2199 2013 2230 demonstratio
2037 2201 2103 2231 eius
2123 2201 2211 2241 quod
2226 2202 2304 2241 quid
2328 2209 2388 2242 est,
2407 2213 2464 2244 po-

1472 2244 1585 2275 sitione
1609 2244 1752 2274 differens
1776 2254 1793 2273 a
1817 2244 2094 2275 demonstratione.

1405 2288 1515 2319 Differt
1538 2290 1623 2319 enim
1647 2289 1747 2318 dicere
1770 2295 1899 2328 propter
1926 2289 2002 2329 quid
2026 2296 2128 2327 tonat,
2158 2296 2188 2320 et
2210 2290 2287 2330 quid
2311 2297 2356 2321 est
2383 2292 2464 2322 toni-

1472 2339 1590 2364 truum.
1614 2333 1704 2363 Dicet
1728 2333 1811 2363 enim
1836 2333 1992 2373 siquidem
2016 2341 2143 2374 propter
2157 2334 2189 2363 id
2205 2335 2294 2374 quod
2313 2336 2463 2376 extingui-

1471 2385 1523 2408 tur
1545 2378 1625 2418 ignis
1648 2377 1681 2407 in
1704 2378 1856 2408 nubibus:
1874 2378 1951 2418 quid
1967 2386 2074 2409 autem
2094 2378 2271 2408 tonitruum
2287 2378 2349 2410 est?
2365 2391 2462 2411 sonus

1473 2422 1598 2453 extincti
1622 2422 1702 2461 ignis
1725 2422 1758 2452 in
1781 2422 1929 2452 nubibus.
1948 2423 2053 2460 Quare
2070 2423 2179 2453 eadem
2194 2423 2274 2452 ratio
2290 2423 2353 2454 alio
2364 2425 2463 2455 modo

1473 2467 1594 2497 dicitur.
1611 2467 1652 2497 Et
1668 2466 1711 2496 sic
1728 2466 1859 2506 quidem
1874 2466 2100 2498 demonstratio
2118 2467 2281 2506 continua,
2300 2468 2343 2498 sic
2358 2476 2464 2499 autem

1472 2510 1623 2541 definitio.
1647 2511 1795 2551 Amplius
1819 2518 1865 2541 est
1883 2511 2035 2541 terminus
2058 2511 2203 2549 tonitrui,
2221 2511 2390 2542 continuus
2414 2523 2463 2543 so-

1472 2565 1532 2585 nus
1555 2555 1588 2585 in
1612 2555 1759 2585 nubibus.
1784 2555 1857 2586 Hoc
1880 2562 1987 2585 autem
2011 2562 2067 2594 est,
2091 2565 2172 2596 quae
2197 2562 2243 2586 est
2264 2556 2363 2596 ipsius
2387 2557 2464 2597 quid

1473 2605 1519 2630 est
1541 2599 1818 2629 demonstrationis
1842 2600 2015 2630 conclusio.

1406 2643 1667 2674 Immediatorum
1690 2650 1797 2674 autem
1821 2643 1961 2674 definitio
1985 2644 2102 2684 positio
2127 2650 2172 2674 est
2195 2643 2294 2684 ipsius
2318 2644 2395 2685 quid
2418 2651 2464 2675 est

1471 2687 1768 2718 indemonstrabilis.
1791 2688 1848 2718 Est
1870 2698 1944 2728 ergo
1969 2687 2108 2718 definitio
2133 2698 2196 2718 una
2215 2688 2344 2729 quidem
2362 2689 2462 2719 oratio

1472 2731 1539 2762 eius
1562 2732 1650 2772 quod
1673 2731 1751 2772 quid
1781 2738 1827 2762 est
1859 2732 2160 2770 indemonstrabilis3
2185 2743 2247 2762 una
2270 2742 2344 2762 vero
2368 2733 2462 2773 syllo-

1471 2776 1591 2816 gismus
1606 2775 1706 2815 ipsius
1722 2775 1801 2816 quid
1816 2782 1872 2814 est,
1893 2786 1965 2806 casu
1987 2776 2130 2806 differens
2147 2787 2164 2806 a
2181 2776 2462 2814 demonstratione;

1471 2820 1561 2851 tertia
1583 2827 1690 2851 autem
1714 2826 1770 2858 est,
1795 2830 1877 2860 quae
1901 2827 1947 2851 est
1969 2820 2067 2860 ipsius
2100 2821 2177 2860 quid
2200 2827 2246 2850 est
2268 2820 2461 2851 demonstra-

1470 2863 1565 2895 tionis
1589 2864 1763 2895 conclusio.

1403 2908 1607 2940 Manifestum
1631 2908 1725 2948 igitur
1748 2918 1784 2938 ex
1808 2907 1895 2938 dictis
1920 2914 1975 2946 est,
1993 2915 2023 2938 et
2038 2907 2171 2947 qualiter
2190 2914 2236 2938 est
2260 2907 2358 2947 ipsius
2373 2908 2461 2948 quod

1470 2954 1548 2994 quid
1567 2960 1612 2983 est
1636 2951 1860 2982 demonstratio
1878 2959 1908 2982 et
1926 2952 2092 2992 quomodo
2114 2962 2179 2982 non
2196 2958 2255 2990 est;
2276 2958 2306 2982 et
2321 2961 2460 2991 quorum

1471 3004 1516 3027 est
1533 3004 1563 3027 et
1575 3006 1715 3037 quorum
1730 3006 1805 3026 non.
1820 2996 1967 3035 Amplius
1983 3002 2089 3026 autem
2106 2995 2245 3026 definitio
2261 3002 2341 3035 quot
2356 2995 2460 3025 modis

1470 3042 1592 3079 dicitur,
1610 3047 1640 3071 et
1655 3040 1789 3081 qualiter
1804 3040 1892 3080 quod
1908 3040 1984 3080 quid
2008 3046 2054 3070 est
2076 3046 2228 3070 monstrat
2249 3046 2279 3069 et
2294 3040 2460 3079 quomodo

1469 3096 1546 3123 non,
1567 3091 1597 3115 et
1619 3094 1759 3124 quorum
1782 3091 1828 3114 est
1851 3091 1881 3114 et
1903 3094 2042 3124 quorum
2061 3094 2126 3114 non
2143 3090 2198 3114 est.
2222 3083 2335 3113 Adhuc
2354 3089 2460 3113 autem

1469 3136 1500 3159 et
1514 3129 1554 3158 ad
1573 3128 1875 3158 demonstrationem
1891 3128 2057 3168 quomodo
2074 3138 2106 3158 se
2122 3128 2229 3165 habet,
2248 3133 2277 3157 et
2292 3127 2458 3167 quomodo

1469 3172 1621 3211 contingit
1643 3172 1785 3202 eiusdem
1808 3182 1874 3202 esse
1889 3178 1919 3202 et
1934 3172 2100 3212 quomodo
2117 3182 2182 3202 non
2198 3171 2359 3210 contingit.

1401 3276 1504 3295 causae
1525 3266 1663 3302 formalis,
1685 3276 1771 3295 causa
1790 3266 1883 3294 finalis
1905 3276 2007 3295 causae
2029 3264 2185 3294 efficientis.
2206 3265 2328 3294 Ulterius
2342 3274 2403 3293 non
2417 3272 2459 3294 est

1401 3307 1556 3342 procedere
1578 3305 1608 3333 in
1628 3315 1779 3334 causarum
1800 3306 1961 3342 generibus,
1976 3313 2004 3334 et
2024 3306 2089 3333 ideo
2104 3306 2168 3333 finis
2189 3312 2231 3333 est
2252 3314 2338 3333 causa
2357 3314 2457 3333 causa-

1400 3355 1474 3374 rum.
1503 3346 1583 3373 Idem
1604 3346 1677 3373 ordo
1705 3352 1832 3373 servatur
1853 3346 1882 3373 in
1903 3345 2132 3373 definitionibus:
2151 3345 2191 3373 ita
2211 3344 2316 3372 scilicet
2335 3351 2367 3372 ut
2388 3344 2457 3372 defi-

1400 3385 1471 3413 nitio
1493 3394 1544 3421 per
1564 3394 1680 3413 causam
1701 3385 1852 3412 formalem
1873 3385 1908 3412 sit
1925 3385 2143 3421 quodammodo
2163 3393 2249 3412 causa
2270 3383 2457 3420 (intrinseca)

1401 3424 1575 3452 definitionis
1596 3433 1670 3461 quae
1697 3424 1818 3452 sumitur
1839 3433 1856 3452 a
1874 3433 1959 3452 causa
1980 3424 2133 3458 materiali3
2157 3423 2285 3451 definitio
2312 3432 2364 3460 per
2390 3432 2457 3451 cau-

1400 3474 1461 3492 sam
1484 3462 1655 3492 efficientem
1683 3464 1718 3491 sit
1739 3473 1826 3492 causa
1846 3463 2036 3499 (extrinseca)
2059 3462 2233 3491 definitionis
2254 3471 2328 3499 quae
2356 3468 2399 3490 est
2424 3472 2458 3491 ex

1400 3512 1486 3532 causa
1506 3503 1634 3538 formali;
1650 3503 1778 3531 definitio
1792 3512 1843 3540 per
1864 3512 1979 3531 causam
1994 3503 2109 3531 finalem
2130 3502 2166 3530 sit
2180 3511 2265 3530 causa
2279 3501 2457 3538 (extrinseca)

1401 3542 1575 3571 definitionis
1596 3552 1669 3580 quae
1691 3543 1812 3571 sumitur
1832 3552 1865 3571 ex
1886 3552 1972 3571 causa
1993 3540 2134 3571 efficiente
2153 3548 2180 3570 et
2201 3551 2234 3570 ex
2247 3542 2308 3570 aliis
2323 3541 2423 3570 causis.
2438 3556 2459 3563 -·

1400 3593 1428 3618 4.
1451 3583 1602 3618 Quaedam
1630 3592 1691 3611 non
1718 3583 1825 3611 habent
1854 3591 1971 3611 causam
1998 3581 2027 3610 in
2051 3591 2154 3619 genere
2182 3581 2309 3610 subiecto
2339 3581 2458 3610 alicuius

2490 919 2632 974 :rget-sheep.
2641 926 2688 942 vni.

2491 2075 2502 2085 ⁸
2511 2074 2578 2096 Text.
2589 2080 2623 2096 ιο.
