2548 4192
933 281 988 317 IN
1019 281 1057 317 S.
1079 280 1320 317 THOMAM
1348 282 1672 328 AQUINATEM

211 374 225 390 ι
249 361 377 395 fuerunt
400 359 555 398 distincta,
572 359 628 389 sed
647 358 742 389 etiam
757 359 790 389 in
807 366 944 400 utroque
967 370 1034 401 quo
1058 370 1135 390 usus
1150 366 1197 390 est
1211 360 1280 390 Mo-

210 409 227 432 »‘
247 404 354 435 rellius
378 404 506 441 codice;
530 403 563 433 in
587 413 727 444 quorum
751 403 849 434 altero
873 404 913 434 ad
937 404 1112 444 marginem
1137 404 1282 444 apposita

209 462 224 477 »
247 455 322 480 sunt
337 441 463 478 Ioannis
481 447 734 488 Scythopolitani
749 447 816 478 sine
833 448 964 478 nomine
981 448 1115 486 scholia3
1136 449 1168 478 in
1183 449 1281 479 altero

209 506 224 521 »
246 502 322 529 vero
341 492 473 523 seorsim
488 498 561 532 post
579 491 764 521 absolutum
783 499 905 522 textum
924 492 1083 532 integrum
1100 491 1280 535 Dionysii),

209 550 223 565 »
246 536 376 568 Maximi
400 536 532 566 nomine
555 535 703 575 insignita
727 536 864 574 scholia;
889 547 927 567 eo
951 537 1106 575 breviora,
1131 537 1219 578 quod
1242 538 1280 567 ab

210 594 224 609 »
247 580 455 621 amplioribus
473 579 610 619 loannis,
635 589 710 610 cum
733 580 850 620 quibus
870 591 906 611 ea
926 581 1089 612 coniunxit
1105 581 1280 620 Morellius,

209 638 223 653 »
246 632 387 665 separata
419 624 552 655 fuerant.
567 637 581 652 »
613 623 724 654 Obiter
756 624 971 656 animadverte
1002 635 1067 656 non
1091 625 1159 666 ipsa
1182 628 1280 656 Areo-

205 669 329 710 pagitae
344 679 451 709 opera,
476 669 531 699 sed
547 667 668 699 scholia
691 669 730 699 ab
747 669 915 700 Anastasio
931 669 1170 700 bibliothecario
1186 670 1281 701 latine

204 713 353 744 translata
373 713 480 752 fuisse,
496 719 532 743 ut
548 719 656 744 contra
670 713 823 744 Vossium
844 714 966 745 disserit
989 714 1145 745 Labbeus.
1171 715 1282 755 Ipsum

206 758 346 789 consule.

202 800 203 803 ’
273 802 309 832 11.
328 802 484 832 Ioannem
501 802 587 832 urbis
603 802 835 845 Scythopoleos
850 802 883 832 in
898 802 1072 833 Palaestina
1086 803 1279 841 Antistitem‚

205 846 262 888 qui
285 846 394 876 sedem
417 846 504 876 illam
529 856 613 876 anno
638 847 758 879 circiter
773 848 837 887 496
856 847 1050 885 conscendit,
1067 854 1206 878 recenset
1222 848 1280 878 Le-

205 890 342 932 quienus
373 891 406 920 in
437 890 505 921 eius
539 891 697 923 Ecclesiae
728 891 843 922 tabulis
876 891 908 921 in
939 891 1068 922 Oriente
1099 891 1278 922 christiano.

200 935 302 976 'Apud
329 934 482 966 Photium
515 935 622 966 codice
654 946 764 967 ccxxxi
788 935 923 975 legimus
952 943 1095 976 excerpta
1119 936 1280 976 Epistolae

203 979 392 1020 Synodicae,
417 989 516 1020 quarn
544 979 744 1020 Sophronius
767 980 946 1010 Patriarcha
970 979 1280 1021 Hierosolymitanus

204 1023 291 1054 dedit
314 1024 354 1054 ad
377 1024 562 1054 Honorium
585 1025 705 1065 Papam
729 1024 878 1054 adversus
901 1023 1144 1054 Monothelitas:
1174 1024 1207 1054 in
1231 1034 1280 1054 ea-

203 1078 267 1109 que
290 1068 401 1098 beatus
424 1068 565 1098 Ioannes
587 1069 731 1102 Antis-,tes
761 1068 1046 1108 Scythopolitanus
1074 1075 1279 1106 memoratur,

203 1113 260 1154 qui
281 1112 373 1142 docte
396 1117 427 1142 et
442 1113 500 1152 pie
517 1111 558 1142 de
579 1113 712 1154 Synodo
739 1112 992 1142 Calchedonensi
1015 1113 1150 1152 scripsit.
1178 1112 1280 1153 Syno-

205 1157 264 1186 dus
292 1155 345 1186 illa
373 1165 459 1186 anno
482 1156 543 1195 431
578 1157 731 1187 celebrata
754 1162 810 1186 est.
840 1156 919 1186 Fato
950 1155 1077 1186 functus
1106 1166 1191 1186 anno
1218 1156 1279 1186 518

204 1199 269 1238 iam
293 1199 403 1238 fuerat,
420 1209 495 1230 cum
514 1200 629 1231 eodem
648 1210 733 1230 anno
750 1199 1023 1241 Scytopolitanam
1041 1199 1215 1242 Ecclesiam
1235 1210 1280 1230 re-

204 1250 291 1290 geret
313 1243 527 1275 Theodosius.
628 1246 630 1249 '

271 1288 426 1319 Recenset
439 1287 526 1318 idem
539 1288 673 1320 Photius
688 1288 797 1319 codice
811 1298 871 1318 xcv
886 1287 982 1318 libros
998 1288 1169 1318 duodecim
1183 1288 1280 1319 Ioan-

199 1330 257 1364 'm's
270 1328 511 1374 nghopolifae
532 1333 716 1364 scholastici
737 1333 895 1363 adversus
908 1332 1075 1362 Ecclesiae
1088 1332 1278 1371 desertores,

166 1380 173 1382 ⁷
200 1366 282 1408 ’ἓιῗῖ
289 1382 403 1408 contra
421 1377 602 1418 Eutychem
623 1383 654 1408 et
667 1378 872 1414 Dioscorum,
891 1376 1095 1417 eiusdemque
1108 1383 1214 1408 sectae
1227 1388 1279 1408 as-

202 1421 316 1459 seclas,
342 1422 398 1462 qui
411 1422 444 1451 in
460 1421 587 1452 duabus
603 1423 731 1452 naturis
747 1421 945 1462 praedicare
966 1421 1128 1451 Christum
1151 1432 1279 1453 recusa-

201 1465 299 1506 bant:
314 1471 467 1507 notatque
482 1465 591 1506 ipsum
610 1466 764 1496 loannem
780 1466 812 1496 in
830 1465 895 1496 suis
912 1465 998 1496 libris
1013 1465 1182 1506 praecipue
1198 1466 1279 1497 inse-

201 1509 258 1552 qui
277 1510 436 1541 Basilium
456 1510 587 1541 Cilicem
604 1510 842 1548 Nestorianum‚
860 1520 958 1550 quem
974 1519 1060 1540 anno
1078 1509 1198 1541 circiter
1217 1512 1278 1553 517

199 1553 264 1585 vita
281 1553 407 1584 mortali
431 1554 581 1594 migrasse
606 1554 861 1585 animadvertunt
887 1553 1108 1594 bibliographi.
1134 1555 1278 1586 Dubium

197 1595 286 1638 ’νει-ο,
297 1608 338 1629 an
354 1598 412 1629 iste
429 1598 522 1629 fuerit
536 1598 622 1629 idem
637 1610 712 1630 cum
728 1599 845 1629 Ioanne
855 1598 1018 1639 Episcopo
1029 1597 1279 1639 Scythopoleos?

199 1643 270 1674 lmo
295 1642 436 1674 diversus
459 1643 604 1681 videtur,
634 1643 784 1685 idemque
813 1653 888 1674 cum
911 1642 987 1681 illo,
1017 1653 1115 1684 quem
1139 1643 1279 1684 Cyrillus

201 1687 483 1728 Scythopolitanus
499 1687 532 1718 in
549 1687 621 1719 Vita
637 1698 661 1718 s.
672 1688 771 1719 Sabae
787 1688 836 1718 his
850 1686 953 1718 verbis
968 1694 1179 1727 repraesentat
1193 1688 1279 1728 apud

202 1730 406 1772 Lequienum
437 1731 471 1762 in
494 1732 684 1763 Theodosio
714 1732 877 1773 Episcopo
904 1731 1023 1762 laudati
1049 1731 1176 1762 loannis
1208 1742 1278 1763 suc-

198 1773 345 1808 cessore:
370 1776 455 1807 Erat
470 1786 575 1817 porro
598 1777 728 1817 quidam
752 1776 940 1817 scythopoli
958 1776 1167 1807 scholasticus
1184 1776 1279 1807 Ioan-

205 1830 278 1859 nes,
303 1819 518 1861 Expelleutae
535 1820 644 1863 filius,
670 1822 721 1851 vir
743 1821 845 1851 bonus
874 1826 904 1851 et
927 1821 1036 1850 animo
1066 1820 1278 1852 illuminatus.

205 1864 302 1896 Hunc
325 1874 343 1894 a
365 1864 483 1895 Basilio
507 1865 606 1896 Cilice
630 1865 739 1896 multis
768 1864 890 1905 scriptis
921 1864 1112 1904 exagitatum
1136 1865 1209 1896 satis
1233 1865 1279 1896 in-

196 1904 289 1939 ‘dicat
310 1908 444 1946 Photius
468 1909 576 1940 codice
600 1916 677 1939 cvn:
702 1909 820 1940 Lectus
843 1914 900 1947 est,
926 1908 1084 1951 inquiens,
1111 1909 1192 1940 Iib'er
1213 1910 1279 1940 Ba-

196 1949 270 1984 ’sitii
290 1953 480 1994 Presbyteri
505 1953 615 1985 Cilicis
637 1953 794 1993 adversus
817 1953 975 1984 Ioanneni
1004 1953 1278 1995 Scythopolitam,

203 1998 258 2029 cui
273 2002 304 2028 et
321 1997 487 2028 Causidici
500 2008 625 2029 nomen.
651 1997 759 2029 Vitam
776 2008 851 2038 ergo
868 1997 972 2028 adhuc
988 1998 1101 2038 agebat
1122 1998 1172 2029 hic
1189 1999 1279 2029 loan-

203 2052 260 2072 nes
284 2041 488 2073 scholasticus
517 2042 799 2083 Scythopolitanus
829 2043 888 2073 sub
911 2042 1101 2072 Theodosio
1134 2043 1278 2073 eiusdem

203 2086 289 2117 urbis
299 2086 474 2127 Episcopo,
486 2097 584 2128 quem
598 2086 822 2118 adnotavimus
838 2087 945 2118 sedem
961 2087 1107 2117 eamdem
1118 2097 1203 2118 anno
1217 2087 1278 2118 518

203 2130 432 2161 conscendisse.

270 2175 366 2205 Hunc
382 2175 490 2215 potius
508 2176 661 2206 loannem
680 2175 915 2213 scholasticum,
936 2186 1035 2217 quarn
1051 2175 1189 2216 priorem
1205 2176 1278 2217 Scy-

196 2218 374 2260 pthopoleos
397 2216 581 2251 Antistitem
604 2220 787 2251 lucubrasse
818 2219 938 2250 scholia
960 2220 993 2250 in
1018 2229 1115 2260 opera
1138 2221 1278 2261 Areopa-

200 2263 312 2304 gitica,
340 2273 468 2303 gravem
491 2264 640 2305 ingerunt
663 2264 879 2295 coniecturam
902 2265 1059 2295 nonnulla
1081 2264 1278 2295 scholiorum

201 2308 283 2346 loca,
300 2308 573 2340 animadversione
590 2309 783 2349 dignissima.
811 2309 845 2339 ln
862 2309 991 2339 Scholio
1015 2309 1055 2339 ad
1072 2316 1167 2349 caput
1182 2320 1224 2339 vn
1240 2310 1278 2340 de

202 2352 326 2388 caelesti
350 2352 544 2391 Hierarchia‚
569 2353 597 2394 §-
618 2354 634 2384 3
652 2353 729 2384 haec
748 2353 923 2384 habentur:
944 2366 958 2380 ‹
972 2353 1012 2384 In
1033 2354 1168 2384 caelum.
1194 2354 1278 2385 Nota

197 2393 220 2439 J»
242 2403 351 2428 contra
374 2397 565 2436 Basilianos,
591 2397 655 2428 sive
677 2397 899 2436 Nestorianos‚
925 2398 1030 2428 lesum
1054 2397 1219 2429 Christum
1243 2405 1278 2429 ut

196 2453 218 2477 ρ
241 2440 407 2472 hominem
430 2441 463 2471 in
488 2442 591 2473 caelos
614 2449 827 2482 assumptum,
851 2442 959 2482 ipsum
977 2442 1073 2472 etiam
1098 2442 1277 2473 Dominum

203 2498 218 2513 »
241 2485 390 2515 omnium
414 2486 583 2526 spirituum
600 2492 630 2516 et
644 2487 764 2526 Regem
781 2486 899 2526 gloriae
921 2486 1081 2516 existere.»
1108 2486 1149 2516 Et
1171 2487 1211 2516 ad
1228 2497 1276 2517 ca-

198 2525 260 2573 put
274 2539 317 2559 vn
332 2529 371 2560 de
388 2530 595 2561 ecclesiastica
614 2530 796 2561 Hierarchia
816 2540 904 2561 num.
917 2530 982 2571 3,§.
994 2538 1024 2571 7:
1045 2543 1060 2558 α
1073 2530 1117 2560 Et
1129 2536 1274 2563 sanctam

197 2586 218 2608 ,ι
241 2574 341 2604 illam.
367 2574 515 2614 Intelligit
531 2582 672 2606 sanctam
690 2574 779 2604 illam
798 2574 1043 2613 confessionem,
1066 2575 1112 2605 Tu
1130 2585 1163 2605 es
1181 2575 1274 2606 Chri-

203 2630 217 2645 »
239 2622 309 2649 stus
321 2618 420 2660 filius
434 2619 498 2649 Dei
513 2620 595 2657 vivi;
609 2619 698 2660 quod
714 2619 890 2650 notandum
909 2625 956 2649 est
975 2626 1084 2649 contra
1100 2619 1275 2653 Basilianos

202 2675 217 2690 ›
240 2669 272 2693 et
288 2662 494 2693 Nestorianos
511 2670 541 2694 et
557 2663 763 2694 paulianistas
780 2670 811 2694 et
826 2663 954 2694 similes.
967 2675 982 2690 ιν
1001 2664 1100 2704 Atqui
1115 2674 1272 2704 nusquam

199 2706 278 2744 alibi
295 2708 440 2748 reperias
457 2705 594 2749 (optima
611 2707 765 2748 Lequieni
784 2707 1015 2738 animadversio
1036 2714 1097 2746 est,
1114 2708 1234 2739 dissert.
1247 2707 1273 2739 11

198 2750 425 2796 Damascenm.
439 2750 491 2794 12)
505 2752 717 2783 Nestorianos
732 2753 892 2792 appellari
900 2752 1095 2783 Basilianos.
1111 2752 1207 2783 Haec
1216 2763 1273 2785 aue

199 2799 261 2838 tem
272 2796 445 2836 appellatio
455 2797 495 2827 ab
505 2797 571 2828 alio
587 2802 720 2827 auctore
735 2797 837 2827 indita
848 2797 894 2827 eis
903 2806 971 2827 esse
982 2807 1045 2827 non
1051 2798 1168 2837 potuit,
1176 2807 1273 2837 prae-

198 2844 345 2881 terquam
357 2850 378 2870 a
389 2839 513 2871 Ioanne
520 2841 795 2882 Scythopolitano,
807 2842 863 2882 qui
873 2842 973 2872 variis
981 2842 1110 2882 scriptis
1119 2851 1139 2871 a
1149 2841 1273 2872 Basilio

199 2882 302 2927 Cilice
316 2884 535 2923 Antiochenae
552 2886 717 2916 Ecclesiae
730 2885 923 2927 Presbytero
940 2886 1117 2923 lacessitus,
1128 2886 1272 2917 eumdem

199 2926 372 2969 Basiliam,
397 2934 560 2970 tamquam
585 2930 837 2961 versutissimum
862 2930 1078 2960 Nestorianae
1101 2931 1274 2970 impietatis

193 2977 469 3013 propagatorem,
501 2974 722 3005 antirrheticis
748 2974 1026 3004 dissertationibus
1058 2974 1274 3016 traduxerat,†

200 3015 299 3046 veluti
323 3022 439 3048 narrat
453 3017 586 3048 Photius
609 3019 641 3048 in
661 3018 877 3049 Bibliothecae
900 3018 1060 3049 codicibus
1077 3029 1137 3048 xcv
1153 3025 1184 3049 et
1199 3029 1273 3051 cv11.

199 3061 204 3064 '
267 3059 409 3090 lamvero
433 3061 497 3091 sive
521 3062 716 3092 scholiorum
742 3062 774 3092 in
798 3062 1019 3102 Areopagitica
1045 3069 1156 3094 auctor
1179 3062 1273 3094 fuerit

199 3103 334 3134 Ioannes
365 3104 646 3145 Scythopolitanus
677 3106 816 3137 Antistes
845 3107 910 3137 sive
935 3107 1068 3137 loannes
1097 3107 1174 3137 alter
1197 3107 1272 3148 Scy-

199 3147 418 3188 thopolitanus
437 3149 642 3180 scholasticus
663 3157 694 3181 et
717 3150 894 3182 causidicus
913 3149 996 3193 (qua
1011 3151 1044 3181 in
1060 3161 1092 3182 re
1109 3161 1175 3182 non
1192 3152 1272 3182 adeo

199 3198 346 3222 constans
369 3192 494 3223 videtur
517 3203 609 3233 saepe
627 3194 774 3225 laudatus
793 3194 994 3238 Lequienus)
1013 3196 1106 3236 plura
1125 3195 1271 3235 colligere

199 3246 339 3278 pronum
367 3243 429 3267 est:
460 3247 485 3267 1.
511 3237 632 3268 Eadem
661 3248 758 3278 opera
786 3246 857 3270 ante
882 3239 1272 3279 Constantinopolitanam

198 3280 273 3323 anni
300 3281 360 3311 532
386 3281 600 3320 collationem,
624 3288 695 3312 tum
718 3282 880 3314 haereticis
903 3283 1100 3321 hominibus,
1128 3290 1199 3314 tum
1221 3294 1271 3314 or-

198 3323 346 3355 thodoxis
363 3332 438 3356 nota
455 3325 561 3356 fuisse:
584 3335 614 3356 z.
630 3326 752 3359 Eadem
768 3327 807 3357 ab
823 3327 985 3358 haereticis
1005 3327 1144 3359 adhibita
1163 3334 1272 3358 contra

197 3365 295 3403 fidem
325 3369 534 3400 catholicam:
566 3370 668 3411 deque
691 3370 752 3401 illis
781 3371 862 3402 inter
888 3370 1083 3403 orthodoxos
1111 3371 1272 3402 dubitasse

198 3413 392 3455 nonnullos,
431 3424 511 3444 num
547 3414 656 3454 potius
688 3415 987 3455 Apollinaristarum
1015 3415 1119 3445 foetus
1147 3422 1269 3446 essent:

201 3457 229 3494 3.
241 3457 375 3488 Saeculo
399 3464 506 3488 tamen
529 3464 616 3488 sexto
640 3457 780 3497 ineunte,
800 3459 850 3489 vel
869 3459 964 3489 etiam
987 3459 1100 3499 quinto
1123 3466 1269 3498 vergente

197 3499 238 3530 ad
260 3500 378 3540 finem,
413 3502 540 3532 scholiis
573 3502 638 3532 suis
666 3502 887 3543 Areopagitica
918 3502 1088 3533 illustrasse
1116 3503 1274 3533 Ioannem*

197 3544 514 3588 Scythopolitanum3
539 3546 650 3582 eadem
666 3546 762 3577 etiarn
781 3546 932 3587 eripuisse
948 3545 1180 3587 Apollinaristis
1196 3546 1273 3576 hae-·

195 3589 308 3627 reficis,
319 3596 484 3631 tamquam
499 3590 695 3628 auctoribus;
711 3601 746 3621 ac
760 3591 830 3621 data
846 3590 1010 3621 occasione
1026 3591 1268 3629 demonstrasse,
1298 3620 1301 3622 ,

193 3640 352 3673 quantum
381 3635 530 3675 dogmata
558 3635 590 3665 in
620 3635 739 3666 eisdem
773 3642 920 3666 contenta
949 3634 1091 3665 differe‘nt
1119 3645 1138 3664 a
1164 3641 1267 3665 vetere

2326 287 2407 322 cx'L1

1336 360 1476 400 qualibet
1506 360 1645 398 haeresi,
1676 370 1712 391 ac
1742 370 1825 391 nova
1855 360 1991 391 maxime
2019 361 2319 403 Monophysitarum
2349 375 2405 395 seu

1335 404 1619 445 Eutychianorum.

1404 449 1454 479 lll.
1480 449 1605 479 Eodem
1628 456 1772 489 tempore
1788 449 1920 479 florebat
1942 449 2163 490 Ephraemius,
2187 449 2331 490 pluribus
2347 462 2406 492 pro

1336 492 1467 533 Synodo
1487 492 1739 523 Calchedonensi
1763 493 1883 533 scriptis
1907 493 1997 524 editis
2022 492 2141 532 clarus,
2166 504 2247 534 quae
2274 494 2407 526 Photius

1336 544 1475 567 recenset
1498 537 1659 568 codicibus
1683 548 1815 568 ccxxvm
1839 544 1870 568 et
1893 544 2053 578 sequente.
2078 537 2170 568 Rexit
2186 538 2281 569 etiam
2296 539 2407 569 Antio-

1336 581 1470 611 chenam
1498 582 1606 612 sedem
1633 582 1672 612 ab
1696 592 1781 612 anno
1808 583 1869 623 527
1894 582 1934 612 ad
1957 591 2079 612 annum
2107 583 2180 621 545,
2205 589 2241 613 ut
2270 583 2407 613 calculos

1336 625 1518 656 subducunt
1541 626 1723 666 Lequienus
1747 626 1779 656 in
1799 625 1928 657 Oriente
1953 625 2122 656 christiano
2147 633 2177 657 et
2195 626 2349 658 Boschius
2370 627 2408 658 de

1335 670 1520 700 Patriarchis
1536 670 1743 700 Antiochenis
1759 677 1850 701 tomo
1868 671 1910 701 IV
1925 670 1993 701 iulii
2009 670 2090 701 inter
2108 672 2187 701 Acta
2204 670 2403 702 Sanctorum.

1335 714 1555 754 Areopagitica
1572 724 1668 754 opera
1683 715 1791 745 laudat
1806 714 1870 752 ille,
1892 714 2054 756 utiturque
2071 715 2255 745 testimonio
2271 726 2308 746 ex
2326 715 2407 746 libro

1336 758 1374 788 de
1405 758 1527 788 Divinis
1555 758 1747 789 Nominibus
1778 759 1957 799 desumpto.
1990 759 2093 790 Verba
2121 759 2188 789 eius
2219 767 2293 790 sunt
2321 760 2408 800 apud

1335 801 1488 832 Photium
1511 802 1619 833 codice
1644 813 1753 832 ccxxix
1781 803 1867 833 iuxta
1894 803 2073 834 versionem
2101 804 2245 834 Andreae
2269 803 2405 835 Schotti:

1335 847 1379 876 Et
1402 856 1500 876 unam
1519 856 1712 887 personam,
1738 847 1797 877 hoc
1820 852 1866 877 est
1895 847 1988 877 Verbi
2010 849 2174 878 incarnati
2195 848 2406 888 hypostasim,

1330 892 1597 931 pronunciamus.
1618 890 1883 930 Quandoquidem
1900 892 2072 931 simplicem
2082 893 2176 932 ponit
2191 892 2298 923 Iesum
2314 892 2408 923 divus

1334 935 1516 975 Dionysius
1538 935 1737 975 Areopagita
1761 932 1814 976 (in
1837 935 1918 965 libro
1943 935 1980 965 de
2005 936 2125 966 Divinis
2146 935 2353 979 Nominibus)
2378 941 2409 967 et

1335 978 1375 1008 de
1397 979 1599 1019 hypostatica
1622 978 1748 1019 quidem
1773 979 1892 1009 unione
1911 980 1991 1009 iuste
2014 986 2127 1010 contra
2145 982 2298 1021 pietatem
2323 983 2407 1012 com'-

1329 1024 1470 1062 positum
1486 1022 1625 1059 dicitur;
1641 1024 1846 1062 compositum
1864 1033 1938 1053 vero
1952 1023 2059 1054 dicere
2074 1034 2164 1054 nemo
2179 1025 2298 1056 audeat
2307 1034 2407 1065 prae-

1335 1071 1385 1096 ter
1394 1067 1642 1106 Apollinarium.
1663 1066 1819 1096 Vitiosam
1837 1067 1955 1106 corrige
1971 1068 2224 1099 translationem:
2246 1069 2406 1106 Quoniam

1335 1116 1365 1140 et
1378 1110 1516 1150 simplex
1523 1110 1616 1140 Iesus
1630 1111 1888 1150 componebatur,
1903 1110 1918 1141 ὁ
1939 1110 2066 1148 ἁπλοῦς
2082 1111 2214 1149 Ἰησοῦς
2229 1110 2403 1153 συνετέθὴ,

1335 1154 1510 1185 secundum
1540 1159 1686 1184 sanctum
1715 1155 1946 1196 Areopagitam
1975 1156 2181 1196 Dionysium.
2212 1158 2338 1188 Etenim
2367 1158 2408 1188 de

1336 1199 1455 1229 unione
1476 1198 1651 1228 secundum
1672 1198 1870 1238 hypostasim
1891 1201 1973 1230 iuste
1987 1200 2028 1230 ab
2050 1202 2118 1240 ipsa
2138 1202 2259 1240 pietate
2282 1212 2406 1242 compo-

1334 1244 1430 1273 situm
1454 1242 1584 1280 dicitur,
1611 1241 1706 1285 παραὶ
1726 1241 1788 1279 τῆς
1811 1241 1980 1282 ἐυσεβείας
1998 1243 2040 1276 τό
2057 1238 2238 1276 σύνδετον;
2260 1246 2406 1276 substan-

1335 1287 1412 1317 tiam
1429 1292 1536 1317 autem
1553 1288 1769 1327 compositam,
1796 1281 1957 1319 σύνθετον
1978 1282 2015 1319 δὲ
2037 1288 2166 1329 οὐσίαν,
2194 1300 2285 1320 nemo
2301 1290 2408 1321 dicere

1335 1341 1436 1362 ausus
1460 1336 1506 1361 est
1523 1336 1660 1371 praeter
1681 1332 1931 1372 Apollinarium.

1725 1443 1935 1480 CAPUT
1972 1445 2018 1481 V.

1334 1547 1373 1571 De
1392 1546 1443 1571 alio
1462 1546 1703 1579 Areopagiticorum
1722 1547 1879 1577 Scholiaste,
1905 1548 2032 1581 Dionysio
2051 1549 2240 1580 Alexandrino,
2260 1550 2405 1583 inquiritur.

1405 1583 1447 1606 An
1466 1582 1565 1612 eadem,
1585 1590 1652 1615 quae
1671 1583 1781 1608 Ioannes
1800 1583 2028 1616 scythopolitanus
2049 1585 2200 1615 lucubravit,
2216 1585 2333 1618 Dionysii
2347 1587 2407 1611 Ale-

1404 1617 1521 1642 xandrini
1546 1618 1652 1643 nomine
1677 1623 1827 1651 praenotata
1851 1619 1950 1644 scholia
1979 1619 2088 1645 fuerint?
2113 1620 2179 1651 Quis
2203 1621 2246 1646 ille
2265 1621 2407 1654 Dionysius

1405 1652 1615 1678 Alexandrinus?
1645 1654 1739 1686 Magno
1764 1655 1890 1688 Dionysio
1914 1655 2085 1680 Alexandriae
2109 1656 2241 1689 Episcopo
2271 1665 2408 1690 perperam

1406 1688 1462 1721 ipsa
1481 1689 1660 1722 Areopagitica
1682 1697 1762 1722 opera
1785 1690 1920 1715 tribuenda
1945 1691 2046 1715 coniicit
2070 1692 2179 1716 Ioannes
2203 1691 2339 1725 Philippus
2359 1694 2407 1717 Ba-

1406 1724 1523 1749 raterius.

1336 1821 1358 1852 I.
1382 1815 1507 1899 Non
1531 1823 1624 1864 pauci
1647 1823 1945 1864 Areopagiticorum
1969 1834 2104 1864 operum
2128 1825 2331 1865 Scholiastae,
2352 1837 2409 1858 no-

1464 1867 1550 1898 mine
1566 1877 1748 1908 suppresso,
1766 1875 1983 1899 memorantur
1999 1869 2031 1899 in
2048 1869 2182 1900 Scholiis
2199 1880 2280 1911 quae
2302 1881 2325 1902 s.
2343 1871 2409 1902 Ma-

1333 1909 1422 1943 ximo
1441 1912 1624 1943 tribuuntur
1647 1911 1680 1942 in
1704 1912 1842 1943 editione
1867 1912 2070 1951 Corderiana,
2095 1922 2158 1954 qua
2178 1921 2260 1945 utor.
2285 1915 2336 1945 Ad
2361 1925 2410 1946 ca-

1335 1964 1393 1995 put
1416 1967 1447 1987 xi
1476 1956 1514 1987 de
1544 1956 1666 1987 Divinis
1688 1956 1898 1995 Nominibus,
1922 1957 1950 1998 ξ.
1973 1967 1989 1987 2
2016 1957 2092 1987 haec
2121 1957 2293 1989 habentur:
2326 1972 2340 1987 α
2360 1960 2412 1991 Ad

1337 2012 1352 2026 »
1375 2002 1537 2042 integram
1558 2002 1723 2032 unitatem.
1750 2001 1907 2041 Integram
1924 2001 2078 2032 unitatem
2094 2002 2192 2043 aliqui
2215 2002 2347 2043 quidem
2362 2003 2408 2035 in-

1338 2056 1351 2070 »
1375 2045 1560 2076 tellexerunt
1584 2045 1762 2086 simplicem
1791 2052 1884 2086 atque
1908 2045 2106 2076 individuam
2130 2056 2236 2077 rerum
2259 2058 2407 2087 causam,

1337 2101 1351 2115 1>
1374 2090 1414 2120 ad
1438 2100 1536 2131 quam
1560 2089 1669 2120 omnia
1693 2099 1843 2120 conversa
1867 2097 1960 2128 sunt,
1993 2097 2029 2121 ut
2051 2100 2132 2131 quae
2156 2091 2189 2122 in
2212 2091 2280 2131 ipsa
2303 2092 2406 2123 consi-

1337 2145 1351 2159 »
1374 2141 1473 2164 stant:
1499 2133 1551 2165 alii
1575 2144 1650 2164 vero
1674 2144 1863 2175 compagem
1880 2134 2017 2165 universi
2037 2144 2073 2165 ex
2089 2135 2251 2167 elementis
2268 2136 2406 2168 diversae

1337 2191 1350 2206 >v
1374 2185 1503 2209 naturae
1527 2185 1806 2219 contemperatam.
1822 2191 1836 2205 ›>
1865 2179 1947 2220 Inter
1970 2189 2036 2217 eos,
2059 2178 2190 2210 honoris
2214 2190 2322 2219 causa,
2348 2191 2404 2219 no-

1333 2223 1419 2253 mine
1443 2222 1573 2264 proprio
1597 2229 1689 2254 vocat
1707 2223 1862 2263 Magnum
1881 2222 2084 2264 Dionysium,
2104 2223 2311 2254 Alexandriae
2330 2225 2404 2265 Epi-

1333 2277 1469 2307 scopum
1498 2274 1528 2298 et
1551 2274 1728 2305 oratorem,
1758 2267 1798 2297 ad
1826 2273 1920 2307 caput
1943 2277 1963 2296 v
1987 2267 2025 2298 de
2055 2267 2178 2298 caelesti
2202 2267 2403 2300 Hierarchia:

1330 2312 1350 2339 ⁷«
1376 2311 1538 2342 Caelestes
1552 2312 1714 2342 essentias.
1731 2310 1798 2341 Cur
1814 2321 1920 2351 porro,
1932 2321 2007 2342 curn
2016 2311 2155 2342 Ecclesia
2171 2312 2272 2343 tradat
2293 2323 2405 2344 omnes

1327 2355 1349 2383 '»
1373 2363 1498 2386 sanctos
1516 2355 1657 2395 Angelos
1681 2355 1776 2385 unius
1801 2365 1867 2385 esse
1891 2355 2093 2392 substantiae,
2119 2355 2210 2386 divus
2231 2356 2405 2398 Dionysius

1335 2413 1349 2427 2>
1372 2400 1488 2430 multas
1507 2399 1637 2430 virtutes
1661 2397 1827 2430 nominat?
1850 2400 1986 2439 Magnus
2005 2399 2057 2430 ille
2076 2400 2250 2441 Dionysius
2270 2396 2405 2432 Alexan-

1335 2457 1348 2471 »
1372 2444 1456 2474 driae
1473 2443 1652 2484 Episcopus
1668 2450 1698 2473 et
1714 2450 1829 2482 orator,
1846 2443 1879 2474 in
1894 2443 2022 2474 scholiis
2037 2454 2055 2474 a
2071 2454 2104 2474 se
2120 2444 2153 2475 in
2170 2445 2199 2475 b.
2211 2444 2405 2486 Dionysium

1334 2501 1348 2515 »
1372 2487 1430 2518 sibi
1447 2487 1674 2528 cognominem
1690 2487 1896 2526 concinnatis,
1913 2495 2002 2518 notat
2018 2495 2075 2519 etc.
2091 2501 2105 2516 »

1397 2533 1507 2563 Petrus
1522 2531 1700 2562 Halloixius
1715 2532 1900 2573 quaestione
1911 2532 1938 2562 11
1954 2532 1992 2562 de
2002 2532 2074 2563 Vita
2089 2539 2120 2563 et
2129 2532 2288 2573 Operibus
2298 2533 2401 2565 s.Dio-

1330 2576 1412 2618 nysii
1435 2575 1644 2617 Areopagitae
1672 2576 1988 2607 animadvertendum
2011 2577 2179 2617 proponit:
2210 2587 2276 2607 non
2300 2578 2401 2609 dicere

1329 2632 1354 2652 s.
1371 2620 1549 2652 Maximum
1577 2630 1652 2651 eum
1689 2620 1848 2661 scripsisse
1873 2621 1905 2650 in
1929 2621 2125 2661 Dionysium
2149 2622 2398 2663 Areopagitam,

1329 2666 1385 2696 sed
1413 2665 1445 2695 in
1473 2665 1669 2706 Dionysium
1699 2665 1760 2695 sibi
1788 2666 2034 2705 cognominem‚·
2063 2666 2139 2696 tales
2167 2672 2275 2709 autem
2304 2666 2399 2697 fuisse

1329 2709 1460 2748 multos,
1481 2709 1674 2750 Dionysium
1690 2709 1932 2740 Corinthiorum
1947 2709 2145 2750 Episcopum
2162 2716 2192 2740 et
2207 2710 2399 2751 Dionysium

1328 2755 1449 2795 Papam
1477 2754 1681 2796 Romanum:
1715 2754 1859 2794 adeoque
1891 2761 1975 2784 certo
2005 2753 2065 2784 dici
2094 2764 2159 2784 non
2185 2764 2278 2793 posse
2309 2754 2399 2795 loqui

1328 2798 1506 2829 Maximum
1529 2798 1568 2828 de
1591 2798 1794 2838 Areopagita‚
1818 2808 1853 2828 ac
1877 2808 1942 2828 non
1966 2798 2074 2837 potius
2098 2798 2136 2828 de
2161 2797 2338 2828 Corinthio.
2363 2798 2400 2829 Si

1329 2844 1424 2880 enim,
1449 2842 1553 2883 inquit
1569 2840 1632 2880 ille,
1649 2843 1880 2883 Areopagitam
1901 2842 2118 2880 intellexisset,
2137 2843 2258 2882 potius,
2277 2848 2311 2872 ut
2323 2841 2399 2883 fert

1327 2889 1520 2927 scriptorum
1545 2887 1751 2923 consuetudo,
1775 2888 1822 2917 sic
1845 2887 1970 2917 Iocutus
1983 2886 2122 2927 fuisset:
2148 2887 2180 2916 in
2199 2886 2298 2923 notis,'
2317 2896 2399 2927 quas

1326 2933 1455 2972 scripsit
1478 2932 1510 2961 in
1534 2932 1620 2962 hunc
1648 2933 1750 2971 ipsum
1774 2931 1990 2971 Dionysium:
2016 2931 2134 2971 agebat
2157 2931 2238 2960 enim
2268 2935 2334 2960 tum
2358 2931 2398 2962 de

1326 2977 1487 3017 Dionysio
1510 2976 1719 3016 Areopagita.
1743 2976 1864 3006 Verum
1881 2974 1966 3005 enim
1981 2984 2055 3004 vero
2071 2974 2156 3004 hunc
2172 2974 2397 3014 Areopagitam

1328 3027 1463 3061 utroque
1488 3020 1587 3050 modo
1612 3019 1769 3050 nominari
1792 3019 1953 3060 potuisse,
1985 3018 2175 3058 scriptorum
2198 3019 2396 3049 consuetudo

1327 3064 1406 3094 ferre
1429 3064 1562 3094 videtur.
1587 3064 1639 3094 Ad
1662 3064 1749 3102 haec,
1774 3073 1830 3104 par
1845 3070 1891 3094 est
1905 3063 2059 3104 loquendi
2083 3062 2199 3093 modus
2215 3073 2281 3103 quo
2298 3062 2397 3093 utitur

1327 3108 1512 3140 Anastasius
1528 3108 1656 3146 Sinaita,
1671 3107 1726 3148 qui
1744 3108 1857 3138 eodem
1874 3107 1912 3137 de
1928 3114 2115 3147 argumento
2132 3106 2195 3147 agit
2210 3106 2243 3136 in
2263 3100 2395 3151 Ὁδηγῶ

1327 3152 1427 3193 capite
1446 3160 1523 3182 xxn:
1543 3153 1682 3190 Rursus,
1706 3151 1871 3192 inquiens,
1897 3161 1968 3182 cum
1992 3151 2137 3181 Ecclesia
2161 3150 2273 3181 doceat
2295 3161 2393 3182 unam

1326 3207 1394 3227 esse
1416 3197 1617 3238 Angelorum
1641 3196 1873 3233 substantiam;
1896 3195 1977 3226 idem
2001 3195 2130 3226 divinus
2149 3201 2179 3225 et
2201 3196 2395 3235 apostolicus

1325 3241 1506 3281 Dionysius
1529 3242 1675 3271 nominat
1696 3249 1855 3280 supernas
1878 3241 2012 3270 virtutes
2041 3239 2159 3269 multas
2187 3239 2392 3270 substantias.

1324 3285 1367 3316 At
1383 3286 1530 3326 Magnus
1543 3285 1725 3325 Dionysius
1739 3283 1993 3321 Alexandrinus,
2018 3293 2059 3313 ex
2079 3284 2242 3313 rhetorum
2261 3293 2394 3313 numero

1324 3329 1502 3369 Episcopus
1519 3328 1648 3369 factus,
1674 3329 1706 3358 in
1730 3328 1858 3358 scholiis
1880 3337 1963 3368 quae
1985 3328 2113 3367 scripsit
2136 3328 2168 3357 in
2192 3327 2252 3357 sibi
2275 3337 2392 3367 cogno-

1325 3374 1441 3403 minem
1465 3373 1672 3412 Dionysium,
1689 3372 1769 3402 haec
1783 3372 1876 3402 habet
1899 3377 1956 3402 etc.
1980 3371 2102 3401 Eadem
2125 3370 2187 3401 fere
2209 3377 2283 3400 sunt
2299 3371 2393 3401 verba

1324 3416 1479 3446 Anastasii
1496 3422 1527 3446 et
1542 3415 1688 3450 Maximi:
1713 3425 1779 3456 quo
1803 3422 1909 3445 tamen
1932 3415 2005 3445 loco
2030 3414 2229 3454 cognominis
2248 3413 2300 3444 ille
2315 3414 2393 3444 Dio-

1323 3460 1433 3501 nysius
1456 3459 1588 3498 intelligi
1612 3459 1677 3489 sine
1702 3459 1800 3489 dubio
1823 3459 1946 3488 videtur
1968 3458 2169 3498 Areopagita.
2197 3459 2278 3488 Rem
2302 3458 2394 3498 ponit

1323 3510 1407 3534 extra
1430 3502 1676 3533 controversiam
1698 3503 1832 3533 Ioannes
1856 3502 2080 3543 Cyparissiota,
2106 3509 2319 3542 cognomento
2339 3502 2392 3533 Sa-

1323 3547 1421 3587 piens.
1447 3547 1586 3577 Decades
1610 3546 1676 3576 eius
1700 3547 1739 3576 de
1765 3546 1942 3586 Theologia
1959 3546 2139 3587 Symbolica
2166 3546 2322 3577 habentur
2344 3553 2392 3577 to-

1322 3601 1377 3622 mo
1401 3591 1473 3622 XXI
1497 3590 1719 3631 Lugdunensis
1742 3590 1957 3623 Bibliothecae
1980 3590 2119 3620 Patrum.
2145 3590 2269 3621 Decade
2288 3589 2393 3631 prima

1322 3635 1422 3676 capite
1446 3646 1456 3665 1
1480 3645 1554 3665 cum
1577 3634 1832 3675 Areopagiticam
1848 3634 2035 3665 sententiam
2058 3645 2095 3664 ex
2118 3634 2261 3675 Epistola
2281 3635 2320 3664 ad
2336 3634 2392 3665 Ti-
