2548 4192
942 260 997 296 IN
1029 259 1066 295 S.
1089 258 1331 295 THOMAM
1360 259 1683 306 AQUINATEM

580 341 792 378 CAPUT
836 341 916 376 III.

210 439 376 470 Adscififius,
396 437 498 463 tametsi
522 441 658 467 vetustus,
682 436 794 460 Catenae
814 435 918 459 titulus:
944 434 1115 467 primigenius
1141 433 1286 465 inquiritur.

281 476 372 500 Patres
398 474 594 506 scriptoresque
617 471 798 500 ecclesiastici,
818 478 887 502 quos
911 470 937 494 in
961 470 1054 494 eodem
1076 469 1164 501 Opere
1183 468 1286 493 concin-

281 510 368 542 nando
381 509 498 535 adhibuit
512 508 638 533 Th0mas.
654 506 757 532 Ioannis
772 506 870 531 Nicolai
886 506 988 530 labores
1004 510 1029 530 et
1048 512 1124 529 curae
1140 505 1286 529 laudantur.

210 612 234 642 l.
327 608 480 640 raeclarae
503 605 738 647 Expositionis‚
762 615 862 645 quam
885 604 1033 635 Thomae
1057 612 1167 636 nostro
1187 605 1286 646 Aqui-

234 662 237 663 ’
327 653 392 684 nati
415 652 507 684 certis
539 658 570 682 et
591 649 790 680 inconcussis
821 650 1015 689 argumentis
1039 650 1190 680 hactenus
1219 650 1286 680 vin-

211 699 396 735 dicavimus,
412 697 613 738 primaevum
632 695 670 724 ab
690 694 761 735 ipso
777 700 906 724 auctore
925 693 1116 735 impositum
1135 695 1286 736 perquiro

209 744 350 776 titulum.
376 743 510 772 loannes
532 740 682 771 Albertus
705 738 867 769 Fabricius
891 738 923 769 in
948 739 1145 770 Bibliotheca
1177 749 1287 779 graeca

209 789 291 820 libro
310 788 351 827 V,
367 797 434 827 cap.
450 796 524 824 xvn,
539 794 630 815 num.
657 794 683 822 1,
703 783 767 814 vol.
783 783 839 814 Vll
856 783 911 814 ubi
929 783 1070 815 Catenas
1086 784 1285 815 Graecorum

211 835 243 864 in
267 841 384 864 sacrae
406 831 596 871 Scripturae
619 829 718 859 libros
737 835 887 866 recenset,
907 829 950 859 sic
970 828 1080 860 habet:
1109 842 1123 857 «
1144 829 1288 860 Catenae

213 890 228 906 x»
251 884 360 908 autem
382 874 541 906 vocabulo
572 873 713 914 primus,
737 873 770 904 ni
803 871 915 911 fallor,
939 873 1001 904 hoc
1025 883 1119 904 sensu
1149 884 1226 904 usus
1250 884 1287 904 ex

213 934 228 950 ιν
251 921 371 954 Latinis
389 920 536 951 Thomas
550 917 695 959 Aquinas
719 924 781 948 est:
807 927 882 947 nam
897 917 1008 948 Graeci
1027 918 1159 959 quidem
1173 918 1287 958 scripta

214 979 229 995 »
251 961 440 998 huiusmodi
462 970 578 995 vocant
602 959 771 1005 ἑπιτομοὶς
794 959 970 1005 ὲρμηνειῶν
992 970 1027 993 ut
1045 963 1132 1003 apud
1151 963 1287 994 Lambe-

213 1024 228 1039 »
252 1011 338 1042 cium
362 1010 403 1040 111
434 1019 506 1050 pag.
530 1008 572 1038 60
603 1007 668 1038 sive
699 1006 876 1050 ἑρμηνείαν
907 1004 1197 1049 συνερανισθεῖσαν
1223 1007 1287 1037 sive

213 1069 228 1084 »
252 1053 413 1100 ἐξήγησιν
438 1052 657 1097 συλλεγεῖσαν
684 1050 721 1082 ἐκ
745 1045 913 1093 ’διαφόρων
939 1049 1098 1095 πατέρων
1123 1059 1181 1083 etc.
1212 1052 1287 1082 Non

214 1114 229 1130 »
252 1100 387 1132 absurde
411 1105 518 1129 autem
545 1097 688 1128 Catenae
711 1096 907 1127 vocabulum
932 1096 1017 1127 hisce
1041 1096 1163 1137 scriptis
1187 1096 1288 1136 appli-

214 1158 229 1174 »
252 1151 360 1182 catur,
383 1142 539 1184 quoniam
572 1148 608 1172 ut
631 1148 740 1171 catena
768 1150 805 1171 ex
834 1140 978 1180 pluribus
1009 1148 1133 1172 constat
1163 1140 1288 1172 annulis

214 1202 230 1218 ›
251 1189 333 1220 inter
355 1197 389 1218 se
411 1186 578 1225 connexis,
603 1185 647 1216 sic
666 1185 737 1215 illae
759 1185 992 1225 expositionem
1010 1185 1167 1216 librorum
1186 1195 1288 1216 sacro-

214 1246 230 1262 »
252 1243 326 1264 rum
341 1241 378 1263 ex
392 1230 537 1272 plurimis
553 1230 744 1270 scriptorum
760 1229 903 1270 cogitatis
919 1236 1099 1260 contextam
1119 1229 1285 1261 offerunt.»

211 1277 422 1319 Aptissimum
435 1275 583 1306 vocabuli
605 1274 758 1312 Catenae,
779 1273 966 1304 huiusmodi
989 1274 1111 1315 scriptis
1131 1274 1289 1315 adplicati,

211 1321 504 1366 interpretationem
527 1319 701 1360 accipimus
716 1329 734 1349 a
748 1317 909 1349 Fabricio:
935 1325 966 1349 at
985 1318 1103 1349 fallitur
1127 1319 1178 1350 ille
1201 1319 1290 1350 Tho—

190 1365 302 1399 mim
325 1365 520 1407 Aquinatem
543 1363 718 1404 proferens,
743 1362 799 1404 qui
814 1362 937 1403 primus
956 1363 1018 1394 hoc
1038 1373 1132 1394 sensu
1158 1374 1235 1395 usus
1250 1374 1289 1395 eo

211 1411 370 1443 vocabulo
394 1409 498 1440 fuerit.
523 1409 598 1439 Non
623 1407 723 1438 alium
746 1407 813 1448 ipse
830 1406 928 1447 Operi
946 1418 1006 1438 suo
1026 1408 1156 1439 titulum
1180 1409 1288 1439 inscri-

211 1456 355 1488 bendum
385 1453 587 1494 cogitaverit,
613 1451 672 1482 nisi
696 1462 794 1493 quem
817 1451 850 1482 in
866 1451 1018 1492 Epistolis
1049 1453 1290 1494 nuncupatoriis

212 1501 326 1532 diserte
349 1497 503 1541 proponit
535 1507 570 1528 ac
602 1496 764 1537 exprimit3
793 1496 826 1527 in
857 1497 961 1536 priore
992 1497 1032 1527 ad
1056 1498 1223 1529 Urbanum
1247 1498 1289 1529 IV

210 1545 384 1587 inquiens:
423 1543 566 1574 Sollicite
608 1542 746 1573 diversis
783 1541 950 1573 doctorum
994 1542 1085 1573 libris
1127 1542 1292 1583 praedicti

210 1589 388 1631 Evangelii
423 1586 623 1630 (secundum
656 1584 877 1628 Matthaeum)
909 1586 1151 1626 Expositionem
1191 1588 1288 1618 conti-

179 1647 181 1650 ·
213 1644 312 1666 naam
337 1633 524 1674 compilavi:
547 1638 578 1662 et
605 1631 639 1661 in
667 1630 763 1661 altera
791 1631 831 1660 ad
857 1631 1115 1662 Hannibaldum:
1143 1632 1288 1662 Ministe-

213 1680 300 1711 rium
323 1677 546 1719 Eat-positionis
568 1675 718 1706 adhibui.
807 1680 843 1706 ut
865 1681 1008 1716 quatuor
1029 1675 1287 1717 Evangeliorum

213 1723 456 1765 Expositionem
481 1720 727 1761 complerem...

214 1769 308 1800 tinua
332 1766 503 1808 praedicta
527 1770 714 1796 sanctorum
737 1763 907 1804 Expositio
930 1764 1131 1795 redderetur.
1162 1764 1289 1806 Cuique

213 1818 301 1854 patet
327 1810 427 1852 Operi
456 1819 516 1840 suo
544 1808 682 1839 inditum
713 1818 731 1838 a
754 1808 884 1839 Thoma
912 1808 1042 1839 titulum
1070 1809 1290 1850 Expositionis

214 1858 396 1889 continuae.

281 1899 486 1940 Diligentiam
499 1897 633 1929 Fabricii
648 1896 799 1937 fugerunt
812 1897 889 1928 haec
908 1897 1002 1928 verba
1017 1898 1115 1929 sancti
1129 1898 1290 1936 Doctoris3

214 1953 247 1978 at
269 1954 367 1977 suum
385 1942 494 1975 olfecit
511 1942 579 1983 ipse
603 1948 710 1972 tamen
734 1951 874 1972 errorem
897 1941 999 1982 capite
1018 1942 1113 1974 citato
1132 1953 1222 1973 num.
1241 1953 1290 1984 17,

214 1991 270 2023 ubi
293 1990 333 2021 de
359 1989 483 2020 Catena
516 1996 619 2018 aurea
651 1986 794 2017 eiusdem
817 1986 986 2027 Aquinatis
1010 1986 1184 2025 disserens,
1209 1987 1290 2017 hanc

213 2043 326 2067 notam
349 2032 509 2074 appingit:
537 2044 552 2059 α
571 2031 616 2062 Ita
629 2029 761 2071 (nempe
786 2029 925 2073 Catena)
940 2031 1119 2062 inscribitur
1137 2031 1170 2062 in
1186 2041 1290 2062 recen-

217 2093 232 2108 »
254 2079 389 2112 tioribus
413 2075 622 2114 editionibus;
642 2076 697 2106 sed
720 2075 753 2106 in
774 2075 1007 2116 antiquioribus
1022 2076 1116 2107 video
1143 2076 1290 2108 Glossam

217 2138 233 2154 2
256 2125 441 2157 continuam
475 2120 599 2158 vocari3
629 2120 702 2151 ideo
739 2120 851 2151 dubito
882 2120 947 2150 iam
984 2120 1130 2151 Thomas
1160 2131 1200 2152 ne
1223 2121 1290 2161 ipse

217 2182 232 2198 2
258 2169 401 2200 Catenae
423 2165 582 2196 vocabulo
615 2165 692 2195 usus
717 2164 830 2203 fuerit,
855 2165 901 2195 uti
925 2165 964 2195 ab
989 2175 1028 2196 eo
1052 2165 1173 2196 factum
1196 2175 1292 2206 supra

194 2216 198 2219 “
217 2227 233 2242 »
255 2213 356 2245 innui.
381 2211 438 2242 Est
456 2209 536 2240 mihi
555 2210 594 2240 ad
609 2219 724 2240 manus
744 2209 840 2240 editio
865 2209 939 2240 anni
968 2210 1050 2251 1476
1070 2210 1127 2241 fol.
1147 2210 1215 2240 sine
1228 2210 1291 2241 loci

217 2271 232 2286 »
255 2257 430 2289 notatione.
444 2267 459 2282 ι·
478 2255 583 2284 11111110
598 2254 718 2284 nullius
737 2253 942 2284 dubitationis
956 2253 1067 2285 locum
1085 2254 1178 2285 citata
1191 2255 1292 2296 Aqui-

214 2303 296 2338 natis
318 2301 414 2333 verba
443 2299 648 2340 relinquunt,
681 2308 763 2340 quae
796 2298 1038 2338 diligentissimo
1069 2298 1291 2340 bibliographo

214 2347 318 2388 legere
332 2345 454 2377 licebat.
479 2343 628 2374 Titulum
645 2343 780 2374 Glossae
793 2344 966 2374 continuae
980 2343 1212 2384 antiquioribus
1228 2344 1291 2374 edi-

214 2392 356 2424 tionibus
369 2388 508 2421 inditum
525 2388 656 2419 adnotat
675 2388 738 2418 ine:
749 2387 925 2428 allegatque
936 2387 1110 2419 editionem
1119 2388 1193 2419 anni
1210 2389 1291 2429 1476

215 2436 272 2468 fol.
292 2436 359 2467 sine
378 2432 441 2465 loci
455 2432 630 2463 notatione.
655 2434 698 2463 At
712 2431 908 2473 frequentius
924 2432 1078 2463 editiones
1097 2432 1292 2473 antiquiores

216 2480 363 2522 prodiere
378 2477 437 2510 sub
452 2477 514 2507 hoc
533 2476 645 2507 titulo:
668 2476 864 2507 Continuum
884 2477 990 2507 sancti
1008 2477 1156 2507 Thomae.
1182 2477 1292 2516 Ipsum

216 2524 307 2556 offert
339 2524 426 2564 apud
458 2521 640 2552 Echardum
671 2520 855 2560 exemplum
887 2521 971 2561 typis
1002 2520 1124 2551 editum
1153 2521 1292 2551 Venetiis

215 2579 300 2601 anno
331 2578 413 2610 1474
436 2569 469 2599 in
483 2575 521 2605 4,
537 2565 678 2606 itemque
702 2565 804 2605 prima
828 2565 924 2596 editio
949 2565 1096 2595 Romana
1119 2565 1193 2595 anni
1209 2575 1291 2606 1470

215 2613 271 2644 fol.
297 2623 397 2654 quam
427 2610 589 2643 Fabricius
621 2610 782 2650 ignorasse
810 2609 935 2640 videtur
963 2616 999 2640 ut
1030 2620 1067 2640 ex
1100 2609 1167 2640 eius
1191 2609 1292 2640 verbis

215 2657 384 2698 colligitur,
393 2664 475 2698 quae
486 2654 643 2685 habentur
653 2664 742 2684 num.
761 2665 797 2695 ¹7
809 2653 914 2684 citato:
929 2654 1054 2685 Prodiit
1063 2654 1104 2684 ab
1113 2664 1200 2684 anno
1207 2659 1292 2694 1474

215 2703 346 2743 saepius
367 2700 542 2743 separatim
567 2700 668 2730 variis
691 2700 724 2729 in
749 2694 850 2736 locis*;
872 2708 907 2729 ac
931 2698 957 2728 si
976 2698 1078 2739 prima
1097 2698 1191 2729 fuerit
1208 2698 1292 2729 illius

216 2746 291 2778 anni
319 2755 403 2788 1474
426 2743 534 2777 editio.

283 2790 459 2822 Parisinam
483 2787 655 2818 editionem
680 2787 755 2818 anni
785 2788 866 2829 1517
891 2786 1012 2827 profert
1040 2787 1222 2825 Echardus,
1247 2786 1292 2817 di-

217 2845 314 2876 gnam
337 2832 619 2866 animadversione.
636 2832 672 2862 In
694 2832 778 2862 calce
801 2831 877 2862 haec
891 2831 1062 2862 habentur:
1085 2832 1125 2862 Β.
1154 2830 1294 2862 Thomae

216 2881 389 2921 Aquinatis
401 2879 597 2910 Continuum
613 2878 645 2907 in
656 2882 798 2917 quatuor
806 2876 1036 2917 Evangelistas
1045 2877 1155 2907 multis
1170 2876 1294 2907 mendis

220 2930 341 2955 tersum
362 2923 461 2965 felici
483 2922 626 2962 auspicio
647 2921 752 2963 finem
781 2922 920 2961 suscepit
945 2921 977 2951 in
1000 2921 1176 2951 Academia
1199 2921 1292 2951 Pari-

219 2969 319 3001 siensi
341 2969 490 3008 expensis
512 2966 647 2997 Ioannis
674 2966 757 2996 Petit
779 2975 866 2995 anno
890 2965 980 3005 1517,
1006 2976 1027 2995 11
1048 2965 1114 2996 kal.
1142 2965 1292 3006 septemb.

221 3011 402 3052 Antiquum
431 3012 536 3052 operis
559 3010 690 3041 titulum
713 3010 825 3040 habes:
851 3016 882 3040 at
905 3009 938 3039 in
962 3009 1066 3040 fronte
1095 3009 1291 3040 inscribitur:

225 3055 348 3086 Catena
372 3066 486 3093 aurea,
502 3065 582 3094 opus
605 3055 750 3085 videlicet
769 3055 897 3095 insigne
918 3055 1113 3084 sanctissimi
1137 3059 1168 3084 et
1188 3054 1292 3085 excel—

222 3100 390 3131 lentissimi
403 3099 554 3131 Doctoris
567 3099 635 3129 divi
649 3099 788 3129 Romae
797 3099 967 3138 Aquinatis
982 3099 1014 3128 in
1030 3103 1171 3139 quatuor
1182 3098 1292 3129 Evan-

220 3145 356 3186 gelistas
382 3150 440 3174 etc.

288 3189 401 3218 Novus
424 3186 564 3217 adhiberi
594 3186 660 3216 iam
690 3193 836 3227 coeperat
863 3187 974 3217 titulus
1001 3186 1144 3217 Catenae
1171 3187 1204 3217 in
1229 3186 1293 3216 edi-

221 3233 374 3270 tionibus,
389 3242 471 3272 quae
493 3231 692 3262 curabantur.
712 3231 961 3271 Lugdunensem
984 3231 1157 3262 editionem
1171 3231 1212 3263 ad
1226 3241 1292 3261 ma-

221 3287 282 3310 nus
306 3277 408 3307 habeo
433 3275 507 3306 anni
536 3276 618 3305 1520
642 3274 675 3304 in
699 3274 731 3312 8,
750 3275 783 3305 in
807 3285 871 3316 qua
894 3275 1026 3315 singulis
1056 3275 1292 3306 commentariis

221 3321 255 3352 in
279 3321 422 3361 singulos
453 3319 668 3359 Evangelistas
700 3319 777 3349 haec
801 3318 983 3359 praefigitur
1011 3319 1192 3359 inscriptio:
1215 3320 1294 3350 Divi

227 3366 367 3396 Thomae
380 3359 551 3405 Aquinatis
571 3363 766 3394 Continuam
791 3364 823 3393 in
848 3363 964 3393 librum
987 3363 1163 3404 Evangelii
1180 3373 1292 3394 secun·

222 3410 298 3441 dum
322 3407 608 3440 Matthaeumtvel
631 3417 729 3447 super
746 3407 928 3448 Evangelio
946 3408 1051 3437 sancti
1073 3407 1183 3437 Lucae
1209 3407 1292 3437 Con-

223 3455 349 3485 tinuum
380 3455 484 3484 sancti
511 3453 650 3483 leomae
673 3457 731 3482 etc.
756 3453 800 3481 At
818 3451 974 3493 generalis
998 3450 1031 3480 in
1055 3450 1158 3481 fronte
1181 3451 1292 3481 titulus

222 3498 272 3528 his
294 3498 397 3529 verbis
421 3498 563 3528 effertur:
593 3496 717 3526 Catena
735 3504 838 3525 aurea
856 3494 1007 3535 Angelici
1032 3495 1171 3525 Thomae
1192 3495 1292 3535 Aqui-

223 3543 309 3573 natis
324 3544 357 3573 in
374 3548 515 3583 quatuor
532 3540 715 3581 Evangelia
735 3549 777 3569 ex
797 3539 1021 3578 receptissimis
1038 3538 1204 3569 Ecclesiae
1226 3539 1292 3569 Do·

222 3587 362 3618 ctoribus
376 3588 458 3617 miro
472 3586 610 3627 artificio
625 3585 826 3615 concinnata.
842 3583 929 3613 Haec
943 3582 1038 3613 habet
1053 3592 1128 3613 vero
1144 3582 1181 3613 fr.
1196 3583 1291 3613 Lam-

222 3631 329 3662 bertus
353 3631 539 3671 Campester
569 3628 739 3668 theologus
769 3627 802 3658 in
826 3627 1058 3667 nuncupatoria
1081 3626 1225 3667 Epistola
1253 3627 1292 3656 ad

760 1725 791 1750 et
814 1725 850 1750 ut
873 1721 980 1761 magis
1003 1721 1133 1761 integra
1162 1726 1193 1751 et
1215 1731 1298 1752 con-.

2339 275 2409 300 CVlI

1344 340 1499 371 Rolinum
1530 340 1568 370 de
1593 340 1781 378 Sinemuro,
1801 340 2051 381 Archipraesulis
2082 343 2303 383 Lugdunensis
2330 348 2412 378 vica·

1344 384 1445 414 rium:
1466 385 1558 415 Inter
1581 385 1706 425 reliqua
1729 386 1879 426 Angelici
1902 386 2026 426 ingenii
2047 387 2100 416 sui
2129 397 2334 422 monumenta
2356 393 2412 423 hos

1347 429 1603 460 Commentarios
1615 429 1719 470 fabre
1743 431 1917 467 contexuit,
1933 440 2013 470 quos
2038 430 2205 463 Glossulas
2228 437 2412 474 continuas,

1343 478 1402 502 aut
1426 479 1512 503 certe
1538 473 1694 504 Catenam
1714 474 1903 514 appellitant
1928 484 2075 512 auream,
2098 481 2233 517 utroque
2255 478 2342 510 haud
2365 482 2413 510 in-

1343 518 1499 547 concinno
1515 518 1678 549 vocabulo.
1694 518 1872 558 Campestri
1888 529 1925 548 ex
1939 518 2059 549 Ordine
2074 520 2330 553 Praedicatorum
2349 525 2413 555 elo-

1342 561 1432 600 gium
1463 562 1534 591 vide
1565 563 1651 601 apud
1674 563 1866 593 Echardum.
1887 563 2011 594 Desunt
2034 564 2112 594 mihi
2143 575 2225 605 quae
2255 577 2311 607 per
2337 569 2414 600 haec

1342 612 1488 645 tempora
1511 606 1697 645 prodierunt
1721 607 1892 644 editiones;
1917 607 2033 648 quibus
2064 608 2200 640 invicem
2224 614 2413 652 comparatis

1342 650 1578 690 consultisque,
1599 658 1720 681 certum
1743 651 1834 682 inditi
1861 652 2004 682 Catenae
2026 653 2109 683 tituli
2133 661 2260 695 tempus
2284 657 2412 689 definire

1342 694 1443 725 liceat.
1466 694 1588 724 Lucem
1612 695 1751 735 aliquam
1775 695 1861 726 affert
1884 707 1965 737 quae
1990 697 2129 728 Venetiis
2152 709 2238 730 anno
2267 703 2344 732 1521
2373 704 2412 734 ab

1341 739 1473 769 Alberto
1489 738 1670 769 Castellano
1690 739 1818 770 Ordinis
1833 740 2090 772 Praedicatorum
2113 750 2219 774 curata
2242 753 2289 777 est
2306 747 2339 777 in
2354 747 2411 778 fol.

1341 783 1523 814 Inscribitur
1542 793 1578 813 ea
1597 783 1739 824 quidem,
1763 784 1852 824 Opus
1870 795 2005 815 aureum
2025 795 2050 816 s.
2071 787 2210 819 Thomae
2227 790 2267 820 de
2285 792 2412 832 Aquino

1340 838 1439 869 super
1461 833 1602 869 quatuor
1624 828 1807 869 Evangelia
1831 836 1901 866 etc.;
1921 836 1951 859 at
1970 829 2002 859 in
2027 830 2109 861 calce
2133 832 2210 863 haec
2239 834 2412 867 habentur:

1341 873 1542 904 Sanctissimi
1559 873 1731 912 Aquinatis
1759 873 1798 903 de
1820 872 1943 904 Ordine
1964 873 2117 913 fratrum
2147 877 2411 911 Praedicatorum

1341 918 1493 948 Doctoris
1506 917 1657 958 Angelici
1666 922 1697 947 et
1707 917 1879 948 clarissimi
1893 919 1925 947 in
1941 919 2125 950 continuam
2140 922 2412 962 Explanationem

1342 967 1528 992 sanctorum
1550 966 1691 1002 quatuor
1705 961 1991 1002 Evangelistarum
2012 964 2100 994 iussu
2119 968 2313 999 sanctissimi
2330 970 2413 1000 Pon-

1344 1006 1438 1047 tificis
1460 1006 1503 1036 D.
1527 1005 1652 1036 Urbani
1673 1006 1735 1036 PP.
1759 1006 1878 1043 Quarti
1900 1016 1920 1036 a
1939 1016 1974 1036 se
1990 1007 2127 1039 editam:
2148 1010 2292 1043 Cathena
2311 1023 2414 1045 aurea

1345 1051 1531 1091 nuperrime
1554 1056 1752 1091 nuncupata,
1766 1060 1831 1090 per
1854 1060 1923 1081 ven.
1938 1061 1973 1090 p.
1987 1051 2041 1091 fr.
2065 1053 2230 1085 Albertum
2259 1057 2414 1088 Castella-

1345 1106 1421 1126 num
1437 1100 1583 1126 venetum
1604 1095 1744 1125 eiusdem
1764 1094 1897 1125 Ordinis
1911 1095 2044 1135 infinitis
2058 1099 2181 1129 mendis
2194 1107 2340 1142 purgata
2356 1109 2413 1133 etc.

1350 1140 1487 1170 Venetiis
1501 1139 1654 1170 mandato
1665 1145 1695 1170 et
1709 1141 1858 1179 expensis
1871 1139 2038 1170 Heredum
2055 1142 2169 1173 nobilis
2183 1145 2246 1174 viri
2258 1146 2300 1176 D.
2319 1146 2414 1177 Octa-

1346 1186 1434 1215 viani
1457 1184 1543 1215 Scoti
1565 1184 1796 1214 Modoetiensis
1818 1184 2049 1224 Sociorumque
2071 1195 2157 1217 anno
2185 1189 2300 1220 salutis
2321 1191 2414 1229 1521,

1346 1229 1386 1260 13
1410 1229 1590 1259 novembris
1620 1228 1865 1270 diligentissime
1888 1230 2054 1268 impressa.
2077 1230 2226 1262 Titulum
2250 1243 2324 1274 ergo
2351 1235 2412 1266 Ca-

1345 1279 1439 1304 tenae
1462 1279 1548 1303 anno
1578 1274 1654 1303 1521
1685 1274 1871 1314 nuperrime
1898 1273 1931 1303 in
1961 1273 2152 1305 editionibus
2181 1276 2319 1308 inditum
2343 1280 2415 1310 scri-

1345 1319 1438 1349 bebat
1462 1317 1671 1349 Castellanus.

1412 1363 1474 1393 Sed
1489 1363 1581 1393 illum
1596 1362 1733 1393 offerunt
1747 1362 1940 1403 antiquiores
1960 1363 2165 1404 manuscripti
2187 1367 2320 1398 codices.
2337 1368 2416 1399 Scri·

1345 1414 1419 1448 ptus
1450 1407 1577 1438 saeculo
1601 1417 1653 1437 xiv
1683 1407 1769 1447 apud
1793 1407 1974 1437 Echardurn
2006 1414 2140 1447 prostat,
2165 1409 2197 1439 in
2228 1411 2418 1443 bibliotheca

1345 1452 1502 1483 Ecclesiae
1522 1451 1721 1482 Turonensis
1745 1451 1936 1489 adservatus‚
1956 1452 1989 1482 in
2013 1462 2080 1492 quo
2102 1452 2265 1494 inscriptio
2289 1456 2417 1496 legitur:

1348 1497 1493 1527 Cathena
1530 1497 1669 1527 Thomae
1698 1496 1738 1527 de
1765 1497 1893 1537 Aquino
1917 1497 1950 1527 in
1974 1496 2176 1528 Matthaeum
2201 1505 2232 1530 et
2254 1501 2417 1532 Marcum.

1345 1541 1437 1571 Alius
1460 1541 1580 1571 ibidem
1603 1548 1782 1571 recensetur
1804 1542 1837 1571 in
1860 1541 1983 1572 Lucam
2004 1546 2034 1571 et
2052 1541 2210 1573 Ioannem
2230 1554 2316 1575 anno
2337 1546 2416 1585 1443

1345 1596 1443 1616 manu
1468 1592 1621 1616 exaratus.
1647 1586 1751 1615 Immo
1771 1585 1881 1625 paullo
1901 1588 1975 1625 post
2001 1585 2099 1616 sancti
2122 1586 2269 1619 Doctoris
2294 1589 2419 1620 obitum

1345 1630 1490 1670 usurpari
1515 1636 1666 1670 coeptum
1693 1630 1835 1660 Catenae
1858 1630 2004 1667 titulum,
2030 1630 2136 1671 colligi
2162 1632 2347 1665 doctissimo
2373 1635 2418 1664 la-

1345 1675 1427 1705 cobo
1451 1674 1597 1705 Echardo
1620 1674 1746 1705 videtur
1769 1685 1862 1714 posse
1893 1685 1930 1705 ex
1960 1676 2201 1707 testamentariis
2224 1679 2339 1709 tabulis
2363 1679 2418 1709 Ni-

1344 1719 1426 1750 colai
1441 1719 1480 1749 de
1494 1719 1681 1757 Freauvilla,
1697 1718 1728 1749 S.
1741 1719 1779 1749 R.
1790 1719 1828 1750 E.
1845 1719 2020 1750 Cardinalis
2036 1729 2072 1750 ex
2087 1719 2206 1752 Ordine
2221 1723 2418 1754 Praedicato-

1344 1773 1417 1794 mm
1436 1763 1608 1803 adsumpti,
1624 1774 1642 1793 a
1656 1763 1788 1794 Baluzio
1803 1770 1882 1801 tom.
1904 1764 1942 1802 ΙΙ,
1961 1765 2127 1803 Paparum
2145 1767 2416 1798 Avenionensium

1345 1808 1406 1839 col.
1425 1817 1491 1847 410
1519 1815 1550 1838 et
1581 1818 1669 1848 seqq.
1689 1807 1752 1838 luci
1781 1808 1925 1848 publicae
1955 1807 2044 1839 dan's.
2073 1808 2246 1841 Confectae
2269 1812 2418 1851 leguntur

1344 1862 1431 1883 anno
1455 1853 1644 1883 Nativitatis
1666 1853 1800 1883 Domini
1824 1853 1900 1883 1321
1914 1853 2088 1884 indictione
2110 1864 2143 1883 1v
2165 1855 2218 1885 die
2235 1855 2276 1886 16
2300 1858 2418 1887 mensis

1345 1897 1492 1928 octobris.
1514 1897 1605 1934 Quae
1634 1898 1729 1927 verba
1759 1897 1799 1927 ad
1829 1907 1897 1927 rem
1928 1897 2064 1935 faciunt,
2089 1897 2166 1929 haec
2190 1907 2282 1931 sunt:
2306 1901 2418 1932 «Item

1348 1954 1362 1969 :v
1386 1942 1594 1979 declaramus,
1608 1941 1699 1982 quod
1721 1941 1810 1979 libri,
1834 1941 1979 1973 videlicet
1991 1941 2110 1979 Biblia,
2126 1943 2260 1975 Summa
2274 1945 2417 1976 decreta-

1348 1999 1363 2014 »
1386 1987 1464 2017 lium
1489 1986 1522 2016 in
1546 1986 1673 2016 duobus
1697 1986 1832 2023 volum„
1852 1986 1986 2017 Summa
2005 1991 2119 2018 contra
2145 1988 2286 2020 Gentiles
2309 1995 2340 2020 et
2363 1990 2419 2020 Se—

1349 2043 1363 2058 »
1387 2031 1493 2062 cunda
1517 2030 1696 2068 Secundae,
1712 2041 1795 2071 quos
1809 2031 2005 2062 habebamus
2020 2038 2192 2072 antequam
2215 2043 2355 2064 essemus
2375 2034 2420 2064 fa-

1349 2088 1363 2103 »
1387 2083 1455 2106 ctus
1480 2075 1657 2106 Cardinalis
1673 2098 1682 2113 ,
1712 2075 1841 2106 fuerunt
1865 2075 1939 2106 dicti
1964 2082 2140 2106 conventus
2169 2077 2298 2108 Ordinis
2328 2079 2420 2109 Prae-

1350 2132 1364 2147 »
1388 2120 1566 2150 dicatorum
1590 2119 1900 2159 Rothomagensium
1916 2143 2024 2151 .....
2051 2120 2129 2151 Item
2160 2122 2303 2162 legamus
2335 2123 2418 2154 dicto

1350 2177 1364 2192 »
1388 2164 1559 2195 conventui
1584 2164 1716 2195 fratrum
1730 2164 1986 2195 Praedicatorum
2002 2164 2310 2205 Rothomagensium
2325 2167 2418 2197 Sum-

1345 2222 1365 2250 .»
1388 2219 1485 2246 mam,
1501 2219 1583 2250 quae
1599 2209 1712 2239 dicitur
1728 2209 1851 2240 Calena
1872 2219 1986 2247 aurea,
2003 2220 2061 2249 pro
2077 2211 2243 2241 communi
2265 2211 2381 2242 studio.
2401 2224 2415 2239 ιο

1347 2254 1424 2291 Quo
1448 2253 1480 2283 in
1505 2254 1590 2292 loco,
1615 2253 1746 2284 nomine
1773 2254 1916 2284 Catenae
1938 2263 2070 2289 aureae,
2094 2254 2218 2285 tametsi
2242 2255 2304 2285 divi
2329 2256 2418 2286 Tho-

1347 2308 1418 2328 mae
1442 2308 1562 2328 nomen
1586 2308 1652 2328 non
1676 2298 1826 2335 addatur,
1851 2308 1918 2328 non
1942 2298 2028 2328 aliud
2059 2297 2190 2338 intelligi
2219 2309 2302 2340 opus
2327 2300 2419 2331 debet

1348 2341 1628 2384 (animadvertente
1653 2341 1813 2384 Echardo)
1837 2342 1896 2372 nisi
1920 2342 1988 2372 eius
2010 2342 2176 2382 Expositio
2195 2343 2228 2374 in
2247 2344 2419 2384 Evangelia

1348 2397 1385 2417 ex
1409 2394 1591 2417 sanctorum
1615 2387 1745 2416 Patrum
1767 2386 2004 2417 auctoritatibus
2029 2394 2188 2418 contexta:
2208 2389 2418 2429 quemadmo-

1348 2431 1427 2461 dum
1446 2441 1521 2461 cum
1540 2430 1696 2471 superiuS,
1712 2430 1766 2461 ubi
1782 2431 1821 2461 de
1835 2430 1922 2461 libris
1939 2431 2139 2462 restituendis
2158 2432 2271 2472 agitur,
2286 2433 2419 2464 Summa

1348 2481 1461 2506 contra
1487 2475 1628 2506 Gentiles
1652 2475 1836 2515 simpliciter
1859 2475 2052 2516 appellatur,
2076 2483 2106 2506 et
2126 2476 2275 2508 Secunda
2299 2478 2419 2508 Secun-

1347 2520 1419 2557 dae,
1436 2520 1556 2550 nemini
1571 2519 1706 2550 dubium
1723 2530 1791 2550 esse
1816 2526 1940 2559 poterat
1954 2520 2033 2561 quin
2051 2521 2129 2552 haec
2148 2521 2254 2562 Opera
2273 2522 2419 2552 Thomae

1347 2564 1516 2605 Aquinatis
1531 2571 1644 2594 essent.
1660 2564 1752 2601 Quae
1771 2564 1797 2594 si
1815 2564 1858 2595 ita
1877 2574 1909 2595 se
1928 2564 2075 2604 habeant,
2093 2575 2160 2596 non
2179 2566 2274 2606 longe
2293 2577 2311 2596 a
2330 2567 2419 2597 Tho—

1348 2618 1419 2639 mae
1451 2608 1540 2639 obitu
1566 2619 1667 2649 opUS,
1691 2619 1758 2649 quo
1783 2609 1821 2639 de
1845 2609 1987 2648 agimus,
2011 2610 2109 2650 vulgo
2137 2610 2259 2641 Catena
2290 2611 2419 2641 vocitari

1349 2653 1471 2684 solebat
1489 2660 1520 2684 et
1541 2653 1665 2684 Calena
1685 2661 1807 2684 aurea:
1826 2660 1858 2684 at
1872 2653 1976 2684 eidem
1995 2654 2088 2694 primi
2104 2654 2249 2685 Editores
2274 2655 2418 2696 frequen-

1349 2697 1411 2728 tius
1426 2697 1557 2728 titulum
1570 2697 1756 2738 inscripsere
1776 2697 1939 2737 Continui,
1955 2704 1986 2729 et
1998 2698 2131 2730 Glossae
2150 2701 2331 2736 continuae,
2348 2710 2418 2730 san-

1350 2741 1479 2772 ctissimi
1494 2742 1643 2773 Auctoris
1658 2742 1759 2772 verbis
1779 2742 2032 2782 convenientem,
2048 2743 2103 2784 qui
2122 2743 2418 2774 Commentationes

1349 2796 1422 2817 suas
1435 2786 1469 2816 in
1481 2786 1634 2827 Epistolis
1651 2787 1891 2827 nuncupatoriis
1906 2787 2076 2828 appellavit
2089 2788 2328 2828 Expositionem
2345 2798 2418 2819 con-

1349 2832 1484 2862 tinuam.

1417 2876 1455 2906 11.
1482 2876 1534 2906 Ad
1557 2875 1721 2913 intimam,
1746 2883 1782 2906 ut
1805 2875 1848 2906 ita
1878 2875 2009 2917 loquar,
2034 2883 2189 2907 texturam
2212 2876 2326 2916 Operis
2354 2877 2418 2907 iam

1350 2930 1454 2950 sermo
1479 2920 1639 2960 procedat.
1667 2921 1736 2960 lpse
1760 2920 1904 2950 Thomas
1928 2920 2092 2960 perspicue
2125 2921 2259 2951 declarat
2282 2931 2362 2951 eam.
2383 2922 2418 2951 In

1349 2964 1494 3004 Epistola
1518 2965 1558 2995 ad
1575 2965 1742 2996 Urbanum
1757 2965 1816 2995 1v:
1836 2965 1983 2995 Diversis
2001 2965 2165 2996 doctorum
2181 2965 2281 3003 libris,
2302 2965 2417 3006 inquit,

1343 3009 1506 3048 praedicti
1528 3009 1703 3050 Evangelii
1731 3007 1784 3051 (in
1807 3007 2023 3051 Matthaeum)
2052 3010 2291 3050 Expositionem
2319 3011 2417 3040 conti-

1349 3063 1447 3084 nuam
1467 3055 1638 3094 compilavi
1646 3062 1775 3094 :pauca
1789 3053 1914 3094 quidem
1930 3059 2091 3084 certorum
2110 3053 2281 3084 auctorum
2302 3054 2416 3092 verbis,

1349 3103 1384 3129 ut
1401 3098 1582 3138 plurimum
1606 3108 1648 3128 ex
1669 3098 1800 3135 Glossis,
1818 3098 1991 3136 adiiciens;
2008 3108 2091 3138 quae
2114 3103 2150 3129 ut
2172 3098 2213 3128 ab
2236 3109 2346 3129 eorum
2370 3099 2417 3129 di-

1348 3143 1407 3173 ctis
1423 3148 1557 3182 possent
1579 3143 1720 3173 discerni
1743 3143 1802 3173 sub
1834 3142 1967 3172 Glossae
1989 3143 2081 3173 titulo
2094 3144 2298 3183 praenotavi.
2319 3143 2354 3173 In
2374 3143 2417 3173 al-

1348 3194 1413 3217 tera
1432 3187 1472 3216 ad
1486 3187 1736 3217 Hannibaldum:
1751 3187 1795 3217 Et
1809 3192 1845 3217 ut
1863 3188 1969 3227 magis
1983 3188 2123 3228 integra,
2141 3187 2193 3226 ait,
2214 3193 2244 3218 et
2265 3189 2416 3218 continua

1342 3231 1514 3272 praedicta
1535 3236 1720 3262 sanctorum
1740 3231 1908 3271 Expositio
1926 3231 2127 3270 redderetur,
2142 3232 2298 3272 quasdam
2320 3242 2415 3272 expo-

1347 3276 1479 3306 sitiones
1502 3275 1667 3306 doctorum
1694 3275 1892 3306 Graecorum
1917 3276 1950 3305 in
1975 3276 2110 3306 latinum
2124 3276 2199 3317 feci
2221 3275 2398 3316 transferri
2404 3283 2417 3313 ,⁰

1348 3330 1391 3350 ex
1412 3320 1527 3359 quibus
1543 3320 1646 3359 plura
1670 3320 1918 3360 expositionibus
1937 3320 2111 3350 latinorum
2131 3321 2296 3351 doctorum
2317 3321 2415 3350 inter-

1347 3365 1447 3400 serui,
1472 3369 1642 3394 auctorum
1667 3364 1847 3394 nominibus
1863 3365 2077 3403 praenotatis.

1413 3407 1555 3437 Nomina
1572 3408 1702 3437 Patrum
1721 3408 1974 3448 scriptorumque
1994 3407 2162 3445 Ecclesiae,
2182 3417 2322 3448 quorum
2344 3417 2414 3438 sen-

1347 3451 1461 3482 tentiae
1485 3458 1540 3481 aut
1558 3451 1739 3481 testimonia
1753 3451 1934 3490 afferuntur,
1953 3451 2099 3482 exhibent
2117 3451 2271 3482 editiones
2290 3462 2413 3491 omnes,

1347 3495 1496 3535 catalogis
1520 3495 1646 3525 duobus
1670 3495 1759 3535 operi
1778 3495 1931 3535 praefixis,
1950 3495 2047 3526 altero
2067 3495 2255 3526 Latinorum
2273 3496 2414 3535 Panum,

1347 3540 1444 3570 altero
1469 3539 1675 3569 Graecorum.
1694 3539 1912 3570 Accuratiores
1935 3539 2082 3570 videntur
2105 3540 2159 3580 qui
2189 3540 2414 3580 chronologiae

1347 3590 1470 3613 servato
1494 3583 1604 3613 ordine
1629 3590 1771 3623 prostant
1793 3583 1826 3613 in
1851 3583 1988 3614 editione
2019 3584 2166 3614 Romana
2194 3584 2282 3615 iussu
2313 3585 2359 3615 Pii
2383 3586 2412 3615 V

1348 3627 1490 3658 confecta
1514 3637 1598 3657 anno
1628 3628 1720 3668 1570.
