2548 4192
236 289 413 315 cccxxxvl

237 358 310 387 dem
334 356 508 387 testimonii
527 355 804 396 suppositionem,
829 354 1030 396 aliorumque
1058 353 1123 382 sive
1154 352 1213 382 sub
1244 352 1308 392 Cy-

236 402 321 439 rilli,
347 401 411 430 sive
435 401 494 430 sub
518 400 654 430 aliorum
678 400 808 429 Patrum
832 398 981 435 nomine,
1010 396 1181 426 remotiore
1210 402 1309 426 aetate

234 446 299 475 iam
330 445 464 483 factam,
489 454 564 474 cum
593 444 679 473 idem
712 443 833 483 Cyrilli
860 441 1080 472 testimonium
1108 442 1140 470 in
1174 440 1307 470 Senten-

236 491 355 520 tiarum
383 489 621 519 Commentario
645 486 783 517 citaverit
806 486 960 516 Thomas.
986 484 1156 524 Colligitur
1182 485 1209 514 3.
1227 484 1307 514 eius-

236 534 308 564 dem
335 533 482 563 Thomae
510 533 629 562 bonam
658 530 754 560 fidem
784 530 817 559 in
850 536 920 560 tuto
950 538 1036 567 esse,
1062 529 1119 569 qui
1147 528 1211 558 iam
1239 528 1308 558 vul—

234 584 306 617 gata
330 577 442 607 citabat
465 575 660 606 testimonia:
688 574 743 604 sed
767 573 862 603 etiam
884 573 1081 603 innotescere
1104 573 1225 603 iustum
1240 572 1308 602 eius

235 622 413 658 criten‘um,
438 630 512 650 cum
535 620 568 649 in
591 618 658 648 aliis
682 617 820 658 denique
843 617 1020 657 OperibuS‚
1046 617 1247 657 maximeque
1274 616 1308 647 in

234 666 368 696 Summa
392 665 585 704 theologiae,
611 662 807 702 praedictum
831 668 862 691 et
885 661 945 691 alia
968 661 1150 692 testimonia
1172 667 1307 700 praeter-

234 709 362 739 miserit.

300 752 558 783 Animadvertere
591 751 724 780 demum
756 755 893 790 praestat
925 749 1035 790 Cyrilli
1064 749 1305 787 testimonium,

235 798 323 838 quod
346 797 379 826 in
406 796 529 826 Catena
553 805 655 825 aurea
680 794 792 825 citatur
815 795 918 834 capite
940 804 992 823 xw
1016 794 1176 824 Matthaei
1198 793 1237 823 ad
1253 793 1307 823 illa

233 841 327 871 verba
346 841 393 870 Tu
409 850 442 870 es
460 841 576 870 Petrus
591 845 660 877 etc„
679 848 745 869 non
763 839 913 868 eumdem
929 838 1043 868 habere
1060 845 1235 875 auctorem,
1250 838 1306 878 qui

234 885 308 922 alia,
330 884 368 914 de
387 884 503 924 quibus
523 884 662 924 egimus,
682 882 865 914 testimonia
888 882 1058 922 supposuit
1081 882 1139 912 sub
1164 882 1306 912 eiusdem

236 929 356 969 Cyrilli
379 928 519 959 nomine.
538 927 676 958 Invicem
701 927 812 957 eadem
836 935 1003 967 compara;
1024 936 1059 956 ac
1074 926 1194 967 stylum
1213 926 1306 966 plane

233 973 393 1002 diversum
417 972 643 1012 deprehendes,
660 972 775 1002 rudem
798 971 831 1001 in
854 971 930 1008 istis,
948 971 1172 1010 elegantiorem
1188 970 1220 1000 in
1237 971 1302 1001 illo.

232 1017 337 1047 Verba
357 1023 447 1047 sunt:
472 1017 655 1047 Secundum
679 1021 786 1046 autem
806 1016 891 1046 hanc
908 1016 1041 1046 Domini
1057 1016 1305 1055 promissionem

230 1061 377 1091 Ecclesia
400 1061 584 1102 Apostolica
603 1061 692 1091 Petri
706 1060 746 1090 ab
770 1061 858 1090 omni
877 1060 1060 1091 seductione
1083 1060 1307 1100 haereticaque

583 275 1041 314 DISSERTATIONES
1072 273 1319 311 C-RITICAE
1350 273 1404 310 IN
1435 274 1473 310 S.
1495 273 1737 310 THOMAM
1764 274 2090 320 AQUINATEM

1364 353 1634 383 circumventione
1650 357 1759 383 manet
1782 353 2000 390 immaculata,
2017 361 2116 392 super
2135 361 2244 382 omnes
2267 352 2438 392 Praeposi-

1364 402 1429 434 tos,
1455 402 1485 427 et
1506 397 1701 437 Episcopus,
1728 402 1759 427 et
1781 406 1879 437 super
1902 406 2012 427 omnes
2033 397 2193 426 Primates
2215 397 2436 427 Ecclesiarum

1364 446 1395 471 et
1411 441 1608 481 populorum
1635 442 1667 471 in
1691 442 1760 472 suis
1789 442 2016 482 Pontificibus,
2051 442 2083 471 in
2098 441 2171 481 fide
2192 441 2382 480 plenissima
2407 446 2439 472 et

1363 486 1556 516 auctoritate
1578 486 1676 515 Petri.
1695 485 1740 516 Et
1762 495 1834 516 cum
1858 486 1946 516 aliae
1964 485 2130 516 Ecclesiae
2152 485 2366 525 quorumdam
2387 495 2437 515 er-

1363 538 1439 560 rore
1460 530 1526 559 sint
1549 529 1795 567 verecundatae,
1817 530 1958 560 stabilita
1991 530 2251 570 inquassabiliter
2274 531 2343 569 ipsa
2366 529 2436 560 sola

1363 578 1500 614 regnat,
1517 574 1679 604 silentium
1697 575 1873 614 imponens,
1896 579 1927 604 et
1947 575 2089 604 omnium
2113 573 2268 604 obturans
2282 583 2342 604 ora
2362 574 2437 604 hae-

1363 619 1555 655 reticorum;
1571 623 1601 648 et
1625 627 1684 648 nos
1707 619 1888 649 necessario
1903 618 2030 656 salutis,
2047 628 2110 648 non
2127 618 2250 657 decepti
2271 618 2434 658 superbia,

1363 671 1465 702 neque
1488 663 1562 692 vino
1584 662 1754 702 superbiae
1769 662 1929 700 inebriati,
1947 667 2059 702 typum
2078 663 2223 693 veritatis
2250 668 2281 692 et
2302 667 2438 693 sanctae

1361 706 1564 745 Apostolicae
1587 706 1771 737 traditionis
1794 717 1860 737 una
1884 716 1955 737 cum
1980 707 2049 747 ipsa
2078 707 2268 747 confitemur
2291 712 2321 737 et
2338 716 2437 746 prae-

1361 750 1517 781 dicamus.
1533 750 1585 780 Ad
1608 750 1694 781 hunc
1720 751 1863 781 Catenae
1877 751 1986 781 locum
2009 750 2170 781 adnotavit
2189 750 2367 781 Nicolaius:
2387 751 2437 781 Si-

1362 794 1437 824 mile
1460 795 1621 834 quippiam
1646 795 1713 835 legi
1736 796 1769 825 in
1794 796 1926 835 epistola
1950 796 2060 825 Marci
2082 796 2192 835 Papae
2220 795 2264 825 ad
2291 795 2435 825 Athana-

1360 839 1444 868 sium
1462 843 1493 869 et
1515 848 1625 868 omnes
1646 839 1791 879 Aegypti
1812 839 1997 879 Episcopos.
2023 839 2109 869 Fons
2132 849 2241 877 verus,
2258 840 2344 869 unde
2366 849 2436 869 sen—

1361 882 1458 912 tentia
1481 882 1535 912 illa
1566 882 1710 920 fluxerit,
1729 882 1859 922 ignotus
1883 882 1971 913 mihi.
1999 882 2171 913 Caeterum
2202 883 2327 913 tametsi
2358 883 2436 914 haec

1364 926 1485 967 Cyrilli
1507 926 1689 957 testimonia
1704 927 1879 957 habeantur
1903 926 2122 967 supposititia;
2142 926 2220 956 nihil
2235 927 2346 957 exinde
2369 927 2436 957 Pri-

1361 970 1462 1001 matui
1484 971 1567 1001 Petri
1588 981 1622 1001 ac
1646 971 1875 1002 Successorum
1898 971 1966 1001 eius
1991 971 2117 1009 decidit,
2139 970 2195 1011 qui
2218 980 2285 1000 non
2307 971 2434 1002 incertis

1360 1015 1581 1045 huiuscemodi
1606 1015 1795 1046 testimoniis
1818 1015 1973 1054 innititur,
1991 1022 2022 1046 et
2044 1025 2143 1056 quem
2173 1015 2281 1046 nullus
2306 1015 2436 1046 catholi-

1361 1069 1474 1090 corum
1497 1066 1543 1090 est
1566 1059 1622 1100 qui
1645 1069 1712 1090 non
1735 1066 1886 1100 agnoscat
1901 1069 1936 1090 ac
1960 1066 2135 1090 veneretur.
