2548 4192
897 270 951 306 IN
982 270 1020 306 S.
1042 268 1283 305 THOMAM
1311 267 1635 314 AQUINATEM

172 366 189 381 s
209 363 278 394 cap.
298 352 339 383 In
367 351 521 392 Synodo,
547 348 710 380 coronavit
741 358 835 387 eum,
860 355 1022 388 praesente
1054 347 1185 388 Synodo
1209 354 1240 377 et

172 411 186 425 »
207 397 334 428 easdem
353 395 519 436 dignitates
538 393 642 424 eidem
657 392 803 431 contulit,
819 403 898 433 quas
917 392 1075 423 Adrianus
1092 392 1103 422 1
1121 391 1238 422 Carolo

171 454 187 469 *2
207 443 325 482 Magno
358 444 562 470 concesserat.
582 450 597 464 ν
630 438 698 468 Leo
727 437 780 467 ille
808 436 868 467 fuit
891 437 1060 476 Antipapa.
1086 435 1239 476 Spurium

168 492 289 517 norunt
302 493 425 522 omnes,
436 483 526 523 quod
541 481 696 512 indicatur
710 482 883 511 Decretum
900 491 917 511 a
940 481 1090 511 Gratiano
1107 479 1239 511 recensi-

168 537 256 562 tum:
281 529 314 559 in
338 537 405 568 quo
428 533 587 567 praeterea
610 526 650 556 de
673 535 791 556 corona
820 525 975 565 imperiali
998 524 1111 556 Ottoni
1134 524 1240 564 impo-

169 574 227 605 sita
250 572 372 603 mentio
388 571 487 602 nulla.
504 571 690 601 Narraverat
708 569 788 599 libro
805 570 889 607 XIV,
907 569 1007 609 capite
1022 579 1104 607 xxxr,
1121 568 1240 599 Carolo

169 617 310 650 conlatas
333 617 372 646 ab
397 615 550 653 Adriano,
574 614 764 655 dignitatem
793 614 989 644 Patriciatus
1008 619 1037 644 et
1051 618 1239 653 potestatem

170 661 313 703 eligendi
340 660 525 701 Pontificem
548 664 578 689 et
609 658 783 689 ordinandi
810 658 922 688 Sedem
950 658 1164 699 Apostolicam
1177 665 1188 687 .·
1211 663 1242 687 at

168 707 250 737 libro
269 705 340 743 XV,
364 704 466 744 capite
481 713 514 733 rv
538 702 741 734 disertissime
764 702 868 740 tradit,
892 711 959 732 non
981 702 1170 739 Adrianum,
1187 701 1242 731 sed

169 751 308 781 Leonem
343 749 465 789 Papam
502 745 583 790 (111)
616 756 768 778 coronam
805 747 903 787 capiti
933 747 1002 777 eius
1034 747 1240 786 imposuisse,

170 795 342 835 ipsumque
358 803 379 823 a
395 798 509 823 cuncto
525 792 672 822 Romano
682 791 804 831 populo
823 791 1037 822 acclamatum
1053 800 1122 821 esse
1139 790 1243 830 Impe-

171 844 323 869 ratorem.
357 837 518 877 Equidem
540 836 595 866 lib.
612 836 652 875 V,
681 835 782 876 capite
806 845 830 865 11
854 835 1085 866 Constantinus
1099 857 1107 872 ,
1131 834 1240 865 Ptolo-

172 892 266 913 maeo
289 882 316 912 si
341 881 509 919 credimus,
533 890 685 911 coronam
711 885 741 910 et
756 881 863 910 omnia
889 881 963 910 iura
989 879 1157 920 imperalia
1177 884 1242 909 tra-

171 927 252 958 didit
267 927 358 957 beato
369 926 537 956 Silvestro:
547 932 578 956 et
593 931 688 965 caput
697 924 806 955 laudat
822 924 1064 962 Constantinus,
1080 923 1151 953 dist.
1158 932 1243 960 xcvr,

172 981 209 1002 ex
231 981 298 1012 quo
323 970 404 1001 sicut
425 969 478 1000 ille
502 970 591 1011 quod
618 975 722 999 narrat
745 967 961 1009 deprompsit,
985 967 1029 998 ita
1058 968 1244 1007 depromere

173 1016 253 1046 alius
277 1015 414 1056 quisque
432 1013 580 1045 facillime
603 1018 737 1054 poterat.

240 1059 362 1090 Ibidem
383 1059 461 1089 haec
484 1058 579 1088 habet
597 1062 708 1087 auctor
726 1056 902 1096 Opusculi:
927 1055 1081 1086 Federico
1102 1054 1242 1085 secundo

173 1104 232 1135 hoc
255 1104 337 1134 idem
361 1102 478 1133 accidit
500 1100 604 1144 (quod
628 1099 853 1142 deponeretur)
871 1109 936 1140 per
952 1099 1160 1136 Honorium,
1186 1099 1243 1128 im-

173 1147 347 1179 mediatum
375 1147 557 1177 Innocentii
589 1145 822 1176 successorem.
849 1144 1035 1174 Innocentio
1058 1144 1099 1173 111
1123 1152 1245 1173 succes-

173 1198 255 1222 serat
277 1190 444 1222 Honorius
467 1190 509 1220 III
533 1199 619 1220 anno
648 1190 746 1227 1216,
771 1196 802 1219 et
823 1188 899 1219 huic
922 1187 1094 1227 Gregorius
1125 1187 1169 1217 IX
1192 1196 1245 1216 an·

172 1245 217 1266 no
233 1245 327 1277 1227,
337 1242 408 1266 tum
418 1234 616 1266 Caelestinus
627 1234 669 1264 1v
685 1243 771 1264 anno
793 1243 886 1272 1241,
896 1239 967 1263 tum
981 1231 1077 1262 etiam
1092 1231 1245 1261 Innocen-

172 1279 236 1311 tius
252 1279 294 1311 IV
318 1289 403 1310 anno
428 1279 522 1318 1243.
538 1278 562 1309 F
564 1278 734 1309 ridet-icum
751 1277 778 1308 11
798 1282 1003 1308 coronaverat
1018 1276 1246 1316 Imperatorem

173 1323 340 1355 Honorius
356 1323 598 1364 Hir-ipsumque
622 1322 820 1353 anathemate
843 1321 978 1361 perculit
1005 1319 1177 1360 Gregorius
1201 1319 1245 1350 IX

173 1378 216 1399 ac
234 1364 366 1399 denium
389 1368 428 1398 ab
453 1367 591 1407 Imperio
625 1366 773 1407 deposuit
801 1365 1004 1396 Innocentius
1029 1365 1071 1395 IV
1102 1364 1135 1394 in
1159 1363 1247 1395 Con-

175 1412 248 1444 cilio
270 1411 478 1452 Lugdunensi
511 1421 596 1441 anno
626 1420 718 1450 1244.
739 1409 946 1440 Ptolomaeus
968 1409 1049 1439 libro
1076 1409 1174 1447 XXII,
1198 1418 1247 1439 ca-

173 1457 302 1498 pitem:
323 1456 498 1487 Advocatis
512 1456 673 1486 Praelatis
688 1454 921 1495 Lugdunum...
941 1454 1120 1484 Concilium
1137 1458 1185 1484 est
1200 1454 1247 1483 in·

175 1501 324 1533 choatum
335 1523 343 1532 .
355 1523 364 1532 .
375 1524 383 1532 .
400 1501 610 1531 Innocentius
625 1499 858 1540 Imperatorem
877 1499 1059 1529 Romanum
1079 1498 1245 1538 deposuit:

175 1555 260 1587 quae
282 1545 441 1586 Opusculi
463 1544 585 1576 auctori
607 1550 796 1584 repugnant.

243 1589 356 1630 Capite
378 1599 437 1620 xm
468 1589 512 1620 ait
534 1588 693 1629 Opusculi
725 1594 852 1619 auctor:
887 1587 979 1624 Quas
1008 1586 1134 1627 quidem
1165 1587 1250 1617 vices

175 1634 393 1672 monarchiae,
408 1639 484 1675 post
515 1633 637 1664 Christi
665 1633 734 1664 veri
759 1632 894 1662 Domini
916 1632 1131 1668 nativitatem,
1148 1632 1250 1672 gessit

174 1679 356 1720 Augustus,
387 1677 629 1719 quatuordecim
659 1686 764 1707 annos
794 1682 858 1707 toto
877 1675 953 1706 orbe
972 1681 1148 1706 *terrarum
1177 1675 1248 1706 sub-

176 1728 258 1754 acto.
275 1723 386 1763 Inepta
409 1729 440 1753 et
463 1723 599 1753 obscura
622 1728 696 1752 sunt
718 1721 824 1759 verba,
847 1730 929 1761 quae
952 1727 1059 1751 totum
1081 1719 1194 1750 orbern
1216 1719 1249 1749 in

176 1776 254 1808 pace
278 1766 496 1807 compositum
528 1766 665 1796 indicare
696 1765 863 1802 videntur,
887 1774 962 1795 cum
985 1764 1018 1794 in
1041 1763 1129 1794 terris
1162 1770 1250 1794 ortus

177 1818 225 1843 est
247 1811 347 1842 Filius
370 1811 439 1842 Dei.
464 1811 499 1841 Id
522 1816 594 1850 apte
623 1820 659 1840 ac
682 1809 786 1840 lucide
809 1808 1015 1840 Ptolomaeus
1045 1807 1191 1848 exprimit
1213 1807 1250 1838 li-

177 1856 236 1887 bro
258 1855 282 1892 1,
306 1855 408 1896 capite
431 1862 480 1885 111:
504 1854 625 1885 Eodem
641 1855 737 1885 etiam
760 1863 859 1890 anno,
879 1852 1037 1893 inquiens,
1057 1857 1143 1882 totus
1158 1862 1251 1883 mun-

177 1900 240 1931 dus
262 1909 386 1940 magna
409 1908 494 1940 pace
507 1898 673 1939 florebat,
705 1903 741 1928 ut
770 1898 870 1928 tradit
896 1897 1041 1928 Orosius.
1074 1896 1162 1927 Bella
1185 1897 1251 1927 Ro—

177 1953 351 1975 manorum
383 1943 472 1974 nulla
503 1943 542 1973 ab
575 1952 660 1973 anno
684 1942 725 1973 U.
752 1941 790 1973 C.
817 1941 881 1984 748
906 1942 947 1972 ad
978 1951 1099 1972 annum
1123 1942 1187 1982 752
1212 1941 1251 1971 ab

178 1988 362 2020 auctoribus
384 1987 550 2028 descripta,
575 1987 667 2028 periti
690 1986 748 2017 viri
772 1987 940 2017 observant
963 1993 1073 2017 contra
1097 1985 1250 2016 Ioannem

178 2033 368 2064 Massonum
390 2031 532 2072 anglum.

247 2076 359 2118 Capite
382 2086 435 2107 xv1
453 2076 566 2107 dicitur
589 2075 738 2106 Liberius
765 2076 798 2105 in
818 2075 953 2106 veritate
970 2075 1055 2115 fidei
1083 2074 1253 2105 vacillasse

179 2130 222 2152 ωε
256 2121 358 2152 multa
391 2121 618 2161 persecutione
656 2119 847 2150 Constantii.
882 2118 1009 2150 Mitiora
1037 2125 1112 2149 sunt
1143 2119 1252 2149 Ptolo-

179 2165 263 2196 maei
278 2166 373 2196 verba
387 2165 468 2195 libro
482 2165 522 2203 V,
534 2164 635 2205 capite
651 2171 706 2194 xx:
729 2164 934 2204 Computant‚
951 2163 1134 2204 inquientis,
1151 2168 1250 2194 totum

178 2216 304 2250 tempus
325 2209 558 2250 Episcopatus,
589 2210 622 2239 in
647 2218 711 2249 quo
729 2207 803 2249 fuit
826 2217 922 2239 verus
944 2208 1121 2239 catholicus
1143 2205 1252 2250 (Libe-

178 2252 270 2297 rius),
295 2255 374 2284 etin
400 2263 464 2294 quo
487 2254 594 2284 errori
620 2253 802 2283 Constantii
813 2252 924 2293 favit.
937 2274 963 2283 ..
977 2251 1107 2293 Defecit
1122 2253 1155 2283 in
1172 2252 1250 2293 zelo,

177 2300 254 2340 quia
283 2298 324 2329 ab
354 2298 428 2329 inde
455 2302 616 2339 gravatus
647 2298 754 2328 exilio.

247 2342 359 2383 Capite
381 2351 448 2373 xvu
471 2342 548 2373 haec
580 2341 755 2373 habentur:
779 2341 820 2372 In
853 2342 946 2372 cuius
976 2339 1099 2383 (Caroli
1129 2339 1251 2383 Magni)

173 2396 319 2428 persona
345 2387 513 2418 Adrianus
543 2387 654 2427 Papa,
685 2391 885 2427 congregato
916 2385 1060 2416 Concilio
1088 2387 1120 2416 in
1149 2386 1250 2422 Urbe,

179 2431 356 2472 Imperium
380 2441 401 2462 a
429 2431 562 2462 Graecis
590 2430 757 2462 transtulit
771 2430 815 2461 ad
835 2430 1024 2460 Germanos.
1045 2429 1136 2460 Hanc
1154 2436 1252 2460 trans-

179 2475 333 2506 lationem
360 2476 420 2506 sub
449 2476 557 2506 Leone
586 2475 626 2505 111
660 2481 818 2515 peractam
851 2481 954 2504 narrat
983 2474 1189 2504 Ptolomaeus
1216 2473 1252 2503 li-

181 2520 240 2550 bro
263 2520 334 2556 XV,
358 2519 460 2559 capite
482 2526 530 2549 xv:
561 2519 655 2549 «Leo
678 2519 775 2559 Papa,
800 2519 957 2558 inquiens,
983 2528 1136 2548 coronam
1159 2518 1252 2558 capiti

182 2576 199 2591 ²
219 2564 286 2595 eius
306 2562 453 2605 (Caroli)
470 2563 639 2603 imposuit:
665 2569 696 2593 et
714 2573 732 2593 a
748 2569 863 2593 cuncto
882 2563 1030 2592 Romano
1050 2562 1175 2602 populo
1200 2572 1250 2593 ac-

184 2621 198 2635 »
220 2608 392 2639 clamatum
411 2614 458 2638 est
479 2607 598 2638 Carolo
612 2608 762 2648 Augusto
780 2617 801 2637 a
816 2607 887 2637 Deo
903 2612 1067 2644 coronato,
1088 2617 1208 2647 magno
1223 2613 1254 2638 et

184 2665 200 2680 ›
212 2652 352 2695 pacifico
379 2652 575 2692 Imperatori
609 2653 674 2682 vita
703 2657 735 2682 et
762 2652 907 2682 victoria.
933 2652 1025 2682 Hanc
1059 2657 1167 2681 autem
1204 2661 1253 2682 ac-

183 2709 199 2724 »
219 2696 444 2728 clamationem
459 2702 490 2727 et
503 2695 745 2726 coronationem
760 2695 876 2726 factam
891 2705 948 2736 per
969 2696 1113 2726 Leonem
1141 2705 1253 2726 omnes

185 2754 201 2769 2
219 2740 368 2772 historiae
399 2747 564 2781 ponunt..
577 2763 585 2771 .
609 2740 651 2771 Et
673 2740 717 2770 sic
740 2740 845 2770 ablato
867 2740 1003 2770 Patricii
1025 2740 1166 2778 nomine,
1192 2740 1253 2770 Im-

183 2798 198 2813 ›
217 2791 343 2826 perator
366 2791 398 2816 et
418 2787 584 2825 Augustus
599 2791 645 2815 est
657 2784 833 2825 appellatus
844 2806 852 2815 .
863 2807 871 2815 .
885 2807 892 2815 .
909 2784 971 2815 Sed
987 2784 1253 2815 considerandum

185 2843 200 2858 s
219 2837 267 2861 est
295 2837 426 2871 propter
456 2829 630 2870 quamdam
663 2829 871 2859 Glossam...
896 2829 986 2869 quod
1019 2829 1198 2868 Stephanus
1227 2829 1252 2859 11

183 2887 200 2902 ι
217 2883 285 2905 non
326 2874 400 2905 fecit
436 2873 675 2904 translationem
703 2873 830 2914 Imperii
857 2884 876 2904 a
900 2873 1027 2904 Graecis
1055 2873 1094 2903 ad
1124 2873 1254 2903 Germa-

185 2930 200 2946 »
220 2927 291 2956 nos,
314 2925 352 2949 ut
373 2917 424 2948 hic
447 2916 523 2958 (sub
538 2918 646 2948 Leone
664 2917 736 2959 III)
761 2924 865 2957 patet:
890 2918 947 2948 sed
973 2917 1114 2948 definivit
1137 2917 1252 2948 facien-

185 2974 200 2989 »
220 2962 295 2992 dam
314 2969 371 2992 etc.
385 2974 400 2989 »
421 2962 456 2992 In
471 2962 635 2992 veritatem
653 2961 813 3000 historiae,
830 2962 894 2992 sive
910 2972 1009 3002 quam
1032 2969 1143 2992 auctor
1161 2961 1254 3002 Opu-

183 3005 261 3036 sculi
278 3012 382 3036 narrat
397 3005 462 3036 sive
478 3016 576 3047 quam
591 3006 813 3044 Ptolomaeus,
833 3006 1013 3046 diligentius
1034 3016 1100 3036 non
1115 3006 1253 3047 inquiro:

184 3049 359 3090 pugnantia
383 3049 465 3080 dicta
487 3050 765 3080 animadvertenda
787 3060 948 3090 propono.

252 3093 388 3124 Ibidem:
404 3093 586 3124 Secundum
609 3094 788 3124 Concilium
794 3094 868 3135 suit
893 3094 1180 3134 Constantinopoli,
1195 3095 1255 3125 sub

187 3138 330 3179 Cyriaco
353 3138 442 3178 Papa
465 3138 682 3168 celebratum:
699 3138 829 3179 quidam
849 3144 955 3169 tamen
979 3139 1091 3169 dicunt
1112 3139 1172 3170 sub
1186 3139 1255 3169 Da-

183 3191 283 3213 maso.
300 3182 526 3212 Animadverte
552 3182 729 3222 Cyriacum
753 3193 812 3222 pro
835 3183 952 3213 Siricio
967 3183 1138 3213 invectum.
1155 3183 1256 3213 Aliter

184 3227 391 3257 Ptolomaeus
413 3226 495 3256 libro
510 3226 565 3263 VI,
583 3226 684 3266 capite
698 3233 728 3256 v:
746 3227 883 3267 Propter
904 3237 1001 3267 quam
1019 3236 1151 3258 causam
1168 3226 1255 3269 (hae-

184 3281 290 3302 reseos
314 3281 332 3300 a
354 3269 544 3301 Macedonio
578 3269 792 3313 excogitatae)
816 3272 849 3301 in
883 3271 1160 3311 Constantinopoli
1181 3271 1256 3312 suit

184 3320 297 3346 sancta
321 3314 475 3355 Synodus
497 3314 658 3344 celebrata
680 3315 742 3345 150
765 3315 996 3355 Episcoporum
1021 3315 1080 3345 sub
1098 3315 1254 3346 Damaso.

252 3359 392 3390 Ibidem:
420 3358 580 3395 Quartum
604 3358 782 3389 Concilium
797 3358 871 3399 ficit
889 3359 1082 3390 celebratum
1107 3360 1140 3389 in
1160 3359 1256 3389 Chal-

185 3404 318 3434 cedonia
351 3402 416 3434 630
440 3403 672 3442 Episcoporum
701 3403 760 3433 sub
791 3403 899 3433 Leone
930 3403 1058 3440 Primo,
1080 3407 1258 3442 praesente

184 3448 334 3488 Principe
352 3448 510 3478 Martino.
534 3446 740 3477 Ptolomaeus
762 3446 844 3476 libro
867 3446 952 3483 VIII,
977 3446 1077 3486 capite
1098 3453 1136 3476 11:
1167 3447 1258 3476 Tem-

178 3502 262 3532 pore
285 3493 402 3523 Leonis
424 3492 527 3521 Himi
542 3496 573 3521 et
587 3500 630 3521 ex
644 3500 703 3521 suo
722 3491 886 3528 mandato,
906 3491 1096 3521 Martianus
1110 3490 1258 3530 Impera-

185 3542 236 3567 tor
258 3536 436 3567 Concilium
459 3540 640 3576 congregat
652 3533 709 3576 619
726 3535 969 3575 Episcoporum.
986 3536 1038 3564 An
1054 3544 1137 3564 unus
1154 3534 1258 3564 idem-

184 3590 247 3621 que
263 3587 373 3611 auctor
387 3580 445 3610 sibi
462 3579 610 3609 adversus
627 3577 721 3609 fuerit
735 3579 768 3609 in
783 3578 1020 3618 Episcoporum
1038 3588 1186 3616 numero,
1200 3580 1258 3618 qui

183 3625 289 3656 varius
312 3632 419 3655 tamen
435 3630 481 3654 est
496 3623 583 3664 apud
606 3623 762 3661 diversos,
783 3630 813 3653 et
830 3623 863 3652 in
882 3622 1013 3653 nomine
1033 3621 1260 3662 Imperatoris?

329 3685 399 3718 Opp.
418 3685 449 3710 D.
464 3684 579 3709 Tamus
597 3684 629 3709 T.
644 3684 663 3708 1.

2245 281 2361 308 CCLVII

1362 346 1474 387 Capite
1489 354 1583 378 xvm:
1607 347 1810 378 Iustinianus
1827 352 1903 387 post
1926 357 2055 378 cursum
2072 354 2208 388 quartae
2225 350 2361 390 Synodi,

1295 397 1421 421 centum
1441 392 1557 432 viginti
1578 392 1822 432 Episcoporum,
1843 392 2049 432 praesidente
2073 392 2157 423 Iulio
2177 394 2276 434 Papa.
2293 395 2362 425 lmo

1281 435 1430 475 ,Vigilius
1452 436 1549 476 Papa,
1573 446 1640 466 non
1664 435 1774 474 lulius,
1798 436 1947 466 invitatus
1970 443 2161 477 rogatusque
2185 444 2221 468 ut
2250 439 2365 478 praesi-

1299 479 1394 518 deret,
1414 480 1584 510 recusavit:
1602 486 1747 510 causatus
1766 480 2020 511 Occidentalium
2036 481 2272 521 Episcoporum
2287 493 2364 522 pau-

1296 523 1432 562 citatem,
1458 534 1533 554 cum
1556 523 1735 565 frequentes
1759 534 1776 555 e
1800 531 1909 555 contra
1928 534 1965 555 ex
1988 524 2203 556 Orientalibus
2219 526 2365 557 Ecclesiis

1297 568 1526 599 convenissent.
1547 569 1753 599 Ptolomaeus
1769 569 1850 599 libro
1865 569 1905 607 X,
1923 569 2023 609 capite
2044 577 2066 600 1:
2082 569 2148 600 Sub
2168 570 2284 611 Vigilio
2293 570 2366 611 suit

1297 622 1363 642 una
1383 612 1536 653 Synodus
1553 614 1585 643 in
1605 613 1883 653 Constantinopoli
1905 614 2075 645 celebrata.
2092 614 2134 645 Et
2153 614 2253 654 capite
2268 622 2305 644 11:
2323 615 2364 645 In

1298 667 1334 687 eo
1358 655 1535 699 (Concilio)
1552 662 1771 688 convenerunt
1793 659 1907 699 magni
1930 659 2002 696 viri,
2028 663 2063 689 ut
2081 658 2163 689 idem
2186 659 2296 690 scribit
2310 659 2366 690 Iu-

1296 702 1467 738 stinianus,
1493 701 1638 732 videlicet
1660 700 1723 732 165
1744 702 1904 742 Episcopi.

1366 745 1504 775 Ibidem:
1528 746 1706 783 Adrianus,
1729 745 1872 777 Concilio
1895 746 2053 777 celebrato
2068 748 2190 778 Romae
2208 747 2272 778 155
2289 748 2367 788 Epi-

1298 799 1466 830 scoporum
1486 794 1517 820 et
1540 790 1769 820 venerabilium
1793 790 1961 828 Abbatum,
1980 792 2147 831 imperium
2172 793 2204 822 in
2222 802 2367 832 persona

1298 833 1465 875 magnifici
1483 834 1643 873 Principis
1664 833 1776 864 Caroli
1794 844 1814 864 a
1836 835 1969 866 Graecis
1987 837 2154 866 transtulit
2168 836 2213 866 ad
2232 836 2367 867 Germa-

1299 887 1366 909 nos.
1390 878 1596 908 Ptolomaeus
1619 877 1700 907 libro
1724 878 1808 916 XIV,
1833 889 1901 918 cap.
1918 886 2003 910 xxxr:
2026 880 2226 911 Adrianus...
2254 881 2367 912 Conci-

1299 923 1378 952 lium
1402 927 1583 963 congregat
1601 923 1633 951 in
1659 922 1737 952 urbe
1760 922 1823 959 154
1846 923 2077 964 Episcoporum
2102 930 2132 955 et
2149 924 2345 956 Abbatum..
2358 947 2367 956 .

1299 976 1340 997 ac
1361 966 1505 1007 glorioso
1527 966 1670 1005 Principi
1694 966 1793 996 tradit
1809 972 1999 1007 potestatem
2025 969 2166 1009 eligendi
2183 969 2367 1010 Pontificem

1301 1015 1331 1040 et
1353 1009 1527 1040 ordinandi
1544 1009 1758 1050 Apostolicam
1779 1010 1891 1041 Sedem
1909 1017 1939 1042 et
1957 1012 2145 1052 dignitatem
2161 1013 2368 1045 Patriciatus.

1300 1054 1477 1094 Utramque
1500 1053 1713 1084 narrationem
1736 1054 1880 1086 reiiciunt
1912 1055 2002 1096 periti
2034 1056 2108 1087 viri:
2125 1067 2267 1097 pugnam
2289 1058 2370 1089 inter

1301 1105 1468 1138 utramque
1492 1097 1708 1128 animadverto
1732 1108 1803 1138 ego.

1368 1141 1482 1181 Capite
1496 1149 1563 1172 xrx:
1587 1141 1661 1172 Otto
1677 1142 1728 1173 I...
1747 1144 1779 1173 in
1795 1143 2027 1183 Imperatorem
2043 1150 2219 1176 coronatur
2233 1156 2253 1176 a
2264 1146 2371 1177 Leone

1301 1186 1451 1226 Septimo.
1478 1186 1624 1216 Fabellae
1647 1187 1744 1216 semel
1776 1194 1921 1227 acceptae
1952 1188 2093 1219 inhaeret
2116 1196 2234 1220 auctor.
2259 1190 2372 1221 Fidem

1301 1230 1405 1260 eidem
1429 1237 1564 1270 praestat
1586 1230 1792 1261 Ptolomaeus
1821 1232 1894 1262 loco
1919 1232 2062 1272 superius
2094 1234 2207 1266 citato:
2239 1241 2270 1265 at
2298 1235 2370 1265 scri-

1302 1281 1428 1314 ptorem
1451 1274 1547 1305 etiarn
1579 1282 1737 1306 memorat
1760 1276 1815 1316 qui
1845 1285 1998 1306 coronam
2029 1276 2225 1317 imperialem
2258 1278 2371 1309 Ottoni

1302 1318 1486 1359 impositam
1511 1329 1529 1349 a
1552 1319 1670 1350 Ioanne
1694 1320 1751 1350 XII
1776 1327 1888 1351 narrat.
1906 1321 2043 1351 Leonem
2065 1322 2200 1363 denique
2216 1323 2287 1353 VIII
2304 1333 2371 1354 non

1301 1363 1476 1404 Septimum
1501 1370 1656 1394 numerat.

1370 1407 1483 1448 Capite
1496 1415 1550 1439 xx:
1567 1408 1672 1439 Electi
1686 1414 1762 1440 sunt
1780 1409 2014 1450 Imperatores:
2030 1410 2174 1441 videlicet
2188 1411 2373 1451 Rodolphus

1302 1453 1440 1493 simplex
1458 1452 1572 1484 Comes
1586 1453 1627 1483 de
1641 1453 1836 1495 Ausburgo:
1853 1464 1915 1494 quo
1934 1460 2061 1485 mortuo
2077 1460 2260 1495 assumptus
2279 1460 2325 1486 est
2339 1457 2372 1486 in

1302 1496 1534 1537 Imperatorem
1562 1497 1675 1528 Comes
1698 1498 1864 1538 Adolphus
1879 1499 1919 1529 de
1936 1499 2117 1530 Anaxone:
2132 1509 2194 1539 quo
2213 1500 2333 1530 occiso.
2344 1522 2352 1530 .
2364 1522 2373 1531 .

1303 1547 1487 1581 assumptus
1510 1547 1556 1572 est
1579 1542 1737 1573 Albertus.
1762 1543 1864 1583 Reges
1887 1543 2111 1574 Romanorum
2134 1543 2272 1574 fuerunt.
2298 1544 2373 1574 Pto-

1302 1585 1447 1616 lomaeus
1466 1585 1546 1616 libro
1570 1586 1684 1624 XXIII,
1705 1587 1804 1627 capite
1821 1595 1872 1618 111:
1898 1587 2087 1628 Rodulphus
2113 1587 2226 1619 Comes
2241 1588 2281 1619 de
2302 1588 2374 1619 Ha-

1303 1630 1462 1671 sburg...
1482 1640 1570 1661 anno
1593 1631 1726 1661 Domini
1748 1631 1828 1671 1273
1851 1633 1884 1662 in
1907 1632 2029 1673 Regem
2063 1633 2197 1673 eligitur
2219 1633 2374 1663 Alaman-

1305 1676 1387 1705 niae.
1408 1674 1504 1705 Libro
1521 1675 1636 1712 XXIV,
1661 1675 1762 1715 capite
1785 1683 1885 1706 xxvu:
1905 1677 2000 1707 Anno
2014 1677 2147 1707 Domini
2165 1685 2242 1718 1292
2263 1687 2375 1708 conve-

1305 1724 1424 1749 nerunt
1442 1719 1595 1750 electores
1607 1719 1839 1751 Alamanniae.
1852 1743 1860 1751 .
1873 1743 1881 1751 .
1902 1725 1933 1751 et
1952 1722 1984 1751 in
2000 1721 2231 1762 Imperatorem
2250 1722 2376 1762 eligunt

1307 1762 1461 1794 Comitem
1485 1763 1665 1803 Adolphum
1697 1764 1738 1795 de
1760 1765 1902 1795 Nassau.
1925 1765 1994 1796 Hic
2014 1765 2180 1806 Adolphus
2202 1766 2275 1796 Rex
2302 1775 2375 1797 con-

1303 1808 1457 1848 gregavit
1476 1809 1662 1838 exercitum.
1687 1808 1728 1839 Et
1744 1809 1844 1849 capite
1860 1816 1977 1839 xxxvn:
2002 1810 2152 1841 Albertus
2166 1809 2242 1851 fuit
2257 1811 2376 1841 electus

1306 1852 1338 1882 in
1362 1852 1484 1893 Regem
1508 1853 1724 1883 Alamanniae
1746 1853 1786 1883 ab
1814 1854 2002 1884 electoribus
2030 1855 2238 1895 congregatis
2260 1856 2375 1895 Aquis-

1305 1897 1407 1937 grani
1422 1906 1509 1927 anno
1526 1897 1660 1926 Domini
1679 1896 1769 1938 1298.
1794 1897 1884 1928 Paria
1905 1898 1938 1928 in
1962 1898 2139 1929 Annalibus
2163 1898 2264 1929 refert.
2289 1900 2376 1930 Haec

1308 1940 1467 1971 dictorum
1491 1941 1685 1971 dissonantia
1707 1942 1841 1972 dubium
1867 1942 1989 1981 ingerit,
2006 1943 2095 1983 quod
2109 1943 2308 1983 peritioribus
2325 1953 2376 1974 ex-

1308 1985 1514 2025 pendendum
1538 1985 1684 2026 relinquo
1696 2009 1705 2024 ,
1730 1996 1810 2016 num
1833 1986 1912 2017 illud
1929 1986 2132 2027 Opusculum
2149 1988 2201 2018 De
2219 1988 2379 2028 regimine

1307 2029 1491 2070 Principum
1516 2029 1744 2061 elucubraverit
1766 2028 1991 2061 Ptolomaeus?

1377 2073 1413 2104 II.
1432 2073 1575 2105 Censura
1609 2074 1751 2115 sequitur
1775 2075 1920 2106 Casimiri
1945 2075 2083 2114 Oudini,
2108 2085 2190 2116 quae
2222 2076 2378 2117 peculiare

1310 2119 1451 2159 exposcit
1474 2129 1615 2149 examen.
1642 2119 1746 2149 Verba
1769 2119 1836 2150 eius
1860 2126 1950 2150 sunt:
1979 2134 1992 2147 «
2006 2120 2112 2150 Huius
2136 2119 2292 2160 Opusculi
2312 2119 2379 2161 (De

1309 2174 1324 2189 »
1348 2164 1507 2204 regimine
1523 2163 1726 2205 Principum)
1752 2164 1965 2194 meminerunt
1991 2170 2110 2194 veteres
2134 2174 2306 2195 omnes...
2331 2165 2379 2195 ni-

1309 2218 1326 2234 2
1346 2207 1464 2238 mirum
1488 2207 1694 2238 Ptolomaeus
1718 2208 1879 2246 Lucensis,
1898 2208 2075 2238 Bernardus
2099 2208 2267 2246 Guidonis,
2284 2208 2378 2240 Nico-

1311 2264 1325 2279 »
1345 2252 1414 2282 laus
1439 2252 1597 2289 Trivetus,
1622 2262 1646 2282 s.
1671 2252 1872 2282 Antoninus:
1898 2259 2006 2282 contra
2038 2262 2120 2293 quos
2153 2262 2265 2282 omnes
2289 2262 2378 2293 agere

1310 2308 1325 2323 ι
1347 2297 1464 2327 durum
1488 2297 1688 2336 arduumque
1717 2303 1782 2334 est,
1806 2296 1952 2337 quamvis
1982 2296 2193 2327 necessarium
2225 2297 2378 2328 videatur.

1311 2353 1325 2368 xe
1345 2340 1465 2371 Natalis
1496 2340 1672 2370 Alexander
1703 2340 1784 2371 duos
1815 2341 1928 2371 saltem
1960 2341 2058 2371 libros
2082 2342 2280 2381 posteriores
2311 2351 2378 2372 non

1312 2397 1327 2412 2
1348 2395 1414 2415 esse
1438 2395 1463 2415 s.
1490 2384 1637 2415 Thomae
1662 2391 1804 2415 censet..
1818 2408 1825 2415 .
1843 2385 1942 2415 Porro
1967 2392 2002 2416 ut
2024 2385 2144 2425 priores
2177 2385 2259 2416 duos
2282 2385 2379 2416 libros

1311 2441 1325 2456 ›
1349 2435 1457 2459 sancto
1492 2428 1638 2459 Thomae
1671 2435 1838 2467 assereret,
1864 2429 2027 2459 ostendere
2059 2429 2216 2460 debuisset
2244 2440 2280 2460 ex
2304 2440 2380 2461 mss.

1311 2486 1326 2501 »
1347 2473 1520 2511 codicibus,
1537 2472 1732 2503 additionem
1749 2473 1863 2504 factam
1880 2483 1946 2504 esse
1962 2472 2116 2504 librorum
2132 2474 2378 2514 posteriorum...

1311 2531 1326 2545 ›
1345 2518 1506 2548 Praeterea
1530 2517 1600 2547 libri
1622 2517 1673 2548 isti
1696 2524 1835 2558 quatuor
1857 2518 1938 2548 inter
1960 2528 1993 2548 se
2017 2525 2265 2556 connectuntur,
2290 2529 2379 2549 eum-

1310 2575 1325 2589 »
1347 2563 1485 2602 demque
1508 2561 1722 2602 praeseferunt
1754 2568 1971 2593 auctorem...
1994 2562 2102 2603 Itaque
2126 2562 2295 2593 dicendum
2329 2563 2379 2593 vel

1311 2619 1326 2634 ι
1347 2616 1463 2637 errasse
1495 2606 1748 2637 nomenclatores
1781 2616 1970 2637 omnes....
1986 2607 2037 2636 vel
2060 2606 2263 2647 Opusculum
2295 2607 2379 2638 istud

1312 2663 1326 2678 »
1346 2650 1486 2691 periisse,
1505 2650 1595 2691 quod
1618 2660 1690 2681 vere
1708 2661 1731 2681 s.
1749 2651 1871 2681 Doctor
1895 2651 1932 2681 de
1957 2658 2144 2691 argumento
2160 2651 2221 2682 isto
2246 2651 2380 2682 conscri-

1311 2708 1326 2723 »
1346 2702 1459 2736 pserat.
1474 2708 1489 2722 »
1520 2695 1594 2725 Non
1618 2701 1760 2726 errarunt
1783 2695 1995 2735 probatissimi
2019 2702 2137 2726 veteres
2161 2696 2378 2726 nomenclato-

1308 2747 1376 2770 res:
1394 2749 1452 2770 nec
1475 2739 1567 2779 periit
1590 2739 1766 2779 genuinum
1783 2750 1800 2770 a
1816 2740 1944 2770 Thoma
1964 2739 2144 2770 confectum
2164 2739 2378 2780 Opusculum,

1309 2784 1398 2825 quod
1431 2785 1575 2824 primum
1610 2783 1726 2814 librum
1759 2794 1794 2814 ac
1828 2784 1961 2814 secundi
1986 2789 2114 2824 partem
2148 2784 2378 2824 complectitur.

1310 2828 1445 2859 Codices
1469 2828 1702 2868 manuscriptos
1726 2829 1902 2866 Romanos,
1923 2828 2128 2865 Parisienses,
2153 2828 2291 2858 Venetos
2314 2828 2379 2858 iam

1309 2872 1536 2910 recensuimus,
1561 2872 1616 2913 qui
1640 2873 1836 2912 praedictum
1861 2872 1953 2912 Opus
1978 2882 2043 2902 non
2068 2872 2265 2912 completum
2288 2872 2378 2903 Tho-

1309 2928 1380 2948 mae
1404 2916 1601 2947 adiudicant:
1626 2917 1716 2957 quod
1739 2917 1834 2947 etiam
1857 2927 1875 2947 a
1899 2917 2015 2947 Ioanne
2032 2917 2070 2946 de
2095 2916 2255 2946 Columna
2278 2917 2376 2947 adno-

1309 2969 1411 2992 tatum
1434 2961 1583 2991 vidimus.
1601 2961 1708 2998 Quam
1723 2961 1818 3001 longe
1834 2970 1909 2991 vero
1933 2961 2052 3001 priores
2076 2961 2153 2998 duo,
2170 2970 2205 2991 ac
2229 2961 2294 2991 duo
2318 2971 2377 3001 po-

1310 3006 1453 3037 steriores
1483 3005 1553 3035 libri
1586 3005 1747 3043 differant,
1779 3015 1893 3035 coecus
1925 3012 1992 3035 esto
2025 3005 2080 3045 qui
2112 3014 2178 3035 non
2208 3011 2376 3044 agnoscat:

1309 3052 1394 3081 unde
1417 3050 1534 3080 labitur
1557 3049 1738 3090 corruitque
1762 3049 1882 3080 Oudini
1906 3055 2139 3089 argumentum,
2157 3049 2246 3089 quod
2265 3059 2377 3079 eorum

1309 3095 1390 3125 inter
1413 3104 1445 3124 se
1469 3094 1667 3124 connexione
1690 3093 1842 3124 innititur.

1387 3139 1548 3178 integrum
1581 3137 1804 3178 Opusculum,
1838 3137 1902 3167 sive
1936 3137 2033 3167 libros
2072 3137 2152 3167 duos
2189 3136 2378 3177 posteriores

1310 3183 1374 3213 sive
1398 3182 1518 3223 priores
1542 3182 1624 3212 duos
1648 3181 1845 3219 consideres,
1869 3182 1908 3211 ab
1941 3181 2099 3222 Aquinate
2132 3181 2378 3211 abiudicandum

1310 3226 1499 3267 pronunciat
1522 3226 1584 3256 ille.
1603 3226 1670 3256 Cur
1693 3224 1897 3263 vero?Sane,
1921 3225 2043 3266 inquit,
2068 3226 2100 3255 in
2125 3235 2198 3256 mss.
2220 3225 2379 3256 codicibus

1310 3271 1570 3301 bibliothecarum
1593 3271 1735 3310 Angliae
1762 3275 1793 3300 et
1814 3269 1994 3300 Hiberniae
2017 3267 2121 3311 (quos
2150 3269 2305 3309 plurimos
2329 3279 2375 3299 re—

1311 3312 1433 3356 censet)
1457 3314 1517 3344 hoc
1543 3323 1624 3353 opus
1651 3319 1835 3344 constanter
1858 3314 1995 3355 Aegidio
2021 3314 2167 3344 Romano
2198 3323 2254 3344 seu
2281 3313 2377 3343 Colu-

1311 3368 1416 3395 mnae,
1441 3358 1630 3388 attributum
1654 3363 1710 3388 est.
1728 3358 1836 3398 opus,
1860 3358 1912 3388 De
1934 3358 2092 3398 regimine
2114 3358 2298 3397 Principum
2322 3367 2377 3397 pa—

1311 3403 1384 3433 riter
1416 3401 1623 3442 inscriptum,
1648 3402 1846 3432 elucubrasse
1879 3402 2049 3441 Aegidium
2081 3401 2236 3432 inficiatur
2268 3411 2376 3432 nemo.

1311 3445 1519 3476 Probandum
1551 3445 1651 3475 fuerat
1683 3445 1894 3484 Aegidianum
1932 3445 2135 3485 Opusculum
2167 3445 2206 3475 ab
2239 3455 2277 3475 eo
2310 3455 2377 3475 non

1313 3490 1444 3526 differre,
1468 3489 1557 3529 quod
1579 3489 1731 3529 Aquinati
1755 3488 1916 3527 tribuitur,
1940 3489 2005 3519 sive
2027 3489 2124 3519 libros
2148 3489 2230 3519 duos
2258 3489 2378 3530 priores

1314 3533 1492 3564 consideres
1515 3533 1579 3563 sive
1603 3532 1792 3573 posteriores
1815 3533 1907 3563 duos.
1932 3533 1999 3564 Cur
2018 3531 2135 3564 etiam?
2156 3533 2240 3571 Quia
2266 3546 2281 3561 <x
2295 3543 2379 3574 opus

1316 3590 1331 3605 ι»
1350 3577 1446 3615 istud,
1471 3578 1583 3617 inquit,
1608 3577 1667 3607 sub
1682 3576 1812 3607 nomine
1835 3577 1965 3618 Aegidii
1982 3578 2121 3608 Romani
2139 3587 2296 3618 expresso,
2319 3577 2378 3607 im—

1316 3634 1331 3649 »
1351 3631 1496 3662 pressum
1520 3621 1581 3652 fuit
1603 3621 1725 3651 Romae
1749 3631 1834 3652 anno
1864 3621 1944 3660 1482
1973 3621 2006 3651 in
2030 3621 2084 3652 fol.
2105 3629 2276 3663 antequam
2298 3622 2380 3653 inter

2205 3681 2235 3706 33
