2788 4204
509 386 1242 471 ARISTOTELIS
1304 390 1545 474 PERI
1604 390 2304 474 HERMENEIAS

1215 573 1489 638 LIBER
1537 575 1594 638 II

1064 899 1408 954 LECTIO
1459 900 1756 954 PRIMA

469 1042 554 1082 DE
586 1042 1018 1084 DISTINCTIONE
1051 1044 1131 1084 ET
1165 1044 1396 1084 ORDINE
1430 1043 1778 1085 SIMPLICIUM
1811 1046 2337 1099 ENUNCIATIONUM‚

407 1123 469 1163 IN
508 1122 732 1175 QUIBUS
775 1123 994 1164 NOMEN
1033 1124 1287 1165 FINITUM
1319 1124 1441 1164 VEL
1484 1124 1802 1166 INFINITUM
1840 1126 2110 1169 PONITUR
2148 1129 2408 1172 TANTUM

1098 1203 1180 1243 EX
1212 1203 1417 1243 PARTE
1446 1202 1723 1244 SUBIECTI

299 1338 402 1378 Ἐπεὶ
427 1339 465 1376 δέ
489 1345 563 1378 ἐστι
588 1356 622 1378 τι
646 1345 742 1379 κατά
765 1357 855 1383 τινος
880 1347 901 1382 ἡ
926 1345 1121 1400 κατάφασις
1152 1349 1382 1401 σημαίνουσα,

320 1402 346 1406 *’
376 1390 485 1424 ῐ-οῧτο
510 1385 548 1422 δέ
578 1390 669 1423 ἐστιν
695 1389 716 1427 ἦ
732 1390 850 1445 ὄνομα
875 1390 897 1428 ἦ
922 1391 964 1424 τὸ
990 1390 1182 1435 ἀνώνυμον,
1209 1392 1243 1424 ἓν
1268 1387 1307 1423 ὸέ
1333 1387 1387 1425 δεῖ·

379 1432 478 1476 εἶναι,
503 1436 562 1466 καὶΙ
586 1434 657 1467 καθ’
686 1434 770 1477 ἑνός,
797 1436 839 1468 τό
865 1437 898 1468 ἐν
923 1437 968 1479 τῇ
993 1436 1202 1478 καταφάσει·

313 1523 369 1567 (τό
386 1517 460 1555 δὲ*
443 1535 550 1567 ονομα
574 1525 706 1579 εἴρηται
730 1525 789 1556 καὶ
807 1524 848 1557 τὸ
868 1523 1037 1579 ἀνώνυμον
1057 1524 1233 1581 πρότερον·
1261 1525 1302 1557 τὸ
1318 1526 1382 1571 γάρ

379 1568 439 1600 οὐκ
474 1566 646 1620 ἄνθρωπος
677 1580 784 1613 ονομα
814 1569 875 1613 μὲν
901 1570 939 1601 οὑ
967 1567 1080 1625 λέγω,
1116 1570 1185 1602 ἀλλ’
1225 1568 1382 1612 ἀόριστον

379 1612 498 1657 ὄνομα·
527 1613 560 1644 ἓν
584 1612 649 1668 γάρ
676 1625 744 1650 πως
764 1616 920 1658 σημαίνει
936 1616 995 1646 καὶ
1013 1626 1054 1648 το
1075 1614 1246 1656 ἀόριστον·
1273 1615 1382 1661 ὥσπερ

377 1659 437 1690 καὶ
462 1657 504 1690 τὸ
529 1658 593 1702 οὐχ
618 1659 774 1703 ὑγιαίνει,
794 1659 832 1690 06
849 1660 959 1704 ῥῆμα,
988 1659 1057 1692 ἀλλ’
1080 1658 1236 1704 ἀόριστον
1258 1661 1379 1705 ῥῆμα)·

312 1746 411 1780 ἔσται
437 1745 534 1778 πᾶσα
557 1744 753 1800 κατάφασις
777 1749 835 1779 καὶ
855 1746 1025 1803 ἀπόφασις
1043 1746 1064 1784 ἦ
1083 1746 1150 1788 ἑξ’
1138 1747 1305 1803 ονόματος
1323 1750 1382 1781 καὶ

377 1789 545 1845 ῥήματος,
572 1788 593 1826 ἣ
619 1790 654 1831 ἐξ
683 1791 841 1832 ἀορίστου
868 1791 1036 1847 ὀνόματος
1059 1794 1116 1823 καὶ
1140 1792 1307 1848 ῥήματος.

304 1835 402 1867 Ἀνευ
427 1829 465 1866 δὲ
470 1834 642 1888 ῥήματος
651 1830 818 1890 οὐδεμία
828 1836 1022 1892 κατάφασις
1041 1832 1120 1868 οὐδὲ
1139 1837 1383 1894 ἀπόφασις·τό

377 1878 443 1925 γάρ
469 1878 576 1920 ἔστιν,
601 1877 623 1915 ἦ
649 1878 770 1934 ἔσται,
797 1878 818 1917 ἦ
845 1893 898 1922 ην,
926 1880 947 1918 ἦ
971 1883 1124 1934 γίνεται,
1152 1895 1173 1918 η
1200 1882 1264 1915 ὅσα
1293 1883 1383 1915 ἄλλα

379 1923 560 1998 τοιίαῦτα,
581 1922 724 1977 ῥήματα
757 1924 795 1956 ἐκ
825 1926 892 1957 τῶν
926 1925 1086 1969 κειμένων
1116 1926 1202 1960 ἐστί·
1238 1939 1384 1972 προσση-

379 1968 491 2011 μαίνει
496 1967 592 2022 γάρ
605 1966 738 2012 χρόνον.

304 2010 408 2045 Ὥστε
434 2010 550 2056 πρώτη
576 2011 676 2044 ἔσται
683 2012 902 2068 κατάφασις
933 2016 992 2046 καὶ
1022 2013 1192 2069 ἀπόφασις
1224 2016 1265 2048 τὸ
1291 2015 1383 2048 ἔστιν

382 2054 568 2101 ἄνθρωπος,
595 2057 656 2088 οὐκ
680 2056 772 2089 ἔστιν
800 2057 983 2102 ἄνθρωπος.
1010 2055 1146 2098 Ειτα,”
1131 2072 1222 2093 εστιν
1249 2060 1308 2092 οὐκ
1329 2060 1385 2092 ἄν-

378 2098 396 2132 θ
418 2112 529 2142 ωπος,
561 2101 622 2133 οὐκ
647 2101 738 2134 ἔστιν
765 2103 825 2134 οὐκ
852 2089 1035 2144 ἄνθρωπος.
1062 2103 1189 2146 Πάλιν,
1216 2105 1289 2141 ἔστι
1314 2105 1380 2142 πᾶς

380 2113 570 2200 ἄςθρωπος,
608 2145 667 2178 οὐκ.
699 2146 772 2179 ἔστι
805 2148 871 2185 πᾶς
903 2147 1088 2191 ἄνθρωπος·
1123 2149 1197 2182 ’ἐστι
1229 2151 1296 2187 πᾶς
1322 2150 1382 2181 οὐκ

381 2189 567 2245 ἄνθρωπος,
595 2191 655 2222 οὐκ
681 2190 754 2224 ἔστι
780 2193 845 2229 πᾶς
865 2193 925 2224 οὐκ
945 2191 1128 2248 ἄνθρωπος.
1154 2195 1221 2226 Καὶ
1239 2194 1296 2227 ἐπὶ
1314 2194 1380 2227 τῶν

381 2234 479 2272 ἐκτὸς
503 2229 541 2267 δὲ
565 2234 691 2281 χρόνων
719 2237 734 2268 6
761 2236 866 2274 αὐτὸς
890 2235 991 2283 λόγος
1018 2237 1123 2270 ἐστίν.

373 2333 523 2361 SYNOPSIS.
540 2350 575 2353 —
597 2343 621 2360 1.
646 2334 859 2370 Argumentum
887 2334 972 2362 huius
994 2335 1111 2363 secundi
1135 2335 1199 2363 libri
1223 2342 1265 2363 est
1290 2345 1381 2363 enun-

0 2382 15 2406 ;,
50 2380 76 2391 2¹
313 2371 408 2407 ciatio,
424 2373 584 2401 secundum
606 2374 686 2409 quod
707 2373 914 2402 diversificatur
934 2384 985 2411 per
1003 2375 1112 2412 aliquid
1134 2375 1187 2403 sibi
1209 2375 1349 2403 additum.
1360 2391 1382 2398 -

312 2411 464 2440 Divisio.-
477 2420 505 2440 2.
528 2413 696 2440 Subiectum
717 2411 920 2442 affirmationis
949 2421 991 2442 est
1018 2424 1128 2443 nomen
1148 2415 1193 2442 vel
1214 2415 1379 2443 innomina-

311 2457 391 2487 tum,
418 2452 491 2480 idest
518 2451 663 2480 infinitum
693 2462 811 2481 nomen
830 2468 852 2475 —
877 2454 902 2481 3.
923 2455 1039 2482 Nomen
1069 2454 1213 2482 infinitum
1242 2455 1382 2491 significat

313 2501 402 2519 unum
417 2501 478 2519 non
497 2491 678 2529 simpliciter,
694 2493 745 2520 sed
766 2493 924 2521 secundum
940 2494 1017 2531 quid,
1033 2494 1062 2521 in
1077 2501 1218 2531 quantum
1241 2494 1380 2531 significat

311 2531 423 2559 formae
442 2531 562 2559 alicuius
584 2532 782 2570 negationem,
797 2543 886 2569 quam
906 2539 939 2561 ut
959 2543 1010 2561 ens
1025 2533 1143 2570 aliquod
1158 2534 1232 2562 rat10
1247 2535 1380 2562 conside-

0 2568 5 2591 ἓ
312 2577 365 2606 rat,
383 2571 515 2608 quamvis
534 2581 595 2599 non
610 2572 654 2599 sit.
667 2587 690 2594 -
702 2581 731 2607 4.
754 2574 796 2600 Ex
813 2582 873 2609 quo
888 2573 1008 2601 infertur
1022 2574 1166 2609 duplicem
1181 2583 1243 2602 esse
1258 2575 1379 2602 modum

312 2593 516 2639 affirmationis
534 2618 563 2639 et
583 2611 760 2648 negationis.
783 2614 926 2649 quaedam
952 2613 1029 2641 enim
1055 2620 1188 2641 constant
1208 2623 1242 2642 ex
1264 2615 1378 2642 nomine

312 2651 429 2687 proprie
449 2651 526 2679 dicto
548 2657 576 2679 et
597 2652 701 2686 verbo;
723 2653 866 2689 quaedam
888 2662 956 2681 vero
978 2659 1112 2681 constant
1132 2663 1166 2681 ex
1188 2654 1303 2682 nomine
1324 2654 1378 2682 im-

564 2982 572 2995 ¹.
587 2963 609 2971 ‘'
636 2967 641 2982 f
655 2957 759 3006 quod
779 2957 1053 2994 diversificatur
1066 2970 1136 3006 per
1155 2958 1295 3017 aliquid
1314 2958 1384 2995 sibi

654 3009 838 3047 additum.
877 3011 1042 3046 Possunt
1079 3018 1207 3047 autem
1239 3011 1308 3047 tria
1345 3011 1383 3048 in

71 3072 117 3094 ω
135 3077 216 3100 pnmo
232 3078 285 3100 qua-
314 3059 577 3096 enunciatione
598 3062 845 3099 considerari:
864 3062 990 3111 primo
1010 3063 1030 3084 *
1037 3063 1174 3112 ‚ipsae
1194 3065 1381 3110 dictiones,

71 3097 132 3120 ω’
314 3112 411 3162 quae
425 3113 691 3161 praedicantur
708 3116 770 3151 vel
790 3115 1059 3152 subiiciuntur'
1051 3129 1089 3152 ιιι
1105 3117 1379 3163 munci-atione,

72 3180 143 3204 ·ιιι,.
157 3181 180 3208 1,
197 3181 249 3204 ιω
265 3188 286 3209 ι,
313 3178 408 3215 quas
423 3178 537 3214 supra
548 3165 710 3204 distinxit
723 3180 792 3216 per
806 3168 963 3205 nomina
974 3176 1010 3205 et
1019 3169 1138 3206 verba
1150 3171 1183 3190 *·
1176 3170 1378 3215 ,seeundo‚

69 3197 180 3262 '‘if'm
186 3240 264 3262 quam,
312 3219 395 3268 ipsa
414 3219 647 3267 compositio,
672 3220 884 3257 secundum
909 3234 1026 3270 quam
1044 3222 1065 3242 *
1085 3230 1139 3258 est
1161 3234 1298 3258 verum
1318 3223 1380 3259 vel

43 3379 51 3384 .
61 3368 76 3396 ἰ
367 3358 392 3395 α)
408 3360 552 3392 Postquam
567 3359 741 3391 Philosophus
755 3365 802 3384 etc.
817 3360 859 3384 Uti
873 3361 1085 3393 praemonuimus
1095 3361 1121 3385 in
1131 3360 1295 3393 praefatione,
1310 3369 1378 3393 opus

313 3404 369 3430 περι
389 3393 519 3429 ἑρμηνείας
542 3395 618 3419 unico
642 3395 707 3419 libro
730 3395 798 3427 apud
816 3403 922 3427 graecos
941 3396 1094 3425 absolvitur,
1114 3397 1161 3420 sed
1180 3403 1194 3419 a
1213 3396 1378 3427 sequioribus

312 3431 479 3464 scriptoribus
503 3430 587 3455 latinis
607 3431 632 3455 in
651 3431 718 3454 duos
742 3430 822 3454 libros
845 3430 892 3454 fuit
915 3430 1088 3455 distributum.
1115 3431 1189 3455 Ratio
1212 3438 1275 3455 vero
1300 3431 1377 3455 huius

312 3467 445 3491 divisionis
469 3473 499 3491 ex
522 3471 613 3490 natura
636 3465 819 3490 enunciationis
839 3463 921 3499 (quae
946 3471 985 3490 est
1008 3466 1086 3490 totius
1105 3466 1191 3498 operis
1215 3464 1376 3501 subiectum)

311 3503 420 3535 peu'tur;
439 3502 549 3532 scilicet,
573 3501 633 3533 quia
652 3500 795 3525 enunciatio
815 3505 840 3524 et
858 3500 1008 3532 simpliciter
1021 3500 1206 3525 consideranda
1225 3506 1277 3529 est,
1297 3506 1322 3525 et
1336 3509 1377 3525 se-

312 3538 426 3562 cundum
445 3537 516 3569 quod
536 3535 719 3561 diversificatur
742 3543 789 3568 per
807 3535 902 3567 aliquid
928 3535 976 3559 sibi
999 3535 1128 3566 additum,
1152 3541 1220 3560 recte
1244 3535 1276 3559 ab
1296 3543 1376 3560 enun-

313 3573 421 3597 ciatione
433 3572 570 3605 posteriori
584 3579 664 3596 sensu
679 3576 784 3612 accepta
798 3570 903 3595 secundi
919 3570 975 3594 libri
990 3571 1100 3595 sumitur
1115 3571 1257 3595 exordium.
1266 3582 1285 3590 -
1295 3571 1377 3600 Quar-

311 3612 369 3632 tum
392 3608 487 3632 librum
513 3607 552 3631 sui
578 3607 755 3631 commentarii
777 3606 804 3630 in
831 3606 900 3630 idem
923 3613 979 3638 περι
1004 3603 1134 3639 ἑρμηνειας
1157 3613 1223 3646 opus
1249 3606 1379 3630 exorditur

312 3643 446 3675 Boethius,
465 3643 584 3668 eamdem
604 3642 757 3667 divisionem
777 3646 918 3674 sequutus;
939 3641 985 3666 sed
1005 3641 1054 3666 alia
1072 3646 1112 3666 est
1124 3641 1225 3674 partitio
1240 3649 1320 3674 quam
1335 3649 1378 3666 se-

0 4188 7 4198 —2
0 4119 13 4180 *rm
0 4013 13 4113 εῖτ-*Γ
0 3845 19 4007 vamur-zwy-
0 3810 16 3840 γ’.
0 3723 13 3804 “²'‘
0 2790 23 3718 &ffl'ss’wrwvffissw'vfl-WWWWW‘·
0 2765 8 2785 *⁴
0 2734 5 2761 “
0 2714 6 2730 ¹⁴
0 2667 2 2670 '
0 2635 8 2661 '⁴'
0 2620 3 2629 “
0 2610 1 2614 ⁴

35 3760 38 3763 ι
33 2650 43 2655 Ι

1441 1349 1458 1368 *
1471 1350 1635 1387 Quoniam
1651 1358 1758 1382 autem
1769 1358 1815 1382 est
1825 1351 1991 1383 affirmatio
2007 1354 2046 1383 de
2056 1354 2163 1395 aliquo
2180 1355 2356 1395 significans
2372 1359 2501 1401 aliquid,
2529 1365 2539 1375 ¹

1507 1394 1569 1425 hoc
1593 1402 1700 1425 autern
1724 1403 1850 1436 oportet
1874 1407 1939 1427 esse
1963 1398 2013 1428 vel
2036 1408 2155 1430 nomen
2178 1401 2228 1430 vel
2251 1401 2501 1455 innominatum3

1508 1449 1610 1469 unum
1634 1447 1742 1470 autem
1773 1448 1900 1481 oportet
1927 1451 1993 1472 esse
2017 1449 2048 1473 et
2071 1443 2109 1473 de
2139 1454 2205 1475 uno
2229 1445 2261 1475 id
2289 1448 2378 1487 quod
2401 1455 2448 1479 est
2469 1449 2503 1479 in

1506 1483 1734 1522 affirmatione;

1440 1525 1574 1570 (nomen
1591 1535 1697 1559 autem
1714 1528 1835 1559 dictum
1851 1535 1897 1560 est
1913 1536 1943 1560 et
1952 1530 2189 1562 innominatum
2203 1533 2306 1573 prius;
2322 1545 2388 1566 non
2402 1535 2502 1567 homo

1507 1572 1593 1602 enim
1616 1583 1735 1603 nomen
1759 1573 1890 1614 quidem
1913 1584 1979 1605 non
2003 1575 2085 1614 dico,
2110 1576 2165 1606 sed
2188 1587 2307 1608 nomen
2326 1579 2502 1612 infinitum:

1506 1627 1609 1647 unum
1625 1617 1710 1647 enim
1725 1617 1878 1657 significat
1890 1619 2133 1659 quodammodo
2149 1627 2180 1651 et
2192 1621 2353 1653 infinitum
2366 1634 2501 1664 nomen;

1507 1661 1782 1702 quemadmodum
1813 1669 1843 1692 et
1866 1673 1932 1693 non
1961 1664 2056 1695 currit
2086 1675 2152 1695 non
2175 1667 2308 1697 verbum
2332 1668 2423 1707 dico,
2447 1670 2502 1700 sed

1506 1705 1667 1736 infinitum
1690 1704 1858 1748 verbum);

1439 1750 1496 1781 erit
1519 1750 1624 1780 omnis
1648 1750 1813 1781 affirmatio
1838 1758 1868 1782 et
1891 1752 2016 1791 negatio
2042 1753 2092 1783 vel
2121 1764 2158 1784 ex
2180 1764 2310 1786 notmne
2334 1763 2364 1787 et
2386 1758 2501 1797 verbo,

1504 1795 1555 1825 vel
1578 1805 1615 1825 ex
1637 1794 1761 1825 infinito
1786 1795 1916 1825 nomine
1940 1803 1970 1826 et
1992 1797 2099 1828 verbo.

1437 1840 1562 1870 Praeter
1584 1839 1718 1869 verbum
1741 1846 1846 1869 autem
1871 1840 1958 1870 nulla
1978 1840 2143 1872 affirmatio
2159 1843 2209 1872 vel
2224 1844 2349 1883 negatio
2365 1851 2419 1875 est.
2444 1846 2502 1877 Est

1506 1883 1591 1914 enirn
1607 1883 1657 1913 vel
1681 1883 1752 1922 erit,
1776 1884 1827 1914 vel
1850 1884 1919 1923 fuit,
1939 1885 1989 1915 vel
2004 1885 2049 1924 fit,
2065 1886 2115 1916 vel
2131 1897 2351 1929 quaecumque
2367 1890 2427 1920 alia
2442 1890 2500 1920 hu-

1505 1928 1645 1958 iusmodi
1668 1929 1772 1966 verba,
1793 1938 1829 1958 ex
1848 1929 1896 1959 his
1916 1936 1999 1969 sunt,
2015 1940 2096 1971 quae
2116 1938 2189 1962 sunt
2202 1932 2322 1972 posita:
2343 1934 2500 1974 consigni-

1505 1971 1600 2002 ficant
1623 1972 1709 2002 enim
1732 1979 1869 2012 tempus.

1439 2017 1545 2054 Quare
1570 2016 1672 2056 prima
1696 2017 1753 2047 erit
1776 2016 1941 2048 affirmatio
1966 2024 1997 2048 et
2020 2019 2156 2059 negatiO,
2181 2027 2227 2051 est
2241 2021 2352 2060 homo,
2369 2032 2435 2052 non
2454 2030 2501 2054 est

1506 2061 1617 2092 homo.
1649 2061 1788 2099 Deinde,
1821 2069 1866 2092 est
1894 2072 1960 2092 non
1983 2062 2101 2102 homo,
2128 2074 2194 2094 non
2223 2072 2269 2096 est
2293 2076 2359 2096 non
2389 2067 2499 2098 homo.

1506 2106 1647 2143 Rursus,
1673 2112 1719 2135 est
1742 2106 1847 2136 omnis
1875 2106 1993 2145 homo,
2025 2118 2090 2138 non
2115 2115 2161 2139 est
2183 2110 2288 2140 omnis
2312 2111 2429 2142 homo:
2455 2119 2503 2143 est

1507 2150 1612 2180 omnis
1636 2160 1702 2180 non
1726 2149 1837 2188 homo,
1858 2161 1923 2181 non
1944 2158 1990 2182 est
2008 2152 2113 2182 omnis
2130 2163 2196 2183 non
2211 2154 2321 2185 homo.
2346 2156 2388 2186 Et
2402 2156 2435 2186 in
2451 2167 2501 2186 ex-

1506 2194 1647 2225 trinsecis
1670 2195 1867 2235 temporibus
1892 2196 2002 2226 eadem
2026 2203 2072 2227 est
2094 2198 2184 2228 ratio.

1435 2335 1552 2372 proprie
1571 2335 1659 2370 dicto,
1675 2345 1725 2363 seu
1740 2345 1774 2363 ex
1788 2335 1907 2364 nomine
1929 2336 2041 2375 infinito
2056 2343 2084 2365 et
2098 2347 2131 2366 ex
2145 2339 2243 2367 verbo.
2256 2355 2278 2362 -
2293 2340 2318 2368 5
2334 2340 2501 2370 Differentia

1436 2375 1674 2403 enunciationum
1696 2385 1757 2403 non
1778 2382 1873 2411 potest
1894 2376 1969 2404 sumi
1994 2386 2027 2404 ex
2050 2384 2130 2413 parte
2150 2379 2237 2406 verbi.
2263 2381 2336 2407 Nam
2361 2380 2390 2408 in
2410 2390 2501 2410 enun-

1435 2415 1606 2443 ciationibus
1627 2416 1746 2443 verbum
1768 2415 1912 2443 infinitum
1934 2416 1965 2444 fit
1979 2417 2099 2445 verbum
2114 2418 2293 2455 negativum,
2309 2426 2336 2447 et
2350 2420 2416 2448 ideo
2432 2422 2497 2449 red-

1435 2455 1476 2482 dit
1504 2455 1649 2492 negativas
1678 2454 1754 2491 ipsas
1782 2455 2008 2484 enunciationes.
2022 2472 2044 2479 -
2065 2458 2092 2484 6.
2116 2458 2338 2504 Distinguuntur
2363 2461 2500 2489 enuncia-

1434 2494 1528 2522 tiones
1554 2494 1584 2522 in
1611 2494 1715 2531 quibus
1743 2504 1853 2522 nornen
1872 2495 1993 2533 finitum
2019 2497 2064 2524 vel
2092 2497 2234 2535 infinitum
2261 2499 2379 2535 ponitur
2406 2501 2501 2529 solum

1434 2543 1467 2562 ex
1495 2541 1576 2571 parte
1604 2534 1739 2569 subiecti;
1764 2541 1792 2562 et
1819 2535 1876 2563 hoc
1905 2535 2064 2572 tripliciter:
2090 2539 2248 2566 secundum
2277 2537 2501 2568 affirmationem

1434 2580 1462 2602 et
1494 2574 1699 2611 negationem3
1732 2575 1892 2602 secundum
1925 2575 2086 2604 subiectum
2118 2577 2231 2606 finitum
2263 2579 2308 2606 vel
2335 2579 2500 2616 infinitum;

1434 2615 1594 2642 secundum
1630 2614 1790 2642 subiectum
1824 2614 2020 2643 universaliter
2050 2617 2095 2644 vel
2129 2626 2190 2645 non
2219 2618 2415 2647 universaliter
2448 2629 2501 2657 po-

1434 2653 1529 2682 situm.

1441 2746 1578 2783 falsum
1606 2747 1644 2783 in
1674 2747 1936 2784 enunciatione
1965 2748 2191 2785 affirmativa
2218 2751 2279 2786 vel
2308 2751 2498 2798 negativa;

1440 2799 1560 2846 tertio⁷
1577 2799 1658 2848 ipsa
1677 2801 1855 2849 oppositio
1874 2800 1987 2837 unius
2016 2801 2286 2839 enunciationiS
2306 2803 2355 2840 ad
2374 2804 2497 2841 aliam.

1440 2829 1630 2890 Dividitur
1650 2865 1738 2901 ergo
1753 2854 1848 2890 haec
1862 2866 1949 2901 pars
1964 2853 2002 2890 in
2021 2861 2094 2890 tres
2111 2862 2256 2903 partes:
2277 2855 2315 2891 in
2332 2856 2496 2904 prima*‚

1440 2906 1603 2943 ostendit
1637 2907 1728 2954 quid
1760 2906 1904 2943 accidat
1933 2907 2184 2944 enunciationi
2220 2920 2263 2944 ex
2290 2909 2364 2944 hoc
2393 2910 2498 2957 quod

1439 2958 1580 3007 aliquid
1609 2959 1758 2995 additur
1777 2959 1824 2995 ad
1845 2958 2026 2996 dictiones
2055 2959 2093 2996 in
2121 2960 2289 2997 subiecto
2309 2962 2369 2997 vel
2388 2975 2496 3010 prae-

1439 3011 1562 3048 dicato
1586 3012 1746 3060 positas;
1768 3012 1947 3059 secundo,
1970 3012 2061 3060 quid
2080 3013 2224 3050 aecidat
2243 3014 2496 3051 enunciationi

1438 3077 1483 3100 ex
1509 3065 1584 3101 hoc
1613 3065 1718 3113 quod
1746 3065 1885 3113 aliquid
1913 3042 2062 3102 additur
2089 3066 2138 3102 ad
2168 3066 2496 3104 determinandum

1435 3117 1633 3154 veritatem
1644 3119 1705 3154 vel
1716 3118 1912 3154 faIS1tatem
1929 3118 2229 3167 compositioni53
2242 3119 2310 3156 ibi:
2321 3121 2495 3157 Hisvero

1436 3170 1726 3206 determinatis*
1745 3178 1828 3217 etc;
1849 3171 1968 3217 tertio,
1990 3171 2100 3208 solvit
2120 3172 2328 3231 quamdam
2349 3173 2494 3210 dubita-

1435 3222 1579 3259 tionem
1609 3223 1706 3259 circa
1735 3223 1993 3272 oppositiones
2022 3225 2329 3261 enunciationum
2357 3238 2495 3274 prove-

1434 3361 1520 3393 quirur
1538 3362 1702 3386 Ammonius.
1722 3363 1780 3394 Ipse
1798 3363 1867 3386 enim
1882 3370 1912 3387 ea
1926 3370 1993 3395 quae
2011 3363 2037 3387 in
2056 3363 2102 3388 hac
2122 3371 2144 3388 s.
2158 3363 2275 3388 Thomae
2289 3364 2398 3388 lectione
2412 3364 2495 3396 prima

1433 3402 1597 3428 exponuntur
1616 3397 1721 3421 sectioni
1741 3398 1868 3421 secundae
1886 3405 1949 3422 suae
1962 3398 2177 3430 interpretationis
2193 3399 2310 3429 adnectit,
2325 3400 2495 3432 eamdemque

1433 3431 1557 3461 absolvit,
1573 3440 1588 3454 ιι
1604 3432 1748 3462 Hactenus,
1773 3433 1906 3464 inquiens,
1925 3433 2076 3457 Aristoteles
2095 3434 2301 3466 propositionum
2323 3442 2354 3458 ex
2377 3435 2494 3459 subiecto

1432 3466 1630 3498 praedicatoque
1645 3467 1838 3491 consistentium
1854 3468 2097 3492 commentationem
2113 3477 2176 3501 prox
2177 3469 2239 3498 exit;
2255 3469 2426 3501 quamobrem
2446 3477 2494 3494 nos

1433 3509 1540 3541 quoque
1559 3502 1590 3525 de
1610 3501 1641 3525 iis
1661 3509 1727 3534 quae
1746 3507 1891 3534 sequuntur
1909 3502 1940 3526 ab
1960 3503 2009 3526 alio
2024 3503 2106 3527 exorsi
2120 3504 2244 3542 principio
2263 3504 2409 3529 dicamus.»
2429 3504 2493 3529 Ter-

1432 3537 1494 3560 tiam
1512 3544 1576 3560 vero
1595 3537 1735 3561 sectionem
1750 3545 1764 3561 a
1779 3537 1868 3569 primis
1887 3538 1972 3561 verbis
1988 3535 2097 3563 Ὀταν
2084 3535 2110 3561 οἱ
2126 3535 2155 3563 τὸ
2170 3537 2223 3563 εστι
2239 3545 2286 3564 etc.
2310 3540 2442 3572 sequentis
2457 3541 2494 3564 le-

1433 3571 1523 3596 ctionis
1538 3572 1680 3596 exorditur:
1696 3581 1710 3595 ιι
1722 3572 1804 3604 Caput
1818 3572 1887 3596 Libri
1901 3573 2004 3597 tertium
2019 3573 2078 3597 hinc
2092 3574 2245 3606 auspicatur,
2266 3575 2358 3607 inquit,
2374 3575 2444 3607 quod
2460 3575 2492 3599 de

1433 3607 1463 3631 iis
1478 3614 1538 3631 esse
1557 3607 1776 3647 propositionibus
1791 3608 1902 3632 diximus
1921 3615 1988 3640 quae
2006 3616 2036 3632 ex
2050 3609 2124 3633 tertio
2138 3610 2318 3642 appraedicato
2332 3617 2494 3644 componun-

1432 3647 1497 3666 tur»
1512 3640 1577 3676 (Ed.
1592 3642 1641 3673 cit.y
1656 3642 1701 3667 fol.
1718 3642 1749 3667 23
1765 3643 1814 3667 col.
1828 3650 1859 3674 4,
1879 3648 1904 3668 et
1918 3643 1962 3668 fol.
1978 3650 2012 3675 24
2030 3644 2078 3668 col.
2097 3643 2134 3678 ι).

2526 2865 2745 2914 ’,κιὺἱένίηιαΑνι-

2526 2898 2537 2913 s
2549 2898 2563 2913 ο
2574 2898 2587 2913 e
2609 2899 2621 2913 s

2522 3190 2605 3212 Lect.
2613 3196 2660 3212 vm.
