2788 4204
172 443 187 471 ζ

76 555 85 564 ·
100 555 162 576 Leet.
179 554 283 581 praeced.

24 598 31 604 .
73 587 207 602 -aocixunz
224 580 287 608 quod

73 607 172 628 scientia
176 613 195 628 e.

74 655 83 663 '
97 661 156 681 tos:
171 656 258 678 omnia.

167 1129 179 1154 θ

69 1193 78 1201 ·
93 1198 106 1212 Α
121 1197 203 1212 erron.:
214 1190 280 1218 affir—

67 1217 186 1239 matianis.

67 1297 277 1321 *Αευεκικκοακεε

67 1323 178 1371 αιιὲεναε,

68 1350 78 1360 ¹⁸
113 1349 168 1370 odd.
180 1350 235 1373 (exc.
247 1355 277 1369 nx

67 1378 87 1401 τ)
95 1383 99 1396 :
109 1375 278 1402 relinquuntur,-

67 1409 93 1423 ·r:
102 1402 189 1427 demas,
201 1408 278 1422 rema-

66 1429 145 1450 nentia
161 1430 221 1449 sunt.

66 1717 75 1726 ⁶
85 1718 159 1740 Codd.
168 1719 225 1741 (exc.
232 1719 276 1743 Am:

64 1751 142 1772 genus
157 1744 222 1771 illud,
234 1744 263 1765 de
269 1751 278 1769 ,¹

64 1777 221 1828 segeni..
229 1771 279 1818 §¹55

62 1826 153 1846 tectum.

66 1878 74 1886 ¹
83 1877 157 1898 Codd.
167 1879 222 1902 (exc.
230 1879 274 1903 nx).

65 1914 75 1918 -
84 1909 104 1924 Ρ.-
113 1903 187 1934 solum
197 1904 221 1925 in
231 1910 274 1925 nu-

63 1935 143 1951 meris.

63 1965 74 1976 ¹*
87 1965 116 1986 Si
125 1966 190 1987 dicat
200 1966 276 1988 omitt.

63 1992 144 2013 codd.-
151 1992 207 2014 Exc.
215 2000 238 2014 x:
247 1999 276 2014 ac

62 2018 86 2038 si
99 2018 194 2040 diceret.

62 2044 72 2053 ³
86 2050 191 2066 anneus:
207 2046 276 2094 aufe—

63 2073 155 2092 rantur.
179 2083 188 2087 -
211 2073 231 2093 Α
242 2072 274 2094 ii:

62 2097 210 2125 auferentur.

318 266 392 292 210

315 333 480 380 sionem,
512 333 640 370 dicens
668 333 773 382 quod
808 333 1099 382 principiorum,
1135 332 1272 380 quibus
1306 332 1376 368 uti-

314 398 401 422 mur
420 386 457 422 in
478 386 781 423 demonstrativis
805 386 977 432 scientiis,
999 385 1071 421 alia
1103 391 1189 421 sunt
1220 385 1376 433 propria

314 439 610 487 uniuscuiusque
626 438 640 464 ‘³‘
659 438 847 485 scientiae,
869 438 940 474 alia
954 449 1048 474 vero
1070 437 1302 473 communia.
1327 438 1376 474 Et

314 491 402 540 quia
429 492 503 528 hoc
530 498 659 539 posset
684 491 806 528 videri
835 489 1065 526 contrarium
1095 489 1148 536 ei,
1180 490 1286 538 quod
1314 502 1374 527 su-

312 556 381 592 pra
400 551 594 580 ostensum
616 551 671 579 est
685 543 721 589 ²¹³,
748 543 836 591 quia
856 542 1031 578 scientiae
1052 542 1373 580 demonstrativae

313 609 391 633 non
427 596 638 644 procedunt
667 608 711 631 ex
741 595 1030 641 communibus,
1061 595 1148 631 ideo
1183 595 1374 643 subiungit

313 649 417 698 quod
433 648 650 685 communia
663 648 682 669 *
699 647 882 696 principia
897 647 1132 696 accipiuntur
1150 647 1189 684 in
1203 660 1373 696 unaqua-

311 714 385 750 que
414 701 566 737 scientia
595 700 891 737 demonstrativa
914 701 1118 737 secundum
1138 701 1371 752 analogiam,

309 754 406 791 idest
424 753 634 789 secundum
650 753 755 801 quod
774 760 861 789 sunt
878 753 1165 802 proportionata
1183 754 1234 790 illi
1254 754 1372 791 scien-

309 807 392 843 tiae.
415 807 463 846 Et
481 807 555 842 hoc
575 813 630 842 est
658 805 763 855 quod
783 806 910 843 subdit
929 818 1134 855 exponens,
1157 807 1262 855 quod
1286 808 1373 844 utile

310 865 363 895 est
379 858 547 906 accipere
568 858 787 895 huiusmodi
806 859 990 908 principia
1004 859 1042 895 in
1058 860 1231 907 scientiis,
1253 872 1370 909 quan-

308 919 389 948 tum
417 910 578 959 pertinet
597 911 645 947 ad
665 923 784 959 genus
813 912 1042 960 subiectum,
1071 913 1176 962 quod
1205 913 1371 950 contine-

308 972 368 1000 tur
395 964 465 1000 sub
494 963 555 1000 illa
583 964 738 1001 scientia
754 970 780 1001 η.

362 1029 396 1064 7.
419 1017 609 1064 Secundo,
626 1017 695 1053 ibi:
715 1018 878 1066 Propria
887 1018 1076 1066 principia
1093 1025 1174 1065 etc.‚
1192 1019 1371 1067 exempli-

307 1070 395 1106 ficat
423 1069 471 1106 de
498 1069 683 1118 utrisque,
715 1070 844 1107 dicens
873 1071 979 1120 quod
1005 1071 1161 1119 propria
1187 1071 1371 1120 principia

307 1129 402 1168 sunt,
418 1129 460 1158 ut
479 1122 618 1159 lineam
639 1135 722 1160 esse
741 1123 974 1170 huiusmodi,
990 1125 1052 1160 vel
1073 1131 1218 1160 rectum
1229 1122 1252 1161 ⁰.
1269 1125 1370 1161 Tam

308 1175 408 1211 enim
429 1175 586 1212 subiecti
602 1188 718 1225 quam
732 1177 921 1225 passionis
932 1177 952 1197 ²¹²
965 1176 1134 1214 definitio
1150 1177 1188 1214 in
1209 1177 1370 1215 scientiis

304 1240 375 1276 pro
403 1227 588 1277 principio
618 1229 789 1266 habetur.
813 1230 1047 1267 Communia
1065 1242 1159 1267 vero
1187 1230 1372 1279 principia

305 1288 402 1328 sunt,
422 1289 474 1328 ut,
496 1281 526 1317 si
546 1282 594 1318 ab
619 1283 840 1331 aequalibus
869 1283 1042 1331 aequalia
1070 1283 1202 1320 demas
1219 1283 1250 1332 ’¹‘,
1273 1296 1371 1332 quae

305 1334 532 1371 remanent*
543 1342 630 1372 sunt
648 1336 831 1384 aequalia,
849 1343 885 1372 et
899 1333 993 1372 aliae
1010 1348 1236 1373 communes
1255 1337 1372 1373 animi

306 1395 585 1435 conceptiones.

359 1441 394 1477 8.
415 1440 564 1488 Tertio,
586 1441 655 1478 ibi:
676 1442 875 1490 Sufficiens
893 1447 1017 1478 autem
1037 1446 1090 1478 est
1109 1448 1191 1489 etc.‚
1209 1442 1372 1479 ostendit

305 1494 503 1542 quomodo
531 1495 750 1542 praemissis
777 1494 970 1543 principiis
999 1494 1176 1531 scientiae
1212 1494 1371 1532 demon-

305 1547 481 1583 strativae
505 1555 669 1584 utantur.
700 1549 750 1584 Et
776 1547 902 1596 primo
932 1547 1089 1596 quidem
1119 1547 1166 1584 de
1196 1560 1370 1585 commu-

304 1600 415 1636 nibus
454 1600 542 1637 dicit
578 1601 684 1649 quod
719 1601 909 1650 sufficiens
946 1606 1001 1637 est
1031 1601 1202 1649 accipere
1236 1613 1370 1639 unum—

304 1654 475 1701 quodque
503 1654 658 1690 istorum
688 1653 966 1700 communium,
997 1661 1182 1702 quantum
1210 1654 1373 1702 pertinet

304 1706 353 1743 ad
381 1719 500 1754 genus
529 1707 742 1744 subiectum
763 1709 792 1755 ii,
816 1706 864 1743 de
889 1719 966 1755 quo
992 1713 1047 1743 est
1075 1707 1240 1744 scientia.
1263 1708 1370 1745 Idem

306 1759 406 1796 enim
427 1759 537 1796 faciet
556 1760 775 1808 geometria,
793 1760 823 1796 si
842 1772 921 1796 non
941 1759 1099 1808 accipiat
1115 1760 1370 1809 praemissum

303 1812 531 1861 principium
567 1825 775 1850 commune
810 1813 848 1849 in
876 1825 945 1849 sua
974 1813 1263 1860 communitate,
1302 1814 1370 1851 sed

304 1867 428 1903 solum
452 1866 491 1902 in
515 1866 848 1914 magnitudinibus,
869 1873 906 1903 et
933 1866 1168 1903 arithmetica
1186 1866 1225 1903 in
1244 1867 1334 1903 solis
1349 1868 1369 1888 *

303 1919 484 1956 numeris.
511 1921 565 1957 Ita
593 1919 695 1957 enim
724 1919 862 1968 poterit
889 1919 1119 1956 concludere
1147 1919 1366 1968 geometria,

303 1973 333 2009 si
363 1973 462 2009 dicat
484 1973 519 2009 *ε
555 1973 584 2009 si
618 1973 665 2009 ab
701 1972 922 2021 aequalibus
950 1972 1273 2020 magnitudinibus
1307 1985 1368 2010 ae-

302 2026 434 2075 quales
471 2027 618 2062 auferas
639 2026 658 2045 ’¹‘
688 2025 994 2073 magnitudines,
1029 2037 1127 2074 quae
1170 2034 1368 2062 remanent

302 2086 389 2115 sunt
412 2080 607 2128 aequales;
639 2078 734 2115 sicut
761 2078 792 2115 si
821 2078 979 2115 diceret:
1009 2078 1039 2115 si
1068 2079 1116 2115 ab
1145 2079 1366 2127 aequalibus

354 2243 378 2276 ζ)
398 2244 459 2268 Alia
477 2247 540 2268 sunt
554 2243 669 2275 propria
687 2243 982 2275 ’uniuscuiusque-M:
1001 2243 1056 2267 alia
1074 2246 1137 2268 sunt
1150 2243 1287 2275 principia
1301 2249 1367 2275 pro-

296 2279 361 2311 pria
381 2279 508 2304 uniusc.-
522 2279 557 2304 G:
577 2279 631 2303 alia
654 2282 716 2304 sunt
733 2278 869 2310 principia
895 2278 996 2303 uniusc.
1010 2292 1029 2298 -
1047 2279 1082 2302 L:
1107 2278 1162 2302 alia
1180 2281 1243 2303 sunt
1266 2278 1367 2303 uniusc.

302 2315 375 2345 Quae
390 2315 454 2339 duae
469 2315 576 2339 ultimae
590 2314 713 2339 lectiones
728 2313 868 2338 defectivae
882 2313 1014 2344 videntur;
1029 2313 1099 2338 bona
1117 2318 1158 2338 est
1171 2313 1246 2338 lectio
1263 2313 1320 2338 cod.
1330 2313 1364 2338 Μ.

301 2350 379 2374 Piana
398 2355 485 2374 tamen
511 2350 602 2374 melior
621 2354 673 2379 est,
693 2357 773 2382 quam
791 2349 887 2373 habent
912 2349 953 2373 alii
973 2349 1083 2374 codices.
1095 2361 1115 2369 -ι
1128 2348 1195 2373 Infra
1214 2356 1273 2373 cum
1292 2348 1366 2373 codd.

303 2385 372 2417 (exc.
387 2386 491 2418 ALRS)
511 2385 622 2416 legimus
635 2388 662 2409 et
676 2385 739 2416 quia
757 2385 806 2409 hoc
819 2387 918 2416 posset,
939 2385 996 2409 loco
1010 2384 1043 2409 P:
1063 2387 1090 2409 et
1104 2384 1167 2416 quia
1176 2387 1276 2416 posset.
1285 2397 1306 2402 -
1319 2383 1367 2408 ΚΤ

302 2425 327 2445 et
341 2421 407 2445 forte
422 2420 498 2444 etiam
513 2421 561 2444 HI:
581 2423 607 2445 et
626 2420 688 2451 quia
706 2420 760 2449 hic,
781 2420 826 2444 sed
845 2419 888 2445 hic
906 2424 1026 2452 corrupte
1044 2427 1092 2452 pro
1111 2419 1160 2444 hoc
1178 2419 1290 2452 ponitur.

356 2456 383 2487 η)
405 2456 540 2486 Quantum
555 2455 674 2487 pertinet
689 2459 737 2480 etc.
746 2468 765 2475 —-
778 2455 826 2480 Est
840 2455 915 2479 lectio
930 2455 1004 2479 codd.
1018 2455 1087 2487 (exc.
1101 2454 1178 2487 1-1).-
1191 2455 1226 2479 P:
1241 2454 1268 2479 in
1282 2461 1367 2487 quan-

302 2494 358 2515 tum
374 2491 510 2523 pertinent
523 2491 560 2515 ad
574 2498 657 2524 genus
670 2490 780 2515 subiecti
786 2497 794 2519 ;
813 2490 850 2515 H:
870 2490 896 2515 in
916 2493 1053 2522 quantum,
1069 2495 1146 2515 ceter.
1160 2494 1189 2514 ut
1203 2490 1243 2514 alii
1262 2489 1337 2514 codd.
1348 2501 1368 2510 -ι

300 2540 322 2545 ·-
334 2526 408 2551 Unus
427 2526 448 2550 E
467 2526 587 2550 confuse:
607 2526 644 2550 ad
661 2533 745 2558 genus
763 2525 920 2554 subiectum,
940 2526 981 2550 vel
996 2525 1022 2550 in
1043 2529 1170 2557 quantum
1189 2525 1367 2557 approprian-

304 2565 349 2586 tur
368 2560 411 2595 (?)
430 2561 467 2586 ad
484 2568 567 2594 genus
585 2561 742 2591 subiectum,
763 2561 834 2593 quod
851 2561 1002 2586 continetur
1021 2561 1047 2585 in
1062 2560 1172 2586 scientia
1187 2560 1229 2593 (et
1243 2561 1269 2585 in
1283 2560 1366 2585 seien-

304 2597 343 2621 tia
362 2597 439 2621 etiam
458 2596 551 2626 BEQT
565 2601 590 2620 et
608 2604 646 2628 pr.
661 2604 729 2621 man.
744 2597 772 2629 S)
787 2597 834 2621 sub
849 2596 895 2621 ilia
907 2596 1026 2621 scientia.

356 2630 380 2664 0)
400 2632 434 2656 Ut
447 2631 543 2656 lineam
558 2638 612 2656 esse
627 2636 693 2656 etc.-
702 2631 766 2656 Cod.
779 2631 802 2656 1:
818 2634 847 2656 ut
860 2631 956 2656 lineam
971 2638 1026 2656 esse
1040 2630 1199 2660 huiusmodi,
1211 2631 1252 2656 vel
1265 2633 1366 2656 rectum

302 2667 343 2692 vel
356 2674 474 2691 curvum.
490 2667 563 2697 Quae
578 2667 652 2691 lectio
666 2667 734 2691 haud
749 2666 893 2699 displicet.—
907 2667 942 2691 K:
958 2670 988 2691 ut
1002 2666 1099 2695 lineam
1112 2673 1174 2696 esse,
1189 2666 1230 2691 vel
1243 2673 1366 2696 curvam,

302 2703 344 2727 vel
358 2702 416 2734 (sed
429 2701 479 2726 hoc
493 2702 533 2727 uel
547 2702 709 2734 expungitur)
724 2702 888 2731 huiusmodi,
905 2702 945 2726 vel
959 2705 1059 2727 rectum
1064 2708 1074 2731 5
1088 2700 1123 2726 D:
1139 2702 1179 2727 vel
1193 2701 1290 2726 lineam
1303 2708 1366 2732 esse,

303 2738 343 2763 vel
361 2737 520 2767 huiusmodi,
541 2740 570 2762 ut
589 2740 698 2762 rectum.

357 2772 374 2804 ι)
387 2773 462 2797 Sicut
471 2773 494 2797 si
504 2773 602 2797 diceret
616 2777 683 2797 etc.-
689 2772 753 2797 Cod.
764 2773 788 2797 1:
800 2772 868 2797 sicut
883 2772 906 2797 si
917 2771 1188 2804 dicerem...aequa1ia
1203 2771 1308 2797 demam
1318 2776 1366 2796 etc.

301 2821 320 2827 -
329 2808 482 2832 ACDGLT:
497 2807 619 2840 aequaIia
633 2808 748 2841 auferat,
763 2813 882 2840 corrupte
894 2816 942 2840 pro
954 2808 1070 2841 auferas,
1086 2812 1115 2831 ut
1129 2807 1224 2832 habent
1236 2806 1364 2838 BMNOS3

302 2843 374 2867 ΕΗΚ
390 2843 485 2867 habent
504 2843 659 2868 lacunam.-
672 2843 753 2868 Codd.
768 2843 821 2868 LS:
843 2846 868 2868 et
882 2843 950 2868 sicut
963 2843 987 2868 si
1001 2848 1077 2868 etc.—-
1090 2843 1125 2867 B:
1140 2842 1209 2868 sicut
1221 2842 1245 2867 si
1259 2841 1366 2867 demon-

302 2881 415 2903 straret:
429 2886 495 2911 quae
509 2883 549 2903 est
563 2878 638 2903 lectio
653 2886 768 2909 erronea,
784 2886 843 2903 cum
858 2884 947 2911 agatur
962 2879 994 2903 de
1008 2877 1139 2911 principiis
1148 2895 1155 2908 ,
1175 2885 1242 2910 quse
1256 2885 1307 2902 non
1323 2877 1366 2902 de-

302 2918 504 2938 monstrantur.—-
513 2914 645 2944 Quantum
660 2918 746 2938 autem
762 2914 839 2938 distet
853 2914 1041 2946 geometricum
1055 2912 1222 2946 principium
1236 2913 1260 2938 si
1273 2912 1307 2937 ab
1321 2919 1365 2937 ae-

303 2949 423 2981 qualibus
442 2949 592 2982 magnitud.
611 2953 671 2979 etc.,
691 2957 705 2973 a
724 2949 849 2982 principio
864 2957 928 2981 pure
941 2948 1104 2981 ontologico‚
1119 2948 1143 2973 si
1160 2947 1194 2973 ab
1212 2947 1367 2980 aequalibus

302 2984 424 3016 aequalia
444 2984 534 3009 demas
553 2989 615 3014 etc.‚
636 2984 869 3009 demonstravimus
889 2985 946 3009 lect.
962 2984 1087 3017 praeced„
1107 2988 1160 3008 not.
1177 2982 1200 3008 ὃ.

356 3019 381 3051 κ)
402 3019 560 3051 Supponunt
573 3019 731 3051 praedictae
744 3019 877 3045 scientiae.
886 3033 906 3038 -
915 3019 962 3043 Est
975 3019 1051 3044 lectio
1065 3019 1148 3049 codd„
1159 3026 1212 3043 exc.
1226 3018 1275 3044 GO
1283 3026 1290 3049 ;
1305 3023 1330 3043 at
1342 3018 1366 3044 0

303 3054 388 3086 prodit
406 3054 536 3087 propriam
555 3054 733 3086 omissionem,
753 3063 812 3079 cum
825 3054 916 3079 habet:
931 3057 1082 3086 supponunt
1095 3054 1220 3079 scientiae
1234 3053 1315 3086 quid.-
1328 3058 1369 3079 est

303 3089 371 3113 enim
382 3090 528 3122 exemplum
544 3090 676 3114 inductum
691 3090 722 3114 de
737 3089 893 3114 arithmetica
906 3095 932 3114 et
945 3089 1094 3122 geometria.
1109 3089 1175 3114 Hinc
1188 3096 1275 3122 supra,
1285 3096 1367 3121 prae-

305 3124 391 3149 dictae
410 3125 478 3149 enim
497 3128 649 3156 supponunt
668 3130 715 3149 etc.
735 3125 762 3149 In
782 3125 860 3150 Plana
874 3129 900 3149 et
914 3125 938 3149 G
957 3125 1134 3150 desiderantur
1146 3124 1225 3149 verba
1239 3124 1323 3149 addita
1337 3131 1368 3149 ex

305 3159 387 3190 codd.y
398 3167 499 3192 nempe,
507 3160 663 3191 praedictae
675 3160 827 3185 scientiae·
838 3160 919 3185 Codd.
929 3159 1093 3190 ELMNQST
1104 3161 1193 3192 legunt
1202 3159 1368 3192 unumquod-

305 3201 360 3226 que,
372 3195 456 3226 potius
471 3202 550 3227 quam
566 3202 744 3227 unaquaeque,
758 3200 787 3219 ut
796 3195 890 3220 habent
904 3195 983 3220 Piana
993 3199 1018 3219 et
1032 3193 1072 3219 alii
1083 3195 1170 3220 codd.:
1185 3194 1318 3220 retinenda
1328 3199 1368 3220 est

305 3234 391 3254 tamen
405 3230 480 3254 lectio
494 3230 526 3260 Ρ;
540 3238 600 3255 nam
615 3238 709 3254 sensus
723 3235 775 3254 est:
791 3230 853 3262 quid
868 3229 993 3263 significet
1008 3237 1179 3262 unaquaeque
1193 3230 1308 3262 passim-
1317 3230 1367 3255 lm-

305 3265 415 3289 mediate
426 3273 511 3297 supra,
522 3265 596 3290 codd.
607 3265 806 3290 ADGILMRST
821 3270 846 3290 et
860 3266 973 3290 secunda
987 3273 1065 3290 manu
1078 3265 1114 3290 N:
1126 3265 1283 3297 praedictae
1297 3265 1366 3290 enim

305 3303 456 3331 supponunt
471 3300 503 3332 (12
513 3307 589 3332 supp.
604 3300 637 3325 de
650 3300 698 3333 eis)
709 3300 757 3325 hoc
771 3307 825 3325 esse
839 3303 865 3325 et
880 3301 928 3325 hoc
943 3307 1005 3325 esse.
1021 3300 1071 3325 Sed
1086 3305 1126 3325 est
1140 3300 1215 3325 lectio
1229 3308 1282 3325 non
1296 3307 1367 3325 acce-

305 3335 411 3365 ptanda:
422 3342 490 3365 nam,
500 3340 528 3359 ut
542 3340 611 3368 patet
621 3343 651 3360 ex
660 3335 807 3360 immediate
821 3335 1001 3368 sequentibus;
1014 3343 1060 3368 per
1075 3331 1104 3360 τὸ
1116 3342 1171 3360 esse
1186 3335 1302 3368 intelligit
1311 3335 1368 3360 Ari-

306 3370 411 3409 stoteles
421 3370 484 3402 quia
497 3373 543 3399 est,
557 3366 717 3404 λαμβάνεται
729 3363 804 3402 ιῖναι,
814 3375 839 3395 et
852 3378 898 3403 per
908 3371 956 3395 hoc
968 3378 1023 3396 esse
1033 3369 1157 3403 significat
1166 3370 1231 3403 quid
1245 3373 1296 3400 est,
1310 3367 1367 3400 τοδὶ

306 3411 378 3428 ειναι.
398 3405 546 3430 Immediate
561 3410 629 3438 post,
642 3405 698 3430 cod.
708 3405 745 3431 n:
760 3405 829 3431 sicut
845 3406 1014 3431 arithmetica
1024 3406 1149 3438 supponit
1159 3405 1224 3438 quid
1238 3405 1369 3446 significet

302 3446 357 3470 par
366 3442 414 3463 aut
424 3439 518 3471 impar,
530 3443 557 3465 et
566 3440 630 3472 quid
642 3444 681 3466 est
690 3441 738 3466 etc.
749 3440 822 3470 Quae
833 3441 907 3465 lectio
919 3449 967 3473 pro
978 3448 1007 3466 se
1017 3440 1094 3466 habet
1108 3441 1294 3473 praecedentia,
1305 3440 1370 3473 quid

307 3473 437 3506 significet
447 3475 739 3507 unaquaeque-Etiam
750 3476 824 3500 codd.
836 3476 930 3500 ΑΒΚΜ
945 3477 1047 3508 legunt:
1056 3483 1112 3508 par
1123 3479 1172 3500 aut
1186 3475 1287 3508 impar,·
1301 3475 1368 3501 CDE

309 3508 395 3532 lLST:
407 3509 494 3540 impar
502 3514 550 3535 aut
564 3517 632 3541 par;
642 3509 678 3535 G:
687 3517 743 3542 par
756 3511 797 3535 vel
811 3510 912 3543 impar;
922 3510 957 3535 N:
968 3518 1023 3542 par
1037 3514 1063 3536 et
1077 3511 1178 3543 impar-5
1191 3510 1230 3535 0:
1246 3511 1334 3543 impar
1343 3513 1370 3536 et

304 3550 372 3574 par;
387 3544 422 3574 Q:
438 3544 524 3576 impar
538 3545 578 3570 vel
587 3553 649 3576 par.
659 3558 678 3563 -
687 3545 966 3575 ABCDHILNOQST:
981 3549 1007 3570 et
1020 3546 1084 3578 quid
1098 3549 1138 3570 est
1151 3552 1285 3570 numerus.
1296 3546 1369 3576 Quae

308 3577 383 3602 lectio
397 3579 488 3603 melior
506 3579 612 3610 videtur,
628 3579 693 3604 sicut
707 3585 732 3605 et
745 3580 805 3605 alia:
820 3580 885 3612 quid
894 3584 935 3606 est
939 3587 995 3612 par
1009 3584 1058 3605 aut
1073 3580 1129 3613 (vel
1144 3580 1185 3613 et)
1198 3581 1298 3612 impar.

901 255 1284 291 POSTERIORUM
1311 254 1741 291 ANALYTICORUM
1770 255 1863 291 LIB.
1896 255 1909 290 I

1432 332 1605 381 aequalia
1634 332 1767 369 demas
1791 339 1810 380 ⁴,
1841 345 1941 382 quae
1970 340 2168 370 remanent
2196 340 2284 371 sunt
2312 335 2496 384 aequalia.

1433 386 1482 421 Et
1505 385 1675 422 similiter
1699 385 1905 422 dicendum
1935 393 1991 423 est
2019 386 2066 422 de
2095 386 2276 424 numeris.

1485 450 1520 486 9.
1543 438 1734 485 Secundo,
1751 438 1818 475 ibi:
1840 440 1936 475 Sunt
1948 444 2073 475 autem
2091 440 2252 487 propria
2269 447 2351 487 etc.‚
2373 447 2498 478 osten-

1431 489 1483 527 dit
1502 491 1661 540 qualiter
1690 491 2010 528 demonstrativae
2035 492 2212 528 scientiae
2235 500 2388 530 utantur
2408 505 2498 541 pro-

1427 543 1518 591 priis
1546 543 1738 592 principiis
1758 545 1794 591 *,
1826 544 1955 581 dicens
1988 544 2093 593 quod
2126 545 2281 593 propria
2313 545 2499 594 principia

1429 603 1516 633 sunt
1544 609 1642 645 quae
1671 605 1938 646 supponuntur
1965 610 2048 634 esse
2077 597 2115 634 in
2144 598 2323 647 scientiis,
2358 598 2499 636 scilicet

1428 649 1613 697 subiecta,
1644 649 1742 686 circa
1770 662 1869 698 quae
1898 649 2053 687 scientia
2081 651 2298 699 speculatur
2326 663 2371 688 ea
2398 663 2496 700 quae

1426 714 1496 750 per
1524 714 1565 738 se
1602 702 1730 739 insunt
1763 702 1827 739 eis.
1867 702 1973 739 Sicut
2009 703 2244 740 arithmetica
2282 704 2498 741 considerat

1426 754 1599 801 unitates,
1622 762 1659 791 et
1686 755 1895 803 geometria
1911 755 2125 792 considerat
2143 757 2266 806 signa,
2283 757 2380 794 idest
2397 770 2495 806 pun-

1428 814 1486 844 cta
1514 814 1551 843 et
1575 807 1703 844 lineas.
1734 808 1956 844 Praedictae
1977 808 2080 844 enim
2109 817 2331 857 supponunt
2356 822 2439 846 esse
2460 817 2497 847 et

1426 861 1501 896 hoc
1530 872 1624 906 esse,
1650 860 1747 896 idest
1775 867 1996 909 supponunt
2016 861 2063 897 de
2088 861 2152 908 eis,
2174 868 2212 898 et
2230 863 2318 909 quia
2339 869 2426 899 sunt
2459 869 2497 899 et

1426 913 1517 961 quid
1543 920 1639 949 sunt.
1662 913 1739 950 Sed
1755 913 1801 950 de
1830 913 2071 962 passionibus
2099 921 2321 963 supponunt
2346 914 2496 964 praedi-

1428 973 1508 1002 ctae
1528 965 1706 1002 scientiae
1727 966 1818 1014 quid
1833 966 2020 1016 significet
2035 978 2290 1016 unaquaeque
2304 973 2334 1014 κ;
2365 967 2460 1004 sicut
2473 968 2494 989 ¹¹

1427 1018 1662 1068 arithmetica
1690 1019 1871 1067 supponit
1895 1019 1986 1068 quid
2007 1026 2064 1056 est
2080 1031 2161 1068 par,
2183 1027 2220 1056 et
2238 1020 2330 1069 quid
2350 1027 2407 1057 est
2424 1020 2495 1057 im-

1425 1084 1506 1120 par,
1528 1079 1592 1108 aut
1611 1071 1703 1121 quid
1723 1079 1779 1108 est
1797 1084 1981 1109 numerus
2001 1072 2206 1121 quadratus
2235 1080 2300 1110 aut
2319 1073 2493 1120 cubicus;

1428 1132 1464 1161 et
1482 1125 1692 1172 geometria
1716 1125 1897 1174 supponit
1916 1125 2009 1174 quid
2029 1132 2084 1162 est
2112 1126 2297 1163 rationale
2316 1126 2357 1163 in'
2374 1126 2493 1163 lineis.

1426 1177 1572 1214 Dicitur
1601 1178 1703 1214 enim
1731 1178 1830 1215 linea
1858 1177 2060 1226 rationalis,
2082 1178 2130 1215 de
2159 1179 2269 1228 qua*
2287 1191 2495 1228 possumus
2522 1185 2535 1196 ⁴

1427 1231 1640 1267 ratiocinari
1667 1243 1737 1280 per
1767 1231 1907 1268 lineam
1942 1231 2086 1268 datam:
2115 1231 2338 1269 huiusmodi
2366 1239 2495 1270 autem

1428 1290 1484 1320 est
1515 1283 1641 1320 omnis
1678 1284 1777 1321 linea
1815 1283 2170 1321 commensurabilis
2202 1284 2325 1322 lineae
2363 1285 2494 1332 datae,

1427 1345 1526 1385 quae
1544 1349 1640 1374 vero
1670 1345 1726 1374 est
1745 1337 1779 1373 ei
1798 1349 1877 1374 non
1906 1337 2262 1374 commensurabilis
2279 1335 2305 1386 ²,
2334 1345 2496 1376 vocatur

1426 1390 1656 1426 irrationalis
1668 1390 1732 1427 vel
1745 1391 1873 1427 surda.
1891 1390 2069 1427 Similiter
2088 1398 2125 1427 et
2143 1390 2351 1439 geometria
2365 1391 2387 1412 *
2407 1403 2495 1440 sup-

1425 1442 1534 1490 ponit
1561 1442 1653 1491 quid
1673 1450 1729 1479 est
1747 1443 1934 1480 reflexum
1963 1451 2028 1480 aut
2047 1456 2221 1481 curvum.
2249 1444 2326 1481 Sed
2344 1444 2494 1493 praedi-

1427 1502 1508 1531 ctae
1528 1495 1706 1532 scientiae
1727 1495 1990 1533 demonstrant
2018 1497 2066 1534 de
2094 1497 2275 1534 omnibus
2292 1497 2494 1546 praedictis

1424 1547 1666 1596 passionibus
1683 1554 1704 1576 ι’·
1731 1549 1833 1597 quod
1856 1549 1931 1585 sint
1955 1561 2025 1598 per
2050 1549 2234 1598 principia
2260 1550 2492 1599 communia,

1427 1608 1463 1637 et
1491 1613 1536 1637 ex
1560 1600 1630 1638 illis
1657 1600 1862 1650 principiis,
1883 1613 1982 1650 quae
1999 1602 2309 1639 demonstrantur
2323 1614 2369 1640 ex
2389 1614 2494 1640 com-

1426 1654 1618 1691 munibus.
1653 1655 1703 1691 Et
1730 1654 1836 1702 quod
1870 1654 2013 1691 dictum
2043 1662 2099 1691 est
2130 1655 2179 1692 de
2215 1655 2424 1703 geometria
2457 1663 2496 1693 et

1425 1707 1675 1754 arithmetica,
1714 1707 2000 1755 intelligendum
2035 1715 2092 1744 est
2120 1707 2233 1745 etiam
2252 1708 2274 1730 '³
2294 1708 2343 1745 de
2375 1713 2494 1746 astro'·

1424 1760 1533 1808 logia.
1561 1760 1690 1797 Omnis
1713 1760 1812 1797 enim
1835 1761 1989 1798 scientia
2012 1761 2303 1798 demonstrativa
2317 1767 2373 1798 est
2390 1762 2493 1809 circa

1424 1814 1519 1850 tria:
1548 1825 1714 1862 quorum
1746 1825 1870 1850 unum
1899 1821 1955 1850 est
1980 1825 2102 1863 genus
2128 1814 2333 1851 subiectum
2343 1843 2355 1861 ,
2385 1814 2493 1853 cuius

1422 1878 1493 1914 per
1520 1878 1561 1903 se
1583 1866 1781 1915 passiones
1805 1873 2037 1913 scrutantur3
2067 1874 2104 1903 et
2128 1867 2230 1904 aliud
2250 1874 2307 1904 est
2323 1879 2492 1905 commu-

1423 1931 1488 1956 nes
1506 1919 1715 1969 dignitates,
1733 1931 1778 1955 ex
1798 1919 1936 1968 quibus
1955 1919 2051 1956 sicut
2074 1931 2119 1956 ex
2135 1920 2155 1941 ²¹³
2169 1920 2302 1969 primis
2331 1920 2492 1958 demon-

1422 1979 1528 2019 strat3
1562 1972 1715 2009 tertium
1748 1979 1877 2008 autem
1904 1973 2120 2020 passiones,
2155 1973 2203 2010 de
2231 1973 2370 2022 quibus
2397 1985 2492 2012 una-

1422 2037 1597 2074 quaeque
1626 2024 1782 2061 scientia
1808 2025 1944 2074 accipit
1971 2025 2063 2074 quid
2090 2025 2302 2073 significent
2316 2031 2342 2063 ’.

1481 2091 1538 2115 10.
1567 2077 1718 2115 Deinde
1747 2083 1837 2114 cum
1866 2077 1971 2115 dicit:
2006 2079 2198 2120 Quasdam
2225 2084 2351 2116 tamen
2373 2079 2491 2117 scien-

1475 2241 1504 2275 λ)
1524 2243 1574 2268 Est
1591 2243 1617 2267 ei
1630 2250 1682 2268 non
1702 2242 2062 2268 commensurabilis.·-Haec
2075 2241 2151 2267 lectio
2164 2249 2179 2267 a
2192 2241 2269 2267 nobis
2283 2242 2421 2276 adoptatur
2433 2246 2490 2268 tum

1422 2278 1496 2302 codd.
1510 2278 1667 2308 auctoritate,
1678 2283 1733 2303 tum
1745 2278 1804 2311 quia
1819 2278 1921 2303 videtur
1930 2278 1957 2302 in
1966 2285 1995 2302 se
2005 2277 2107 2302 melior.
2117 2277 2227 2302 Unus-B
2238 2277 2300 2311 legit
2309 2285 2370 2303 cum
2379 2277 2413 2304 P:
2423 2282 2493 2311 qm

1422 2320 1485 2338 vero
1499 2316 1539 2338 est
1557 2314 1829 2339 incommensurabilis
1844 2313 1869 2338 ei
1885 2313 1916 2346 (B
1937 2313 1962 2338 ei
1981 2312 2271 2345 incommensurabilis).

1477 2347 1506 2383 μ)
1527 2349 1571 2373 De
1588 2349 1709 2374 omnibus
1718 2349 1867 2381 praedictis
1881 2348 2131 2381 passionibus-lta
2146 2348 2186 2373 ed.
2201 2342 2280 2373 Pian‘a
2299 2355 2358 2373 cum
2377 2348 2452 2373 oodd.
2466 2347 2491 2374 A

1421 2384 1464 2408 RS
1483 2389 1509 2408 et
1526 2384 1601 2416 prim.
1613 2391 1683 2409 man.
1703 2385 1760 2409 8.-
1773 2384 1823 2409 Alii
1843 2384 1926 2414 codd„
1949 2384 2013 2416 (exc.
2028 2383 2137 2416 cmm:
2157 2383 2190 2408 de
2207 2382 2328 2409 omnibus
2341 2383 2492 2416 praedietis

1421 2419 1545 2444 scientiis.
1560 2419 1593 2444 Et
1610 2419 1726 2445 scientiis
1740 2419 1817 2444 etiam
1830 2419 1872 2444 vel
1891 2419 1983 2444 eadem
1996 2419 2038 2444 vel
2053 2419 2101 2444 alia
2124 2426 2210 2450 manu,
2224 2418 2304 2444 veteri
2318 2424 2414 2450 tamen,
2429 2418 2492 2444 sefi-

1422 2454 1491 2479 bitur
1504 2454 1530 2479 in
1545 2454 1603 2487 ipso
1615 2455 1672 2479 cod.
1683 2455 1704 2479 B
1718 2454 1743 2479 in
1758 2454 1902 2486 interlinea,
1921 2461 2002 2488 super
2018 2454 2174 2479 vocabulum
2187 2454 2394 2486 passionibus.—
2406 2453 2443 2479 G:
2458 2453 2492 2480 de

1422 2489 1543 2514 omnibus
1557 2489 1706 2522 praedictis
1720 2490 1760 2515 vel
1777 2489 1894 2515 scientiis
1902 2489 2080 2522 possibilibus,
2096 2496 2164 2522 quae
2176 2489 2282 2522 quidem
2298 2489 2374 2514 lectio
2387 2496 2441 2514 non
2450 2493 2493 2515 est

1422 2525 1622 2558 intelligibilis.-
1631 2525 1682 2550 Sed
1693 2530 1719 2550 et
1732 2525 1807 2550 lectio
1822 2525 1880 2550 de...
1890 2525 2007 2550 scientiis
2021 2529 2062 2550 est
2070 2524 2178 2549 omnino
2196 2531 2312 2550 erronea.
2326 2524 2491 2550 Manifestum

1422 2560 1492 2585 enim
1511 2565 1551 2585 est
1569 2560 1660 2585 disseri
1679 2560 1729 2585 hoc
1748 2560 1806 2585 loco
1825 2561 1857 2585 de
1882 2560 2013 2593 principiis
2032 2559 2156 2593 propriis,
2181 2567 2249 2592 quae
2273 2564 2458 2593 supponuntur
2475 2566 2492 2584 ι

1422 2595 1549 2625 scientiis,
1569 2603 1690 2628 quaeque
1708 2595 1827 2620 dicuntur
1844 2595 1961 2621 subiecta
1979 2600 2006 2620 et
2018 2595 2172 2627 passiones,
2192 2602 2240 2620 seu
2258 2594 2403 2627 praedicata
2422 2601 2492 2627 quae

1417 2637 1470 2663 per
1488 2637 1516 2656 se
1535 2630 1625 2656 insunt
1640 2630 1739 2655 eisdem
1755 2630 1885 2656 subiectis.
1901 2630 2004 2656 Dictum
2018 2634 2058 2655 est
2071 2634 2158 2654 autem
2173 2630 2230 2654 lect.
2245 2636 2272 2660 ιι,
2288 2637 2314 2654 n.
2331 2629 2355 2660 3,
2368 2634 2399 2654 ut
2412 2636 2493 2662 supra

1422 2665 1486 2698 (not.
1496 2664 1522 2698 δ)
1532 2665 1708 2696 indicavimus,
1724 2666 1794 2698 quod
1809 2665 1835 2690 in
1850 2665 2070 2690 demonstratione
2085 2664 2163 2690 debet
2175 2664 2311 2698 praenosci
2325 2665 2358 2689 de
2372 2664 2490 2690 subiecto

1422 2700 1488 2733 quid
1511 2701 1547 2726 sit
1572 2705 1598 2726 et
1622 2701 1685 2733 quia
1709 2700 1761 2730 sit}
1786 2701 1818 2725 de
1842 2700 1988 2734 praedicato
2014 2699 2091 2725 debet
2112 2699 2248 2732 praenosci
2269 2699 2335 2732 quid
2356 2702 2396 2725 est
2419 2698 2492 2732 quod

1422 2735 1534 2767 dicitur,
1557 2743 1604 2760 seu
1623 2735 1686 2768 quid
1707 2734 1865 2768 significatur
1890 2743 1938 2769 per
1960 2742 2065 2760 nomen.
2089 2735 2149 2765 Quo
2172 2734 2275 2766 habito,
2297 2735 2492 2760 demonstratur

1422 2771 1455 2796 de
1474 2770 1621 2804 praedicato
1639 2778 1687 2795 seu
1706 2771 1828 2804 passione
1847 2778 1881 2795 an
1900 2771 1947 2801 sitf
1963 2778 2010 2795 seu
2025 2769 2088 2803 quia
2101 2773 2142 2795 est
2147 2787 2155 2800 ,
2175 2774 2304 2803 quatenus
2324 2770 2444 2795 videlicet
2457 2769 2492 2795 de

1417 2805 1588 2839 passionibus
1607 2805 1729 2831 scientiae
1755 2806 1933 2831 demonstrant
1955 2805 2027 2838 quod
2052 2805 2117 2836 sint,
2137 2812 2185 2830 seu
2204 2805 2267 2838 quia
2289 2812 2336 2838 per
2353 2812 2384 2830 se
2402 2805 2492 2830 insum

1423 2841 1545 2866 subiectis
1565 2841 1716 2866 earumdem
1735 2841 1908 2866 scientiarum.
1928 2840 1995 2866 Hinc
2015 2841 2092 2874 plana
2111 2845 2137 2866 et
2154 2840 2237 2873 logica
2255 2840 2331 2865 lectio
2345 2840 2438 2866 Pinna:
2458 2839 2492 2866 de

1422 2877 1542 2902 omnibus
1557 2876 1707 2908 praedictis
1721 2876 1892 2908 passionibus
1911 2881 1973 2907 etc.‚
1993 2881 2018 2901 et
2036 2876 2197 2908 respondens
2215 2875 2256 2900 his
2276 2883 2343 2908 quae
2367 2882 2447 2908 supra
2464 2875 2491 2900 in

1421 2911 1471 2938 hoc
1489 2919 1611 2936 numero:
1630 2911 1678 2936 sed
1695 2911 1728 2936 de
1748 2911 1918 2944 passionibus
1935 2914 2089 2943 supponunt
2102 2910 2260 2943 praedictae
2281 2911 2408 2936 scientiae
2425 2909 2492 2943 quid

1420 2947 1552 2981 significet
1570 2953 1750 2979 unaquaeque.
1769 2946 1794 2971 Si
1811 2954 1874 2971 vero
1893 2954 1946 2971 non
1964 2946 2146 2979 passionibus,
2166 2946 2213 2971 sed
2235 2945 2352 2972 scientiis
2378 2946 2490 2979 legemr,

1422 2990 1474 3007 non
1489 2981 1600 3015 amplius
1615 2986 1721 3014 apparet
1734 2989 1819 3015 neque
1837 2989 1977 3014 processus
1992 2981 2091 3014 logicus
2105 2981 2313 3012 ratiocinationis,
2328 2988 2413 3014 neque
2431 2988 2491 3006 een·

1422 3025 1469 3043 sus
1483 3017 1668 3050 propositionis
1683 3024 1706 3042 s.
1715 3016 1834 3042 ’rhomae
1844 3017 1894 3049 (Cf.
1909 3017 1950 3042 cit.
1963 3017 2020 3042 lect.
2030 3017 2069 3050 n).
2080 3030 2100 3036 ·-
2113 3016 2194 3042 Codd.
2210 3016 2269 3042 Hm
2282 3023 2337 3042 om.
2352 3021 2410 3041 tum
2425 3022 2492 3048 pas·

1421 3053 1547 3082 sionibus,
1563 3057 1619 3078 tum
1633 3052 1784 3077 scientiis.—-
1793 3052 1875 3077 Codd.
1891 3052 1944 3077 CK:
1959 3059 2027 3084 quae
2039 3055 2102 3078 sunt
2116 3051 2152 3085 (et
2165 3054 2228 3077 sunt
2241 3051 2318 3076 etiam
2333 3051 2366 3085 N)
2374 3058 2382 3082 ς
2396 3051 2490 3082 fflQs:

1423 3088 1488 3121 quid
1505 3087 1561 3113 sint
1578 3092 1626 3112 etc.
1641 3087 1692 3112 Sed
1707 3094 1775 3120 quae
1793 3092 1818 3112 et
1833 3087 1897 3119 quid
1915 3087 1965 3112 hoc
1984 3088 2042 3112 loco
2061 3091 2123 3112 sunt
2144 3086 2287 3112 locutiones
2306 3093 2442 3117 erroneae,
2460 3089 2492 3111 ut

1423 3131 1502 3156 supra
1521 3123 1585 3155 (not.
1600 3121 1625 3156 ὃ)
1645 3122 1985 3148 animadvertimus.-1nfra
1999 3123 2034 3148 P:
2053 3122 2122 3148 idest
2140 3129 2178 3148 ex
2195 3121 2248 3147 illis
2261 3121 2405 3155 principiis
2418 3126 2491 3147 etc.-

1422 3158 1504 3184 Codd.
1517 3158 1597 3183 ABG!
1616 3157 1737 3182 omittunt
1755 3157 1837 3186 idest5
1856 3158 1896 3182 alii
1916 3158 1990 3183 codd.
2010 3157 2127 3183 eiusdem
2140 3156 2212 3182 vocis
2231 3157 2297 3188 loco,
2315 3156 2412 3182 hebent
2429 3163 2491 3182 eum

1421 3193 1543 3219 versione
1561 3197 1660 3224 textus,
1683 3196 1717 3218 et.
1737 3193 1850 3218 Graecus
1870 3197 1966 3218 textus:
1986 3190 2029 3218 καὶ
2049 3190 2076 3218 ἐκ
2090 3193 2150 3218 τῶν.
2165 3193 2315 3218 Lectionem
2333 3192 2410 3217 codd.
2428 3191 2491 3217 edo-

1422 3234 1535 3262 ptamus.
1557 3228 1710 3254 Geometria
1727 3228 1797 3253 enim
1816 3233 1842 3253 et
1860 3228 2028 3254 arithmetica
2043 3228 2220 3253 demonstrant
2234 3227 2369 3261 passiones
2384 3227 2416 3252 de
2430 3233 2491 3260 pro-

1423 3264 1479 3297 prio
1498 3263 1622 3294 subiecto,
1637 3270 1690 3288 non
1704 3270 1750 3296 per
1764 3263 1888 3296 principis
1903 3263 2051 3304 communi-a
2063 3262 2222 3304 simpliciter,
2237 3262 2284 3288 sed
2302 3270 2350 3296 per
2368 3261 2491 3296 principi-

1422 3307 1535 3360 {ittae
1552 3303 1726 3359 33323‘523‘:
1741 3306 1953 3358 ῗξὲἕὲἳᾞέὲῖ
1963 3295 2491 3366 ᾒῖἓεξέἲηὲἷὲᾎῗᾚὲἳῗὶῑΐᾝωὲ

1418 3369 1560 3402 principiis
1579 3375 1646 3402 quae
1665 3369 1884 3394 demonstrantur
1902 3376 1939 3394 ex
1956 3368 2156 3394 communibus.-
2178 3375 2239 3393 nam
2261 3367 2365 3392 videtur
2383 3373 2489 3392 sonare:

1418 3405 1555 3437 principia
1573 3404 1736 3433 communia,
1757 3404 1826 3430 idest
1838 3404 1975 3436 principia
1993 3411 2045 3429 non
2060 3403 2225 3432 communia,
2240 3403 2288 3428 sed
2305 3402 2490 3428 demonstrata

1423 3447 1461 3465 ex
1478 3440 1669 3465 communibus.
1682 3453 1702 3459 —
1715 3439 1833 3472 Denique
1852 3439 1953 3464 codices
1972 3446 2065 3464 omnes
2085 3439 2190 3471 legunt:
2216 3438 2435 3464 demonstrantur
2451 3443 2490 3461 ex

1422 3475 1622 3504 communibus,
1647 3475 1721 3505 loco,
1747 3475 1966 3500 demonstrantur
1983 3481 2022 3500 ex
2040 3473 2184 3506 principiis
2205 3471 2402 3501 communibus,
2421 3474 2451 3496 ut
2468 3470 2489 3495 Ρ

1423 3510 1508 3578 habe).
1523 3545 1640 3570 Tertium
1659 3547 1747 3570 autem
1761 3545 1901 3577 passiones
1920 3543 2095 3570 ete-Extant
2112 3542 2162 3568 hoc
2180 3543 2239 3568 loco
2261 3540 2408 3567 difficultas:
2427 3548 2489 3566 nam

1423 3580 1495 3613 quod
1509 3579 1550 3604 hic
1564 3580 1655 3605 dicitur
1670 3580 1702 3604 de
1714 3579 1880 3613 passionibus
1895 3579 1967 3612 quod
1986 3579 2038 3604 sint
2050 3577 2181 3612 principis,
2197 3577 2298 3603 videtur
2315 3575 2489 3602 contradicere

2311 3709 2327 3719 α

2633 348 2640 364 Ι.

2525 552 2537 564 “
2546 552 2652 580 Princip.
2663 553 2740 575 omitt.

2525 584 2684 605 acomoqasr.
2689 590 2697 595 -
2701 579 2740 601 Di-

2525 611 2580 626 cens
2590 612 2618 627 ex
2628 605 2705 633 codd.;
2713 612 2739 628 1²:

2525 633 2548 652 el
2562 631 2626 654 ds'cu.
