2788 4204
315 242 388 288 346

892 241 1277 279 POSTERIORUM
1305 241 1736 280 ANALYTICORUM
1766 244 1860 281 LIB.
1893 245 1925 281 II

1018 488 1398 545 LECTIO
1452 491 1793 548 SEXTA

444 627 660 669 UTRUM
694 626 867 679 QUOD
907 626 1057 678 QUID
1092 626 1207 668 EST
1240 627 1452 669 POSSIT
1487 628 1754 671 OSTENDI
1787 631 2362 674 DEMONSTRATIONE

1130 702 1252 743 VEL
1286 703 1684 746 DEFINITIONE

317 835 378 865 Ετι
403 833 471 869 πῶς
496 826 598 871 δείξει
615 830 656 862 τὸ
675 833 708 863 τί
731 829 842 870 ἑστινῖ
873 829 1004 876 ἀνάγκη
1030 830 1094 877 γάρ
1117 831 1176 863 Τὸν
1195 826 1316 863 Εἷδότα
1335 831 1376 863 τὸ
1432 835 1449 854 *
1461 835 1610 875 Amplius
1626 842 1734 867 autem
1757 837 1926 877 quomodo
1943 838 2132 869 monstrabit
2150 840 2240 880 quod
2259 839 2338 880 quid
2356 838 2425 870 est?
2443 840 2505 870 Ne·
2532 847 2543 858 ⁴
2558 847 2729 875 Semcnpan.

921 876 927 884 ¹
990 877 1007 884 ⁴
1501 889 1586 910 cesse
1609 887 1656 910 est
1679 880 1765 910 enim
1784 881 1935 912 scientem
1954 883 2044 923 quod
2062 883 2141 923 quid
2157 891 2204 913 est
2219 884 2332 922 homo,
2349 891 2405 914 aut
2420 884 2507 915 aliud
2533 873 2633 901 T‘¹¹·⁷·

375 879 407 909 τί
434 877 525 909 ἐστιν
553 874 724 919 ἅνθρωπος
751 874 771 913 ἦ
800 875 882 907 ἄλλο
914 887 1049 916 οτιουν,
1080 871 1206 907 εἰδέναι
1237 879 1295 908 καὶ
1323 876 1376 910 ὅτι

375 922 480 954 ἔστιν·
507 920 547 952 τό
573 920 638 966 γάρ
664 922 709 964 μή
738 921 772 954 ὂν
800 915 906 958 οὐδεὶς
938 916 1026 952 οἶδεν
1054 918 1070 951 ὅ
1094 933 1128 952 τι
1155 921 1259 962 ἐστίν,
1289 921 1379 954 ἀλλοὶ

374 969 407 998 τί
432 966 491 1010 μὲν
518 968 674 1008 σημαίνει
693 968 708 999 ὀ
725 965 826 1012 λόγος
845 965 865 1003 ἧ
885 966 926 999 τό
950 965 1070 1009 ὄνομα,
1092 965 1177 998 ὅταν
1195 968 1278 998 εἴπω
1296 978 1377 1011 τρα-

372 1010 537 1057 γέλαφος,
565 1012 597 1042 τί
623 1005 650 1041 δ’
681 1013 754 1045 ἔστι
779 1011 1007 1058 τραγέλαφος,
1037 1007 1209 1043 ἀδύνατον
1235 1006 1376 1045 εἰδέναι.

299 1100 408 1132 Ἀλλὰ
432 1101 498 1144 μήν
524 1101 551 1132 εἱ
576 1094 678 1142 δείξει
703 1104 736 1134 τί
763 1102 836 1134 ἐστι
860 1102 918 1132 καὶ
945 1100 998 1134 ὅτι
1020 1099 1107 1140 ἔστι,
1128 1101 1196 1138 πῶς
1215 1101 1263 1142 τῷ
1283 1102 1378 1143 αὐτῷ

371 1144 460 1191 λόγω
492 1140 610 1187 δείξει;
645 1144 660 1178 ὅ
686 1159 723 1179 τε
755 1146 820 1193 γάρ
852 1145 984 1191 ὁρισμός
1019 1144 1051 1177 ’ἐν
1078 1157 1111 1177 τι
1144 1140 1244 1182 δηλοῖ
1271 1148 1330 1178 καὶ
1356 1147 1376 1183 ἡ

374 1189 443 1223 ἀπό
468 1189 560 1231 ειξις·
587 1190 628 1222 τὸ
653 1187 691 1224 δὲ
716 1194 750 1224 τί
777 1191 867 1223 ἔστιν
892 1190 1062 1236 ἄνθρωπος
1081 1192 1140 1223 καὶ
1158 1191 1198 1223 τό
1218 1187 1303 1223 εἶναι
1323 1192 1380 1224 ἄν·

373 1235 502 1280 θρωπον
530 1235 627 1268 ἄλλο.

304 1277 390 1313 Εἶτα
414 1282 472 1313 καὶ
498 1275 534 1312 δι’
566 1275 770 1321 ἀποδείξεώς
800 1292 907 1324 φαμεν
936 1280 1124 1326 ἀναγκαῖον
1142 1277 1227 1311 εἶναι
1252 1275 1378 1312 δείκνυ-

372 1323 450 1357 σθαι
478 1324 570 1358 ἅπαν
600 1326 653 1359 ὅτι
682 1327 796 1367 ἔστιν,
833 1327 861 1357 ei.
885 1325 934 1368 μή
961 1325 1060 1356 οὐσία
1085 1327 1147 1362 εἴη.
1176 1323 1222 1355 Τό
1240 1319 1268 1355 δ’
1292 1322 1377 1357 εἶναι

374 1370 433 1402 οὐκ
459 1371 558 1403 οὐσία
585 1366 708 1403 οὐδενί·
729 1371 766 1402 οὐ
784 1371 849 1416 γοὶρ
867 1369 963 1415 γένος
982 1370 1023 1402 τὸ
1043 1369 1089 1401 ὅν.
1111 1363 1304 1409 Ἀπόδειξις
1326 1370 1374 1413 ἄρ’

373 1414 472 1447 ἔσται
499 1414 552 1448 ὅτι
578 1416 682 1448 ἔστιν.
702 1415 806 1458 “Ὀπερ
831 1417 889 1447 καὶ
914 1416 970 1447 νῦν
995 1416 1147 1447 ποιοῦσιν
1175 1416 1209 1446 αἱ
1236 1414 1380 1451 ἐπιστῆ-

372 1472 447 1504 μαι.
474 1462 510 1491 Τί
529 1460 587 1505 μὲν
605 1461 669 1507 γοὶρ
688 1463 845 1504 σημαίνει
864 1460 905 1493 τὸ
923 1462 1100 1506 τρίγωνον,
1121 1460 1241 1500 ἔλαβεν
1261 1459 1277 1490 ὁ
1294 1472 1379 1506 γεω-

372 1504 516 1548 μέτρης,
545 1504 598 1538 ὅτι
623 1500 650 1536 δ’
682 1505 767 1546 ἔστι,
794 1500 971 1538 δείκνυσιν.
999 1506 1037 1537 Τί
1063 1503 1120 1537 οὖν
1143 1501 1244 1545 δείξει
1272 1504 1287 1535 ὁ
1314 1505 1379 1549 ὀρι-

371 1549 508 1593 ζόμενος
535 1553 568 1582 τί
595 1551 708 1590 ἐστιν;
735 1548 756 1586 ἦ
775 1550 816 1582 τὸ
835 1553 1018 1594 τρίγωνον;
1045 1545 1139 1588 εἰδώς
1161 1550 1225 1594 ἄρα
1244 1560 1294 1587 τις
1314 1551 1379 1594 ὁρι-

371 1595 442 1639 σμῷ
468 1597 500 1627 τί
527 1596 633 1636 ἐστιν,
653 1596 681 1626 εἰ
707 1595 798 1627 ἔστιν
825 1595 885 1627 οὐκ
911 1597 1054 1627 εἴσεται·
1084 1595 1158 1628 ἀλλ’
1189 1589 1374 1628 ἀδύνατον.

302 1684 451 1727 Φανερόν
476 1679 514 1715 δὲ
538 1686 596 1716 καὶ
621 1683 717 1717 aar&
741 1684 821 1722 τούς
846 1686 902 1716 νῦν
922 1684 1068 1726 τρόπους
1092 1685 1158 1716 τῶν
1178 1684 1260 1727 ὅρων
1278 1685 1318 1722 ὠς
1338 1685 1376 1716 οὗ

331 1742 337 1751 -
369 1723 576 1761 δεικνύουσιν
603 1731 632 1760 οἱ
660 1728 848 1772 ὁριζόμενοι
867 1729 921 1762 ὅτι
940 1730 1043 1763 ἔστιν.
1071 1729 1108 1760 Ei.
1125 1729 1189 1775 γὰρ
1206 1731 1264 1761 καὶ
1283 1730 1376 1762 ἔστιν

371 1770 407 1804 ἐκ
433 1775 495 1806 τοῦ
522 1773 625 1817 μέσου
651 1774 693 1807 τὸ
716 1776 802 1815 ἴσον,
823 1775 914 1807 ἀλλοὶ
934 1771 994 1807 διαὶ
1010 1778 1044 1808 τί
1062 1774 1135 1807 ἐστι
1161 1774 1202 1807 τὸ
1229 1773 1376 1819 ὀρισθέν;

368 1820 426 1850 καὶ
452 1815 511 1851 διοὶ
535 1822 569 1852 τί
595 1820 693 1852 τοῦτ’
724 1819 797 1852 ἔστι
814 1819 957 1858 κόκλοςς
985 1822 1034 1858 εἴη
1061 1821 1126 1866 γοὶρ
1154 1818 1192 1852 οἲν
1210 1822 1268 1852 καὶ
1295 1819 1379 1864 ὀρει-

398 1862 501 1896 αίλκου
533 1863 638 1908 φάναι
663 1861 748 1896 εἶναι
781 1864 902 1898 αὐτόν.
937 1865 1024 1898 Οὔτε
1057 1865 1121 1911 γοὶρ
1149 1863 1203 1897 ὅτι
1227 1860 1375 1897 δυνατὸν

370 1920 456 1940 ειναι
482 1907 523 1940 τό
553 1909 737 1955 λεγόμενον
771 1906 1018 1953 προσδηλοῦσιν
1045 1913 1074 1942 οἱ
1100 1909 1187 1955 ὅροι,
1214 1909 1293 1943 οὔτε
1319 1909 1375 1943 ὅτι

371 1953 475 1986 ἐκεῖνο
502 1953 540 1986 οὖ
566 1957 664 1999 φασὶν
683 1951 768 1986 εἶναι
787 1955 935 1999 ὁρισμόν.
950 1955 1042 1987 Ἀλλ’
1066 1955 1117 1989 ἀεὶ
1135 1955 1247 1996 ἔξεστι
1263 1954 1375 2001 λέγειν

372 1999 412 2031 τὸ
438 1995 496 2030 διαὶ
521 2001 569 2033 τί.

303 2045 341 2075 Εἰ
369 2044 433 2088 ἄρα
459 2045 475 2075 ὁ
502 2044 691 2088 ὁριζόμενος
717 2038 879 2076 δείκνυσιν
907 2041 927 2081 ἦ
953 2046 986 2076 τί
1014 2044 1105 2077 ἐστιν
1127 2043 1148 2080 ἦ
1166 2046 1200 2076 τί
1219 2047 1375 2088 σημαίνει

371 2088 537 2133 τοῦνομα,
565 2090 592 2121 εἰ
618 2088 664 2132 μή
691 2089 765 2120 ἐστι
790 2084 953 2133 μηδαμῶς
980 2090 1043 2122 τοῦ
1070 2092 1104 2121 τί
1130 2086 1236 2129 ἐστιν,
1256 2091 1305 2126 εἴη
1334 2088 1373 2122 ἄν

372 2135 387 2166 ὁ
415 2134 547 2177 ὁρισμός
571 2133 672 2180 λόγος
701 2132 846 2175 ὀνόματι
873 2135 915 2166 το“
941 2134 1030 2167 αὐτὸ
1052 2137 1238 2178 σημαίνων.

295 2178 387 2210 ἈλλΙ
419 2179 563 2211 ἄτοπον.
591 2180 724 2223 Πρῶτον
750 2179 809 2223 μὲν
827 2179 892 2224 γάρ
909 2180 968 2210 καὶ
986 2180 1033 2222 μή
1053 2180 1171 2212 οὐσιῶν
1192 2177 1230 2211 ἂν
1250 2180 1299 2215 εἴη
1316 2180 1374 2210 καὶ

372 2225 438 2256 τῶν
463 2224 510 2268 μη
537 2224 659 2255 ὄντων·
686 2226 860 2266 σημαίνειν
885 2224 950 2270 γοὶρ
974 2224 1048 2257 ἔστι
1064 2225 1123 2256 καὶ
1143 2223 1190 2255 τοὶ
1207 2223 1254 2268 μή
1274 2222 1373 2256 ὄντα.

295 2314 373 2345 Ἔτι
399 2311 527 2351 πάντες
553 2316 582 2345 οἱ
606 2312 704 2358 λόγοι
731 2313 859 2357 ὀρισμοὶ
879 2312 918 2345 ἆὶν
936 2310 1013 2345 εἶεν·
1041 2315 1090 2350 εἴη
1116 2313 1181 2359 γάρ
1209 2311 1248 2346 ἂν
1268 2311 1374 2356 ὄνομα

370 2355 487 2389 θέσθαι
514 2359 678 2400 ὁποιῳοῦν
701 2357 805 2404 λόγῳ,
833 2357 921 2389 ὥστε
949 2357 1040 2403 ὅρους
1068 2357 1107 2391 ἂν
1133 2354 1375 2404 διαλεγοίμεθα

371 2401 500 2440 πάντες
524 2405 583 2435 καὶ
609 2404 629 2439 η
650 2402 756 2440 ’Ῑλιοὶς
783 2403 916 2445 ὁρισμός
944 2402 984 2436 ἂν
1011 2405 1073 2440 εἴη.

296 2446 374 2479 Ἔτι
400 2443 543 2491 οὐδεμία
569 2447 744 2492 ἐπιστήμη
780 2446 988 2489 ἀποδείξειεν
1016 2446 1054 2480 ἄν
1082 2446 1136 2479 ὅτι
1163 2447 1270 2479 τοῦτο
1296 2447 1375 2478 τοῦ-

371 2503 458 2534 νομα
478 2494 577 2524 τουτὶ
594 2489 704 2530 δηλοῖ·
724 2488 794 2525 οὐδ’
819 2495 848 2524 οἱ
869 2495 996 2538 ὁρισμοὶ
1017 2494 1128 2524 τοίνυν
1148 2492 1255 2524 τοῦτο
1275 2503 1375 2536 προσ-

370 2532 542 2573 δηλοῦσιν.

296 2582 357 2613 Ἐκ
382 2581 442 2625 μὲν
474 2583 585 2613 τοίνυν
619 2580 754 2613 τούτων
786 2580 866 2614 οὔτε
898 2581 1032 2625 ὁρισμός
1061 2583 1120 2613 καὶ
1153 2580 1374 2626 συλλογισμός

371 2628 530 2669 φαίνεται
557 2625 688 2658 ταύτὸν
715 2625 769 2667 ὅν,
798 2627 877 2658 οὕτε
905 2626 1040 2658 ταὺτοῦ
1065 2627 1287 2672 συλλογισμός
1316 2626 1374 2656 καὶ

372 2670 518 2715 ὁρισμός·
545 2672 626 2714 πρὸς
652 2666 689 2702 δὲ
715 2670 867 2710 τούτοις,
894 2670 948 2703 ὅτι
975 2671 1055 2702 οὔτε
1083 2672 1098 2702 ὁ
1126 2670 1258 2714 ὁρισμὸς
1277 2665 1374 2701 οὐδὲν

372 2715 451 2747 οὔτε
480 2712 713 2747 ἀποδείκνυσιν
740 2715 819 2747 οὔτε
845 2712 1023 2755 δείκνυσιν,
1052 2715 1132 2747 οὔτε
1159 2715 1200 2747 τὸ
1221 2717 1253 2746 τί
1281 2713 1373 2746 ἐστιν

371 2759 441 2792 οὔθ’
472 2761 608 2805 ὁρισμῷ,
636 2760 710 2793 οὔτ’
741 2756 915 2801 ἀποδείξει
941 2759 1016 2792 ἔστι
1041 2760 1179 2806 γνῶναι.

364 2856 513 2884 δγΝοΡειε.
527 2872 561 2876 -
583 2865 605 2883 1.
627 2856 840 2892 Argumentum
861 2861 890 2883 et
910 2854 1014 2883 divisio
1029 2861 1131 2883 textus.
1143 2862 1199 2883 -2.
1218 2855 1375 2883 Praenota-

303 2905 380 2924 men.
404 2895 481 2931 Quia
501 2905 563 2924 non
584 2895 658 2924 entis
679 2905 740 2924 non
762 2902 805 2923 est
823 2895 920 2932 aliqua
935 2895 1081 2932 quidditas
1096 2895 1140 2923 vel
1162 2894 1294 2930 essentia,
1310 2894 1374 2932 qui-

303 2946 417 2973 cunque
432 2936 484 2964 scit
498 2936 578 2973 quod
594 2936 664 2972 quid
679 2942 722 2963 est
737 2935 857 2964 alicuius
872 2935 922 2970 rei,
934 2935 1020 2963 debet
1038 2935 1110 2963 scire
1132 2944 1194 2963 rem
1209 2935 1287 2963 illam
1302 2944 1373 2969 esse,

303 2977 347 3004 vel
362 2977 463 3004 saltem
478 2985 539 3004 esse
561 2975 739 3012 possibilem.
755 2992 771 2997 -
786 2975 811 3003 3.
828 2976 917 3010 Quod
932 2975 1002 3012 quid
1017 2981 1059 3003 est
1074 2984 1135 3003 non
1149 2981 1245 3011 potest
1260 2974 1374 3003 ostendi

302 3026 354 3053 per
369 3015 655 3044 demonstrationem.
678 3017 714 3043 Et
729 3015 834 3052 primo,
850 3015 919 3052 quia
933 3024 999 3043 cum
1015 3014 1092 3043 aliud
1107 3014 1143 3043 sit
1158 3015 1234 3052 quod
1247 3014 1317 3052 quid
1331 3020 1374 3043 est

303 3063 331 3084 et
352 3056 429 3084 aliud
451 3056 517 3093 quia
539 3061 590 3089 est,
606 3062 633 3084 et
651 3054 862 3084 demonstratio
884 3054 1001 3083 nonnisi
1018 3064 1109 3083 unum
1132 3055 1296 3090 concludat,
1312 3064 1373 3083 non

302 3102 425 3133 possunt
446 3105 504 3124 una
525 3097 685 3133 eademque
707 3095 956 3124 demonstratione
972 3095 1106 3123 concludi
1121 3095 1189 3132 quid
1208 3100 1251 3123 est
1265 3101 1292 3123 et
1307 3095 1374 3133 quia

303 3142 354 3164 est.
366 3146 422 3171 —4.
438 3136 558 3171 Deinde,
577 3136 645 3173 quia
660 3145 710 3172 per
731 3135 1010 3164 demonstrationem
1033 3144 1094 3163 non
1116 3134 1297 3164 concluditur
1317 3135 1373 3163 nisi

302 3185 403 3211 unum,
419 3177 500 3213 quod
521 3183 563 3204 est
584 3185 647 3204 esse
662 3185 712 3204 seu
732 3176 798 3212 quia
812 3181 855 3203 est
870 3175 910 3203 rei
926 3176 1154 3204 demonstratae:
1170 3175 1193 3203 si
1209 3175 1286 3204 enim
1301 3184 1372 3204 con-

304 3216 465 3244 cluderetur
479 3217 555 3253 quod
569 3216 638 3253 quid
652 3221 703 3250 εει,
719 3216 776 3244 hoc
790 3216 885 3243 solum
900 3216 1129 3250 concluderetur,
1146 3222 1174 3243 et
1189 3215 1259 3243 illud
1274 3221 1373 3252 posset

303 3255 368 3283 sciri
383 3255 444 3284 sine
458 3255 624 3293 cognitione
639 3265 676 3284 an
691 3256 742 3289 sit,⁸
760 3256 840 3292 quod
855 3262 897 3284 est
912 3255 1100 3292 impossibile.
1111 3272 1131 3277 -
1143 3255 1168 3283 5.
1184 3255 1294 3290 Tertio,
1310 3264 1372 3284 ma-

304 3295 451 3324 nifestatur
465 3295 541 3324 idem
564 3296 643 3333 quod
659 3302 701 3324 est
716 3296 885 3324 conclusum
900 3295 929 3323 in
944 3295 1127 3332 praecedenti
1146 3294 1258 3323 ratione
1279 3296 1371 3332 (quod

304 3335 409 3364 scilicet
424 3336 626 3364 demonstrans
637 3336 707 3373 quid
721 3342 772 3371 est,
784 3345 844 3363 non
859 3336 1038 3364 demonstrat
1053 3335 1121 3373 quia
1135 3337 1198 3372 est),
1210 3344 1262 3372 per
1275 3344 1371 3364 exem—

539 3574 546 3582 (
626 3564 635 3581 ,
675 3535 891 3572 inducendo
925 3547 994 3584 per
1027 3535 1195 3583 singulos
1229 3535 1369 3574 modos

457 3622 459 3629 Α
513 3585 699 3636 '1¹-quibus
714 3588 855 3636 aliquid
874 3588 1127 3626 demonstrari
1146 3596 1288 3638 potest,
1308 3589 1369 3626 hic

1500 924 1727 965 quodcunque,
1747 925 1825 956 scire
1849 926 1924 966 quia
1943 933 1998 957 est.
2020 927 2119 964 Quod
2139 927 2225 957 enirn
2241 938 2308 958 non
2324 935 2381 967 est,
2399 928 2507 959 nullus

1500 968 1558 999 scit
1580 969 1669 1009 quod
1692 969 1770 1010 quid
1794 977 1857 1008 est;
1882 970 1937 1000 sed
1960 970 2038 1011 quid
2066 970 2220 1011 significat
2243 972 2344 1003 oratio
2376 972 2508 1014 quidem
2552 1007 2556 1011 ,

1499 1020 1555 1044 aut
1578 1022 1713 1051 nomen,
1738 1024 1812 1044 cum
1832 1014 1904 1045 dico
1922 1015 2142 1055 tragelaphus;
2164 1016 2242 1057 quid
2260 1023 2369 1047 autem
2385 1023 2432 1048 est
2446 1023 2508 1047 tra-

1500 1058 1653 1098 gelaphus
1677 1057 1876 1098 impossibile
1900 1066 1946 1090 est
1969 1059 2057 1091 scire.

1433 1105 1476 1134 At
1498 1113 1574 1133 vero
1599 1103 1624 1133 si
1648 1103 1877 1134 demonstrabit
1905 1104 1983 1144 quid
2009 1111 2056 1135 est
2079 1111 2110 1135 et
2138 1104 2213 1146 quia
2237 1113 2300 1145 est,
2325 1113 2356 1137 et
2373 1107 2508 1148 qualiter

1502 1148 1612 1178 eadem
1629 1147 1750 1178 ratione
1767 1146 1972 1179 monstrabit?
1987 1148 2139 1180 Definitio
2156 1149 2242 1180 enim
2266 1161 2370 1181 unum
2386 1151 2508 1193 aliquid

1500 1192 1680 1222 manifestat
1709 1199 1739 1222 et
1770 1192 2009 1224 demonstratio.
2042 1193 2077 1224 Id
2100 1201 2209 1225 autem
2238 1196 2328 1236 quod
2358 1196 2437 1237 quid
2461 1202 2508 1227 est

1500 1237 1613 1275 homo,
1637 1243 1668 1267 et
1690 1246 1757 1267 esse
1780 1237 1964 1275 hominem,
1988 1237 2076 1268 aliud
2099 1245 2155 1269 est.

1433 1282 1547 1312 Postea
1569 1289 1600 1312 et
1623 1292 1679 1322 per
1702 1282 2008 1312 demonstrationem
2037 1282 2172 1313 dicimus
2203 1284 2415 1315 necessarium
2439 1294 2507 1316 esse

1500 1327 1716 1357 demonstrare
1745 1336 1842 1356 omne
1870 1327 1944 1367 quia
1973 1334 2038 1365 est,
2070 1327 2129 1358 nisi
2154 1328 2328 1359 substantia
2351 1328 2407 1360 sit:
2439 1339 2507 1361 esse

1501 1378 1608 1401 autem
1631 1370 1720 1401 nulla
1743 1371 1917 1402 substantia
1941 1379 1996 1403 est.
2021 1372 2096 1402 Non
2121 1372 2207 1403 enim
2231 1379 2278 1404 est
2292 1383 2393 1413 genus
2416 1375 2508 1415 quod

1501 1422 1557 1446 est.
1582 1415 1820 1446 Demonstratio
1848 1416 1955 1457 itaque
1985 1417 2043 1447 erit
2073 1417 2149 1458 quia
2172 1424 2234 1448 est:
2267 1418 2357 1459 quod
2379 1428 2452 1449 vere
2476 1425 2507 1450 et

1500 1470 1586 1490 nunc
1610 1459 1730 1490 faciunt
1745 1460 1902 1491 scientiae.
1928 1461 2015 1498 Quid
2039 1461 2124 1492 enim
2149 1461 2302 1502 significat
2318 1462 2505 1503 triangulus,

1501 1504 1614 1545 accipit
1637 1511 1819 1544 geometra;
1843 1505 1919 1546 quia
1949 1513 2057 1536 autem
2087 1513 2149 1545 est,
2181 1507 2386 1538 demonstrat.
2418 1507 2507 1546 Quid

1500 1549 1595 1590 igitur
1617 1548 1807 1579 monstrabit
1825 1548 2000 1580 definiens?
2023 1550 2111 1588 Quid
2132 1557 2179 1582 est
2192 1551 2378 1592 triangulus.
2398 1552 2506 1583 Sciens

1500 1594 1607 1635 itaque
1630 1593 1744 1635 aliquis
1760 1592 1944 1624 definitione
1959 1594 2038 1635 quid
2053 1602 2111 1634 est,
2131 1595 2156 1625 si
2175 1602 2223 1626 est
2248 1605 2315 1626 non
2333 1596 2420 1628 sciet.
2443 1597 2508 1628 Sed

1495 1639 1693 1679 impossibile
1717 1645 1772 1669 est.

1433 1684 1639 1715 Manifestum
1654 1690 1761 1714 autem
1778 1690 1824 1715 est
1847 1690 1878 1714 et
1901 1684 2079 1714 secundum
2103 1693 2189 1714 nunc
2211 1684 2329 1715 modos
2352 1685 2506 1718 termino-

1500 1739 1593 1767 rum,
1622 1729 1712 1770 quod
1736 1738 1803 1758 non
1836 1729 2056 1759 demonstrant
2086 1727 2269 1760 definientes
2293 1729 2368 1771 quia
2392 1737 2448 1762 est.
2473 1730 2507 1762 Si

1500 1774 1586 1804 enim
1603 1773 1635 1804 et
1653 1780 1699 1804 est
1715 1783 1752 1803 ex
1771 1773 1879 1803 medio
1899 1773 2030 1814 aliquod
2051 1773 2193 1814 aequale,
2211 1774 2265 1804 sed
2282 1781 2413 1815 propter
2427 1775 2508 1817 quid

1500 1825 1546 1849 est
1569 1818 1659 1859 quod
1682 1817 1841 1856 definitur,
1865 1825 1896 1848 et
1918 1824 2049 1859 propter
2071 1818 2150 1859 quid
2173 1824 2220 1849 est
2238 1816 2393 1850 circulus?
2415 1819 2508 1851 Esset

1499 1863 1586 1894 enim
1609 1863 1719 1904 utique
1737 1869 1767 1893 et
1783 1862 1902 1893 montis
1921 1863 2010 1893 aenei
2033 1862 2136 1894 dicere
2151 1862 2270 1904 ipsum.
2290 1864 2403 1905 Neque
2419 1864 2507 1895 enim

1499 1908 1575 1949 quia
1597 1907 1749 1948 possibile
1769 1907 1809 1938 sit
1832 1917 1899 1938 esse
1922 1908 2012 1948 quod
2035 1907 2160 1946 dicitur,
2184 1908 2346 1948 assignant
2366 1908 2505 1949 termini,

1498 1962 1602 1994 neque
1626 1952 1715 1993 quod
1743 1952 1823 1983 illud
1847 1959 1904 1991 est,
1929 1952 2019 1983 cuius
2049 1952 2159 1983 dicunt
2178 1962 2245 1983 esse
2269 1952 2504 1994 definitionem;

1498 1998 1553 2028 sed
1578 2007 1703 2038 semper
1725 1997 1798 2028 licet
1821 1997 1923 2028 dicere
1947 2004 1978 2028 et
2002 2004 2131 2038 propter
2154 1997 2242 2038 quid.

1431 2042 1463 2073 Si
1487 2052 1562 2082 ergo
1587 2041 1739 2072 definiens
1763 2041 1959 2072 demonstrat
1982 2048 2037 2072 aut
2059 2041 2138 2082 quid
2159 2048 2215 2080 est,
2232 2049 2287 2073 aut
2309 2042 2388 2084 quid
2410 2042 2505 2084 signi-

1498 2087 1571 2118 ficat
1587 2097 1717 2126 nornen,
1742 2086 1767 2117 si
1792 2096 1858 2117 non
1878 2093 1925 2117 est
1942 2086 2011 2117 ullo
2035 2087 2136 2117 modo
2160 2086 2228 2117 eius
2247 2088 2337 2128 quod
2353 2086 2432 2128 quid
2447 2094 2504 2128 est,

1498 2132 1556 2163 erit
1574 2132 1685 2173 utique
1701 2131 1843 2162 definitio
1861 2138 1891 2162 et
1906 2131 1985 2162 ratio
2002 2131 2142 2162 nominis
2161 2131 2248 2162 idem
2271 2131 2459 2173 significans.

1431 2177 1493 2209 Sed
1515 2177 1740 2208 inconveniens
1764 2183 1820 2207 est.
1845 2175 1990 2206 Primum
2014 2176 2163 2217 quidem,
2187 2176 2263 2218 quia
2287 2183 2318 2208 et
2340 2187 2408 2208 non
2430 2177 2516 2209 sub-⁴

1498 2221 1683 2253 stantiarum
1708 2221 1818 2263 utique
1847 2228 1928 2252 esset
1958 2219 2115 2259 definitio,
2140 2228 2171 2252 et
2193 2231 2308 2252 eorum
2331 2232 2414 2263 quae
2437 2232 2505 2254 non

1498 2273 1590 2306 sunt;
1614 2265 1787 2307 significare
1807 2265 1893 2296 enim
1916 2272 1962 2296 est
1985 2272 2016 2296 et
2038 2275 2121 2307 quae
2144 2276 2211 2296 non
2234 2272 2318 2297 sunt.

1430 2311 1580 2352 Amplius
1613 2321 1725 2342 omnes
1756 2310 1892 2341 rationes
1924 2309 2122 2341 definitiones
2153 2318 2273 2349 essent;
2308 2317 2389 2342 esset
2419 2310 2505 2342 enim

1498 2356 1610 2397 utique
1634 2366 1753 2386 nomen
1783 2365 1903 2396 ponere
1927 2354 2055 2386 cuilibet
2082 2354 2207 2386 rationi.
2232 2355 2339 2393 Quare
2362 2355 2504 2387 terminis

1498 2401 1609 2442 utique
1633 2400 1866 2441 disputabimus
1891 2410 2015 2437 omnes,
2035 2406 2066 2430 et
2085 2399 2156 2430 llias
2184 2399 2326 2431 definitio
2346 2400 2412 2431 erit.

1430 2446 1580 2486 Amplius
1610 2455 1714 2487 neque
1740 2455 1803 2476 una
1827 2444 1955 2476 scientia
1979 2444 2176 2476 demonstrat
2203 2444 2315 2486 utique
2344 2444 2420 2486 quis
2442 2445 2504 2477 hoc

1498 2501 1617 2522 nomen
1634 2490 1701 2521 eius
1718 2490 1807 2531 quod
1824 2489 1903 2531 quid
1919 2497 1965 2521 est
1988 2488 2158 2530 significat:
2183 2499 2288 2531 neque
2304 2489 2504 2522 definitiones

1498 2535 1592 2576 igitur
1615 2535 1677 2566 hoc
1701 2534 1869 2575 assignant.

1431 2580 1479 2610 Ex
1494 2580 1542 2610 his
1568 2580 1663 2620 igitur
1689 2589 1792 2620 neque
1808 2578 1949 2609 definitio
1969 2585 2000 2610 et
2023 2578 2227 2620 syllogismus
2253 2578 2339 2609 idem
2357 2577 2504 2610 videntur

1498 2635 1584 2662 esse,
1609 2634 1713 2665 neque
1742 2624 1886 2655 eiusdem
1916 2623 2121 2664 syllogismus
2151 2629 2183 2654 et
2205 2622 2357 2654 definitio.
2387 2622 2504 2654 Adhuc

1498 2676 1606 2700 autem
1633 2669 1723 2710 quod
1746 2678 1850 2709 neque
1875 2668 2015 2699 definitio
2047 2668 2124 2698 nihil
2153 2667 2366 2706 demonstrat,
2398 2677 2502 2708 neque

1498 2721 1663 2744 monstrat.
1679 2714 1791 2754 Neque
1808 2713 1898 2753 quod
1912 2713 1990 2754 quid
2007 2719 2053 2743 est
2066 2722 2171 2753 neque
2188 2711 2382 2750 definitione,
2397 2721 2502 2753 neque

1497 2758 1766 2789 demonstratione
1791 2767 1982 2798 cognoscere
2005 2763 2060 2788 est.

1427 2854 1476 2891 pla
1496 2853 1700 2882 definitionum
1722 2863 1797 2891 quae
1817 2860 1884 2882 sunt
1898 2853 1928 2882 in
1947 2862 2011 2888 usu,
2027 2862 2219 2890 quaecunque
2234 2852 2419 2882 manifestant
2433 2852 2502 2890 quid

1427 2895 1547 2922 εει-6.
1569 2894 1672 2922 Utrum
1693 2895 1773 2931 quod
1789 2893 1859 2931 quid
1874 2900 1916 2922 est
1937 2893 2029 2930 possit
2049 2893 2163 2922 ostendi
2185 2893 2372 2922 definitione?
2394 2893 2500 2930 Dispu-

1427 2941 1503 2962 tatur
1524 2943 1578 2970 pro
1599 2940 1680 2971 parte
1703 2933 1844 2971 negativa.
1867 2933 1897 2962 Si
1919 2933 1997 2962 enim
2019 2934 2100 2970 quod
2124 2933 2195 2971 quid
2209 2940 2253 2962 est
2267 2933 2381 2962 ostendi
2402 2938 2503 2970 posset

1427 2973 1609 3010 definitione,
1632 2981 1801 3011 sequeretur
1821 2974 1901 3011 quod
1923 2973 2053 3002 definitio
2078 2973 2243 3011 significans
2264 2974 2346 3011 quod
2362 2972 2433 3011 quid
2447 2979 2500 3008 est,

1426 3013 1497 3042 nihil
1512 3021 1587 3042 esset
1601 3014 1678 3042 aliud
1694 3023 1782 3051 quam
1798 3013 1871 3042 ratio
1886 3013 2050 3051 significans
2071 3013 2149 3042 idem
2169 3013 2249 3051 quod
2270 3022 2397 3048 nomem
2419 3013 2501 3051 quod

1427 3061 1470 3082 est
1491 3053 1707 3083 inconveniens.
1720 3071 1738 3076 -
1753 3063 1780 3091 7.
1796 3055 1870 3082 Nam
1892 3054 1997 3091 primo,
2020 3053 2122 3082 exinde
2144 3060 2314 3091 sequeretur
2327 3053 2418 3091 quod,
2433 3061 2501 3082 cum

1427 3094 1513 3123 etiam
1529 3103 1603 3132 quae
1618 3103 1679 3123 non
1700 3101 1767 3122 sunt
1788 3094 1956 3129 substantia,
1972 3103 2026 3123 nec
2039 3101 2107 3122 sunt
2127 3093 2326 3123 universaliter
2347 3092 2432 3128 entia,
2448 3092 2500 3122 ali-

1427 3144 1486 3172 quo
1501 3134 1622 3163 nomine
1637 3134 1842 3171 significentur,
1858 3134 1988 3169 definitio
2004 3141 2078 3163 esset
2092 3133 2178 3162 etiam
2197 3143 2258 3163 non
2273 3133 2501 3163 substantiarum

1427 3181 1455 3203 et
1476 3183 1538 3203 non
1558 3174 1678 3203 entium.
1693 3191 1713 3196 —
1727 3175 1755 3203 8.
1778 3174 1908 3210 Deinde,
1937 3181 2106 3211 sequeretur
2126 3174 2209 3211 quod
2234 3173 2380 3211 quaelibet
2405 3172 2500 3202 oratio

1426 3221 1501 3243 esset
1516 3214 1656 3249 definitio,
1671 3214 1740 3252 quia
1754 3214 1869 3243 cuilibet
1884 3214 2010 3243 orationi
2028 3214 2138 3251 aliquid
2152 3213 2324 3251 significanti
2338 3212 2502 3250 imponitur

1426 3263 1544 3283 nomen.
1561 3272 1580 3276 -
1595 3264 1622 3291 9.
1637 3254 1748 3290 Tertio,
1763 3254 1832 3292 quia
1852 3255 1931 3283 nulla
1949 3254 2068 3283 scientia
2081 3255 2262 3283 demonstrat
2276 3254 2358 3291 quod
2374 3253 2431 3282 tale
2445 3261 2500 3282 no-

1428 3304 1495 3323 men
1516 3294 1657 3332 significet
1677 3295 1765 3323 talem
1786 3304 1864 3330 rem;
1886 3303 1955 3332 ergo
1977 3303 2072 3332 neque
2093 3293 2223 3323 definitio
2244 3293 2386 3331 significat
2405 3293 2500 3322 solam

1426 3334 1554 3363 nominis
1575 3334 1940 3372 interpretationem-10.
1962 3334 2102 3372 Epilogus
2123 3333 2367 3371 praecedentium.
2496 3345 2499 3349 ·

1426 3428 1589 3466 ostendit
1616 3427 1856 3478 propositum
1885 3440 1954 3478 per
1982 3427 2146 3465 rationes
2180 3439 2419 3464 communes.
2449 3426 2499 3463 Et

1426 3482 1523 3519 circa
1551 3482 1626 3519 hoc
1654 3482 1724 3519 tria
1752 3482 1855 3519 facit:
1889 3481 2034 3532 primo,
2065 3480 2272 3531 praemittit
2299 3479 2497 3529 quoddam

1425 3535 1531 3584 quod
1564 3543 1619 3572 est
1652 3535 1908 3572 necessarium
1942 3535 1993 3573 ad
2019 3534 2262 3585 propositum
2295 3532 2501 3570 ostenden-

1425 3589 1537 3635 dum3
1567 3589 1749 3637 secund0‚
1780 3588 1943 3626 ostendit
1961 3587 2223 3637 propositum;
2244 3586 2312 3624 ibi:
2331 3587 2385 3623 At
2404 3590 2497 3623 vero
