2548 4192
237 300 307 324 xm
1246 268 1398 304 VITA

237 373 292 403 est
319 375 417 401 anno
446 367 590 398 tantum
620 357 815 395 MCCLIII
837 355 874 391 in
902 349 1168 390 instauratione
1188 347 1406 383 scholarum
1433 354 1568 380 versus
1597 340 1797 376 octobrem
1819 336 2022 394 lectionem
2051 333 2325 394 sententiarum
2346 336 2418 374 Pa-

239 418 331 456 risiis
359 424 400 453 ut
427 414 715 451 baccalaureum
744 418 961 456 aggressum
990 415 1083 448 esse,
1105 412 1222 449 quam
1250 399 1395 445 integro
1425 407 1525 432 anno
1554 398 1778 442 prosecutus
1808 397 1863 448 est
1895 401 1933 424 1n
1962 388 2093 424 schola
2123 388 2164 424 F.
2187 389 2294 425 Ellae
2323 391 2417 427 Bru-

240 471 314 509 neti
342 464 654 515 Petragoricensis
682 462 830 499 tertium
860 455 1059 505 magisterii
1088 465 1231 490 annum
1261 450 1420 498 agentis,
1447 448 1593 484 habens
1622 445 1806 503 collegam
1836 454 1873 478 1n
1903 442 2018 477 altera
2051 441 2183 478 schola
2213 442 2254 478 F.
2286 443 2418 503 Hugo-

291 536 329 560 m
358 523 568 558 Metensem
597 518 639 553 F.
660 511 921 552 Bonihominis
941 507 1103 546 Britonis
1124 507 1161 543 S.
1183 506 1230 541 T.
1252 505 1305 540 M.
1328 512 1600 539 successorem.
1628 498 1704 544 Qui
1733 495 1890 554 quidem
1912 494 2026 553 Hugo
2056 495 2187 531 laurea
2216 495 2350 533 donari
2370 510 2417 536 eo

240 537 338 613 iiiino
368 562 549 611 debuerat
579 569 647 606 sed
675 568 724 603 ob
753 577 838 602 acre
867 570 990 599 ortum
1020 572 1043 597 a
1071 556 1361 608 quadragesima
1380 551 1621 603 praecedenti
1650 549 1906 586 Academicos
1917 555 2024 606 inter
2052 555 2089 584 et
2118 549 2282 607 Nostros
2312 550 2419 587 dissi-

242 629 346 666 dium
402 599 601 662 raesentari
629 632 706 657 non
732 622 916 667 potuerat,
938 613 1063 650 eiectis
1091 611 1180 660 ipsis
1209 622 1230 646 a
1259 608 1377 656 gradu
1406 619 1476 643 suo
1503 602 1772 663 Bonohomine
1802 608 1839 637 et
1867 601 1951 637 Elia
1980 601 2135 660 Bruneti
2156 604 2419 651 quamtumvis

242 694 304 718 ma
331 639 424 716 istIrDis
451 677 526 713 iam
554 673 684 722 agnitis
712 679 748 707 et
775 668 902 706 officio
932 665 1076 703 functis.
1097 666 1211 700 Anno
1241 660 1441 698 MCCLIV
1469 655 1717 694 licentiandus
1737 661 1828 700 erat,
1849 666 1894 690 ac
1922 661 2127 713 sen-tenuas
2145 667 2217 704 pro
2247 657 2418 694 secundo

241 693 339 771 anngo
367 738 408 767 Ut
435 728 609 766 manister
636 723 812 772 legendas
840 720 1014 764 habebat,
1042 729 1113 754 nec
1142 715 1301 752 dubium
1327 712 1418 762 quin
1442 710 1622 747 lectiones
1650 714 1873 766 persecutus
1903 707 2028 754 fuerit,
2049 720 2188 745 verum
2218 709 2267 746 ad
2296 711 2414 758 magi-

242 785 395 822 sterium
424 783 473 818 ob
499 756 629 816 1t⁷urbas
657 778 735 813 illas
763 774 950 812 admissus
979 783 1056 808 non
1091 769 1167 806 fuit.
1198 769 1311 804 Anno
1342 764 1524 801 MCCLV
1552 774 1661 820 more
1698 767 1824 818 veteri
1847 768 1887 819 at
1913 762 2248 820 novo-MCCLVI
2285 776 2420 801 mense

239 836 425 875 februario
455 834 529 870 iam
558 844 579 868 a
609 828 828 867 cancellario
866 825 1072 863 licentiatus
1101 828 1198 866 erat,
1228 831 1365 856 verum
1396 829 1483 853 eum
1513 828 1558 852 ea
1587 822 1732 851 ratione
1769 826 1999 862 princtpium
2029 827 2066 851 1n
2096 816 2182 852 aula
2211 816 2419 866 episcopali

241 891 379 927 habere
406 887 518 923 vellet
563 883 667 933 quod
695 892 848 918 necesse
877 886 956 915 erat
981 884 1023 914 ut
1050 874 1226 923 magister
1254 877 1541 920 agnosceretur,
1572 867 1798 904 obstiterunt
1816 866 2050 904 Academici.
2082 868 2182 905 Hinc
2206 869 2243 906 in
2274 870 2419 907 ltaliam

240 943 288 979 ad
315 914 570 978 Alexandru'm
592 937 642 973 lV
671 936 874 972 Summum
904 930 1130 968 Pontificem
1159 939 1198 964 se
1228 924 1394 970 contulit,
1414 930 1589 967 vocante,
1611 933 1655 957 ac
1683 928 1725 957 ut
1745 920 1900 979 credere
1928 920 2112 969 proclive,
2134 922 2275 960 itineris
2304 923 2419 960 etiam

241 994 376 1032 comite
402 989 607 1029 venerabili
637 989 678 1025 F.
700 987 912 1024 Humberto
941 985 986 1021 de
1012 984 1182 1020 Romans
1214 979 1345 1028 quinto
1376 975 1530 1013 Ordinis
1565 973 1765 1022 Magistro,
1805 986 1869 1022 qu¹
1899 974 1948 1011 ad
1983 975 2237 1012 Pentecosten
2266 989 2301 1013 iv
2329 977 2421 1014 iunii

240 1046 387 1084 Parisiis
415 1044 618 1092 capitulum
647 1040 820 1089 generale
841 1038 1055 1075 celebrarat.
1086 1035 1241 1071 Certum
1263 1039 1318 1068 est
1338 1042 1425 1067 cum
1455 1028 1594 1065 eodem
1615 1035 1653 1086 et
1672 1028 1710 1064 S.
1733 1028 2006 1086 Bonaventura
2035 1028 2191 1066 Ordinis
2221 1029 2420 1067 Minorum

239 1107 371 1150 postea
399 1097 569 1134 Ministro
598 1093 781 1142 generali,
812 1099 848 1128 et
874 1091 1030 1127 Alberto
1060 1089 1201 1135 Magno
1231 1085 1294 1134 qui
1323 1084 1399 1120 iam
1428 1083 1476 1119 ab
1505 1093 1607 1118 anno
1637 1093 1674 1140 tn
1705 1093 1828 1127 curia,
1855 1088 1897 1140 ut
1932 1081 2048 1128 aiunt,
2070 1082 2269 1129 Romana,
2298 1096 2343 1120 ea
2372 1083 2421 1121 de

241 1164 353 1190 causa
381 1149 708 1193 commorabatur,
735 1144 928 1193 Anagniae
955 1142 1021 1180 ubi
1050 1153 1193 1178 annum
1222 1139 1326 1175 illum
1355 1147 1532 1174 summus
1560 1134 1735 1171 Pontifex
1764 1134 1923 1180 resedit,
1954 1146 2088 1172 mense
2117 1137 2327 1185 septembri
2355 1137 2421 1175 ad-

243 1206 366 1251 fuisse,
386 1203 467 1240 iura
492 1202 685 1249 utriusque
705 1198 858 1236 Ordinis
878 1196 1024 1244 egregie
1042 1204 1314 1244 propugnasse,
1336 1189 1466 1226 omnia
1485 1187 1678 1226 Guilielmi
1699 1187 1748 1225 de
1769 1188 2046 1225 Sanctoamore
2079 1189 2229 1227 obiecta
2248 1190 2421 1238 solvisse,

242 1257 343 1296 unde
372 1264 408 1293 et
435 1255 616 1292 adversus
635 1253 746 1290 istum
766 1264 789 1288 v
809 1249 972 1288 octobris
999 1247 1182 1285 sententia
1202 1245 1300 1283 dicta
1328 1250 1393 1280 est.
1416 1243 1474 1279 Ex
1489 1254 1536 1279 eo
1553 1241 1715 1278 solemni
1735 1241 1876 1278 iudicio
1896 1241 2017 1279 litium
2032 1242 2120 1279 finis
2139 1244 2422 1292 expectabatur,

243 1309 495 1348 resistentibus
514 1315 641 1344 tamen
661 1306 785 1343 adhuc
811 1311 890 1341 toto
919 1315 1019 1339 anno
1048 1299 1219 1350 sequenti
1238 1296 1489 1342 Academicis,
1511 1307 1590 1332 non
1618 1302 1704 1332 ante
1725 1295 1924 1332 octobrem
1954 1295 2042 1333 anni
2072 1297 2291 1334 MCCLVII
2315 1298 2422 1335 Tho·

243 1376 325 1401 mas
343 1370 384 1399 ut
403 1361 577 1409 magister
595 1360 633 1396 in
652 1371 757 1396 sacra
776 1358 947 1394 facultate
967 1355 1112 1403 agnitus
1132 1353 1208 1390 fuit.
1232 1354 1377 1388 Interea
1397 1361 1514 1399 quam
1534 1348 1730 1397 Anagniae
1750 1360 1821 1397 pro
1841 1356 2006 1398 utroque
2026 1349 2174 1387 Ordine
2191 1350 2423 1399 pronuncia-

242 1423 348 1455 verat
375 1414 599 1464 apologiam,
621 1411 850 1459 recognovit,
870 1415 1000 1446 contra
1029 1408 1291 1456 impugnantes
1310 1404 1532 1453 religionem
1561 1402 1764 1451 inscripsit,
1791 1402 2010 1452 publicique
2039 1403 2130 1440 iuris
2150 1403 2246 1441 fecit.
2274 1403 2423 1441 Pacatis

243 1469 395 1507 tandem
424 1468 557 1513 rebus,
586 1467 713 1502 laurea
741 1464 901 1501 donatus
929 1461 1169 1510 quaestiones
1201 1459 1246 1495 de
1273 1458 1428 1494 veritate
1456 1455 1681 1505 disputavit,
1711 1463 1753 1492 ut
1780 1455 1846 1505 qui
1875 1455 2028 1493 duobus
2054 1457 2124 1494 illis
2143 1457 2282 1507 quibus
2311 1465 2424 1495 antea

245 1523 422 1560 docuerat
449 1520 555 1557 annis
587 1530 698 1556 suum
726 1517 763 1554 in
789 1523 950 1566 quatuor
967 1514 1231 1551 sententiarum
1253 1511 1368 1548 libros
1398 1509 1719 1546 commentarium
1743 1510 1990 1558 praelegerat.
2017 1511 2075 1547 Eo
2097 1511 2211 1548 etiam
2238 1523 2340 1548 anno
2359 1511 2423 1549 vel

244 1574 413 1624 sequenti
442 1572 708 1621 disputationes
736 1570 927 1618 generales
956 1568 1003 1605 de
1032 1579 1140 1604 more
1158 1564 1302 1611 habuit,
1326 1564 1364 1600 in
1389 1563 1528 1613 quibus
1552 1575 1617 1600 sex
1641 1563 1865 1612 quodlibeta,
1889 1571 1931 1600 ut
1949 1563 2113 1610 aiebant,
2143 1564 2423 1603 determinavit.

244 1631 356 1666 Anno
385 1626 614 1663 MCCLVIII
643 1625 691 1661 ab
719 1622 984 1660 instauratione
1013 1621 1230 1657 scholarum
1264 1618 1313 1655 ad
1339 1617 1561 1654 vacationes
1594 1624 1798 1666 sequentes
1826 1617 1999 1654 scholam
2034 1617 2128 1654 rexit
2155 1625 2197 1654 ut
2224 1618 2429 1667 primarius

246 1693 388 1729 regens,
409 1680 552 1716 habens
580 1678 650 1714 sub
679 1689 717 1713 se
747 1676 1034 1713 baccalaureum
1064 1674 1158 1710 forte
1192 1673 1234 1709 F.
1256 1670 1545 1708 Hannibaldum
1565 1670 1613 1707 de
1634 1670 1886 1707 Hannibaldis
1914 1678 2048 1719 postea
2068 1671 2314 1709 Cardinalem
2343 1684 2429 1710 sen-

245 1734 376 1771 tentias
395 1734 592 1780 legentem,
613 1731 705 1767 dum
725 1730 804 1778 ipse
823 1729 987 1766 maiores
1006 1726 1192 1776 quasdam
1213 1724 1456 1774 quaestiones
1474 1731 1660 1770 tractaret,
1680 1724 1743 1760 vel
1765 1724 1879 1760 etiam
1900 1724 2110 1773 quemdam
2138 1724 2277 1762 librum
2297 1737 2430 1763 sacrae

247 1786 469 1834 Scripturae‚
490 1797 557 1821 seu
577 1783 711 1820 Isaiam
740 1795 806 1819 seu
827 1782 1061 1819 Matthaeum
1091 1787 1156 1816 aut
1180 1779 1296 1816 alium
1316 1778 1468 1827 publice
1488 1784 1707 1826 exponeret.
1729 1777 1990 1814 Nihilominus
2010 1778 2303 1827 quadragesima
2331 1778 2430 1816 illius

246 1839 348 1885 anni,
378 1838 442 1888 qui
470 1838 565 1886 stylo
594 1849 696 1874 novo
726 1836 946 1882 MCCLIX,
976 1833 1180 1871 conciones
1208 1831 1341 1869 habuit
1368 1830 1540 1876 Parisiis,
1577 1838 1614 1868 et
1641 1830 1691 1868 ad
1720 1829 1973 1868 Pentecosten
2006 1840 2232 1881 sequentem
2263 1832 2429 1881 capitulo

215 1922 220 1926 .
246 1892 406 1941 generali
425 1890 647 1928 Valencenis
667 1889 756 1926 iunii
772 1901 781 1926 1
806 1889 994 1925 celebrato
1014 1887 1131 1931 affuit,
1147 1887 1210 1923 vel
1228 1893 1271 1923 ut
1285 1884 1411 1922 socius
1427 1885 1629 1921 Romanae
1644 1896 1736 1921 suae
1751 1884 1991 1933 provinciae;
2013 1897 2103 1922 nam
2121 1893 2200 1922 erat
2219 1885 2428 1935 capitulum

245 1944 542 1995 provincialium,
557 1944 619 1980 vel
635 1943 685 1979 ob
704 1942 895 1991 graviores
915 1953 1047 1978 causas
1066 1953 1089 1977 a
1108 1939 1290 1988 Magistro
1307 1938 1462 1976 Ordinis
1477 1938 1691 1975 accersitus.
1714 1939 1815 1975 Sane
1830 1937 1975 1975 ibidem
1996 1951 2084 1975 cum
2096 1939 2254 1976 Alberto
2270 1940 2427 1988 Magno,

246 1997 511 2035 Bonohomine
530 1996 693 2041 Britone,
723 1995 912 2032 Florentio
942 1994 1098 2040 Gallico,
1128 1994 1242 2030 Petro
1272 1992 1320 2029 de
1349 1991 1573 2029 Tarentasia
1601 2003 1731 2028 sacrae
1759 1991 1996 2040 Theologiae
2026 1992 2213 2040 magistris
2242 1993 2428 2031 Parisien-

246 2051 347 2088 sibus
375 2050 563 2096 omnibus,
584 2049 752 2097 cognitor
780 2049 970 2096 delegatus
998 2047 1065 2084 fuit
1083 2047 1132 2084 ad
1153 2054 1294 2084 rectam
1323 2045 1538 2083 studiorum
1567 2044 1858 2090 institutionem,
1889 2045 1954 2094 qui
1983 2045 2095 2083 simul
2125 2058 2190 2083 eas
2218 2054 2431 2095 posuerunt

246 2105 362 2152 leges,
395 2116 488 2152 quas
515 2103 713 2139 universus
742 2102 849 2139 Ordo
877 2109 958 2139 turn
987 2102 1222 2150 amplexatus
1251 2106 1317 2136 est.
1347 2101 1462 2136 Anno
1492 2099 1676 2136 MCCLX
1705 2098 1859 2135 vivente
1881 2098 2008 2136 adhuc
2033 2099 2252 2137 Alexandro
2283 2101 2346 2147 lV,
2366 2101 2429 2138 vel

248 2157 444 2194 MCCLXI
469 2156 622 2193 Urbano
643 2156 694 2192 1V
722 2155 754 2192 ei
783 2155 953 2202 suffecto,
974 2154 1011 2191 in
1041 2154 1184 2191 ltaliam
1214 2165 1408 2199 reversuS,
1437 2152 1607 2202 primum
1637 2153 1786 2189 Romae
1815 2152 1961 2199 docuit,
1991 2164 2217 2202 novumque
2246 2153 2430 2203 scriptum

248 2222 360 2259 super
382 2209 548 2258 primum
575 2209 838 2246 sententiarum
868 2208 953 2256 legit
980 2221 1002 2245 a
1021 2220 1060 2245 se
1090 2206 1366 2256 compositum,
1395 2214 1433 2243 at
1460 2206 1567 2255 quod
1596 2205 1856 2255 deperditum;
1886 2205 2067 2255 deinceps
2095 2214 2224 2244 autern
2245 2206 2282 2244 in
2302 2207 2372 2244 illis
2391 2207 2431 2245 in

248 2263 383 2312 quibus
407 2262 556 2299 Summi
580 2262 782 2299 Pontifices
809 2274 879 2311 pro
912 2261 1015 2298 libito
1048 2261 1210 2309 agebant
1237 2259 1469 2307 civitatibus,
1499 2259 1740 2306 Urbeveteri,
1769 2259 1976 2308 Anagniae,
1998 2260 2172 2307 Viterbii,
2202 2260 2364 2308 Perusii,
2395 2267 2433 2298 et

248 2316 326 2365 ipse
356 2329 421 2352 eos
449 2323 597 2352 secutus
626 2323 884 2352 commoratus
913 2322 982 2361 est,
1013 2315 1183 2351 scholam
1203 2313 1457 2361 theologicam
1484 2312 1627 2362 ubique
1657 2325 1791 2361 regens
1819 2313 1923 2362 apud
1953 2313 2135 2359 Nostros,
2164 2314 2308 2363 ubique
2328 2326 2432 2352 nova

247 2369 284 2406 in
313 2382 392 2406 rem
421 2368 609 2405 Ecclesiae
638 2369 805 2406 condens
833 2381 877 2405 ac
906 2368 1021 2405 edens
1050 2380 1178 2417 opera.
1208 2367 1405 2416 Tempore
1436 2366 1579 2404 Urbani
1609 2367 1659 2403 lV
1689 2366 1749 2404 die
1774 2378 1859 2403 xxix
1892 2366 2040 2415 augusti
2070 2367 2271 2404 MCCLXI
2302 2367 2430 2415 electi,

248 2423 342 2459 haec
365 2422 412 2458 ab
437 2434 482 2458 eo
502 2421 692 2470 prodiere:
718 2422 987 2458 Commentarii
1003 2422 1040 2458 in
1060 2421 1268 2458 Aristotelis
1280 2421 1456 2469 physica,
1476 2420 1608 2465 ethica,
1629 2420 1906 2468 metaphysica:
1926 2421 2085 2458 Summa
2104 2426 2237 2458 contra
2256 2421 2432 2471 gentiles:

253 2475 489 2517 Quaestiones
507 2475 552 2511 de
569 2475 716 2511 anima:
743 2475 936 2523 Expositio
956 2475 1042 2512 libri
1059 2475 1147 2512 Iob.-
1171 2475 1347 2524 Officium
1356 2474 1453 2523 festi
1474 2474 1654 2522 Corporis
1677 2474 1832 2511 Christi.-
1857 2475 2000 2511 Contra
2019 2485 2169 2512 errores
2192 2475 2431 2513 Graecorum

249 2533 434 2574 tractatus,
464 2527 608 2576 aliaque
637 2529 829 2576 opuscula.
865 2529 1044 2565 Catenam
1063 2539 1222 2565 auream
1241 2528 1279 2565 in
1300 2533 1463 2577 quatuor
1489 2527 1704 2577 Evangelia
1734 2527 1872 2564 eodem
1894 2527 2047 2564 iubente
2076 2535 2311 2577 susceperat,
2334 2529 2431 2566 Mat—

250 2582 478 2629 thaeumque
504 2580 573 2629 ipsi
599 2588 847 2629 nuncuparat,
876 2593 1012 2618 verum
1040 2581 1102 2618 illo
1122 2593 1192 2618 xxx
1217 2581 1403 2630 septemb.
1426 2581 1665 2618 MCCLXlV
1694 2593 1714 2618 e
1742 2580 1842 2618 vivis
1865 2581 2028 2627 sublato,
2059 2581 2252 2627 Marcum,
2283 2582 2431 2620 Lucam

251 2642 287 2671 et
306 2635 498 2680 Ioannem,
527 2633 590 2682 qui
619 2633 724 2670 citius
757 2634 938 2683 compleri
971 2647 1047 2671 non
1080 2642 1296 2683 potuerant,
1332 2635 1372 2671 F.
1396 2634 1640 2671 Hannibaldo
1666 2634 1841 2683 superius
1869 2634 2035 2681 laudato,
2057 2642 2094 2672 at
2113 2642 2195 2671 tum
2216 2634 2431 2683 Cardinali,

251 2687 404 2736 quicum
424 2699 574 2723 summa
593 2686 642 2723 illi
661 2686 876 2724 animorum
897 2687 1122 2734 coniunctio,
1144 2687 1342 2725 dedicavit.
1365 2688 1520 2726 Certum
1543 2687 1657 2725 etiam
1678 2687 1715 2725 in
1736 2687 1839 2725 ltalia
1858 2688 2101 2737 quaestiones
2119 2688 2166 2725 de
2173 2688 2343 2736 potentia
2357 2689 2434 2726 Dei

252 2747 288 2777 et
313 2741 408 2790 ultra
441 2740 664 2788 disputasse,
694 2740 761 2777 sed
789 2748 825 2777 et
851 2748 997 2789 partem
1026 2741 1180 2778 alteram
1209 2742 1505 2790 quodlibetorum
1533 2754 1602 2778 seu
1628 2741 1800 2791 quinque
1828 2753 1897 2778 seu
1925 2753 1990 2778 sex
2020 2741 2057 2778 in
2087 2741 2433 2779 concertationibus

251 2793 408 2842 publicis
428 2793 712 2839 determinasse,
743 2793 822 2830 sive
850 2793 899 2830 ad
927 2794 1028 2831 hunc
1055 2794 1323 2831 Pontificatum
1352 2795 1432 2832 sive
1453 2795 1502 2833 ad
1522 2802 1745 2844 sequentem
1775 2795 1870 2831 haec
1893 2794 2096 2832 videantur
2115 2794 2324 2832 referenda.
2347 2795 2432 2833 Cle—

252 2853 376 2883 mente
398 2846 448 2883 lV
467 2846 526 2883 die
551 2858 573 2882 v
600 2846 691 2883 febr.
713 2847 930 2884 MCCLXV
959 2848 1088 2893 elect0‚
1118 2855 1198 2884 turn
1218 2848 1385 2897 primurn
1406 2848 1577 2886 edendae
1598 2849 1779 2885 Summae
1803 2848 1839 2885 T
1833 2847 2053 2898 heologicae
2072 2848 2272 2886 consilium
2294 2848 2431 2898 coepit,

253 2899 332 2935 eius
351 2898 476 2936 ideam
505 2899 738 2946 efformavit,
759 2899 912 2948 duoque
940 2900 1056 2949 ipsius
1075 2901 1201 2950 priora
1228 2902 1437 2947 volumina,
1458 2902 1623 2951 primam
1643 2909 1791 2951 partem
1818 2901 1969 2948 scilicet,
1991 2909 2027 2938 et
2045 2901 2210 2950 primam
2240 2901 2432 2939 secundae

254 2959 414 3000 quatuor
442 2952 568 2989 solidis
602 2952 709 2989 annis
737 2965 759 2989 a
787 2953 1004 2990 MCCLXV
1032 2954 1081 2991 ad
1110 2955 1345 2992 MCCLXIX
1380 2955 1551 3004 perfecit:
1581 2955 1631 2992 ita
1659 2962 1787 2992 autem
1817 2955 1874 2992 isti
1908 2954 2014 3004 operi
2049 2963 2091 2992 ut
2125 2955 2300 2992 omniurn
2336 2955 2433 3006 apici

254 3007 376 3041 tuturo
405 3004 643 3052 incumbens,
672 3014 713 3042 ut
741 3006 788 3042 ab
817 3005 896 3042 aliis
925 3006 1080 3044 edendis
1109 3019 1186 3045 non
1215 3016 1393 3054 cessaret,
1423 3009 1491 3046 sed
1511 3021 1609 3058 quae
1629 3008 1745 3046 satius
1765 3016 1821 3046 est
1841 3008 2030 3046 remittere
2060 3008 2267 3055 laudanda,
2298 3008 2364 3046 ubi
2384 3008 2432 3046 de

255 3057 406 3104 singulis
439 3058 628 3106 opusculis
662 3066 801 3106 agetur.
831 3061 943 3096 Anno
973 3060 1208 3097 MCCLXlX
1239 3062 1402 3110 capitulo
1435 3062 1599 3110 generali
1628 3061 1780 3099 Parisiis
1814 3062 1863 3099 ad
1897 3063 2148 3099 Pentecosten
2177 3074 2224 3099 xit
2255 3061 2344 3099 maii
2373 3074 2433 3099 ce-

255 3110 396 3146 lebrato
425 3110 530 3148 affuit
556 3111 740 3160 Aquinas,
760 3113 821 3148 vel
841 3120 882 3149 ut
900 3112 1116 3161 provinciae
1147 3115 1344 3152 Romanae
1374 3115 1567 3163 diffinitor,
1591 3115 1697 3165 quod
1725 3115 1946 3161 verisimile,
1968 3127 2058 3152 nam
2084 3123 2163 3152 erat
2183 3115 2433 3153 diffinitorum

255 3162 438 3211 primum:
467 3164 527 3200 vel
556 3164 626 3201 alia
655 3164 796 3201 ratione
826 3177 871 3201 eo
900 3174 1058 3203 vocatus
1086 3179 1109 3203 a
1138 3167 1317 3215 Magistro
1347 3169 1520 3214 Ordinis;
1554 3177 1713 3218 tumque
1742 3170 1858 3206 altera
1886 3168 1970 3205 vice
1999 3169 2152 3206 scholae
2182 3177 2333 3206 nostrae
2362 3169 2434 3206 Pa-

257 3215 417 3252 risiensis
446 3228 576 3263 regens
605 3225 659 3253 est
686 3217 883 3264 institutus,
903 3231 980 3267 quo
1009 3231 1166 3256 munere
1195 3228 1275 3257 turn
1305 3221 1499 3259 biennium
1520 3222 1670 3260 functus
1699 3230 1766 3269 est,
1787 3234 1832 3259 ac
1851 3222 2084 3271 quaestiones
2111 3222 2158 3259 de
2180 3222 2378 3259 virtutibus
2397 3228 2435 3259 et

257 3269 352 3304 ultra
379 3268 597 3328 disputavit:
626 3270 775 3307 videtur
803 3271 914 3307 etiam
934 3279 1015 3308 tum
1037 3273 1287 3321 Evangelium
1317 3275 1354 3311 S.
1378 3276 1544 3322 loannis,
1575 3283 1612 3312 et
1631 3275 1821 3324 Epistolas
1842 3276 1880 3312 S.
1899 3275 2004 3312 Pauli
2025 3275 2177 3324 publice
2197 3275 2432 3324 exposuisse,

257 3328 458 3370 utrumque
488 3334 587 3359 emm
617 3335 713 3371 opus
741 3331 934 3361 auctorem
963 3333 1125 3373 praestat
1154 3326 1344 3364 doctrinae
1375 3336 1675 3366 consummatae.
1707 3328 1753 3365 lis
1778 3328 1891 3365 etiam
1921 3329 2029 3366 annis
2050 3329 2270 3366 Secundam
2291 3329 2435 3365 Secun-

259 3373 328 3410 dae
349 3386 472 3423 ⁴quam
501 3374 538 3411 in
568 3375 668 3412 Italia
696 3376 904 3424 inchoarat,
933 3378 1102 3426 perfecit,
1124 3391 1194 3416 nec
1214 3380 1305 3416 mihi
1326 3381 1486 3418 dubium
1507 3382 1598 3431 quin
1619 3382 1708 3419 iuris
1727 3382 1868 3431 publici
1898 3382 2036 3419 fecerit.
2059 3384 2173 3419 Anno
2194 3382 2432 3419 MCCLXXI

259 3427 474 3464 cathedram
504 3428 751 3465 Parisiensem
782 3430 823 3466 F.
845 3431 1022 3467 Romano
1051 3431 1098 3468 de
1128 3433 1253 3469 Roma
1284 3434 1433 3471 loannis
1462 3435 1631 3472 Caietani
1661 3435 1888 3482 Cardinalis,
1924 3435 1988 3485 qui
2022 3443 2155 3485 postea
2176 3435 2359 3472 Nicolaus
2385 3434 2434 3470 111

260 3479 298 3537 S:
319 3480 359 3516 P.
390 3479 482 3538 fuit,
502 3481 629 3529 nepoti
658 3482 970 3529 cedens‚1ta1iam
1001 3485 1145 3533 repetiit
1173 3493 1209 3523 et
1237 3487 1385 3523 Romae
1415 3487 1551 3525 iterum
1587 3488 1727 3526 docuit.
1758 3489 1928 3526 Tantum
1963 3501 2057 3526 vero
2094 3501 2182 3526 cum
2213 3489 2284 3525 hac
2319 3488 2436 3524 altera

259 3543 341 3567 vice
370 3532 517 3569 Parisiis
544 3534 735 3581 professus
763 3543 838 3582 est,
867 3536 924 3573 sui
954 3536 1182 3575 desiderium
1211 3539 1443 3577 universitati
1472 3541 1636 3590 reliquit,
1665 3550 1707 3579 ut
1735 3542 1816 3579 eius
1852 3542 2008 3579 nomine
2043 3543 2184 3579 Rector
2219 3540 2268 3578 ad
2304 3541 2437 3577 Patres

262 3583 413 3621 Ordinis
441 3597 539 3622 anno
568 3587 737 3635 sequenti
765 3587 803 3624 in
831 3589 993 3637 capitulo
1021 3591 1183 3638 generali
1214 3592 1425 3630 Florentiae
1451 3603 1702 3642 congregatos
1735 3595 1874 3632 litteras
1906 3595 2186 3633 amantissimas
2219 3593 2435 3642 urgentissi-
