2788 4204
1130 271 1242 307 cAP.
1273 271 1359 317 xv,

141 363 163 378 ω
292 344 492 393 ductionis,
509 359 644 384 sensus
664 346 750 384 facit
772 348 989 385 universale
1010 348 1108 386 intus
1128 349 1166 386 in
1187 349 1315 387 anima
1330 356 1359 395 ω,

1 449 2 452 ¹
42 409 52 423 ¹
73 415 107 432 n:
122 407 213 436 atiqua-
291 399 331 436 in
351 408 539 448 quantum
560 401 848 439 considerantur
868 402 998 439 omnia
1019 403 1039 424 '¹²
1058 402 1270 451 singularia.

3 463 5 465 ·
71 502 75 503 7
354 454 410 490 15.
420 454 569 491 Deinde
582 466 670 491 cum
682 454 786 492 dicit:
799 455 987 497 Quoniam
999 462 1123 493 autem
1135 468 1266 493 eorum
1279 466 1347 497 etc.
1340 486 1361 503 .,

49 516 63 529 ·
75 514 113 538 ‹1-
126 519 179 542 n-3-
293 506 406 543 solvit
419 507 563 555 primas
579 507 674 544 duas
689 508 963 568 quaestiones*
966 538 974 554 ,
991 517 1119 547 utrum
1135 510 1275 548 scilicet
1289 514 1363 561 pri-

294 571 449 597 morum
467 559 742 609 principiorum
772 561 818 598 sit
845 561 1011 609 scientia,
1033 564 1095 600 vel
1117 563 1250 624 aliquis
1270 566 1363 603 alius

293 613 456 650 habitus.
474 613 585 650 Circa
600 615 706 662 quod
726 626 772 651 ex
790 615 1038 675 praemissis*
1054 617 1189 665 accipit
1200 618 1242 639 *i*
1259 620 1363 668 quod

295 666 459 714 cognitio
474 665 750 715 principiorum
760 669 923 717 pertinet
936 670 985 708 ad
1002 670 1244 716 intellectum,
1258 674 1364 710 cuius

295 726 351 756 est
379 731 611 767 cognoscere
647 721 881 759 universale:
913 735 1003 759 nam
1031 724 1248 762 universale
1277 726 1365 763 dicit

295 784 379 808 esse
392 772 623 822 principium
644 774 835 812 scientiae.
858 776 968 813 Circa
989 777 1218 815 intellectum
1234 788 1363 816 autem

295 833 384 862 sunt
407 826 485 863 duo
513 839 654 875 genera
682 828 883 866 habituum
913 831 1137 868 habentium
1163 844 1204 869 se
1224 833 1364 882 aliqua-

295 878 378 916 liter
398 880 418 901 *
447 879 496 916 ad
524 892 663 918 verum
680 882 734 918 Η.
766 883 935 943 Quidam
966 884 1067 923 enim
1097 893 1185 922 sunt
1213 899 1367 935 semper

294 932 388 979 veri,
405 933 465 970 alii
481 946 576 970 vero
599 934 790 972 interdum
811 937 996 997 recipiunt
1016 938 1228 986 falsitatem,
1240 949 1281 977 ut
1299 953 1365 988 pa-

295 993 347 1022 tet
366 962 414 1023 de
434 986 617 1046 opinione
639 996 675 1025 et
694 989 992 1037 ratiocinatione,
1014 1004 1112 1041 quae
1133 1000 1259 1041 potest
1283 1006 1365 1030 esse

295 1046 333 1076 et
349 1039 371 1060 ¹*
389 1040 471 1076 veri
491 1048 528 1077 et
547 1041 639 1078 falsi.
663 1043 760 1080 Sunt
779 1043 894 1080 etiam
917 1045 960 1066 *ss
982 1053 1018 1081 et
1037 1046 1195 1094 quidam
1216 1047 1366 1084 habitus

295 1093 458 1140 erronei,
478 1106 520 1130 se
543 1095 729 1132 habentes
757 1096 807 1133 ad
836 1098 985 1135 falsum.
1012 1099 1114 1145 Quia
1142 1112 1235 1136 vero
1265 1100 1366 1149 prin-

295 1145 393 1196 cipia
411 1154 500 1184 sunt
518 1148 686 1186 maxime
700 1162 805 1195 vera,
827 1152 1071 1189 manifestum
1088 1159 1144 1189 est
1161 1154 1268 1208 quod
1288 1166 1366 1190 non
1393 1151 1395 1156 ’

293 1199 485 1249 pertinent
503 1203 552 1239 ad
571 1202 722 1240 habitus
743 1204 807 1264 qui
828 1216 982 1254 semper
1001 1213 1088 1242 sunt
1103 1205 1217 1242 falsi*
1219 1219 1367 1255 ,neque

295 1253 411 1291 etiam
439 1255 489 1292 ad
517 1256 668 1293 habitus
698 1257 762 1306 qui
791 1258 983 1295 interdum
1017 1258 1203 1307 recipiunt
1230 1260 1367 1297 falsita-

293 1314 385 1355 tem,
407 1308 476 1346 sed
504 1309 631 1347 solum
651 1310 701 1348 ad
720 1311 872 1348 habitus
891 1312 956 1361 qui
975 1319 1063 1349 sunt
1082 1325 1236 1361 semper
1272 1314 1365 1351 veri.

259 1361 688 1413 ,zfiuiusmodisautem
717 1371 804 1402 sunt
837 1365 993 1403 scientia
1022 1373 1059 1402 et
1087 1365 1297 1404 intellectus
1318 1373 1365 1405 ²⁰².

209 1459 216 1467 ‚
254 1428 267 1466 ‘.
294 1414 460 1453 Additur
486 1424 616 1454 autern
644 1417 683 1454 in
708 1418 758 1454 VI
787 1417 807 1439 *
832 1419 953 1456 Ethic.
984 1420 1136 1456 tertium
1155 1421 1208 1466 **,
1229 1420 1369 1458 scilicet

294 1468 497 1518 sapientia:
522 1471 591 1507 sed
610 1470 700 1520 quia
728 1470 928 1520 sapientia,
959 1481 1000 1509 ut
1018 1473 1162 1510 ibidem
1179 1475 1199 1495 ’⁸
1220 1474 1366 1521 dicitur,

201 1526 220 1546 ‘·
254 1534 267 1572 '.
294 1523 588 1572 comprehendit
615 1523 654 1561 in
682 1536 723 1561 se
747 1524 944 1562 scientiam
975 1534 1012 1563 et
1035 1526 1266 1564 intellectum
1297 1530 1370 1575 (est

293 1575 398 1613 enim
436 1578 628 1626 quaedam
666 1578 822 1617 scientia
851 1587 888 1616 et
925 1588 1040 1629 caput
1077 1580 1366 1628 scientiarum),

292 1629 355 1667 hic
375 1642 463 1667 eam
481 1632 756 1680 praetermittit.
779 1634 862 1670 Hac
878 1646 968 1681 ergo
983 1634 1264 1683 praetermissa,
1286 1636 1368 1672 nul-

293 1683 374 1721 lum
404 1684 507 1722 aliud
534 1698 655 1734 genus
676 1687 901 1735 cognitionis
930 1700 1048 1737 quarn
1069 1687 1290 1734 intellectus,
1313 1697 1370 1726 est

294 1737 432 1775 certius
451 1739 618 1777 scientia.
641 1741 888 1778 Manifestum
911 1749 967 1779 est
986 1749 1116 1778 autem
1141 1742 1247 1791 quod
1267 1742 1367 1790 prin-

36 603 266 671 zanasii:

50 889 196 937 *Ἤὲῐ
193 890 269 932 '2¹23

47 951 50 954 ’
56 938 267 1015 αζιΐιῆἒῖἷ

62 1007 114 1021 γ’
144 1007 152 1014 “
179 1007 186 1013 “

46 1048 49 1055 ‘
75 1047 77 1050 ⁴
94 1055 98 1060 .
119 1051 150 1069 u
161 1044 233 1068 codd.

46 1079 48 1081 ·
62 1084 70 1101 3
79 1076 116 1102 με
136 1072 226 1097 auoem,
239 1076 267 1092 ac

125 1103 194 1122 vm
216 1103 267 1119 om.

77 1138 83 1143 1>
96 1128 176 1153 ton.
185 1124 267 1147 enam.

62 1210 76 1244 J.
97 1226 171 1263 [524⁵
193 1212 269 1235 :reri

346 1875 379 1909 ω)
399 1875 500 1901 Sensus
510 1875 584 1910 facit
602 1876 753 1901 universale
771 1876 844 1901 intus
863 1876 889 1901 in
908 1876 1009 1902 anima.
1023 1891 1042 1895 -
1060 1877 1184 1910 intellige,
1205 1877 1271 1902 iuxta
1291 1877 1370 1910 expli-
1395 1876 1398 1930 Ι

255 1920 258 1922 ·
294 1914 358 1942 cata,
377 1918 472 1936 sensus
492 1910 551 1936 facit
575 1911 722 1936 universale
747 1919 801 1936 non
820 1912 962 1937 formaliter
986 1918 1012 1937 et
1030 1918 1059 1937 ut
1077 1920 1156 1938 causa
1181 1912 1303 1942 efficiens,
1323 1914 1370 1938 sed

293 1945 472 1977 materialiter,
497 1951 626 1979 quatenus
651 1947 683 1972 ab
703 1954 736 1972 eo
755 1953 795 1972 est
813 1947 958 1981 singulare,
984 1948 1009 1972 in
1029 1956 1083 1980 quo
1109 1949 1255 1973 intellectus
1274 1949 1370 1980 colligit

292 1980 449 2007 universale.
469 1982 533 2007 «Ex
551 1987 624 2015 parte
636 1981 848 2015 phantasmatum
863 1983 1043 2008 intellectualis
1057 1984 1174 2017 operatio
1188 1992 1203 2008 a
1217 1992 1297 2009 sensu
1311 1992 1370 2009 cau-

289 2026 311 2042 .»
324 2022 404 2043 eamr.
423 2017 474 2042 Sed
493 2018 554 2051 quia
573 2017 753 2051 phantasmata
772 2027 824 2043 non
839 2017 970 2043 sufficiunt
984 2019 1121 2044 immutare
1136 2019 1295 2044 intellectum
1308 2027 1370 2052 pos-

296 2062 310 2076 »
325 2052 444 2083 eibilem,
469 2053 516 2078 sed
543 2058 648 2086 oportet
672 2054 744 2087 quod
771 2053 833 2079 fiant
858 2054 1025 2087 intelligibilia
1050 2060 1108 2080 actu
1136 2062 1183 2087 per
1210 2055 1370 2080 intellectum

295 2098 309 2112 ι
325 2093 455 2122 agentem,
475 2097 528 2113 non
546 2094 634 2122 potest
651 2090 701 2115 dici
719 2090 791 2123 quod
810 2090 942 2115 sensibilis
961 2090 1074 2122 cognitio
1093 2090 1126 2115 sit
1145 2091 1230 2115 totalis
1246 2096 1271 2115 et
1285 2091 1369 2124 perfe-

296 2133 310 2147 ι
325 2129 367 2150 cta
385 2131 464 2150 causa
482 2124 661 2151 intellectualis
681 2126 833 2158 cognitionis
844 2145 851 2157 ,
871 2126 918 2151 sed
937 2126 1021 2158 magis
1040 2126 1237 2159 quodammodo
1256 2132 1296 2151 est
1315 2134 1368 2151 ma-

296 2169 310 2183 »
325 2159 390 2185 teria
407 2167 501 2186 causae
516 2170 529 2183 »
550 2158 593 2194 (Ρ.
611 2161 633 2190 l,
653 2169 697 2193 qu.
716 2169 818 2191 cxxxiv,
838 2161 909 2186 artic.
927 2161 976 2196 vi).

349 2195 378 2220 In
396 2195 482 2229 primo
501 2195 575 2226 libro,
595 2197 654 2222 lect.
667 2204 723 2226 xxx,
738 2202 791 2222 not.
806 2196 833 2225 δ,
853 2198 886 2222 de
904 2198 1058 2222 eorumdem
1075 2197 1260 2230 principiorum
1280 2198 1368 2230 cogni—

293 2231 366 2257 tione
390 2231 538 2265 loquendo,
564 2232 675 2257 diximus
697 2240 758 2257 cum
777 2240 800 2258 s.
813 2232 916 2258 Thoma
942 2241 1000 2258 eam
1026 2233 1124 2266 acquiri
1150 2241 1200 2265 ope
1227 2241 1368 2263 sensuum,

294 2272 425 2301 qnatenus
439 2274 490 2300 ope
504 2274 633 2292 sensuum
646 2267 757 2293 habetur
771 2276 784 2293 a
798 2269 873 2293 nobis
893 2269 996 2293 illorum
1016 2269 1186 2293 terminorum
1202 2269 1323 2302 cognitio.
1338 2270 1369 2294 Et

294 2302 354 2328 hinc
372 2302 515 2328 ministerio
534 2310 660 2328 sensuum
686 2304 832 2329 intellectus
858 2304 967 2337 acquirit
985 2304 1160 2336 cognitionem
1185 2304 1368 2336 principiorum

248 2366 251 2367 .
294 2339 390 2364 saltem
409 2339 497 2371 quoad
522 2338 628 2364 illorum
652 2339 903 2372 incomplexionem,
927 2340 978 2364 hoc
1003 2346 1043 2365 est
1066 2340 1152 2372 quoad
1178 2340 1316 2370 terminos,
1339 2348 1369 2365 ex

295 2374 393 2408 quibus
405 2374 485 2399 veluti
497 2382 528 2399 ex
542 2375 679 2399 elementis
692 2375 862 2407 incomplexis
877 2376 998 2400 coalescit
1012 2375 1144 2405 iudicium,
1159 2375 1231 2408 quod
1246 2380 1286 2400 est
1299 2376 1368 2408 prin-

256 2414 262 2420 *
295 2410 393 2444 cipium
411 2410 675 2443 complexum.—Sed
690 2416 812 2435 movetur
824 2412 943 2443 quaestio
962 2416 1050 2436 utrum
1072 2411 1149 2436 etiam
1170 2411 1257 2443 quoad
1277 2419 1368 2436 eorum

295 2445 513 2479 complexionem,
532 2451 662 2478 quatenus
681 2453 776 2479 nempe
795 2446 949 2479 principium
968 2447 1099 2480 importat·
1109 2446 1240 2476 iudicium,
1260 2446 1309 2471 hoc
1328 2452 1369 2472 est

295 2482 471 2514 compositum
485 2489 515 2506 ex
527 2481 653 2510 terminis,
667 2489 718 2514 ope
737 2489 865 2507 sensuum
879 2482 1002 2515 principia
1017 2483 1072 2515 ipsa
1086 2482 1118 2506 ab
1132 2482 1263 2507 intellectu
1278 2487 1369 2507 nostro

294 2517 470 2550 acquirantur.
495 2517 633 2542 Caietanus
657 2518 798 2550 respondet
823 2516 988 2548 affirmative,
1012 2523 1038 2543 et
1056 2525 1104 2550 pro
1123 2525 1170 2542 sua
1189 2518 1316 2542 sententia
1335 2519 1368 2543 ita

295 2557 504 2586 argumentatur:
524 2562 538 2577 a
550 2553 662 2585 Oportet
674 2560 772 2586 ponere
787 2553 891 2586 aliquod
906 2554 1035 2578 motivum
1049 2558 1075 2578 et
1089 2553 1315 2578 determinativum
1330 2554 1368 2578 in—

293 2589 416 2614 tellectus
434 2589 467 2614 ad
481 2589 561 2614 talem
579 2589 788 2622 complexionem
800 2588 958 2614 faciendam:
973 2589 1076 2614 termini
1089 2594 1175 2613 autem
1189 2589 1295 2621 accepti,
1310 2589 1369 2614 licet

295 2623 318 2650 si
336 2629 554 2657 componerentur
576 2624 702 2649 haberent
721 2632 751 2649 ex
770 2632 799 2649 se
819 2624 988 2654 evidentiam,
1009 2632 1061 2649 non
1081 2623 1211 2649 sufficiunt
1229 2630 1316 2649 tamen
1335 2625 1375 2649 ad·

295 2660 456 2685 movendum
479 2658 537 2693 (eti
543 2660 553 2692 )
577 2655 804 2685 determinandum
827 2659 987 2685 intellectum
1010 2660 1042 2685 ad
1061 2659 1127 2685 hanc
1152 2661 1367 2701 compositionem

293 2696 382 2758 {phtius
400 2703 480 2729 quam
499 2695 579 2720 illam.
602 2695 757 2728 Experimur
782 2703 897 2728 namque
915 2695 1037 2721 continue
1061 2695 1087 2720 in
1106 2695 1181 2720 nobis
1200 2696 1277 2728 ipsis,
1296 2696 1367 2736 quod

347 2739 423 2757 emus
442 2731 486 2756 diu
505 2731 650 2756 multorum
668 2731 840 2756 terminorum
855 2737 996 2772 conceptus
1011 2731 1112 2764 absque
1126 2730 1215 2756 notitia
1230 2731 1368 2764 principio-

293 2774 355 2792 rum
371 2761 584 2800 complexorum,
603 2775 671 2800 quae
689 2774 720 2792 ex
738 2767 844 2792 illorum
863 2767 1033 2792 terminorum
1059 2767 1239 2792 coniunctione
1258 2772 1367 2791 constat.

71 2820 73 2822 -
295 2802 390 2828 Fateor
408 2802 478 2828 enim
497 2810 540 2828 me
557 2803 714 2836 cognovisse
733 2802 795 2835 quid
815 2802 932 2835 aequale,
946 2802 1009 2835 quid
1028 2802 1141 2832 demere,
1161 2807 1187 2827 et
1201 2802 1264 2835 quid
1282 2803 1368 2827 rema·-

90 2845 114 2874 25.
295 2843 348 2869 net,
361 2838 503 2864 nescivisse
517 2843 605 2864 tamen
624 2837 675 2864 hoc
691 2837 859 2871 principium:
879 2837 901 2862 si
920 2838 952 2863 ab
971 2838 1123 2871 aequalibus
1138 2838 1255 2870 aequalia
1268 2838 1366 2867 demas,

62 2871 82 2886 ⁵¹⁴*
294 2881 364 2907 quae
381 2879 518 2900 remanent
536 2879 598 2899 sunt
615 2874 746 2907 aequalia;
766 2878 792 2898 et
806 2873 899 2898 similis
915 2874 979 2898 ratio
998 2879 1039 2898 est
1051 2874 1075 2898 in
1091 2873 1156 2898 aliis.
1175 2873 1286 2906 Oportet
1303 2881 1367 2905 ergo

294 2909 363 2935 ultra
381 2914 523 2942 conceptus
536 2909 709 2934 terminorum
729 2910 960 2941 incomplexorum,
974 2917 1073 2942 ponere
1089 2909 1194 2942 aliquod
1214 2909 1366 2934 determina-

293 2945 377 2971 tivum
396 2953 444 2970 seu
459 2945 587 2970 motivum
602 2945 747 2970 intellectus
762 2945 794 2969 ad
808 2945 887 2970 talem
907 2944 1124 2977 compositionem
1138 2944 1289 2974 faciendam.
1302 2944 1367 2969 Tale

294 2986 383 3006 autem
402 2981 530 3006 motivum
548 2985 651 3013 oportet
670 2988 730 3005 esse
748 2988 867 3010 sensum,
882 2980 1005 3012 quoniam
1025 2985 1084 3005 ante
1103 2980 1277 3012 cognitionem
1297 2980 1367 3012 prin-

294 3016 421 3050 cipiomm
434 3016 589 3041 Aristoteles
604 3016 704 3040 nullum
716 3015 845 3040 motivum
858 3015 1002 3040 intellectus
1018 3015 1089 3040 novit
1102 3015 1150 3040 nisi
1165 3023 1282 3040 sensum.
1297 3016 1366 3048 Ergo

294 3052 443 3078 necessario
461 3051 574 3084 cognitio
592 3052 730 3084 complexa
743 3051 928 3084 principiorum
947 3050 1084 3083 praeexigit
1098 3051 1249 3076 sensitivam
1268 3051 1367 3083 experi-

294 3087 446 3113 mentalem.
470 3087 504 3112 Et
522 3086 703 3117 confirmatur,
729 3087 854 3119 quoniam
878 3094 939 3111 cum
964 3094 995 3111 ex
1019 3086 1118 3111 eisdem
1144 3086 1261 3111 terminis
1280 3086 1366 3111 variae

294 3123 396 3156 possint
407 3122 463 3148 fieri
482 3122 693 3155 compositiones,
709 3127 737 3147 ut
755 3121 923 3147 manifestum
941 3126 989 3151 est,
1009 3122 1058 3146 nisi
1077 3122 1189 3154 cognitio
1205 3121 1366 3154 experimen-

294 3158 353 3184 talis
377 3158 531 3183 determinet
555 3158 714 3183 intellectum
735 3158 767 3182 ad
785 3157 853 3182 hanc
877 3157 1110 3190 compositionem,
1136 3165 1188 3181 non
1212 3157 1259 3181 erit
1283 3157 1366 3181 maior

294 3193 360 3220 ratio
378 3201 460 3226 quare
478 3193 624 3219 intellectus
643 3193 759 3226 acquirat
771 3192 837 3218 hanc
852 3192 1026 3226 cognitionem
1040 3193 1209 3225 complexam,
1224 3199 1303 3224 quam
1318 3199 1366 3216 vo-

295 3236 386 3255 camus
400 3229 562 3289 principium,
573 3236 604 3254 ex
616 3229 666 3253 illis
679 3228 796 3253 terminis
815 3228 899 3269 magis
909 3236 989 3260 quam
1004 3228 1080 3253 aliam
1090 3233 1148 3252 etc..
1159 3228 1219 3252 ,Ad
1239 3227 1365 3252 rationem

295 3269 398 3290 autem.
422 3264 468 3289 ‚in
486 3264 646 3305 oppositum,
660 3264 752 3289 dicitur
766 3264 837 3296 quod
857 3263 980 3297 principia
995 3269 1055 3288 sunt
1069 3246 1195 3288 evidentia
1208 3270 1238 3287 ex
1252 3263 1364 3295 propriis

294 3300 424 3330 terminis,
443 3300 481 3324 sic
500 3300 550 3324 iim
569 3299 736 3332 compositis,
755 3300 797 3324 vel
818 3298 855 3332 (et
873 3299 942 3324 idern
961 3298 1012 3333 est)
1033 3299 1054 3323 si
1073 3296 1157 3323 taliter
1176 3302 1366 3330 componantur

295 3343 386 3361 eorum
411 3335 513 3360 termini
532 3335 564 3360 ab
583 3335 729 3366 intellectu3
748 3335 796 3359 sed
813 3335 897 3359 taliter
916 3334 1036 3367 componi
1052 3339 1184 3366 nequeunt
1202 3333 1303 3366 absque
1321 3340 1364 3358 ex-

294 3371 441 3404 perimento
467 3371 663 3396 determinative
687 3371 834 3395 intellectus
859 3370 891 3395 ad
909 3370 959 3395 hoc
978 3374 1027 3395 etc.
1050 3369 1125 3394 Unde
1143 3369 1248 3401 quando
1273 3368 1364 3393 dicitur

295 3407 367 3439 quod
385 3406 510 3439 principia
529 3414 559 3431 ex
578 3406 642 3431 solis
660 3406 778 3431 terminis
803 3406 901 3430 lumine
919 3406 1065 3430 intellectus
1084 3409 1292 3437 cognoscuntur,
1312 3412 1364 3428 non

295 3442 438 3468 excluditur
451 3442 636 3467 adminiculum
650 3449 753 3472 sensus,
763 3442 810 3466 sed
824 3441 1005 3466 tantummodo
1018 3440 1120 3465 termini
1134 3440 1224 3465 medii:
1244 3439 1281 3464 sic
1295 3439 1364 3464 enirn

1391 271 1542 309 LECT.
1572 272 1645 308 XX

1388 348 1390 360 '
1418 348 1515 398 cipia
1544 349 1914 386 demonstrationum
1944 356 2031 385 sunt
2059 348 2207 385 notiora
2234 348 2487 385 conclusioni-

2407 271 2483 316 403

1418 403 1489 438 bus
1510 402 1789 450 demonstratis,
1811 410 1853 439 ut
1874 402 1911 439 in
1931 402 2057 462 primo
2079 404 2098 422 ⁴*
2118 402 2290 439 habitum
2310 409 2376 438 est.
2393 402 2486 438 Non

2513 407 2612 455 Leodd..
2624 414 2673 430 exc.
2675 414 2727 431 cu.—

2567 434 2696 462 principio.
2717 447 2727 452 -

1418 456 1578 492 autern*
1589 464 1715 516 potest
1729 469 1813 493 esse
1834 456 1989 493 scientia
2009 456 2181 504 ipsorum
2197 455 2484 514 principiorum,
2512 440 2564 498 ,ΜΒ
2575 461 2593 486 ¹
2608 461 2660 483 ¹20¹-
2671 467 2700 483 *1¹-

1419 509 1508 558 quia
1537 510 1662 547 omnis
1692 510 1846 546 scientia
1875 510 1917 547 fit
1946 522 1991 546 ex
2019 509 2146 558 aliqua
2179 508 2483 556 ratiocinatione,

1419 563 1558 599 scilicet
1578 563 1891 610 demonstrativa,
1923 563 2029 600 cuius
2049 571 2136 600 sunt
2154 562 2339 611 principia
2358 562 2416 599 illa
2438 562 2485 599 de

1420 617 1557 665 quibus
1573 617 1777 666 loquimur.
1791 617 1892 663 Quia
1902 617 2012 665 igitur
2022 616 2112 653 nihil
2127 623 2254 665 potest
2265 628 2347 652 esse
2357 615 2485 652 verius

1420 682 1536 718 quam
1563 670 1718 707 scientia
1739 678 1774 706 et
1797 670 2004 707 intellectus
2034 673 2138 716 (nam
2159 669 2341 718 sapientia
2367 669 2405 705 in
2428 668 2486 705 his

1419 723 1670 771 intelligitur),
1706 736 1946 774 consequens·
1973 732 2029 760 est
2063 736 2109 760 ex
2136 724 2156 744 '¹‘
2184 722 2486 760 consideratione

1419 777 1719 824 praemissorum
1736 777 1840 826 quod
1859 777 2133 826 principiorum
2153 776 2305 826 proprie
2322 775 2367 812 sit
2381 775 2486 812 intel-

1421 831 1549 867 lectus.
1568 831 1710 868 Probat
1724 832 1799 867 hoc
1814 831 1927 867 etiam
1937 829 1973 859 ‘³1³
1987 831 2059 867 alia
2075 830 2231 877 ratione,
2244 830 2332 879 quia
2347 829 2487 866 scilicet

1392 926 1393 930 Ἰ
1422 884 1694 921 demonstratio
1716 897 1794 921 non
1815 892 1870 920 est
1890 896 1935 921 ex
1956 884 2176 921 necessitate
2198 883 2487 931 demonstratio-

1422 937 1478 974 nis
1488 938 1731 986 principium;
1743 937 1911 987 alioquin
1921 938 2191 986 procederetur
2202 938 2239 975 in
2252 938 2487 975 demonstra-

1421 991 1587 1028 tionibus
1603 991 1640 1028 in
1660 991 1863 1036 infinitum,
1881 991 1985 1040 quod
2001 991 2039 1028 in
2054 991 2181 1051 primo
2193 993 2212 1013 '¹‘
2229 992 2487 1040 improbatum

1423 1052 1488 1081 est.
1512 1045 1612 1081 Cum
1634 1044 1744 1092 igitur
1759 1045 2033 1081 demonstratio
2055 1045 2249 1082 scientiam
2271 1053 2410 1092 causet,
2431 1057 2488 1082 se-

1422 1098 1548 1146 quitur
1571 1098 1678 1147 quod
1697 1110 1822 1147 neque
1843 1098 1998 1135 scientia
2017 1098 2145 1158 possit
2156 1111 2239 1136 esse
2258 1099 2488 1148 principium

1422 1151 1620 1197 scientiae,
1650 1151 1700 1187 ita
1729 1151 1868 1188 scilicet
1896 1152 2001 1200 quod
2028 1152 2213 1212 principia
2248 1152 2488 1189 scientiarum

1421 1217 1491 1254 per
1510 1204 1707 1241 scientiam
1733 1213 2018 1253 cognoscantur.
2042 1205 2081 1241 Si
2102 1206 2210 1253 igitur
2225 1207 2372 1243 nullum
2388 1206 2490 1243 aliud

1422 1270 1543 1306 genus
1560 1258 1784 1306 cognitionis
1798 1267 1948 1307 praeter
1967 1259 2162 1295 scientiam
2178 1260 2364 1296 habemus
2385 1260 2490 1308 quod

1423 1324 1577 1360 semper
1595 1312 1641 1348 sit
1660 1324 1814 1357 verum,
1837 1312 2059 1360 relinquitur
2079 1313 2184 1361 quod
2198 1313 2407 1350 intellectus
2423 1313 2491 1350 erit

1422 1366 1651 1414 principium
1677 1365 1867 1411 scientiae,
1889 1366 1978 1414 quia
1997 1366 2137 1403 scilicet
2164 1379 2233 1415 per
2261 1367 2489 1403 intellectum

1424 1427 1706 1468 cognoscuntur
1724 1419 1909 1468 principia
1930 1420 2172 1456 scientiarum
2188 1424 2231 1465 ’⁷3‘
2247 1420 2295 1456 ita
2315 1420 2454 1457 scilicet
2470 1421 2489 1441 '¹‘

1423 1475 1528 1523 quod
1565 1473 1625 1510 hic
1659 1473 1884 1519 intellectus,
1920 1474 1983 1522 qui
2019 1481 2074 1510 est
2109 1473 2337 1522 principium
2371 1474 2490 1510 scien-

1422 1527 1514 1573 tiae,
1545 1535 1600 1563 est
1620 1526 1900 1575 cognoscitivus
1919 1527 2113 1576 principii,
2144 1539 2190 1564 ex
2219 1540 2295 1576 quo
2315 1527 2492 1576 procedit

1423 1581 1579 1618 scientia
1595 1581 1626 1616 *.
1651 1581 1737 1617 Hoc
1765 1588 1910 1626 autem,
1941 1580 2079 1617 scilicet
2099 1580 2277 1627 scientia,'
2292 1588 2348 1617 est
2367 1593 2489 1627 omne,

1423 1635 1519 1671 idest
1533 1642 1669 1680 toturn,
1681 1634 1787 1682 quod
1803 1633 1972 1671 similiter
1982 1647 2022 1671 se
2037 1635 2152 1671 habet
2162 1634 2210 1671 ad
2222 1647 2379 1671 omnem
2396 1647 2489 1681 rem,

1423 1688 1520 1725 idest
1539 1688 1588 1725 ad
1609 1695 1728 1724 totam
1749 1687 1949 1724 materiam
1971 1687 2018 1724 de
2039 1700 2114 1737 qua
2134 1695 2190 1725 est
2209 1688 2374 1725 scientia.
2396 1688 2491 1726 sicut

1424 1741 1564 1778 scilicet
1582 1741 1790 1778 intellectus
1810 1741 1858 1778 ad
1878 1741 2106 1790 principium
2127 1741 2305 1778 scientiae
2325 1739 2364 1778 δ”.

1425 1877 1546 1909 principia
1566 1877 1748 1909 cognoscimus
1768 1876 1791 1900 in
1812 1878 1938 1909 quantum·
1957 1876 2081 1901 terminos
2098 1877 2294 1909 cognoscimus,
2314 1878 2375 1910 quia
2392 1878 2492 1910 absque

1424 1912 1474 1936 alio
1487 1912 1574 1937 medio
1588 1912 1698 1937 termino
1713 1913 1877 1944 complexum
1892 1912 1964 1942 illud,
1983 1912 2054 1944 quod
2073 1912 2226 1945 principium
2246 1919 2293 1943 est,
2313 1913 2418 1938 evidens
2438 1919 2492 1944 est;

1424 1953 1450 1972 et
1469 1955 1521 1972 non
1547 1947 1607 1980 quia
1633 1948 1732 1979 absque
1758 1947 1950 1979 experimentali
1975 1948 2153 1979 complexione
2178 1949 2330 1980 compositio
2349 1949 2493 1974 intellectus

1423 1982 1467 2008 fiat
1485 1989 1534 2008 etc.
1559 1984 1595 2008 Ex
1615 1983 1655 2008 his
1674 1989 1761 2008 autem
1780 1990 1847 2015 quae
1866 1982 1991 2012 diximus,
2010 1983 2098 2007 nullus
2117 1983 2254 2008 arbitretur
2271 1991 2345 2009 meae
2363 1985 2492 2017 opinionis

1424 2026 1484 2043 esse
1503 2019 1574 2052 quod
1593 2026 1699 2043 omnem
1719 2018 1936 2051 compositionem
1955 2019 2100 2043 intellectus
2118 2024 2236 2051 oporteat
2254 2020 2408 2052 praecedere
2421 2027 2493 2045 com-

1423 2054 1579 2086 positionem
1594 2054 1823 2086 experimentalem
1837 2053 1948 2078 similem
1967 2054 2002 2078 illi
2017 2059 2075 2079 etc.:
2094 2053 2143 2079 hoc
2158 2054 2227 2079 enim
2242 2062 2294 2079 non
2308 2060 2392 2085 tene0,
2406 2063 2492 2088 neque

1423 2090 1542 2123 sequitur
1560 2097 1590 2114 ex
1609 2090 1696 2120 dictis;
1715 2097 1804 2114 sermo
1823 2090 1891 2114 enim
1911 2094 2000 2114 noster
2018 2094 2136 2114 versatus
2156 2095 2196 2115 est
2215 2091 2281 2115 circa
2298 2091 2491 2123 generationem

1423 2125 1490 2150 illius
1510 2125 1705 2158 compositionis
1723 2125 1882 2155 intellectus,
1901 2132 1969 2157 quae
1987 2133 2040 2150 non
2058 2124 2086 2149 fit
2105 2133 2135 2150 ex
2154 2126 2332 2157 praeexistenti
2351 2126 2447 2157 habitu,
2467 2132 2493 2151 et

1422 2169 1475 2185 non
1495 2162 1560 2186 circa
1579 2169 1685 2186 omnem
1698 2169 1711 2183 s
1733 2160 1776 2192 (In
1797 2161 1816 2185 ll
1836 2161 1947 2189 Poster„
1966 2168 2021 2192 cap.
2035 2168 2087 2191 xiii,
2108 2161 2124 2194 ἕ
2140 2161 2218 2186 Circa
2237 2162 2429 2187 conclusionem
2449 2170 2491 2187 re-

1423 2197 1574 2228 sponsivam
1595 2202 1652 2223 etc..
1667 2196 1711 2221 fol.
1726 2203 1768 2229 92,
1782 2196 1841 2220 coll.
1859 2195 1881 2224 3,
1894 2203 1919 2227 4,
1931 2209 1950 2214 -
1964 2195 2006 2229 93,
2022 2196 2071 2220 col.
2089 2196 2124 2230 ι).

1477 2232 1523 2263 αα)
1544 2232 1614 2256 Sunt
1632 2232 1743 2256 scientia
1762 2234 1788 2256 et
1808 2231 1992 2256 intellectus.-
2006 2231 2054 2256 Hic
2073 2237 2211 2256 sumuntur
2225 2233 2330 2257 scientia
2350 2238 2375 2257 et
2389 2233 2490 2258 intelle-

1423 2272 1480 2292 ctus
1499 2273 1528 2292 ut
1547 2267 1659 2292 habitus.
1679 2267 1711 2292 Et
1730 2267 1788 2292 hinc
1807 2266 1888 2292 habes
1903 2265 2054 2291 confirmata
2071 2275 2086 2292 a
2106 2275 2127 2292 s.
2138 2267 2241 2292 Thoma
2259 2275 2326 2300 quae
2340 2269 2449 2293 diximus
2464 2270 2490 2293 in

1423 2303 1508 2335 primo
1527 2303 1606 2333 libro,
1627 2303 1685 2328 lect.
1703 2310 1791 2332 xxxvr,
1816 2307 1869 2327 not.
1884 2310 1907 2326 ο.
1921 2316 1940 2320 -
1953 2302 2110 2327 Addendum
2129 2310 2159 2327 ex
2177 2303 2236 2335 ipso
2254 2311 2277 2328 s.
2289 2304 2400 2328 Doctore
2419 2305 2491 2337 quod

1425 2349 1436 2360 «
1454 2338 1503 2363 hoc
1522 2346 1618 2363 nomen
1636 2339 1782 2363 intellectus
1801 2338 1958 2371 quandoque
1977 2337 2103 2370 significat
2117 2345 2174 2362 rem
2187 2338 2350 2370 intellectam,
2366 2340 2431 2364 sicut
2444 2347 2490 2364 no-

1425 2386 1437 2397 »
1454 2374 1524 2399 mina
1537 2374 1656 2399 dicuntur
1669 2372 1812 2406 significare
1827 2373 1987 2404 intellectus;
2007 2374 2164 2406 quandoque
2178 2381 2240 2398 vero
2259 2374 2343 2407 ipsam
2358 2375 2491 2400 intellecti-

1425 2421 1437 2433 »
1453 2418 1513 2434 vam
1532 2409 1674 2442 potentiam
1681 2417 1688 2439 ;
1709 2409 1866 2441 quandoque
1884 2416 1948 2434 vero
1972 2409 2087 2434 habitum
2107 2410 2248 2441 quemdam
2267 2410 2354 2440 (sicut
2371 2418 2430 2436 cum
2451 2411 2491 2436 di-

1425 2457 1437 2469 »
1453 2445 1538 2471 cimus
1556 2445 1627 2478 quod
1652 2445 1800 2470 intellectus
1818 2448 1858 2470 est
1876 2444 1982 2469 habitus
1997 2445 2193 2476 principiorum
2197 2446 2229 2476 ),·
2252 2446 2409 2478 quandoque
2427 2454 2491 2471 vero

1424 2491 1438 2505 »
1454 2486 1539 2506 actum
1559 2481 1639 2510 (sicut
1657 2488 1716 2506 cum
1732 2480 1845 2506 dicimus
1864 2480 1936 2512 quod
1955 2480 2102 2505 intellectus
2120 2483 2160 2505 est
2177 2481 2372 2513 cognoscitiuus
2387 2482 2491 2513 princi-

1425 2528 1437 2540 »
1450 2517 1507 2548 pii)
1521 2526 1533 2539 »
1554 2516 1613 2546 QQ.
1626 2516 1717 2548 Dispp.
1732 2516 1773 2541 De
1786 2515 1906 2546 veritate,
1923 2523 1969 2548 qu.
1983 2523 2043 2545 xvn,
2059 2516 2100 2540 De
2118 2516 2287 2546 conscientia,
2303 2517 2373 2541 artic.
2388 2525 2405 2542 ι.
2425 2517 2491 2548 Quia

1422 2553 1500 2585 igitur
1513 2559 1610 2577 nomen
1629 2551 1773 2577 intellectus
1791 2551 1829 2576 ad
1842 2551 1895 2576 ista
1909 2554 2025 2584 quatuor
2036 2551 2228 2583 aequivocatur
2241 2550 2313 2584 (ib.),
2329 2560 2436 2577 necesse
2450 2553 2490 2578 est

1422 2594 1451 2613 ut
1469 2595 1524 2620 quo
1543 2595 1622 2612 sensu
1642 2587 1780 2620 accipiatur
1798 2587 1901 2619 quoties
1920 2586 2043 2613 occurrit.
2063 2591 2132 2611 recte
2151 2586 2343 2612 determinetur.

1477 2622 1519 2656 ββ)
1539 2623 1641 2648 Probat
1665 2623 1714 2648 hoc
1732 2622 1823 2647 etiam.
1837 2636 1856 2641 —
1869 2622 1974 2653 AKQS:
1993 2622 2094 2647 Probat
2114 2625 2204 2647 autem
2223 2623 2285 2651 hoc,·
2310 2623 2490 2648 CDHLNOT:

1421 2659 1502 2685 etiam
1517 2659 1580 2688 hoc;
1594 2658 1648 2683 EFl
1662 2666 1716 2683 om.
1728 2658 1823 2687 etiam;
1838 2658 1875 2682 G:
1890 2658 1926 2683 Et
1939 2658 1988 2683 hoc
2001 2658 2082 2682 etiam
2091 2658 2207 2690 probat,·
2221 2658 2259 2682 M:
2273 2666 2326 2683 om.
2339 2659 2389 2684 hoc
2400 2659 2489 2684 etiam.

1475 2694 1519 2728 γγ)
1540 2694 1690 2719 Intellectus
1708 2693 1761 2719 erit
1775 2693 1940 2725 principium
1959 2693 2098 2723 scientiae,
2118 2694 2181 2726 quia
2199 2693 2299 2719 scilicet
2319 2701 2370 2726 per
2389 2695 2488 2720 intelle-

1420 2733 1492 2755 ctum
1517 2732 1715 2763 cog-noscuntur
1735 2729 1873 2761 principia
1895 2729 2076 2754 scientiarum.
2094 2743 2113 2747 -
2131 2729 2191 2753 Tria
2217 2730 2242 2753 in
2265 2729 2312 2754 hac
2331 2737 2353 2754 s.
2372 2729 2490 2755 ’rhomae

1421 2765 1549 2791 sententia
1568 2765 1686 2790 distincte
1705 2769 1851 2797 ponuntur,
1876 2764 1973 2797 quibus
1993 2765 2132 2796 explicatur
2156 2772 2250 2789 sensus
2270 2773 2323 2797 quo
2343 2765 2433 2793 dicitur
2451 2766 2489 2790 in-

1420 2802 1540 2826 tellectus
1559 2808 1619 2825 esse
1637 2800 1741 2825 habitus
1760 2800 1954 2833 principiorum.
1973 2800 2074 2832 Nempe
2093 2800 2238 2825 intellectus
2254 2798 2376 2833 (facultas
2391 2801 2490 2826 intelle-

1421 2837 1497 2868 ctiva)
1517 2842 1558 2861 est
1576 2836 1730 2869 principium
1754 2835 1884 2865 scientiae,
1903 2840 2030 2868 quatenus
2050 2843 2096 2867 per
2121 2836 2278 2860 intellectum
2299 2835 2367 2869 (hoc
2386 2842 2426 2861 est
2443 2844 2490 2869 per

1421 2873 1549 2897 actionem
1568 2872 1762 2901 intellectivam,
1781 2876 1810 2895 ut
1829 2871 1991 2904 distinguitur
2010 2879 2024 2895 a
2043 2870 2185 2905 ratiocinio)
2206 2877 2397 2903 cognoscuntur
2411 2872 2489 2904 prin·

1420 2908 1499 2940 cipia,
1520 2908 1575 2932 sive
1594 2908 1728 2940 complexa
1748 2906 1802 2931 sive
1821 2906 1989 2939 incomplexe,
2003 2913 2033 2930 ex
2050 2906 2143 2939 quibus
2163 2907 2372 2931 demonstrantur
2386 2908 2489 2932 conclu-

1422 2944 1517 2972 siones,
1533 2951 1601 2976 quae
1619 2947 1680 2967 sunt
1697 2942 1796 2967 obiecta
1815 2942 1937 2966 scientiae
1956 2942 2059 2974 proprie
2073 2942 2162 2966 dictae.
2174 2956 2194 2960 -
2207 2942 2328 2966 Nonnulli
2344 2943 2411 2975 apud
2424 2943 2488 2968 anti-

1421 2987 1489 3012 quos
1508 2985 1533 3004 et
1551 2978 1707 3003 recentiores
1725 2977 1775 3011 (cf.
1790 2977 1834 3002 lib.
1849 2977 1866 3006 1,
1882 2978 1940 3002 lect.
1953 2985 2035 3005 xxxw,
2051 2982 2103 3002 not.
2117 2976 2143 3011 ο)
2163 2978 2286 3006 dixerunt,
2300 2985 2330 3002 ex
2348 2978 2488 3003 Aristotele

1421 3020 1447 3039 et
1466 3023 1488 3039 s.
1503 3014 1606 3039 Thoma
1624 3013 1740 3038 habitum
1759 3012 1942 3046 principiorum
1962 3020 2021 3037 esse
2037 3012 2195 3037 intellectum
2209 3018 2337 3044 agentem,
2351 3013 2395 3045 qui
2411 3014 2487 3038 etiam

1421 3051 1507 3075 lumen
1524 3049 1622 3079 dicitur,
1638 3054 1663 3074 et
1682 3049 1740 3073 ideo
1759 3048 1834 3072 nobis
1853 3048 1961 3072 inditum
1977 3055 2035 3072 esse
2054 3048 2141 3072 lumen
2162 3048 2485 3080 subiectivo—obiectivum;

1420 3093 1511 3110 verum
1535 3085 1600 3109 hanc
1619 3084 1712 3109 salsam
1736 3084 1974 3117 interpretationem
1998 3083 2109 3116 ipsemet
2132 3091 2153 3108 5.
2170 3083 2286 3108 Thomas
2312 3091 2342 3108 ex
2366 3084 2488 3117 professo

1420 3121 1500 3145 reiicit
1520 3120 1564 3144 lib.
1580 3121 1599 3144 ll
1615 3121 1717 3144 Contra
1734 3119 1860 3153 Gentiles,
1880 3126 1935 3151 cap.
1950 3126 2053 3143 Lxxvni.
2066 3133 2085 3137 -
2099 3118 2139 3143 Cf.
2152 3119 2251 3144 Ferrar.
2266 3119 2301 3144 ib.

1474 3155 1514 3188 δδ)
1538 3155 1582 3180 Ad
1601 3155 1766 3187 principium
1792 3154 1925 3179 scientiae.
1940 3168 1959 3172 -
1974 3154 2055 3179 Codd.
2074 3154 2371 3179 ACDEFHIKLMNOT
2389 3155 2487 3180 addunt

1420 3197 1543 3223 tanquam
1563 3190 1595 3215 ad
1613 3195 1712 3215 textum
1733 3198 1755 3214 s.
1765 3189 1883 3214 Thomae
1906 3189 2069 3222 pertinentia:
2091 3189 2126 3214 Et
2144 3189 2170 3214 in
2190 3189 2239 3214 hoc
2257 3190 2419 3215 terminatur
2438 3189 2485 3224 (Α,

1420 3225 1633 3266 determinatur)
1658 3225 1792 3257 expositio
1816 3225 1872 3257 (O,
1895 3225 2023 3257 scientia)
2048 3225 2110 3250 libri
2134 3225 2315 3250 Posteriorum
2334 3226 2486 3251 Aristotelis

1420 3260 1477 3294 (hic
1496 3261 1591 3285 sistunt
1610 3260 1694 3295 MO),
1712 3261 1751 3285 ad
1768 3261 1893 3285 honorem
1916 3261 2028 3290 Christi,
2048 3261 2095 3292 qui
2112 3263 2151 3285 est
2170 3260 2243 3286 Deus
2263 3259 2304 3294 (Η
2323 3269 2376 3285 om.
2393 3261 2484 3302 Deus)

1419 3297 1570 3322 benedictus
1588 3296 1614 3321 in
1634 3296 1740 3321 saecula
1760 3296 1814 3327 (Τ,
1837 3303 1905 3321 saec.
1924 3295 2118 3327 saeculorum).
2137 3297 2229 3321 Amen.
2244 3310 2263 3314 -
2277 3297 2312 3320 Β.
2337 3296 2372 3320 Et
2391 3296 2417 3321 in
2437 3297 2487 3322 hoe

1419 3332 1580 3357 terminatur
1604 3331 1739 3363 expositio
1764 3331 1827 3356 libri
1844 3331 1947 3356 Foster.
1966 3331 2124 3356 Aristotelis.
2149 3331 2207 3356 Deo
2225 3331 2340 3364 gratias.
2357 3332 2451 3357 Amen.
2465 3346 2485 3351 -

1419 3368 1450 3392 S:
1470 3368 1507 3392 Et
1525 3368 1551 3392 in
1571 3367 1619 3392 hoc
1638 3366 1800 3391 terminatur
1817 3367 1952 3398 expositio
1971 3366 2034 3391 libri
2053 3367 2163 3396 Poster„
2183 3367 2220 3392 ad
2238 3367 2364 3392 honorem
2386 3367 2487 3393 OEristi

1411 3403 1466 3463 {lii
1477 3397 1591 3428 Mariae
1612 3402 1744 3436 Virginis,
1764 3402 1810 3435 qui
1828 3405 1868 3427 est
1882 3402 1955 3427 Deus
1973 3402 2140 3434 omnipotens
2158 3402 2184 3427 in
2204 3403 2310 3427 saecula
2324 3402 2484 3428 benedictus.

1443 3445 1510 3463 men.

990 3568 1791 3623 ἥβη-ὴ*

2512 487 2618 509 Autem
2631 494 2679 510 om.
2687 495 2727 510 ιη.

2513 732 2619 758 ‘minu
2638 737 2714 754 tom.

2605 833 2636 867 ββ

2515 1004 2526 1014 ⁸
2540 1003 2603 1024 Lect.
2617 1009 2687 1025 xxxm
2695 1019 2701 1030 ‚

2516 1036 2582 1058 seqq.

2606 1427 2639 1453 ΥΥ

2516 1451 2632 1474 'Scilicet
2640 1458 2689 1474 om.
2697 1458 2731 1474 a—

2519 1478 2594 1500 Codd.
2596 1482 2618 1500 et
2627 1479 2664 1501 ed.
2669 1485 2685 1500 a
2693 1479 2732 1500 ite

2518 1511 2569 1526 rum
2581 1505 2670 1527 scilicet
2679 1508 2731 1527 ante

2518 1531 2658 1554 intellectus.

2518 1593 2528 1603 ·
2544 1592 2579 1614 ef.
2594 1593 2634 1614 lib.
2644 1592 2662 1619 1,
2677 1593 2730 1615 ieet.

2518 1625 2597 1646 xxxvl,
2612 1625 2635 1641 n.
2646 1625 2671 1640 tl.

2612 1745 2641 1770 ὃὸ
