2548 4192
204 280 332 306 CCXLIV

204 346 254 390 (ut
277 347 362 377 idem
385 347 428 377 ait
450 345 655 388 Wadingus):
681 348 794 377 etenim
819 348 904 377 vitae
926 347 1178 376 Bonaventurae
1192 345 1273 375 scri-

198 398 321 433 ptores,
346 392 496 422 chronica
520 392 653 431 antiqua
676 392 897 422 Minorum.et
919 391 977 420 alii
991 390 1114 430 passim
1138 394 1274 419 temera-

204 438 288 467 rium
313 441 344 466 et
365 436 560 466 haereticum
584 435 670 465 hunc
686 436 891 474 paupertatis
914 434 1190 469 calumniatorem,
1217 433 1271 463 Gi-

205 481 333 511 raldum
358 480 398 510 de
427 479 669 515 Abbatis-villa,
694 479 907 509 Parisiensem
937 479 1148 518 magistrum,
1164 476 1275 517 fuisse

204 526 400 565 conspirant.
424 523 508 553 Hinc
532 523 680 562 deceptus
704 523 933 561 Dargentraeus
956 528 1047 552 tomo
1070 521 1082 551 1
1103 520 1274 551 Collectio-

204 569 252 599 nis
275 568 466 599 iudiciorum
490 567 527 596 de
551 566 641 596 novis
666 566 821 596 erroribus
845 566 885 596 ad
901 575 1022 595 annum
1044 566 1124 595 1256
1140 565 1272 595 innuere

204 614 338 650 videtur,
362 612 395 641 in
418 610 578 650 Apologia
600 619 778 650 pauperum
801 620 825 640 s.
846 610 1085 640 Bonaventurae
1102 608 1274 639 refutatum

206 667 272 688 esse
299 655 473 687 Geraldum
497 654 700 695 Segarellum
725 654 765 684 de
779 654 910 691 Parma,
929 653 1156 684 fraticellorum
1172 659 1274 684 sectae

206 707 433 742 promotorem.

274 745 310 775 ΙΙ.
335 743 386 774 Ad
411 741 575 782 opuscula
598 743 655 773 tria
678 742 775 773 sancti
799 741 946 772 Thomae
971 741 1061 782 quod
1086 741 1206 779 attinet,
1226 740 1274 770 ni-

206 790 251 820 hil
274 789 306 818 in
330 798 368 818 eo
392 796 503 826 genere
518 786 665 818 limatum
684 786 783 827 magis
807 786 972 827 magisque
988 785 1186 825 completum
1203 785 1276 815 scri-

207 841 300 874 ptum
323 832 430 869 fuisse,
454 837 582 860 censent
604 841 726 862 omnes.
751 830 947 870 Theologica
971 830 1123 867 soliditas,
1140 829 1276 859 eruditio

208 876 422 913 ecclesiastica,
447 874 629 915 disciplinae
653 875 844 906 monasticae
867 874 978 915 peritia
1001 874 1119 915 passim
1142 873 1275 913 fulgent.

207 921 362 953 Mendum
381 919 516 950 occurrit
539 919 571 949 in
595 920 762 960 Opusculo
788 919 910 950 Contra
934 920 1162 960 impugnantes
1189 918 1275 949 Reli-

206 967 334 1007 gionem
359 963 459 1003 capite
482 973 513 993 Ἦ
537 964 577 994 ad
601 972 636 1004 9:
665 978 679 992 «
698 963 922 1004 Magnanimus
942 963 1119 994 secundum
1132 962 1276 992 Philoso-

210 1023 224 1037 »
247 1010 350 1050 phum
365 1009 398 1038 in
414 1008 456 1038 IV
477 1007 549 1038 Eth.
572 1006 688 1050 (capite
711 1007 758 1050 111)
783 1007 919 1038 maxime
943 1017 975 1037 se
1000 1006 1169 1047 dignificat,
1193 1006 1278 1036 unde

210 1067 224 1081 >›
248 1053 303 1094 qui
319 1052 438 1084 excedit
453 1052 533 1083 hanc
548 1052 697 1083 virtutem
711 1052 743 1082 in
760 1052 985 1093 superfluitate,
1006 1061 1104 1092 quem
1127 1061 1278 1091 caymum

211 1111 225 1126 »
247 1104 357 1135 vocat,
388 1106 454 1127 non
487 1096 667 1136 magnificat
699 1107 731 1127 se
764 1096 954 1133 maioribus,
988 1105 1087 1137 quarn
1117 1095 1279 1134 magnani-

211 1155 226 1169 >
249 1152 321 1172 mus
345 1148 402 1172 etc.
423 1153 437 1167 ι·
464 1141 679 1181 Philosophus
703 1141 816 1179 habet,
840 1140 978 1183 χαῦνος,
1006 1140 1137 1171 chainos
1160 1149 1279 1179 graece,

209 1186 303 1217 latine
326 1185 478 1216 stolidus:
501 1185 586 1215 unde
610 1185 729 1225 corrige
753 1192 784 1215 et
806 1185 886 1225 lege,
910 1195 1002 1226 quem
1020 1194 1161 1224 caynum
1178 1189 1279 1214 vocat.

578 1313 788 1350 CAPUT
832 1313 903 1349 IV.

210 1411 265 1437 Abs
284 1416 373 1436 sancto
391 1410 494 1435 Thoma
512 1410 639 1443 Aquinate
654 1409 829 1434 abiudicantur
848 1409 982 1442 Opuscula
1001 1408 1154 1441 theologica,
1169 1408 1208 1433 De
1226 1408 1281 1433 Hu-

283 1447 404 1471 manitate
423 1447 481 1471 Iesu
506 1445 608 1477 Christi,
629 1445 668 1470 De
687 1444 822 1470 dilectione
841 1444 934 1469 Christi
954 1449 980 1469 et
998 1444 1117 1477 proximi,
1131 1444 1171 1469 De
1190 1443 1281 1468 divinis

283 1482 406 1513 moribus,
421 1482 460 1506 De
475 1481 638 1512 beatitudine,
654 1480 692 1505 De
712 1480 791 1505 modo
812 1478 958 1510 confitendi,
974 1479 1013 1504 De
1026 1478 1112 1504 officio
1132 1478 1281 1510 sacerdotis,

282 1518 321 1542 De
340 1517 499 1550 expositione
524 1517 626 1547 Missae,
642 1515 680 1540 De
699 1515 831 1548 emptione
845 1519 871 1540 et
890 1514 1039 1540 venditione
1064 1514 1096 1539 ad
1114 1519 1228 1547 tempus,
1243 1514 1282 1538 De

282 1553 350 1577 vitiis
370 1557 396 1577 et
412 1552 556 1582 virtutibus,
572 1558 681 1576 numero
700 1550 864 1583 quaternario
882 1549 1097 1583 procedentibus:
1112 1549 1281 1574 Animadver-

284 1595 371 1613 siones
389 1595 482 1612 vanae.

215 1672 238 1702 1.
262 1666 314 1746 In
338 1671 475 1702 editione
498 1671 654 1707 Romana,
680 1669 796 1700 minori
821 1670 995 1701 charactere
1019 1670 1187 1711 impressa,
1210 1678 1284 1711 post

293 1716 352 1746 alia
375 1715 439 1745 iam
462 1714 612 1745 recensita
628 1714 791 1754 opuscula
815 1721 969 1755 prostant,
990 1725 1072 1755 quae
1096 1722 1284 1756 sequuntur,

215 1760 255 1790 ad
277 1759 495 1799 theologicum
518 1758 684 1798 negotium
706 1758 911 1799 pertinentia:
932 1759 989 1789 LX
1004 1760 1056 1790 De
1070 1759 1286 1791 Humanitate

215 1805 290 1835 Iesu
317 1804 437 1834 Christi
458 1804 590 1834 Domini
614 1804 734 1834 nostri:
753 1803 823 1834 LXI
839 1804 891 1834 De
913 1803 1081 1834 dilectione
1111 1803 1233 1835 Christi
1256 1810 1286 1835 et

211 1849 374 1890 proximi:
393 1848 476 1878 LXII
493 1848 544 1878 De
566 1847 683 1878 divinis
706 1847 866 1878 moribus:
885 1847 983 1878 LXIII
999 1848 1051 1879 De
1073 1848 1287 1880 beatitudine:

217 1893 316 1924 LXIV
326 1893 377 1923 De
387 1892 478 1923 modo
489 1891 660 1933 confitendi
669 1896 699 1922 et
708 1891 748 1922 de
753 1893 898 1932 puritate
907 1893 1132 1924 conscientiae:
1140 1893 1227 1925 LXV
1236 1894 1287 1924 De

217 1938 323 1980 officio
346 1937 542 1968 sacerdotis:
558 1936 657 1967 LXVI
674 1935 842 1976 Expositio
857 1937 999 1968 Missae:
1017 1937 1132 1967 LXVII
1148 1938 1200 1968 De
1222 1947 1286 1968 em-

211 1984 324 2024 ptione
345 1986 376 2012 et
399 1981 578 2012 venditione
596 1980 640 2010 ad
662 1985 805 2020 tempus:
823 1981 923 2011 LXXI
939 1981 990 2012 De
1011 1982 1096 2012 vitiis
1116 1987 1147 2012 et
1161 1983 1287 2013 virtuti-

217 2028 286 2064 bus,
304 2035 438 2056 numero
461 2025 670 2066 quaternario
679 2025 881 2064 procedens:
904 2025 1032 2056 LXXIII
1055 2026 1107 2056 De
1122 2027 1231 2057 usuris
1254 2027 1286 2056 in

217 2071 378 2103 communi
401 2075 431 2100 et
453 2070 493 2100 de
523 2078 700 2100 usurarum
725 2069 950 2100 contractibus.
976 2069 1141 2110 Opuscula
1171 2070 1288 2101 isthaec

217 2122 361 2146 veterum
384 2123 480 2144 nerno
505 2119 654 2150 recenset,
671 2113 768 2144 veluti
792 2114 830 2143 ab
855 2113 1014 2154 Aquinate
1037 2114 1188 2154 profecta.

285 2159 321 2189 In
343 2157 569 2188 Dissertatione
593 2157 696 2195 XVII,
725 2157 826 2197 capite
850 2167 901 2195 rv,
925 2168 1014 2189 num.
1047 2159 1063 2189 3
1077 2181 1085 2196 ,
1118 2158 1289 2190 adiudicari

219 2204 331 2234 debere
354 2202 558 2242 Opusculum
583 2202 638 2232 LX
660 2202 712 2232 De
733 2202 948 2233 Humanitate
967 2202 1042 2233 Iesu
1074 2202 1195 2234 Christi
1217 2213 1289 2234 cen-

219 2248 341 2278 suimus
372 2246 537 2277 recentiori
577 2255 740 2286 anonymo
771 2246 909 2285 auctori,
939 2247 994 2287 qui
1017 2247 1159 2278 Tertiam
1192 2247 1290 2278 sancti

219 2292 366 2322 Thomae
390 2290 542 2321 Summae
565 2290 780 2330 Theologicae
803 2297 927 2330 partem
949 2297 980 2321 et
1003 2291 1205 2332 quaestiones
1232 2301 1290 2332 po-

220 2343 350 2366 stremas
364 2334 435 2365 libri
449 2334 552 2375 quarti
576 2333 808 2365 Sententiarum
829 2334 1010 2366 deflorabat.
1032 2334 1219 2366 Consonam
1243 2335 1288 2366 Io.

220 2379 382 2410 Ambrosii
404 2379 596 2409 Barbavarae
629 2388 794 2409 censuram
826 2379 1067 2420 descripsimus:
1095 2379 1146 2410 cui
1176 2379 1290 2411 addere

219 2422 506 2454 animadversiones
530 2422 653 2463 aliquot
671 2429 816 2462 praestat.
833 2423 1021 2464 Suppeditat
1044 2434 1095 2455 eas
1115 2423 1290 2455 Casimirus

221 2468 379 2499 Oudinus.
399 2466 542 2497 Articulo
566 2477 576 2496 1
601 2466 644 2497 sic
667 2467 761 2497 habet
793 2474 919 2498 auctor:
948 2468 1037 2499 Dicit
1060 2469 1142 2499 enim
1166 2469 1289 2499 Dama-

220 2521 345 2548 scenus,
366 2511 450 2551 quod
473 2510 565 2541 Iesus
587 2511 750 2551 significat
763 2511 868 2541 Deum
889 2512 1122 2543 humanatum:
1143 2512 1292 2544 Christus

222 2566 297 2588 vero
321 2565 338 2586 e
361 2560 473 2585 contra
491 2555 649 2585 hominem
673 2555 877 2595 Deificatum,
895 2557 970 2596 quia
994 2556 1079 2587 duae
1103 2562 1242 2588 naturae
1257 2558 1289 2588 in

224 2610 290 2631 una
308 2608 451 2640 persona
473 2599 550 2628 Filii
564 2607 600 2629 se
622 2598 912 2630 circumdederunt.
929 2600 1019 2630 Paria
1041 2601 1136 2631 verba
1159 2611 1184 2632 s.
1201 2601 1290 2632 Tho-

222 2654 290 2675 mas
314 2654 345 2684 p.
358 2643 410 2681 111,
425 2653 456 2684 q.
468 2653 530 2681 xv1,
546 2649 602 2673 art.
613 2652 666 2680 vn,
682 2642 794 2673 obiect.
816 2644 831 2673 3
853 2643 960 2674 tribuit
979 2644 1133 2684 Gregorio
1157 2645 1292 2676 Nazian-

222 2695 323 2719 zeno:
343 2687 398 2728 qui
421 2697 527 2717 revera
549 2686 582 2717 in
598 2686 742 2727 Epistola
765 2687 776 2716 1
801 2687 840 2717 ad
860 2687 1054 2718 Cledonium
1074 2689 1293 2730 presbyterum

223 2733 280 2763 ait:
300 2732 400 2762 Ambo
424 2732 508 2762 enim
538 2731 618 2761 haec
647 2732 846 2762 connexione
878 2741 977 2762 unum
1006 2737 1099 2770 sunt,
1122 2731 1207 2763 Θεοῦ
1232 2730 1291 2774 μὲν

224 2772 560 2819 ἒνανθρωπήσαντος,
585 2771 758 2818 ἀνθρώπου
778 2768 816 2805 δὲ
836 2772 1032 2815 θεωθέντος,
1048 2776 1118 2807 Deo
1136 2777 1293 2807 humana-

225 2827 267 2859 to,
285 2826 316 2851 et
337 2821 464 2851 homine
486 2820 644 2860 deificato,
661 2819 711 2850 vel
734 2819 804 2850 Deo
829 2819 912 2851 facto
936 2820 1087 2859 homine,
1110 2827 1141 2852 et
1163 2821 1294 2851 homine

225 2865 308 2896 facto
325 2865 406 2896 Deo.
423 2865 510 2894 Haec
528 2874 604 2894 vero
619 2863 700 2894 dicta
727 2863 821 2904 digna
838 2870 943 2895 censet
963 2864 1081 2895 ibidem
1097 2865 1295 2905 expositione

226 2919 261 2940 ac
284 2908 540 2949 interpretatione
563 2908 685 2939 Doctor
707 2908 888 2948 Angelicus.
911 2908 1128 2940 Divisionibus
1152 2909 1296 2940 similiter

227 2953 430 2991 cadentibus,
447 2953 486 2983 ab
509 2951 677 2993 Aquinatis
700 2952 783 2993 stylo
806 2952 902 2992 longe
925 2952 1054 2991 alienis,
1078 2959 1174 2984 scatet
1201 2963 1294 2994 opus.

227 2998 267 3029 V.
283 3008 313 3038 g.
331 2998 389 3028 sub
413 2996 556 3027 eiusdem
579 2995 702 3027 articuli
725 2996 870 3036 initium,
895 2997 1083 3038 Mysterium
1106 2997 1296 3028 Incarnatio-

227 3042 276 3072 nis
300 3041 413 3072 dicitur
435 3051 455 3071 a
474 3041 635 3081 principio
657 3041 824 3082 Angelicis
850 3041 1014 3081 spiritibus
1041 3041 1295 3082 manifestatum,

228 3086 435 3117 daemonibus
458 3095 533 3116 vero
556 3085 768 3122 occultatum,
781 3085 938 3126 fidelibus
960 3086 1055 3116 etiam
1085 3086 1297 3117 misericordi-

228 3135 277 3161 ter
296 3130 482 3160 revelatum.
499 3131 545 3159 Ac
563 3129 660 3159 infra:
680 3129 728 3160 Ab
743 3134 876 3160 aeterno
886 3130 1168 3170 praeordinatum,
1189 3131 1222 3160 in
1245 3139 1295 3161 ve-

230 3175 292 3204 teri
308 3174 380 3214 lege
389 3173 664 3214 praefiguratum,
682 3183 702 3204 a
719 3173 884 3214 Prophetis
894 3175 1171 3216 praeconizatum,
1187 3184 1207 3205 a
1222 3183 1298 3205 san·

230 3219 289 3249 ctis
311 3218 461 3248 Patribus
476 3217 703 3254 desideratum,
721 3217 761 3247 ab
777 3218 904 3259 Angelo
920 3219 1114 3256 nuntiatum,
1133 3219 1166 3249 in
1185 3218 1298 3250 beatis-

230 3263 312 3293 sima
343 3261 474 3302 Virgine
495 3262 607 3292 Maria
631 3267 896 3293 consummatum.

299 3306 335 3336 11.
357 3305 560 3346 Opusculum
584 3306 653 3336 LXI
669 3306 720 3336 De
742 3305 910 3337 dilectione
935 3306 1055 3337 Christi
1081 3311 1112 3337 et
1139 3307 1299 3347 proximi,

232 3349 420 3380 Barbavario
445 3356 601 3388 censente,
621 3362 635 3377 α
655 3349 742 3380 nulla
765 3359 802 3380 ex
825 3357 913 3390 parte
932 3350 1013 3391 sapit
1036 3350 1246 3392 Aquinatem:
1264 3351 1301 3381 li-

235 3406 249 3421 »
273 3401 320 3424 cet
335 3400 446 3425 auctor
469 3394 536 3425 eius
552 3404 755 3435 nequaquam
771 3394 811 3425 sit
826 3395 1051 3435 aspernendus.
1067 3395 1148 3426 Sane
1165 3393 1301 3436 (inquit)

236 3450 250 3464 »
273 3438 351 3468 illud
375 3448 553 3479 numquam
577 3438 691 3469 diceret
714 3438 875 3469 Thomas:
895 3439 1106 3470 Dilectionem
1118 3462 1128 3477 ,
1144 3449 1208 3480 qua
1230 3439 1302 3470 dili-

236 3493 251 3508 »
273 3483 364 3522 gitur
386 3483 476 3513 Deus
491 3483 534 3514 ad
552 3483 611 3514 hoc
634 3487 669 3513 ut
677 3483 901 3523 possideatur,
918 3485 974 3524 qui
997 3489 1044 3515 est
1067 3493 1161 3514 amor
1183 3493 1303 3514 merce-

237 3537 251 3551 »
275 3527 405 3563 narius,
424 3532 593 3566 peccatum
617 3536 694 3558 esse.
721 3527 809 3564 Quid
833 3527 918 3558 enim
951 3528 1084 3558 obsecro
1106 3527 1174 3559 vitii
1202 3527 1303 3558 inesse

238 3580 252 3594 2
275 3576 378 3608 potest
401 3570 560 3601 dilectioni
584 3570 653 3608 Dei,
671 3571 913 3612 qualiscumque
937 3581 972 3602 ea
996 3571 1046 3609 sit,
1071 3572 1131 3602 nisi
1154 3571 1236 3603 forte
1258 3571 1303 3602 vi-

238 3623 253 3638 »
275 3613 356 3643 tium
379 3614 498 3644 dicatur
522 3624 618 3645 omne
640 3614 684 3652 id,
700 3615 790 3655 quod
813 3615 919 3656 aliqua
942 3625 978 3646 ex
1002 3622 1089 3655 parte
1113 3622 1159 3647 est
1188 3615 1303 3656 imper-

938 266 1397 304 DISSERTATIONES
1428 267 1675 304 CRITICAE

1332 356 1346 372 ι·
1370 345 1498 376 fectum.
1515 346 1577 376 Ubi
1600 352 1709 376 tractat
1733 346 1771 376 de
1795 353 1966 386 augmento
1991 347 2147 378 charitatis
2171 346 2286 390 (capite
2309 349 2398 392 xvn),

1332 401 1347 416 »
1369 389 1579 420 indifferenter
1602 396 1712 420 tractat
1740 390 1780 420 de
1802 392 1912 431 gratia
1942 397 1972 422 et
1990 391 2030 422 de
2052 392 2228 423 charitate:
2256 402 2331 423 cum
2354 401 2399 424 ta—

1332 444 1347 459 »
1370 443 1444 463 men
1468 434 1554 473 apud
1587 433 1751 464 Thomam
1775 434 1936 474 differant,
1961 435 2057 466 etiarn
2080 443 2238 477 quantum
2270 437 2310 467 ad
2333 447 2400 468 rem

1332 488 1347 503 »
1370 477 1569 518 propositam
1592 484 1728 518 spectat;
1748 488 1851 519 neque
1875 479 1970 509 etiam
1994 480 2180 511 concederet
2195 481 2286 511 divus
2310 482 2399 512 Tho-

1332 532 1348 547 »
1370 531 1438 551 mas
1461 522 1575 552 eodem
1598 522 1713 562 pariter
1735 523 1834 562 gradu
1863 523 1969 563 augeri
1992 524 2124 563 gratiam
2147 531 2177 555 et
2205 525 2398 556 charitatem.

1332 576 1346 591 »
1370 565 1449 596 Item
1472 565 1579 596 nescio
1603 576 1669 606 quo
1693 566 1760 597 iure
1778 566 1821 596 ibi
1845 574 2001 598 assumat:
2026 568 2212 609 aliquando,
2231 570 2294 600 imo
2317 571 2399 601 mul-

1332 621 1347 636 »
1370 610 1461 640 toties
1483 610 1539 640 dat
1569 611 1712 651 gratiam
1736 611 1827 642 Deus
1849 611 1970 641 homini
1996 621 2066 642 sese
2096 613 2147 643 vel
2175 614 2398 651 mediocriter,

1308 686 1310 688 ¹
1332 666 1346 680 >›
1370 663 1434 683 non
1451 663 1527 684 vero
1540 654 1715 684 secundum
1733 660 1832 685 totum
1848 660 1997 686 conatum
2018 656 2199 696 disponenti
2221 656 2316 700 (Non
2331 658 2400 699 ipsa

1333 709 1347 725 »
1370 696 1542 728 afferuntur
1563 698 1668 735 verba,
1686 699 1741 729 sed
1756 699 1940 739 exprimitur
1958 698 2093 742 sensus).
2112 700 2198 731 Cum
2220 702 2328 742 potius
2344 712 2401 743 per

1333 753 1347 767 »
1371 740 1490 771 Ioelem
1513 741 1600 771 Deus
1633 741 1730 773 dicat:
1753 743 1985 774 Convertimini
2016 744 2060 774 ad
2082 755 2132 775 me
2155 746 2188 775 in
2217 751 2281 777 toto
2305 747 2401 777 corde

1333 798 1347 812 ³>
1371 790 1486 815 vestro.
1505 785 1546 815 Et
1560 785 1639 815 alius
1655 786 1814 826 Propheta
1829 787 1929 820 dicat:
1950 788 2155 826 Maledictus,
2170 791 2227 830 qui
2240 799 2321 830 opus
2335 791 2401 821 Do-

1333 842 1348 857 »
1370 829 1451 859 mini
1486 830 1691 870 negligenter
1727 836 1883 870 operatur
1888 838 1902 868 ‚⁶
1935 831 2020 861 unde
2053 832 2211 873 theologis
2244 834 2401 865 confessio

1333 885 1348 900 >
1371 873 1425 903 illa
1448 873 1576 903 celebris
1593 879 1649 911 est,
1665 874 1770 904 Deum
1785 873 1928 914 facienti
1942 875 2028 915 quod
2046 877 2078 905 in
2101 885 2136 907 se
2152 882 2208 914 est,
2225 878 2306 909 dare
2322 888 2402 919 gra-

1335 930 1349 945 »
1372 918 1460 948 tiam.
1478 917 1577 954 Quod
1593 917 1688 948 etiam
1704 918 1798 948 docet
1816 916 1977 961 (ibidem):
2000 918 2146 950 Gratiam
2159 922 2312 961 parvulis
2329 923 2404 953 dari

1335 975 1350 989 »
1373 962 1526 992 maiorem
1549 962 1600 992 vel
1620 963 1775 992 minorem
1790 962 1866 993 dum
1883 962 2097 1004 baptizantur,
2112 965 2183 994 sine
2197 966 2320 996 meritis
2333 967 2403 1007 qui-

1335 1018 1350 1033 »
1373 1006 1456 1044 dem,
1475 1015 1537 1036 non
1562 1011 1668 1037 tamen
1691 1007 1762 1037 sine
1777 1007 1894 1037 maiori
1917 1007 1967 1038 vel
1982 1008 2101 1038 minori
2122 1008 2327 1049 dispositione
2346 1020 2404 1041 na-

1336 1063 1351 1077 »
1374 1050 1549 1088 turalium,
1570 1060 1637 1081 non
1652 1057 1734 1081 recte
1750 1050 1864 1081 dicitur
1882 1051 2001 1082 iudicio
2025 1061 2110 1091 meo,
2128 1062 2232 1094 neque
2254 1054 2295 1083 ad
2315 1053 2404 1084 theo-

1338 1108 1352 1123 »
1375 1095 1524 1135 logorum
1548 1102 1700 1134 mentem,
1722 1095 1905 1136 praesertim
1926 1105 2002 1126 vero
2026 1096 2090 1126 divi
2113 1097 2299 1138 Aquinatis,
2319 1098 2405 1139 apud

1339 1153 1353 1167 ι»
1376 1149 1474 1180 quem
1493 1146 1613 1170 certum
1637 1146 1683 1170 est
1698 1139 1813 1180 gratiae
1837 1140 2046 1180 quantitatem
2066 1150 2133 1171 non
2157 1141 2246 1182 sequi
2270 1151 2403 1183 propor-

1338 1196 1353 1211 >
1375 1184 1498 1215 tionem
1521 1184 1712 1215 naturalium
1727 1184 1760 1214 in
1784 1183 1980 1223 hominibus,
1996 1185 2051 1215 sed
2071 1191 2197 1216 tantum
2219 1185 2253 1216 in
2275 1186 2405 1227 Angelis

1339 1241 1353 1255 »
1377 1239 1408 1269 p.
1426 1228 1450 1267 1,
1466 1238 1521 1269 qu.
1537 1238 1611 1267 un,
1622 1235 1678 1259 art.
1694 1239 1736 1259 νῐ.
1748 1229 1789 1259 Et
1804 1238 1844 1259 ne
1857 1228 1985 1268 longius
2001 1229 2196 1269 divagemur,
2207 1230 2307 1271 stylus
2322 1240 2404 1272 quo-

1339 1285 1354 1300 >
1377 1282 1439 1314 que
1462 1272 1530 1313 ipse
1553 1272 1596 1303 ita
1614 1273 1720 1313 palam
1744 1272 1846 1313 arguit
1868 1272 2083 1304 adulterinum
2106 1273 2241 1313 foetum,
2258 1281 2294 1305 ut
2316 1274 2349 1305 in
2372 1283 2405 1305 re

1340 1330 1355 1345 »
1378 1327 1444 1348 non
1468 1317 1565 1347 dubia
1589 1316 1787 1357 superfluum
1810 1317 1850 1348 sit
1872 1317 1919 1348 uti
1942 1317 2146 1357 argumentis.
2169 1330 2184 1345 »

1403 1363 1552 1392 Attamen
1569 1368 1678 1392 contra
1693 1361 1830 1402 primam
1846 1371 1995 1392 censurae
2010 1368 2133 1402 partem
2148 1362 2268 1393 validae
2285 1372 2322 1393 ex
2335 1362 2406 1403 ipso

1337 1412 1466 1436 auctore
1489 1405 1538 1445 agi
1553 1405 1707 1436 vindiciae
1722 1413 1858 1446 possunt
1881 1405 1982 1446 capite
1998 1413 2041 1436 111:
2071 1419 2086 1435 α
2105 1406 2165 1437 Sex
2188 1409 2298 1438 sensus
2313 1406 2409 1437 habet

1340 1462 1355 1477 »
1377 1448 1497 1490 (inquit
1517 1449 1598 1490 ille),
1614 1449 1691 1480 haec
1714 1449 1909 1490 propositio:
1929 1449 1995 1481 Iste
2017 1450 2125 1492 diligit
2146 1451 2252 1481 Deum
2270 1456 2408 1492 propter

1340 1506 1354 1520 »
1376 1493 1493 1524 Deum.
1510 1493 1619 1524 Primo
1636 1493 1736 1533 diligit
1751 1494 1857 1524 Deum
1880 1501 2010 1535 propter
2023 1494 2140 1534 Deum,
2157 1495 2270 1536 supple
2289 1495 2407 1526 haben-

1340 1549 1355 1565 »
1378 1537 1468 1575 dum,
1483 1542 1519 1568 ut
1534 1537 1652 1568 habere
1665 1538 1771 1568 Deum
1788 1538 1839 1569 vel
1850 1537 1931 1578 frui
1952 1539 2023 1569 Deo
2037 1540 2079 1570 sit
2091 1539 2176 1580 finis
2191 1540 2224 1570 in
2240 1549 2303 1580 quo
2319 1540 2407 1581 quie-

1341 1594 1356 1609 »
1377 1583 1499 1612 scitur:
1517 1587 1553 1612 ut
1575 1581 1633 1612 iste
1655 1581 1742 1612 vadit
1764 1582 1803 1612 ad
1827 1582 1990 1612 tabernam
2005 1589 2135 1623 propter
2156 1583 2270 1614 vinum
2292 1583 2410 1615 scilicet

1341 1639 1356 1654 »
1378 1625 1564 1664 bibendum,
1579 1625 1690 1656 bibitio
1715 1631 1746 1656 et
1768 1625 1933 1656 delectatio
1957 1626 2029 1666 plus
2052 1627 2155 1667 placet
2176 1627 2233 1666 illi,
2249 1637 2349 1669 quam
2362 1627 2408 1658 vi—

1342 1683 1356 1698 »
1379 1680 1470 1701 num.
1487 1670 1528 1701 Et
1543 1670 1588 1701 sic
1611 1669 1739 1710 diligere
1754 1669 1860 1700 Deum
1884 1676 1930 1700 est
1947 1670 2069 1701 malum
2092 1675 2123 1701 et
2136 1675 2318 1711 peccatum,
2334 1670 2410 1713 quia

1342 1728 1357 1743 2
1379 1714 1511 1745 refertur
1527 1714 1659 1745 Creator
1674 1714 1714 1744 ad
1729 1720 1915 1745 creaturam.
1932 1714 2080 1745 Secundo
2097 1714 2197 1755 diligit
2213 1715 2320 1746 Deum
2335 1725 2409 1756 pro-

1343 1772 1358 1786 »
1380 1766 1450 1800 pter
1471 1759 1589 1797 Deum,
1606 1758 1722 1789 scilicet
1744 1757 1938 1797 habendum,
1962 1764 1998 1790 ut
2020 1759 2146 1790 habitus
2168 1760 2232 1790 Dei
2254 1760 2305 1791 vel
2316 1759 2410 1801 frui-

1343 1816 1358 1831 »
1381 1804 1425 1834 tio
1447 1803 1511 1834 Dei
1524 1804 1566 1834 sit
1578 1803 1673 1844 finis,
1690 1812 1753 1833 non
1771 1803 1803 1833 in
1820 1812 1883 1843 quo
1905 1804 2048 1843 quiescit,
2065 1803 2122 1834 sed
2139 1813 2202 1844 quo
2225 1804 2410 1846 quiescitur.

1343 1860 1359 1875 ι»
1380 1847 1549 1878 Beatitudo
1573 1846 1659 1877 enirn
1683 1853 1784 1877 creata
1813 1853 1919 1887 potest
1942 1847 2048 1887 appeti
2071 1854 2107 1878 ut
2129 1847 2201 1879 finis
2231 1858 2297 1889 quo
2321 1847 2411 1890 quie-

1344 1905 1359 1920 »
1381 1901 1525 1930 scamus,
1551 1890 1626 1932 quia
1648 1891 1717 1931 ipsa
1740 1890 1862 1929 habita,
1889 1891 1968 1922 nihil
1991 1898 2132 1923 creatum
2155 1892 2293 1932 amplius
2316 1901 2412 1933 appe-

1345 1949 1359 1964 »
1381 1936 1498 1967 timus:
1518 1935 1574 1966 sed
1596 1935 1689 1966 debet
1711 1935 1789 1976 poni
1811 1934 1884 1966 finis
1906 1935 1939 1965 in
1963 1945 2041 1977 quo,
2064 1945 2131 1966 non
2154 1935 2187 1966 in
2210 1936 2298 1977 ipsa,
2323 1936 2412 1978 quie-

1345 1993 1359 2008 »
1382 1990 1519 2019 scamus,
1535 1979 1590 2010 sed
1613 1989 1670 2020 per
1691 1979 1794 2020 ipsam
1817 1979 1850 2009 in
1873 1979 1954 2010 Deo.
1973 1992 1989 2007 »
2008 1979 2180 2011 Verissima
2207 1981 2411 2012 documenta.

1409 2024 1456 2055 Pii
1480 2023 1630 2054 monachi
1652 2023 1906 2054 lucubrationem
1926 2023 2082 2055 existimat
2103 2024 2277 2056 Echardus.
2294 2024 2411 2056 Conie-

1343 2075 1466 2100 cturam
1489 2078 1526 2099 ex
1548 2067 1716 2108 postremis
1739 2067 1897 2108 Opusculi
1915 2068 2018 2098 verbis
2041 2068 2195 2099 desumit:
2218 2068 2300 2100 Cum
2324 2069 2357 2100 in
2373 2078 2412 2100 ea

1343 2111 1482 2155 (aeterna
1505 2110 1583 2155 vita)
1606 2111 1646 2142 de
1667 2112 1827 2143 serviente
1849 2112 1951 2150 miles,
1967 2112 2009 2143 de
2031 2113 2150 2144 novitio
2166 2112 2349 2154 professus,
2373 2113 2414 2144 de

1343 2167 1460 2199 sponsa
1470 2156 1665 2188 subharrata
1669 2156 1716 2197 fit
1725 2157 1846 2187 coniux
1860 2161 2093 2195 consummata,
2098 2166 2164 2198 per
2171 2157 2279 2188 Iesum
2288 2157 2413 2198 princi—

1338 2211 1414 2243 pem
1428 2211 1574 2232 summae
1589 2201 1776 2238 maiestatis,
1793 2200 1946 2231 Abbatem
1965 2210 2110 2232 summae
2124 2202 2315 2233 sanctitatis.
2332 2201 2415 2240 Quin

1345 2246 1442 2284 enim,
1459 2245 1573 2286 inquit,
1588 2244 1753 2276 Christum
1775 2245 1906 2276 Abbatis
1928 2245 2034 2284 titulo,
2049 2245 2148 2277 veluti
2171 2245 2299 2285 eximio,
2322 2245 2415 2277 deco-

1345 2300 1412 2321 rare
1435 2289 1494 2321 sibi
1517 2289 1550 2320 in
1566 2289 1712 2320 animum
1735 2288 1918 2328 induxisset,
1936 2289 1995 2320 nisi
2019 2287 2218 2321 monachus?
2234 2290 2329 2321 Plura
2348 2289 2416 2322 Ou-

1345 2334 1440 2365 dinus
1463 2333 1560 2372 affert,
1577 2333 1694 2375 quibus
1710 2333 1749 2364 ab
1772 2333 1932 2375 Aquinate
1947 2333 2196 2365 abiudicandum
2211 2334 2418 2376 Opusculum

1345 2385 1461 2410 censet.

1413 2423 1464 2454 111.
1485 2421 1689 2463 Opusculum
1711 2421 1796 2452 LXII
1812 2422 1863 2452 De
1877 2421 1996 2454 divinis
2013 2422 2166 2460 moribus,
2186 2435 2202 2451 «
2219 2422 2315 2454 nullis
2330 2422 2418 2454 adhi-

1347 2479 1362 2495 »
1384 2467 1458 2498 bitis
1480 2465 1646 2499 tormentis
1662 2464 1789 2507 (inquit
1806 2466 2021 2510 Barbavara)
2047 2473 2210 2498 auctorem
2232 2466 2418 2508 imperitum

1348 2524 1363 2539 s
1386 2511 1504 2552 prodit,
1520 2511 1599 2541 dum
1622 2510 1736 2541 bonam
1761 2510 1957 2542 voluntatem
1977 2509 2093 2554 (capite
2107 2509 2144 2554 n)
2165 2511 2246 2542 inter
2261 2512 2347 2542 bona
2361 2521 2417 2542 nar—

1348 2569 1363 2584 »
1386 2555 1498 2587 turalia
1517 2561 1744 2586 connumerat:
1764 2555 1842 2586 bene
1865 2555 1975 2596 legere
1997 2560 2028 2586 et
2045 2561 2180 2587 cantare
2202 2554 2350 2599 (ibidem)
2368 2555 2417 2587 in-

1349 2612 1364 2628 »
1385 2607 1433 2631 ter
1455 2599 1567 2640 gratias
1583 2599 1678 2639 gratis
1701 2599 1804 2630 datas:
1824 2599 1958 2630 virtutes
1973 2599 2110 2641 denique
2124 2601 2265 2631 morales
2287 2598 2417 2643 (eodem

1350 2657 1364 2672 ιι
1386 2644 1420 2674 in
1435 2642 1523 2686 loco)
1538 2643 1620 2674 inter
1635 2643 1720 2674 dona
1742 2642 1886 2683 gratuita.
1904 2643 2004 2681 Quasi
2021 2644 2105 2674 bona
2120 2644 2269 2675 voluntas
2289 2643 2417 2675 aliunde

1350 2700 1365 2716 »
1387 2688 1438 2726 sit,
1453 2697 1552 2728 quam
1567 2697 1604 2717 ex
1619 2686 1773 2718 virtutum
1789 2686 1964 2718 habitibus:
1980 2694 2017 2718 ut
2030 2687 2194 2719 mittamus
2209 2686 2418 2728 impropriam

1351 2744 1365 2759 ι
1387 2732 1475 2762 illam
1497 2731 1549 2762 De
1575 2731 1693 2762 divinis
1723 2730 1866 2761 moribus
1897 2730 2148 2772 inscriptionem.
2178 2744 2194 2759 ι»
2219 2731 2418 2762 Monachum

1348 2782 1512 2806 auctorem
1534 2774 1629 2805 habet
1646 2774 1828 2813 Echardus,
1854 2781 1967 2816 utpote
1998 2775 2055 2816 qui
2085 2775 2187 2816 capite
2209 2785 2232 2806 n
2259 2776 2416 2807 neminem

1349 2819 1585 2860 despiciendum
1610 2824 1750 2857 moneat,
1765 2819 1795 2849 si
1818 2828 1881 2850 non
1905 2824 1953 2850 est
1975 2819 2008 2850 in
2033 2829 2070 2850 eo
2091 2820 2236 2858 sanitas,
2262 2819 2418 2851 membro-

1350 2874 1423 2895 rum
1440 2863 1623 2904 integritas,
1641 2863 1785 2903 corporis
1789 2861 1966 2904 fortitudo,
1973 2862 2111 2905 formae
2119 2863 2340 2905 pulchritudo,
2355 2864 2419 2895 elo-

1350 2909 1481 2949 quentia
1506 2908 1601 2945 νοείε,
1618 2906 1768 2938 habilitas
1790 2907 1834 2938 ad
1851 2907 2047 2939 cantandum
2072 2913 2103 2939 et
2126 2908 2320 2949 legendum:
2336 2917 2419 2950 quo-

1351 2962 1424 2983 rum
1448 2951 1611 2990 debemus,
1628 2956 1783 2992 quantum
1801 2961 1986 2992 possumus,
2002 2951 2148 2993 defectus
2169 2952 2330 2993 supplere.

1419 2996 1471 3027 IV.
1495 3009 1510 3024 ι
1535 2995 1586 3026 Ab
1610 2995 1724 3026 eodem
1757 3002 1885 3026 auctore
1910 2994 2039 3037 (inquit
2060 2996 2280 3039 Barbavara)
2305 2995 2423 3038 prodiit

1355 3053 1370 3069 »
1392 3039 1596 3082 Opusculum
1619 3039 1717 3070 LXIII
1741 3039 1793 3070 De
1815 3039 2019 3071 beatitudine.
2046 3040 2144 3078 Quod
2178 3040 2332 3072 coniicere
2348 3040 2423 3072 lieet

1355 3098 1370 3113 »
1393 3095 1430 3116 ex
1458 3083 1550 3116 tertio
1581 3084 1726 3114 membro
1762 3084 1873 3124 capitis
1903 3084 2044 3124 secundi,
2066 3084 2121 3116 ubi
2144 3091 2255 3116 auctor
2277 3085 2335 3116 ait:
2362 3084 2423 3116 En

1356 3141 1370 3156 ι
1393 3134 1423 3160 et
1446 3128 1537 3160 aliud
1560 3129 1768 3169 inflammans
1789 3129 1932 3159 animam
1955 3129 1999 3160 ad
2020 3129 2196 3160 amandum
2219 3129 2325 3160 Deum
2349 3129 2422 3161 totis

1356 3186 1371 3201 »
1394 3173 1525 3211 viribus,
1542 3173 1662 3204 scilicet
1683 3173 1785 3203 divini
1807 3182 1913 3204 mores
1921 3173 2160 3214 perfectissimi,
2176 3173 2216 3204 de
2238 3173 2353 3214 quibus
2374 3177 2422 3204 oct

1356 3230 1372 3246 ν
1393 3217 1461 3248 alia
1485 3217 1622 3248 materia
1643 3217 1792 3257 specialis
1818 3215 1991 3259 (Superius
2014 3217 2218 3258 Opusculum
2241 3214 2420 3260 indicatur).

1357 3274 1372 3290 ιι
1395 3262 1502 3299 Quare
1521 3261 1632 3292 eadem
1646 3261 1816 3302 utrobique
1839 3268 1885 3292 est
1899 3271 2039 3293 censura.
2056 3261 2124 3292 Nisi
2147 3268 2179 3293 et
2192 3261 2272 3292 illud
2294 3260 2422 3292 evidens

1358 3319 1373 3335 n
1396 3306 1436 3337 sit
1458 3311 1683 3346 argumentum
1706 3312 1815 3336 contra
1833 3305 1951 3346 ipsum,
1968 3306 2057 3347 quod
2073 3306 2199 3337 doceat:
2217 3305 2337 3336 Beatos
2350 3305 2421 3345 ipsa

1358 3363 1372 3378 ι
1395 3359 1520 3391 quoque
1534 3350 1747 3381 secretissima
1762 3350 1826 3380 Dei
1842 3350 1960 3382 iudicia
1974 3350 2205 3391 contemplari:
2226 3359 2257 3380 v.
2273 3358 2304 3389 g.
2320 3357 2423 3391 quare

1358 3406 1373 3422 »
1394 3395 1485 3425 Deus
1507 3394 1604 3425 Iacob
1626 3394 1793 3432 dilexerit,
1809 3394 1900 3425 Esau
1919 3399 2027 3426 autem
2050 3394 2122 3426 odio
2137 3393 2304 3425 habuerit:
2320 3401 2423 3434 quare

1359 3451 1374 3466 ι
1397 3448 1440 3470 ex
1461 3438 1586 3470 duobus
1601 3439 1754 3479 parvulis
1769 3448 1868 3469 unum
1885 3438 2039 3480 baptismo
2053 3438 2253 3470 subtraxerit
2272 3445 2314 3467 ex
2325 3435 2423 3478 fideli

1360 3495 1375 3511 a>
1399 3488 1522 3521 natum,
1539 3482 1678 3514 alterum
1694 3482 2022 3524 Sacramentofuerit
2043 3482 2207 3524 dignatus.
2225 3480 2317 3518 Quae
2340 3486 2421 3511 certe

1361 3539 1375 3555 »
1398 3527 1606 3568 hyperbolem
1622 3527 1796 3568 quamdam
1818 3527 1944 3558 habent.
1963 3539 1979 3554 ι»
1998 3528 2172 3558 Auctorem
2191 3524 2348 3565 scripsisse
2364 3530 2423 3554 ter-

1357 3571 1530 3602 tiodecimo
1553 3571 1680 3602 saeculo
1710 3571 1839 3602 ineunte
1873 3570 1992 3611 colligit
2013 3569 2175 3601 Echardua
2199 3577 2236 3599 ex
2265 3567 2327 3598 illis
2349 3568 2422 3599 loco

1359 3615 1454 3647 citato
1477 3615 1579 3646 verbis
1609 3615 1689 3646 circa
1712 3615 1872 3646 medium:
1905 3613 1934 3646 Ο
1955 3613 2156 3646 admirabilis
2173 3612 2322 3653 fidelitas
2345 3612 2421 3644 Iesu
