2548 4192
943 263 999 298 IN
1029 262 1067 298 S.
1091 261 1335 297 THOMAM
1362 262 1686 308 AQUINATEM

201 347 285 377 Isaac
309 345 488 376 Monachus

199 390 339 420 Isidorus
362 389 534 428 Pelusiota,
559 387 615 429 qui
639 393 670 417 et
694 386 834 417 Isidorus
857 385 975 416 Abbas.

199 434 232 465 S.
253 434 392 465 Iustinus
415 434 460 464 M.

199 478 231 509 S.
252 478 408 509 Macarius
432 477 554 509 Senior.

198 523 324 554 Marcus
348 522 537 561 Monachus,
561 521 612 552 vel
635 521 731 552 etiam
754 520 880 551 Marcus
904 518 1077 549 Heremita.

199 567 232 598 S.
251 567 411 598 Maximus
434 567 479 598 M.

198 611 439 652 Metaphrastes,
463 611 519 652 qui
543 618 574 641 et
596 610 739 642 Simeon.

198 656 231 687 S.
251 656 435 687 Methodius
459 655 640 696 Episcopus
663 654 743 696 Tyri
767 659 798 684 et
820 653 865 684 M.

197 700 325 731 Nicetas
347 692 595 741 Paphlagonius.

199 744 232 776 S.
251 745 345 776 Nilus
368 745 546 776 monachus
571 743 667 784 Copl.
687 743 784 774 etiam
807 742 900 772 Nilus
923 741 1030 772 Abbas
1055 740 1167 771 dictus.

199 789 355 830 Origenes
377 789 600 820 Adamantius.

198 832 292 865 Philo
316 834 495 874 Carpatius.

198 878 334 910 photius
357 879 478 919 Cpolit.
498 877 684 910 testimonio
709 888 733 907 s.
755 876 866 918 Cyrilli
891 874 1144 907 commendatus.

199 922 332 954 Procius
355 930 386 954 et
408 923 476 964 ipse
500 921 782 962 Constantinopol.

199 967 333 999 Severus
357 967 588 999 Antiochenus.

199 1011 232 1043 S.
253 1012 404 1054 Synesius
427 1011 632 1044 ptolemaidis
655 1010 762 1052 Episc.

199 1056 435 1088 Theodoretus.

199 1101 391 1132 Theodotus
414 1101 448 1132 in
473 1099 620 1132 Concilio
645 1099 820 1140 Ephesino.

199 1145 426 1190 Theophanes·

145 1193 151 1197 “
194 1189 448 1231 Theophrastes.

199 1234 474 1276 Theophylactus.

198 1278 406 1320 Tbeopistus.

192 1323 296 1355 Titus
317 1322 537 1361 bearnensis?

175 1359 315 1400 ’Ὓῐὲῐὸἶ
331 1367 562 1399 Antiochenus.

193 1458 219 1481 ‘2'
240 1465 242 1467 ’
264 1457 332 1488 Tot
349 1457 457 1488 Patres
476 1457 718 1498 scriptoresque,
740 1465 823 1497 quos
845 1454 983 1486 maxime
1005 1452 1144 1484 Graecos
1163 1462 1276 1483 nume-

194 1501 356 1540 ravimus,
379 1501 413 1532 in
427 1501 534 1542 Opere
558 1501 622 1531 divi
645 1500 794 1532 Thomae
816 1499 943 1540 allegari
975 1499 1068 1530 docet
1097 1497 1277 1534 Nicolaius,

192 1546 249 1578 vel
277 1546 410 1578 nomine
441 1555 613 1587 suppresso
644 1547 677 1576 in
704 1545 845 1583 Glossis,
870 1544 921 1574 vel
950 1544 1009 1574 sub
1039 1542 1172 1574 nomine
1194 1551 1276 1581 vago

192 1590 330 1629 Graeci,
350 1597 406 1622 aut
428 1591 634 1632 &positoris
659 1590 796 1621 Graeci:
818 1589 915 1630 idque
939 1598 972 1618 se
996 1587 1140 1618 didicisse
1164 1586 1276 1616 admo·

197 1642 264 1676 net,
278 1635 421 1676 diligenti
439 1635 521 1666 facta
539 1634 711 1666 collatione
730 1640 802 1664 tum
823 1634 967 1664 Catenae
979 1642 1061 1663 mxxv
1077 1632 1276 1663 Graecorum

198 1676 346 1718 Parrum,
370 1690 471 1721 quam
493 1679 592 1710 edidit
616 1678 799 1717 Corderius‚
816 1685 887 1709 tum
912 1677 1036 1708 Graece
1058 1676 1279 1717 Expositionis

193 1725 233 1756 *in
257 1725 380 1756 Lucam
404 1724 502 1755 instar
520 1724 660 1756 Catenae
679 1723 897 1762 concinnatae,
917 1731 1016 1763 quam
1038 1728 1140 1752 servat
1163 1729 1277 1750 manu—

192 1769 350 1811 scriptam
368 1768 551 1800 Parisiensis
566 1767 742 1800 Cardinalis
761 1766 913 1799 Mazarini
933 1765 1136 1802 bibliotheca,
1154 1764 1277 1805 sibique

191 1810 420 1855 -indigitaverat
448 1813 652 1844 doctissimus
682 1811 864 1843 consodalis
897 1811 1083 1842 Franciscus
1113 1808 1277 1841 Combefi-

192 1854 275 1890 sius.
300 1858 386 1889 Tam
407 1858 602 1889 laboriosam
624 1866 701 1888 vero
725 1856 844 1888 laudati
871 1855 994 1887 Nicolai
1018 1865 1151 1896 operam
1174 1854 1206 1884 in
1230 1853 1277 1884 in-

190 1902 322 1935 andbus
345 1902 494 1934 locorum
516 1908 660 1933 accurate
679 1901 839 1940 notandis,
854 1900 995 1942 ipsisque
1014 1899 1093 1931 locis
1116 1909 1193 1930 vero
1217 1909 1277 1929 suo

198 1947 321 1981 auctori
339 1947 552 1986 restituendis,
568 1947 640 1988 quis
659 1946 836 1987 impensius
856 1955 922 1976 non
942 1941 1168 1976 commendet?
1189 1944 1278 1975 Ultra

197 1991 352 2043 processit
374 1991 438 2023 ille.
467 1992 581 2023 Narrat
613 1991 734 2034 quippe
762 1991 795 2021 in
814 1989 1028 2022 Praefatione:
1057 2002 1071 2017 κ
1094 1989 1278 2020 Adulterata

195 2046 216 2066 Υ»
237 2037 369 2068 Patr-um
400 2036 451 2067 vel
481 2036 620 2067 aliorum
648 2045 781 2078 quoque
804 2042 973 2066 auctorum
995 2034 1109 2072 verba,
1137 2040 1167 2064 et
1190 2043 1277 2074 prae-

198 2093 217 2111 »
238 2081 347 2113 sertim
361 2081 570 2120 Graecorum,
589 2091 672 2123 quae
695 2081 791 2112 latine
815 2089 982 2121 perperam
1001 2078 1122 2109 reddita
1140 2085 1226 2117 sunt,
1242 2088 1279 2108 ex

199 2138 216 2155 ›
235 2125 384 2167 ipsismet
406 2125 549 2157 fontibus
573 2125 762 2157 restituisse:
778 2131 927 2165 corrupta
947 2123 1150 2165 reparavisse,
1165 2123 1279 2154 mutila

200 2183 216 2199 ι
238 2170 455 2211 integrasse...‚
466 2170 686 2211 praetermissa
700 2170 908 2211 supplevisse,
923 2168 1107 2210 imperfecta
1121 2167 1278 2208 comples-

200 2226 219 2244 »
239 2224 292 2254 se,
317 2215 498 2256 perturbata
528 2211 713 2256 digessisse,
738 2214 887 2255 ambigua
911 2213 1083 2245 evolvisse:
1109 2219 1140 2243 et
1171 2213 1222 2243 vel
1245 2212 1278 2243 in

202 2272 217 2288 »
239 2266 326 2291 textu
341 2259 539 2298 immutasse,
550 2269 626 2291 cum
640 2259 803 2290 iminutari
818 2259 964 2290 absolute
979 2257 1191 2289 necessarium
1207 2256 1278 2295 fuit;

201 2316 217 2333 ι
238 2304 291 2335 vel
299 2304 455 2335 veriorem
469 2305 641 2336 lectionem
655 2315 691 2335 ac
706 2304 881 2345 legitimam
891 2313 929 2334 ex
943 2312 1127 2344 graecarum
1141 2301 1278 2332 locutio-

201 2361 217 2377 »
239 2358 320 2379 num
343 2359 404 2380 usu
428 2349 469 2380 ad
492 2349 669 2390 marginem
688 2349 851 2390 posuisse:
880 2355 911 2379 et
925 2358 1050 2389 graecas
1074 2347 1158 2387 ipsas
1181 2357 1277 2377 voces

181 2406 216 2434 ὓ»
238 2393 290 2424 vel
313 2393 442 2434 phrases
466 2394 638 2436 aliquando
663 2394 798 2434 integras
823 2393 863 2423 ad
884 2393 1040 2423 maiorem
1056 2391 1277 2422 certitudinem

192 2438 456 2469 w‘annotavisse.
476 2451 491 2466 s
514 2439 588 2476 Qua
610 2439 643 2469 in
668 2448 700 2469 re
724 2448 764 2469 an
795 2437 924 2468 liberius
955 2436 1053 2477 egerit
1082 2436 1150 2476 ipse
1178 2445 1276 2476 quam

198 2491 256 2523 par
278 2489 360 2513 esset
387 2489 456 2513 orta
479 2482 518 2513 lis
548 2489 595 2514 est
618 2493 692 2514 cum
717 2482 886 2513 Francisco
911 2479 1125 2518 Combefisio‚
1150 2480 1189 2510 de
1213 2490 1276 2520 qua

195 2525 278 2557 infra
300 2526 483 2558 dicendum.

581 2614 782 2651 CAPUT
818 2614 886 2650 IV.

196 2696 444 2727 Animadversiouee
464 2697 565 2722 citicae
583 2697 609 2722 in
628 2703 712 2723 textus
732 2698 782 2723 sub
796 2698 914 2731 Dionysii
935 2697 1106 2731 Areopagitae
1125 2706 1154 2723 ac
1173 2697 1276 2731 Iosephi

269 2732 376 2758 nomine
394 2733 521 2758 laudatos.
540 2733 605 2758 Item
624 2733 650 2758 in
669 2734 746 2767 Opus
765 2733 947 2766 imperfectum
966 2734 992 2759 in
1011 2733 1171 2759 Matthaeum
1185 2741 1215 2759 ac
1232 2742 1277 2759 ve-

269 2772 367 2793 tustam
386 2768 491 2793 latinam
509 2768 684 2794 Homiliarum
710 2769 893 2803 Chrysostomi
911 2770 1069 2795 versionem.
1088 2770 1151 2794 ltem
1171 2770 1197 2794 in
1217 2777 1277 2794 sen-

269 2804 362 2829 tentias
376 2804 516 2829 nonnullas
531 2804 630 2838 Cyrillo
645 2805 820 2830 Alexandrino
835 2805 943 2830 tributas
958 2813 988 2830 ac
1003 2805 1093 2830 Hilarii
1108 2805 1278 2830 Pictaviensis

270 2839 411 2872 genuinam
430 2840 567 2868 cuiusdam
586 2841 635 2865 loci
655 2841 802 2866 lectionem.
818 2842 846 2866 In
866 2841 1036 2874 Euthymium
1053 2841 1214 2874 Zigabenum
1234 2841 1279 2866 de-

272 2875 352 2908 nique
370 2879 450 2908 atque
468 2875 587 2901 Glossas.
603 2903 607 2907 ,
903 2880 909 2886 ·

203 2968 227 3000 1,
249 2961 415 3044 Capita
437 2965 595 3006 quaedam
618 2965 724 2996 adhuc
747 2974 899 3005 manent,
918 2967 959 2997 ad
981 2967 1070 3007 ipsos
1094 2967 1202 2998 Patres
1226 2977 1279 2997 eo-

284 3022 287 3026 >
329 3018 467 3050 rumque
490 3019 589 3050 opera
606 3010 785 3052 latinasque
807 3011 968 3041 versiones
992 3011 1175 3050 attinentia,
1197 3021 1279 3052 quae

203 3053 476 3087 animadversione
499 3054 596 3094 digna
618 3061 702 3085 sunt.
720 3055 834 3086 Paullo
859 3055 1012 3086 fusiorem
1031 3056 1195 3087 instituere
1218 3063 1280 3086 ser-

202 3110 338 3132 monem
360 3097 469 3136 lioeat,
495 3108 562 3139 quo
586 3097 696 3138 ipsum
717 3099 866 3130 Thomae
889 3099 983 3140 Opus
1007 3107 1062 3131 aut
1084 3100 1280 3130 illustremus

202 3152 260 3177 aut
281 3141 491 3175 vindicemus.

270 3187 452 3230 Dionysius
474 3186 686 3228 Areopagites,
703 3187 836 3229 eiusque
853 3198 951 3229 opera
969 3195 1141 3220 occurrunt
1162 3188 1280 3229 primo.

203 3234 332 3266 Natales
355 3240 469 3264 eorum
486 3230 596 3261 incerti
609 3231 757 3262 videntur
775 3239 806 3263 et
819 3233 957 3264 obscuri.
977 3232 1100 3264 Contra
1120 3242 1280 3271 censoreS,

204 3278 262 3321 qui
285 3278 380 3319 primi
403 3274 560 3317 prodiere,
575 3282 707 3316 egerunt
719 3276 872 3307 vindicias
892 3277 1030 3308 ineunte-
1042 3278 1169 3308 saeculo
1193 3283 1281 3307 sexto

205 3323 340 3354 loannes
372 3319 654 3362 Scythopolitanus
685 3325 716 3350 et
737 3321 896 3352 Maximus
1068 3321 1196 3352 saeculo
1223 3322 1282 3351 Ec-

205 3367 318 3399 clesiae
342 3366 498 3407 septimo,
522 3373 664 3405 quorum
694 3365 862 3405 apologiae
891 3365 926 3395 in
953 3364 1082 3396 scholiis
1112 3366 1153 3395 ad
1176 3365 1284 3405 Opera

204 3412 304 3452 vulgo
332 3408 554 3451 Areopagitica
582 3407 739 3439 habentur
768 3415 799 3439 et
831 3409 866 3439 in
893 3409 1048 3449 prologo:
1073 3409 1283 3449 eamdemque

204 3456 352 3497 Spartam
375 3454 500 3486 ornavit
522 3452 716 3483 Theodorus
743 3452 876 3493 quidam
898 3453 1060 3493 presbyter
1087 3453 1174 3493 apud
1198 3453 1283 3483 Pho-

204 3498 288 3531 tium
302 3500 411 3531 codice
424 3498 541 3540 primo.
556 3497 779 3537 Superioribus
801 3496 945 3535 saeculis,
965 3496 1007 3526 ad
1024 3503 1159 3527 aetatem
1180 3506 1283 3537 usque

205 3543 371 3575 Theodori
395 3544 498 3575 Gazae
513 3549 544 3573 et
558 3541 719 3573 Laurentii
733 3541 853 3580 Vallae,
868 3541 924 3582 qui
938 3541 1066 3571 saeculo
1085 3540 1282 3581 quintodeci-

207 3596 263 3619 mo
277 3588 442 3628 florebant,
457 3588 535 3619 haec
553 3586 665 3627 opinio
685 3585 823 3617 obtinuit
846 3585 1099 3626 praevaluitque3
1119 3583 1282 3615 omnium-

207 3642 272 3674 que
295 3642 453 3664 consensu
476 3630 796 3678 atquenveneratione
819 3629 935 3670 scripta
956 3629 1029 3668 illa,
1046 3636 1212 3670 tamquam
1230 3638 1282 3668 ge-

2350 279 2410 304 clx

1331 342 1449 373 nuinus
1464 344 1675 385 antiquissimi
1697 346 1907 385 Areopagitae
1921 347 2154 386 Apostolorum
2177 348 2322 390 discipuli
2342 352 2408 382 foe-

1330 392 1393 424 tuS,
1418 387 1665 428 recipiebantur;
1690 396 1726 420 ut
1749 390 1868 420 mirum
1892 390 2023 421 minime
2054 391 2094 422 sit
2125 392 2282 424 eiusmodi
2311 396 2408 426 libros

1331 431 1450 471 absque
1474 432 1539 462 ulla
1562 433 1769 464 haesitatione
1793 434 1942 473 allegasse
1966 435 2141 473 Thomam‚
2162 447 2285 478 suoque
2311 439 2410 470 Com-

1331 476 1486 505 mentario
1511 476 1700 517 inscriptum
1723 488 1817 518 opus,
1841 479 1882 508 de
1904 479 2022 509 divinis
2045 480 2255 519 Nominibus,
2276 482 2410 514 illustra—

1330 518 1422 549 visse.
1447 519 1580 551 Saeculo
1612 532 1700 552 nono
1733 523 1867 553 loannes
1891 523 2027 563 Erigena
2050 524 2164 554 Scotus
2196 525 2292 556 latine
2320 529 2412 558 vertit

1331 562 1429 593 libros
1448 564 1488 593 de
1509 566 1646 603 coelesti,
1663 573 1694 596 et
1717 567 1757 597 de
1779 568 1992 598 ecclesiastica
2007 568 2218 607 Hierarchia,
2235 570 2274 601 de
2293 571 2411 602 divinis

1331 607 1534 645 Nominibus,
1560 609 1661 650 deque
1684 613 1822 651 mystica
1858 611 2041 653 Theologia.
2057 613 2184 643 Novam
2208 614 2339 646 latinam
2362 616 2409 646 in-

1331 652 1601 691 terpretationem,
1617 655 1797 693 postulante
1812 655 1929 686 Odone
1944 656 1982 686 de
1997 657 2127 697 Diogilo
2150 659 2272 689 Abbate
2291 670 2315 690 s.
2332 660 2410 690 Dio-

1332 695 1414 736 nysii
1437 706 1539 736 prope
1558 697 1704 736 Parisios,
1721 709 1884 739 aggressus
1904 707 1950 731 est
1970 701 2102 732 Ioannes
2122 702 2306 744 Saracenus,
2322 715 2410 735 com-

1332 740 1494 781 plevitque
1518 748 1593 781 post
1617 752 1737 772 annum
1768 745 1859 774 1153.
1890 745 2066 786 Utramque
2089 747 2194 777 videre
2219 758 2254 778 ac
2278 749 2408 780 lustrare

1332 784 1422 815 licuit
1445 785 1609 826 Aquinati.

1401 829 1563 870 Iosephus
1578 830 1920 872 Hierosoirmitanus,
1950 834 2006 874 qui
2037 835 2069 865 in
2094 837 2240 867 Romana
2271 838 2410 869 editione

1333 873 1407 903 anni
1437 876 1519 915 1570
1543 882 1732 913 recensetur,
1748 877 1861 907 obiisse
1885 878 1998 908 dicitur
2021 889 2108 910 anno
2122 881 2198 920 37⁰·
2215 882 2300 912 Hinc
2324 883 2408 913 Iose-

1332 917 1436 958 phum
1458 918 1552 949 illurn
1575 919 1614 949 ab
1639 919 1822 950 Editoribus
1837 921 2032 953 intellectum
2051 931 2142 964 puto,
2158 935 2256 966 quem
2280 927 2411 957 natione

1333 962 1496 1000 iudaeum,
1512 964 1625 1003 patria
1645 965 1893 1005 tyfberiensem..,
1917 968 2042 1007 ingenti
2063 970 2220 1000 miraculo
2243 971 2286 1001 ad
2305 971 2409 1012 fidem

1326 1012 1542 1047 pertractum,
1566 1008 1610 1038 rei
1634 1009 1819 1040 christianae
1842 1010 1875 1040 in
1896 1012 2009 1042 Iudaea
2032 1012 2304 1054 amplificatorem,
2320 1015 2413 1045 refert

1333 1050 1438 1081 Sixtus
1462 1051 1610 1082 Senensis
1633 1054 1791 1085 claruisse
1820 1056 1879 1086 sub
1905 1056 2092 1087 Constantio
2116 1058 2282 1099 Principe,
2308 1060 2412 1090 subla-

1332 1102 1468 1136 tumque
1491 1103 1594 1127 morte
1618 1107 1706 1128 anno
1729 1099 1862 1129 Domini
1874 1100 1939 1139 370
1961 1104 2230 1143 nonagenarium.
2247 1103 2333 1134 Cum
2357 1114 2410 1134 eo-

1333 1139 1407 1170 dem
1431 1140 1575 1181 plerique
1598 1142 1685 1182 apud
1709 1143 1853 1174 Caveum
1885 1144 2087 1176 confundunt
2116 1138 2288 1186 Iosephum
2311 1148 2411 1178 alium

1333 1183 1570 1223 Christianum,
1596 1194 1759 1218 auctorem
1789 1188 2038 1229 Hypomnestici
2069 1201 2123 1221 seu
2149 1190 2410 1231 Commonitorii,

1331 1228 1365 1258 in
1389 1239 1457 1269 quo
1481 1230 1615 1261 breviter
1639 1231 1735 1262 dubia
1759 1233 1937 1271 solvuntur,
1957 1244 2039 1274 quae
2064 1235 2206 1266 rudiores
2230 1236 2411 1275 Christiani,

1331 1272 1504 1314 minusque
1528 1274 1562 1304 in
1585 1285 1671 1306 sacra
1693 1277 1825 1307 historia
1849 1277 1939 1317 periti
1963 1289 2143 1319 proponere
2165 1287 2320 1320 poterant.
2350 1281 2412 1311 Sed

1331 1317 1418 1349 hunc
1448 1318 1530 1349 circa
1560 1330 1682 1351 annum
1716 1322 1778 1363 370
1803 1322 1946 1352 floruisse
1975 1323 2149 1354 coniiciunt
2176 1324 2321 1356 laudatus
2351 1325 2410 1356 Ca-

1331 1371 1410 1392 veus
1434 1369 1465 1393 et
1488 1363 1623 1395 Ioannes
1647 1365 1796 1397 Albertus
1823 1367 1994 1398 Fabricius.

1399 1407 1558 1438 Neutrum
1581 1419 1657 1440 vero
1688 1411 1727 1441 ab
1758 1411 1918 1452 Aquinate
1950 1418 2060 1442 nostro
2089 1413 2258 1453 allegatum
2288 1414 2413 1445 Nicolai

1331 1451 1487 1482 sententia
1520 1460 1575 1484 est.
1609 1454 1643 1484 ln
1676 1465 1736 1486 suo
1774 1455 1951 1497 Catalogo‚
1983 1467 2081 1498 quem
2119 1458 2220 1497 capite
2251 1458 2412 1498 superiore

1332 1495 1568 1536 descripsimus,
1584 1505 1722 1540 utroque
1743 1500 1871 1538 reiecto,
1887 1501 2048 1532 substituit
2069 1502 2137 1542 ipse
2159 1502 2328 1543 Iosephum
2349 1503 2411 1533 Hi-

1331 1541 1496 1579 storicum,
1517 1542 1729 1576 Iudaicarum
1753 1546 1981 1586 antiquitatum
2005 1552 2180 1577 auctorem.
2206 1549 2253 1578 Ac
2275 1557 2349 1577 sane
2373 1547 2413 1577 ad

1333 1591 1429 1625 caput
1448 1596 1480 1616 11
1501 1587 1651 1618 Matthaei
1665 1594 1695 1619 v.
1713 1598 1752 1619 22
1774 1599 1811 1619 ex
1830 1589 1946 1620 eodem
1961 1591 2098 1631 Iosepho
2121 1591 2294 1630 Historico,
2315 1601 2413 1632 quem

1331 1629 1456 1670 allegat,
1472 1630 1563 1670 plura
1578 1632 1618 1662 ad
1632 1633 1851 1674 genealogiam
1875 1635 2012 1665 Herodis
2033 1641 2063 1665 et
2081 1635 2226 1666 Archelai
2251 1636 2414 1666 attinentia

1332 1673 1465 1705 deflorat
1488 1675 1632 1707 Thomas
1657 1687 1693 1707 ex
1716 1677 1802 1708 libris
1828 1679 2027 1710 Iudaicarum
2051 1680 2292 1721 antiquitatum,
2322 1687 2353 1711 et
2374 1680 2412 1710 de

1331 1718 1417 1748 bello
1442 1719 1581 1750 Iudaico.
1597 1721 1646 1752 De
1661 1722 1791 1763 antiqua
1814 1723 1969 1754 librorum
1994 1724 2119 1764 losephi
2149 1724 2245 1755 latina
2267 1725 2413 1755 versione

1331 1763 1454 1803 egregie
1487 1763 1626 1804 disputat
1657 1765 1887 1798 illustrissimus
1919 1769 2023 1799 lustus
2054 1769 2252 1800 Fontaninus
2284 1769 2412 1800 Archie-

1332 1807 1485 1848 piscopus
1515 1811 1704 1850 Ancyranus
1734 1811 1816 1842 libro
1847 1812 1875 1843 V
1902 1813 2060 1843 Historiae
2090 1813 2254 1844 litterariae
2282 1813 2413 1854 Aquile-

1332 1851 1427 1882 iensis
1451 1853 1553 1893 capite
1576 1864 1640 1891 xvr,
1664 1855 1719 1885 ubi
1744 1856 1837 1887 docet
1860 1858 1963 1887 nullas
1987 1857 2020 1887 in
2045 1867 2080 1888 ea
2109 1858 2292 1888 adornanda
2315 1858 2412 1888 fuisse

1332 1903 1436 1937 partes
1467 1897 1576 1928 Rufini
1607 1900 1782 1941 Presbyteri
1806 1901 2036 1942 Aquileiensis,
2069 1909 2105 1934 ut
2134 1903 2232 1942 vulgo
2257 1902 2413 1933 creditum

1333 1947 1393 1972 est:
1418 1941 1573 1974 Iudaicas
1595 1954 1672 1974 vero
1696 1947 1920 1986 antiquitates,
1946 1946 2105 1986 flagitante
2131 1946 2344 1985 Cassiodoro,
2368 1947 2412 1977 la—

1332 1985 1398 2016 tine
1422 1996 1589 2018 conversas
1613 1989 1652 2019 ab
1676 1989 1744 2020 eius
1768 1990 1888 2029 amicis,
1913 1991 2095 2031 Epiphanio
2119 1990 2327 2030 Scholastico,
2343 1991 2412 2021 Bel-

1333 2030 1431 2061 latore
1463 2032 1650 2074 Presbytero
1687 2041 1718 2065 et
1748 2034 1917 2066 Mutiano:
1953 2035 2050 2066 libros
2088 2035 2225 2076 denique
2255 2035 2296 2066 de
2330 2035 2412 2066 bello

1333 2074 1468 2106 Iudaico
1491 2076 1587 2107 latine
1611 2086 1788 2109 contractos
1813 2079 2044 2120 translatosque
2068 2080 2106 2110 ab
2130 2079 2315 2117 Ambrosio,
2340 2090 2411 2110 nec-

1334 2120 1413 2150 dum
1431 2121 1595 2162 Episcopo
1614 2123 1856 2162 Mediolanensi,
1872 2125 1926 2155 sed
1946 2124 2154 2155 adolescente.
2176 2124 2330 2155 Uberiora
2344 2123 2411 2164 lege

1333 2165 1420 2205 apud
1443 2165 1610 2196 laudatum
1633 2167 1863 2199 Fontaninum.

1402 2210 1439 2240 11.
1455 2210 1522 2241 Sub
1546 2211 1682 2243 Ioannis
1698 2212 1921 2253 Chrysostomi
1943 2213 2074 2243 nomine
2098 2212 2217 2252 passim
2240 2211 2327 2242 affert
2342 2222 2411 2242 sen-

1332 2254 1446 2285 tentias
1470 2255 1633 2295 Thomas,
1658 2266 1694 2287 ex
1722 2256 1827 2297 Opere
1851 2256 2037 2298 imperfecto
2068 2258 2100 2286 in
2129 2257 2332 2287 Matthaeum
2357 2255 2409 2286 de-

1333 2305 1472 2339 cerptas;
1501 2300 1597 2340 quod,
1619 2311 1702 2341 opus
1734 2302 1788 2331 abs
1820 2301 2018 2332 sanctissimo
2050 2300 2409 2341 Constantinopolitano

1332 2343 1496 2383 Episcopo
1526 2344 1591 2374 iam
1614 2351 1681 2376 tota
1709 2345 1868 2376 abiudicat
1897 2345 2078 2376 criticorum
2107 2345 2204 2375 natio.
2230 2345 2318 2382 Quin
2342 2345 2410 2375 eius

1331 2397 1424 2418 verus
1444 2395 1555 2419 auctor
1574 2389 1825 2430 Chrysostomus
1845 2396 1926 2420 esset
1943 2390 2091 2420 Thomae
2111 2395 2210 2420 aetate
2232 2389 2411 2429 ambigebat

1331 2441 1440 2462 nemo.
1474 2432 1603 2464 Publice
1635 2433 1668 2464 in
1704 2434 1843 2465 Ecclesia
1876 2435 1934 2466 sub
1968 2434 2100 2465 nomine
2139 2433 2327 2464 sanctissimi
2354 2433 2413 2463 viri

1330 2475 1412 2506 inter
1426 2475 1548 2507 divinas
1562 2478 1672 2509 laudes
1691 2479 1875 2519 legebantur
1888 2478 2050 2510 Homiliae
2065 2489 2102 2508 ex
2116 2479 2231 2508 eodem
2250 2487 2346 2518 opere
2361 2478 2413 2508 de-

1331 2527 1494 2561 sumptae:
1516 2531 1552 2552 ex
1572 2532 1676 2564 eoque
1690 2523 1808 2564 passim
1822 2523 2055 2554 inducebantur
2073 2522 2246 2553 sententiae
2265 2522 2298 2552 in
2317 2522 2409 2553 Glos-

1331 2565 1373 2595 sis
1397 2566 1592 2598 authenticis
1609 2577 1688 2608 quas
1712 2575 1828 2599 vocant
1861 2567 2067 2605 Ordinarias,
2093 2567 2125 2597 in
2157 2567 2285 2598 Catenis
2309 2567 2412 2596 Evan-

1331 2609 1505 2650 gelicarum
1535 2612 1814 2652 explanationum,
1838 2612 1871 2643 in
1900 2612 2040 2643 Decretis
2064 2612 2275 2642 Summorum
2303 2610 2411 2641 Ponti-

1331 2653 1450 2693 ficum,
1473 2655 1507 2685 in
1531 2656 1672 2687 Summis
1696 2657 1893 2697 theologicis.
1918 2656 2061 2688 Consule
2085 2656 2208 2687 Sixtum
2228 2656 2410 2686 Senensem.

1398 2699 1564 2731 Homilias
1587 2702 1620 2731 in
1645 2702 1865 2739 Matthaeum,
1891 2701 2070 2741 legitimum
2098 2699 2320 2741 Chrysostomi
2345 2698 2411 2729 foe-

1332 2749 1414 2782 tum,
1429 2753 1512 2785 quae
1526 2744 1780 2786 frequentissime
1804 2746 1940 2776 citantur
1962 2745 1995 2775 in
2015 2745 2146 2783 Catena,
2162 2744 2272 2786 quanti
2297 2744 2411 2774 faceret

1333 2790 1456 2819 Auctor
1478 2788 1635 2829 Catenae,
1655 2790 1747 2821 divus
1766 2791 1929 2828 Thomas,
1950 2790 2039 2820 facile
2059 2789 2164 2829 colligi
2184 2799 2221 2819 ex
2245 2798 2283 2818 eo
2307 2793 2412 2828 potest

1334 2833 1423 2874 quod
1438 2834 1476 2863 ab
1492 2843 1531 2864 eo
1560 2834 1681 2866 dictum
1704 2834 1846 2873 traditur,
1870 2835 2022 2865 referente
2045 2834 2176 2874 Papirio
2200 2834 2354 2863 Massono
2373 2831 2410 2861 Ii-

1334 2878 1391 2908 bro
1412 2877 1457 2907 VI
1468 2878 1508 2908 de
1522 2879 1677 2910 Romanis
1690 2880 1906 2920 Pontificibus,
1923 2881 1955 2909 in
1975 2878 2100 2909 Ioanne
2113 2879 2201 2918 Papa
2219 2877 2314 2914 XXI,
2331 2876 2410 2906 mal-

1335 2922 1366 2952 le
1387 2931 1423 2952 se
1437 2924 1485 2952 uti
1487 2922 1569 2963 frui
1585 2924 1808 2964 Chrysostomi
1825 2924 1916 2954 libris
1939 2925 1971 2953 in
1987 2923 2199 2959 Mamaeum,
2220 2931 2315 2962 quam
2334 2929 2411 2960 pos-

1316 3000 1319 3003 ·
1333 2966 1440 2997 sidere
1451 2966 1593 3008 fruique
1610 2969 1739 2999 Lutetia
1758 2969 1969 2999 Parisiorum.
1986 2968 2030 2998 Ita
2044 2965 2305 2997 Montfauconius
2319 2964 2410 2994 initio

1334 3010 1541 3041 Praefationis
1570 3013 1603 3043 in
1631 3012 1790 3043 Homilias
1821 3024 1845 3043 s.
1869 3012 1997 3042 Ioannis
2028 3009 2251 3051 Chrysostomi
2274 3009 2308 3039 in
2331 3009 2411 3039 Mat-

1335 3055 1483 3086 thaeum:
1508 3055 1563 3086 ubi
1587 3057 1675 3087 addit
1696 3057 1768 3096 ille,
1793 3058 1826 3088 id
1848 3057 1888 3087 ab
1915 3055 2059 3086 oldrado
2083 3054 2335 3091 Iurisconsulto,
2356 3053 2412 3093 qui

1334 3099 1393 3130 sub
1407 3100 1467 3130 hoc
1480 3100 1605 3132 Ioanne
1625 3102 1790 3132 Avenione
1812 3101 1944 3138 vivebat,
1962 3100 2135 3130 memoriae
2147 3099 2313 3139 proditum
2332 3106 2424 3128 esse..

1335 3144 1420 3174 Tam
1450 3144 1636 3184 magnificae
1667 3145 1769 3177 laudis
1797 3156 1815 3176 a
1838 3145 1968 3182 Thoma
1995 3143 2111 3174 effusae
2141 3142 2287 3173 advocari
2317 3147 2410 3172 testes

1336 3188 1518 3219 debuissent
1548 3190 1812 3221 Bartholomaeus
1843 3189 2021 3229 Logotheta
2057 3195 2088 3218 et
2120 3187 2157 3218 fr.
2189 3187 2341 3217 Nicolaus
2373 3185 2411 3215 de

1335 3233 1523 3271 Malasorte‚
1547 3234 1581 3264 in
1603 3235 1759 3265 Processu
1783 3233 2031 3265 canonizationis
2055 3232 2142 3272 apud
2165 3231 2411 3262 Continuatores

1334 3277 1483 3307 Bollandi
1514 3278 1555 3308 ad
1578 3278 1663 3308 diem
1687 3289 1706 3320 7
1731 3278 1845 3309 martii.
1870 3278 1972 3308 Verba
2001 3277 2120 3316 refero,
2145 3285 2226 3316 quae
2256 3275 2411 3304 habentur

1337 3320 1438 3360 capite
1461 3331 1510 3359 11,
1534 3332 1624 3353 num.
1641 3323 1701 3363 78:
1728 3336 1742 3350 «
1767 3323 1855 3353 Dum
1878 3321 1946 3362 ipse
1965 3321 2059 3352 frater
2071 3321 2216 3351 Thomas
2235 3318 2348 3348 rediret
2371 3316 2410 3346 de

1339 3377 1354 3392 ²
1377 3372 1486 3395 sancto
1501 3366 1658 3407 Dionysio
1673 3367 1712 3396 ad
1729 3367 1886 3397 civitatem
1899 3365 2103 3403 Parisiorum,
2119 3371 2155 3394 ut
2168 3363 2314 3393 viderunt
2328 3370 2410 3410 eam,

1339 3421 1354 3436 »
1377 3409 1567 3448 quieverunt
1587 3410 1839 3451 aliquantulum:
1863 3416 1894 3440 et
1911 3420 1995 3440 unus
2018 3409 2148 3438 illorum
2168 3407 2300 3437 fratrum
2323 3405 2410 3442 duit,

1340 3465 1355 3480 ιι
1379 3453 1514 3492 dirigens
1533 3463 1714 3484 sermonem
1733 3465 1829 3484 suum
1851 3453 1891 3483 ad
1913 3453 2066 3483 eumdem
2083 3452 2210 3482 fratrem
2228 3450 2409 3480 Thomam:

1340 3509 1355 3524 ›
1377 3497 1486 3534 Pater,
1511 3507 1607 3538 quam
1625 3499 1766 3537 pulchra
1791 3498 1868 3528 villa
1892 3502 1939 3527 est
1962 3498 2023 3527 ista
2046 3495 2185 3526 Parisii!
2208 3494 2245 3525 fr.
2265 3494 2410 3524 Thomas

1340 3553 1356 3568 ι»
1378 3541 1558 3580 respondit:
1577 3541 1673 3572 Certe
1679 3542 1830 3582 pulchra.
1849 3542 1943 3571 Tunc
1958 3540 2035 3571 dixit
2057 3540 2163 3570 frater:
2183 3539 2411 3582 Utinam.esset

1341 3597 1355 3612 »
1379 3590 1495 3615 vestra.
1525 3585 1566 3615 Et
1595 3585 1682 3616 idem
1706 3585 1742 3616 fr.
1767 3586 1912 3616 Thomas
1942 3584 2121 3627 respondit:
2149 3583 2237 3620 Quid
2256 3582 2408 3628 facerem

1341 3641 1355 3656 »
1378 3639 1439 3670 ego
1462 3629 1502 3660 de
1524 3630 1622 3670 ipsa?
1640 3630 1681 3660 Et
1704 3629 1796 3660 frater
1819 3629 1998 3670 respondit:
2029 3629 2211 3659 Venderetis
2231 3637 2302 3658 eam
2325 3626 2411 3667 Regi
