2788 4204
79 333 92 342 ⁴
100 331 167 358 Ergo
178 336 205 350 ex
216 328 293 354 codd.,

83 364 131 379 exc.
147 363 169 384 p.
181 362 212 377 m.
224 362 251 379 D:
263 361 292 380 Q:

81 386 166 405 autem.
178 394 194 398 -
205 388 294 407 cctqs‘r

81 414 101 432 et
111 416 157 437 p.m
174 410 294 436 inponet,-

82 444 98 458 η
109 445 114 458 :
126 437 213 464 potest.

81 464 91 474 ⁸
98 463 221 485 Codd.—1²:
228 461 295 492 quiq,-

81 497 107 511 κε
123 496 172 510 cum
183 494 293 516 pervent-

80 522 140 537 mus.

82 543 92 553 ⁸
107 550 133 564 n:
148 541 233 563 Aliam.

182 646 194 670 0

82 708 90 717 “
102 706 158 732 Cap.
170 712 199 732 vt,
211 712 249 727 nn.
261 712 294 731 io,

83 734 239 755 ¹¹.-Comm.s.
247 732 293 753 Th.

84 761 136 781 lect.
146 766 176 780 xi.

82 813 92 823 ⁶
102 812 185 834 Codd.:
194 812 294 839 quanto-

84 844 180 865 cunque.

183 874 189 889 ι

81 1079 89 1088 ”
104 1084 128 1098 A:
145 1076 209 1103 quia.

178 1134 192 1149 χ

79 1233 158 1257 “Rem
173 1241 220 1256 om.
236 1241 293 1256 Aeni:

78 1268 180 1287 xcuqsr.

80 1478 88 1486 ⁸
99 1483 113 1498 o
121 1479 173 1508 :lest
181 1477 259 1504 magis
271 1478 295 1497 et

76 1506 166 1531 ponor.

324 241 399 288 296

321 319 443 367 figura
463 317 651 355 rectilinea
670 317 762 354 talis.
785 316 824 353 Si
845 329 933 364 ergo
952 317 972 336 '¹‘
990 314 1152 362 amplius
1172 324 1251 349 non
1269 310 1390 360 possit

320 372 498 422 procedi,
533 379 623 408 tunc
658 370 822 406 maxime
852 370 1013 405 scimus:
1046 368 1121 403 hoc
1154 371 1387 423 autem-est,

322 425 476 475 quando
499 426 518 446 *
536 423 755 473 pervenitur
783 422 831 459 ad
850 421 1075 458 universale.
1106 420 1208 466 Ergo
1236 429 1388 454 univer-

323 479 408 516 salis
438 476 709 516 demonstratio
737 475 864 524 potior
892 482 947 510 est
974 472 1199 522 particulari.

374 544 411 580 4.
442 531 612 568 Tertiam
625 530 644 550 *
656 529 840 565 rationem
857 527 964 576 ponit
982 526 1051 562 ibi:
1077 525 1249 573 Amplius
1271 535 1389 572 quan-

322 591 506 633 tocunque
526 591 606 627 etc„
638 590 673 618 et
696 582 783 618 dicit
809 580 913 629 quod
938 586 1080 629 quanto
1106 578 1226 626 magis
1255 589 1388 626 proce-

323 639 422 676 ditur
439 649 572 673 versus
586 633 599 656 ⁰
613 634 860 683 particularia,
882 640 985 670 tanto
1015 633 1135 679 magis
1165 632 1237 668 itur
1255 643 1389 667 versus

322 691 529 735 infinitum;
559 688 662 737 quia,
691 695 733 724 ut
762 687 895 724 dicitur
915 687 952 723 in
974 687 1022 723 III
1043 686 1192 734 Physic.
1213 686 1244 731 ³⁸,
1265 683 1388 720 infini-

321 753 410 781 tum
438 741 609 790 congruit
636 740 832 786 materiae,
864 753 961 789 quae
997 747 1052 776 est
1079 736 1389 776 individuationis

320 796 559 846 principium.
587 794 663 831 Sed
684 801 825 843 quanto
844 794 863 815 '¹‘
878 793 998 841 magis
1018 792 1236 842 proceditur
1254 803 1389 827 versus

320 850 549 894 universale,
575 855 680 885 tanto
708 847 828 895 magis
861 847 934 884 itur
966 847 1004 883 in
1038 845 1178 895 aliquid
1207 844 1390 893 simplex‘

321 911 356 940 et
375 902 413 939 in
432 902 559 950 ipsum
587 902 725 947 finem3
756 900 845 949 quia
869 900 963 937 ratio
983 899 1208 937 universalis
1228 897 1390 935 sumitur

321 968 365 993 ex
393 963 498 1004 parte
528 955 691 1001 formae,
713 967 811 1003 quae
842 962 896 991 est
924 953 1104 1002 simplex,
1127 959 1162 989 et
1189 952 1304 989 habet
1333 963 1389 987 ra-

319 1010 462 1046 tionem
482 1008 584 1054 finis,
606 1008 644 1045 in
664 1015 850 1056 quantum
870 1007 1046 1044 terminat
1064 1006 1288 1044 infinitatem
1309 1016 1389 1041 ma-

319 1062 445 1100 teriae.
482 1062 728 1099 Manifestum
759 1068 814 1098 est
842 1068 970 1098 autern
999 1060 1104 1109 quod
1134 1061 1153 1081 ²¹²
1178 1058 1324 1096 infinita
1352 1057 1390 1094 in

321 1123 505 1165 quantum
521 1115 741 1152 huiusmodi
757 1127 835 1151 non
851 1122 938 1151 sunt
953 1114 1095 1151 scibilia
1105 1119 1129 1160 κ,
1143 1113 1210 1150 sed
1222 1112 1260 1149 in
1271 1123 1389 1161 quan-

320 1177 402 1206 tum
422 1169 547 1217 aliqua
566 1176 653 1205 sunt
672 1168 779 1205 finita
797 1168 835 1205 in
855 1175 1002 1205 tantum
1024 1174 1111 1204 sunt
1130 1166 1284 1211 scibilia;
1301 1164 1390 1214 quia

321 1222 478 1260 materia
494 1235 571 1259 non
588 1230 644 1259 est
662 1221 890 1270 principium
907 1220 1162 1269 cognoscendi
1179 1232 1260 1257 rem
1275 1219 1306 1265 ³¹³,
1324 1218 1391 1255 sed

320 1276 441 1324 magis
469 1276 604 1313 forma.
635 1275 881 1312 Manifestum
911 1282 966 1311 est
987 1287 1077 1322 ergo
1107 1273 1211 1322 quod
1239 1272 1391 1309 univer-

321 1330 411 1367 salia
430 1337 517 1366 sunt
541 1329 660 1377 magis
689 1328 831 1366 scibilia
860 1340 978 1377 quarn
1005 1325 1256 1376 particularia.
1287 1326 1389 1373 Ergo

321 1383 434 1420 etiam
455 1390 541 1420 sunt
560 1382 680 1430 magis
701 1381 1021 1425 demonstrabilia,
1043 1381 1132 1429 quia
1153 1379 1390 1417 demonstra-

320 1436 372 1474 tio
389 1444 444 1473 est
458 1436 697 1485 syllogismus
712 1435 852 1472 faciens
872 1435 977 1471 scire.
997 1434 1073 1471 Sed
1089 1433 1210 1481 magis
1230 1432 1390 1469 demon-

320 1490 528 1527 strabilium
559 1497 613 1526 est
637 1489 799 1538 potior*
820 1487 1116 1525 demonstratio:
1146 1486 1259 1523 simul
1288 1484 1390 1521 enim

373 1649 397 1682 0)
423 1650 529 1680 Quanto
554 1649 640 1681 magis
659 1648 818 1680 proceditur
843 1655 935 1673 uersus
953 1653 1003 1674 etc.
1020 1662 1038 1667 -
1056 1648 1139 1672 Codd.
1159 1644 1389 1685 ACDKLMOS’IJ:

319 1689 521 1719 quantocunque
526 1693 535 1714 ,·
554 1684 663 1714 BEHQ:
683 1684 907 1716 quandocunque5
925 1684 949 1708 H
964 1692 1019 1708 om.
1033 1683 1119 1716 magis
1124 1690 1133 1712 ;
1148 1683 1172 1707 1:
1187 1681 1347 1714 proceditur
1362 1687 1387 1705 m

315 1721 486 1754 particulari.
938 1732 945 1735 -

374 1756 448 1781 Ratio
462 1756 562 1786 asserti,
576 1755 646 1788 quod
662 1760 760 1787 quanto
774 1755 856 1787 magis
871 1755 1018 1787 proceditur
1031 1762 1124 1779 versus
1139 1753 1308 1786 particularia,
1318 1757 1389 1777 tanto

319 1792 401 1825 magis
421 1791 471 1816 itur
489 1799 580 1816 versus
601 1789 737 1820 infinitum,
755 1796 795 1815 est
814 1790 884 1823 quia,
903 1790 928 1815 in
948 1798 1018 1821 casu,
1038 1790 1089 1814 itur
1107 1790 1139 1814 ad
1152 1789 1292 1819 individua,
1312 1793 1337 1813 et
1351 1787 1389 1812 in-

319 1827 499 1853 dividuationis
518 1826 671 1859 principium
692 1831 732 1850 est
751 1826 866 1857 materia,
885 1834 953 1858 quae
972 1825 1050 1850 habet
1066 1825 1208 1858 quamdam
1227 1823 1389 1849 infinitatem.

319 1865 411 1889 Sermo
430 1868 469 1887 est
488 1862 564 1895 igitur
583 1862 615 1886 de
634 1861 756 1886 infinitate
774 1862 918 1896 secundum
938 1861 1016 1894 quid,
1037 1869 1089 1886 non
1108 1866 1196 1886 autem
1216 1861 1248 1885 de
1267 1858 1390 1884 infinitate

317 1899 480 1931 simpliciter,
501 1906 567 1931 quae
586 1898 658 1922 nullo
678 1898 757 1922 modo
776 1898 914 1922 convenire
933 1902 1018 1929 potest
1042 1897 1178 1927 materiae,
1198 1896 1251 1920 imo
1270 1894 1292 1920 ei
1307 1902 1389 1927 oppo-

319 1935 395 1959 nitur.
410 1933 537 1958 infinitum
553 1934 622 1958 enim
641 1933 791 1965 simpliciter
803 1938 850 1957 *est
868 1940 924 1958 esse
942 1934 998 1957 sine
1011 1933 1064 1957 ulla
1078 1932 1240 1962 limitatione;
1261 1929 1389 1955 infinitum

319 1976 406 1995 autem
426 1970 571 1994 secundum
590 1969 651 2001 quid
670 1974 710 1993 est
725 1969 848 2000 potentia
868 1976 920 1993 non
940 1968 1046 1993 limitata
1065 1969 1097 1993 ad
1116 1968 1165 1992 hoc
1184 1968 1225 1992 vel
1245 1966 1323 1997 illud,
1342 1966 1389 1991 sed

319 2006 468 2031 indifferens
493 2005 524 2029 ad
547 2005 622 2039 plura
645 2004 809 2037 suscipienda
832 2005 980 2029 successive
1000 2009 1025 2029 et
1044 2002 1183 2028 indefinite.
1207 2003 1282 2028 Unde
1307 2002 1389 2034 magis

319 2042 422 2074 proprie
441 2041 531 2065 dicitur
550 2040 724 2073 indefinitum.
745 2040 812 2070 Quia
830 2047 893 2073 ergo
911 2040 1016 2064 nomine
1036 2039 1157 2064 materiae
1176 2039 1325 2071 intelligitur
1343 2045 1389 2070 po-

318 2078 397 2102 tentia
417 2077 526 2109 passiva,
546 2076 604 2100 ideo
619 2076 709 2100 dicitur
728 2074 825 2100 infinita
844 2083 891 2100 seu
906 2076 992 2108 potius
1007 2074 1145 2106 indefinita,
1159 2080 1288 2107 quatenus
1303 2078 1389 2106 potest

319 2113 466 2137 successive
484 2112 592 2136 transire
611 2111 644 2136 de
662 2119 713 2136 una
732 2112 764 2136 ad
783 2112 859 2135 aliam
884 2111 1009 2141 sormam;
1035 2115 1061 2135 et
1079 2111 1116 2135 sic
1135 2116 1204 2135 stare
1228 2111 1253 2134 in
1279 2108 1389 2134 diversis

319 2148 470 2178 individuis,
494 2155 561 2180 quae
580 2155 610 2171 ex
629 2147 735 2171 materia
754 2152 780 2171 et
798 2147 881 2171 forma
900 2147 925 2171 in
944 2147 1048 2179 propria
1072 2151 1163 2171 natura
1187 2149 1389 2178 componuntur.

318 2184 416 2209 Dicitur
430 2188 515 2208 autem
536 2183 642 2207 materia
659 2181 756 2207 infinita
771 2183 915 2207 secundum
933 2182 1004 2215 quid,
1019 2182 1066 2207 aed
1079 2182 1256 2212 solummodo,
1270 2187 1298 2206 ut
1311 2185 1389 2213 patet,

319 2220 343 2244 in
358 2219 448 2244 ordine
462 2219 494 2243 ad
509 2218 605 2243 formas
621 2219 751 2243 naturales
766 2218 820 2250 (Cf.
833 2218 861 2242 Ρ.
872 2218 890 2248 l,
902 2226 945 2250 qu.
956 2225 1001 2248 vu,
1016 2218 1086 2243 artic.
1102 2225 1140 2248 ιι,
1155 2217 1187 2242 ad
1199 2216 1245 2250 3):
1261 2224 1305 2241 eas
1319 2216 1389 2241 enim

319 2255 487 2280 solummodo
506 2259 592 2286 potest
611 2254 751 2286 suscipere.

373 2291 423 2315 Sed
443 2290 584 2314 notandum
605 2295 644 2314 est
659 2290 728 2322 quod
744 2289 793 2314 hoc
808 2294 936 2314 assertum
956 2289 1103 2314 Aristotelis
1118 2294 1143 2314 et
1162 2296 1184 2314 s.
1196 2288 1315 2313 *rhomae
1328 2295 1389 2320 sup-

320 2327 391 2359 ponit
405 2326 546 2350 doctrinam
561 2325 743 2357 ideologicam:
758 2325 829 2357 quod
849 2325 945 2350 scilicet
955 2332 1042 2349 sermo
1055 2325 1088 2349 sit
1102 2324 1342 2357 impraesentiarum
1358 2323 1391 2348 de

321 2362 450 2387 intellectu
461 2366 559 2391 nostro,
569 2366 595 2385 et
605 2361 675 2393 quod
690 2361 722 2385 de
732 2361 831 2385 ratione
841 2361 984 2385 intellectus
996 2361 1077 2385 nostri
1092 2361 1124 2385 sit
1134 2368 1181 2393 pro
1191 2360 1320 2392 praesenti
1330 2360 1390 2390 vita,

321 2397 393 2430 quod
412 2397 530 2429 quamvis
549 2396 679 2420 obiectum
698 2397 753 2421 eius
773 2397 945 2428 adaequatum
966 2397 999 2421 sit
1016 2404 1096 2421 omne
1110 2396 1182 2429 quod
1194 2400 1281 2428 potest
1294 2395 1391 2420 habere

320 2433 446 2457 rationem
471 2431 694 2464 intelligibilitatis,
717 2437 804 2456 tamen
823 2432 952 2456 obiectum
972 2431 1104 2464 proprium
1124 2436 1149 2456 et
1167 2432 1390 2464 proportionatum

322 2473 383 2493 sunt
397 2467 551 2500 quidditates
565 2474 611 2491 seu
627 2467 754 2491 essentiae
768 2475 855 2492 rerum
871 2468 1051 2497 materialium,
1062 2472 1087 2492 et
1102 2475 1132 2492 ea
1147 2467 1178 2491 ad
1193 2475 1260 2499 quae
1274 2474 1320 2499 per
1333 2473 1391 2491 eas-

322 2504 381 2528 dem
395 2503 550 2535 quidditates
561 2507 646 2534 potest
655 2503 847 2527 ratiocinatione
856 2503 1008 2535 pertingere.
1024 2503 1096 2533 Quae
1113 2502 1219 2535 quidem
1235 2503 1390 2535 quidditates

322 2544 383 2564 sunt
396 2543 501 2563 naturae
515 2537 684 2567 universales,
694 2538 824 2570 praecisae
839 2546 933 2570 nempe
943 2538 967 2562 vi
981 2537 1159 2563 abstractionis
1174 2546 1188 2562 a
1201 2537 1390 2563 conditionibus

322 2573 548 2603 individuantibus,
559 2573 608 2598 sub
623 2573 718 2605 quibus
735 2574 759 2597 in
775 2581 860 2598 rerum
875 2578 965 2598 natura
978 2574 1088 2598 existunt
1108 2573 1163 2606 (Cf.
1174 2574 1201 2598 P.
1210 2574 1228 2604 1,
1238 2581 1283 2606 qu.
1293 2581 1390 2604 121an,

323 2609 458 2641 artic.vn).
466 2624 484 2627 -
493 2609 540 2633 His
551 2614 636 2633 autem
648 2609 737 2640 positis
751 2609 914 2633 manifestum
931 2614 970 2633 est
983 2609 1053 2641 quod
1064 2614 1161 2642 quanto
1172 2610 1254 2642 magis
1264 2609 1392 2634 receditur

323 2653 337 2670 a
352 2645 491 2678 quidditate
510 2645 688 2669 universaliter
706 2649 822 2676 accepta,
841 2649 912 2668 tanto
927 2644 1008 2676 magis
1024 2645 1153 2669 acceditur
1171 2645 1203 2669 ad
1222 2644 1391 2677 quidditatem

323 2681 495 2710 individuam,
514 2679 563 2704 hoc
582 2684 622 2704 est
641 2680 672 2704 ad
692 2680 839 2710 materiam,
859 2680 919 2712 quia
938 2679 1066 2712 quidditas
1086 2679 1215 2704 individua
1233 2680 1266 2704 de
1282 2687 1334 2712 qua
1353 2680 1391 2704 lo-

324 2716 437 2749 quimur,
452 2715 477 2740 in
497 2715 602 2740 materia
621 2715 705 2740 existit
724 2720 749 2740 et
761 2723 775 2740 a
789 2715 894 2740 materia
913 2715 1092 2739 individuarur.
1112 2715 1316 2748 consequenter,
1331 2715 1392 2748 quia

324 2752 430 2776 materia
449 2755 489 2775 est
508 2751 651 2775 secundum
676 2750 738 2783 quid
757 2749 869 2781 infinita,
894 2755 922 2775 ut
941 2750 981 2775 hic
1000 2758 1079 2782 supra
1098 2750 1193 2775 dictum
1213 2755 1266 2780 est,
1292 2756 1391 2783 quanto

324 2787 405 2820 magis
425 2786 571 2818 proceditur
585 2793 676 2810 versus
693 2786 868 2818 particularia,
888 2790 959 2810 tanto
979 2786 1060 2818 magis
1080 2786 1130 2810 itur
1142 2793 1234 2811 versus
1254 2785 1391 2811 infinitum.

377 2822 395 2855 ι)
418 2822 525 2852 Quanto
544 2822 630 2855 magis
645 2821 802 2854 proceditur
821 2828 940 2846 versus...
955 2821 1010 2846 itur
1024 2821 1050 2846 in
1064 2821 1167 2854 aliquid
1178 2821 1304 2853 simplex.
1314 2821 1392 2846 -Fo-

323 2858 395 2887 lium,
409 2858 479 2890 quod
494 2858 518 2882 in
536 2858 594 2882 cod.
607 2857 628 2882 N
643 2857 801 2890 sequebatur
819 2862 878 2889 post
892 2857 1051 2889 proceditur
1070 2864 1169 2887 versus,
1184 2857 1329 2882 abscissum
1343 2862 1391 2882 est.

322 2894 426 2918 Folium
446 2901 502 2926 seq.
522 2893 608 2925 incipit
626 2900 671 2925 per
690 2893 776 2923 verba,
792 2893 890 2917 maiori
903 2892 1089 2925 propositione
1108 2899 1139 2917 eo
1159 2893 1238 2918 modo
1253 2898 1310 2923 etc.,
1323 2900 1391 2925 quae

323 2929 451 2962 pertinent
465 2929 496 2953 ad
511 2929 568 2954 lect.
582 2936 662 2958 xxxix,
677 2936 702 2953 n.
713 2927 737 2958 6,
754 2929 796 2953 lin.
810 2927 832 2953 5.
842 2942 862 2947 -
871 2928 904 2953 P:
920 2931 965 2961 qto
979 2935 1051 2961 mag.
1066 2928 1122 2953 itur
1133 2935 1258 2953 versus.—-
1267 2928 1391 2953 AILMO:

324 2965 350 2990 in
365 2964 483 2997 aliquid‚·
498 2964 535 2988 H:
549 2964 575 2989 in
590 2964 701 2996 aliquod
713 2964 870 2996 simpliciter
882 2964 951 2994 itur,·
961 2964 999 2994 Q:
1010 2970 1101 2988 versus
1115 2964 1232 2996 aliquid,·
1245 2964 1279 2988 C:
1289 2964 1392 2996 aliquid

324 3000 350 3025 in
365 3000 390 3025 in
405 3000 528 3031 simplex,
543 3004 663 3031 corrupte
676 3007 723 3032 pro
732 3018 738 3030 ‚
752 2999 855 3032 aliquid
869 2999 895 3024 in
910 2999 1038 3031 simplex,
1050 3004 1078 3024 ut
1088 2999 1183 3024 habent
1196 2999 1265 3024 DET
1280 3004 1305 3024 et
1319 3007 1343 3032 p.
1355 3007 1390 3024 m.

324 3036 378 3066 KS;
399 3037 423 3060 in
442 3036 465 3060 K
484 3035 587 3067 aliquid
601 3042 722 3068 expung.;
738 3035 755 3059 S
768 3043 789 3059 a.
804 3043 847 3059 m.:
867 3035 894 3059 in
913 3034 1017 3067 aliquid
1034 3035 1164 3066 simplex,-
1177 3040 1202 3060 et
1215 3034 1278 3060 haec
1290 3035 1391 3060 videtur

324 3072 398 3096 lectio
417 3070 625 3103 praecedentium
649 3070 724 3095 codd.
744 3069 836 3095 CDET
855 3075 880 3095 et
898 3078 923 3103 p.
937 3078 972 3095 m.
991 3070 1047 3101 ΚΞ,
1066 3078 1177 3103 eamque
1196 3071 1390 3103 adoptavimus,

323 3107 382 3139 quia
401 3106 558 3131 conformior
576 3110 616 3130 est
635 3106 711 3133 etiam
730 3105 807 3130 textui
827 3113 927 3138 graeco.
947 3106 980 3130 P:
1000 3106 1038 3131 ad
1055 3105 1159 3138 aliquid
1176 3106 1340 3138 simpliciter.

376 3142 401 3174 κ)
418 3141 526 3175 Infinita
539 3141 565 3166 in
578 3144 707 3174 quantum
722 3141 874 3166 huiusmodi
888 3149 940 3166 non
954 3145 1018 3166 sunt
1030 3141 1221 3167 scibilia-Per
1235 3138 1266 3166 τὸ
1286 3141 1391 3175 infinita

323 3178 434 3210 intellige
453 3177 599 3210 indefinita.
619 3177 684 3201 Nam
709 3176 835 3201 infinitum
854 3177 957 3209 proprie
981 3182 1007 3202 et
1031 3177 1180 3209 simpliciter
1198 3182 1331 3210 acceptum
1351 3182 1392 3202 est

323 3220 378 3238 esse
390 3213 568 3245 purissimum,
578 3212 627 3237 hoc
642 3218 689 3243 est,
705 3212 760 3237 sine
772 3213 824 3237 ulla
840 3213 989 3237 limitatione
1003 3213 1203 3245 potentialitatis.
1217 3213 1293 3238 Unde
1307 3221 1390 3246 quan-

323 3253 377 3273 tum
397 3249 421 3272 in
436 3256 464 3272 se
478 3253 525 3278 est,
540 3253 579 3272 est
598 3248 709 3273 maxime
728 3248 830 3278 scibile,
850 3249 910 3281 quia
929 3248 1068 3273 intellectio
1087 3249 1238 3274 terminatur
1251 3249 1283 3274 ad
1298 3249 1389 3274 intelli-

323 3284 408 3316 gibile,
424 3284 494 3316 quod
513 3283 581 3308 idem
601 3284 702 3308 realiter
726 3289 766 3308 est
789 3291 818 3308 ac
843 3290 903 3313 ens,·
927 3289 952 3308 et
971 3289 1162 3317 consequenter
1186 3289 1284 3317 quanto
1307 3284 1390 3317 magis

324 3319 418 3351 aliquid
437 3319 513 3343 habet
532 3319 564 3343 de
583 3319 687 3344 entitate
705 3324 776 3343 tanto
795 3319 878 3352 magis
898 3324 938 3344 est
956 3319 1059 3349 scibile;
1079 3320 1239 3353 proindeque
1263 3318 1389 3345 infinitum

325 3355 401 3379 estin
416 3362 444 3379 se
459 3353 556 3379 infinite
571 3354 692 3379 scibile.—
702 3355 752 3379 Sed
767 3353 893 3379 infinitum
914 3355 1058 3380 secundum
1073 3355 1146 3388 quid,
1160 3363 1206 3380 seu
1219 3354 1390 3387 indefinitum,

324 3395 363 3414 est
378 3389 478 3414 finitum
491 3389 608 3414 absolute
627 3398 657 3415 ex
676 3398 706 3415 ea
725 3395 796 3422 parte
815 3398 866 3422 qua
885 3396 936 3420 est,
956 3396 981 3415 et
1000 3396 1040 3415 est
1065 3399 1115 3415 non
1135 3398 1191 3422 ens,
1211 3398 1258 3416 seu
1277 3391 1389 3423 potentia

326 3432 377 3449 non
392 3426 422 3449 ad
436 3431 520 3450 actum
540 3426 653 3455 reducta,
669 3433 720 3458 qua
734 3430 805 3458 parte
824 3431 863 3450 est
881 3425 1050 3451 indefinitum.
1069 3426 1162 3459 Atqui,
1180 3431 1210 3451 ut
1227 3427 1323 3452 dictum
1340 3431 1389 3458 est,

325 3459 481 3493 intelligibile
495 3465 534 3484 est
546 3468 606 3491 ens;
626 3469 688 3494 ergo
707 3460 866 3486 indefinitum
883 3462 943 3494 quia
956 3466 996 3486 est
1010 3469 1062 3486 non
1078 3469 1133 3492 ens,
1148 3470 1200 3487 non
1215 3467 1255 3487 est
1268 3462 1390 3487 scibile.—

325 3495 362 3519 Ex
381 3495 420 3519 his
439 3500 508 3520 recte
523 3495 629 3520 infertur
648 3497 718 3528 quod
733 3497 848 3526 materia,
866 3502 956 3529 utpote
975 3498 1096 3529 potentia,
1115 3505 1167 3522 non
1182 3503 1222 3523 est
1235 3497 1389 3530 principium

325 3531 495 3562 cognoscendi
515 3538 584 3560 rem:
603 3536 628 3555 et
647 3532 752 3564 insuper
777 3532 847 3564 quod
866 3532 1026 3564 particularia
1045 3532 1184 3563 sensibilia,
1203 3540 1271 3566 quae
1294 3532 1390 3558 habent

325 3565 461 3589 admixtam
481 3567 689 3596 potentialitatczn
703 3567 832 3596 materiae,
852 3573 913 3592 sunt
931 3567 1006 3592 nobis
1022 3568 1108 3592 minus
1128 3568 1224 3593 scibilia
1238 3576 1318 3601 quam
1332 3569 1389 3593 uni-

325 3601 435 3625 versalia
453 3600 503 3633 (Cf.
518 3600 546 3625 Ρ.
560 3601 578 3632 1,
593 3609 638 3633 qu.
652 3609 749 3632 cxxxvi,
763 3602 834 3627 artic.
849 3602 877 3635 ι).

910 233 1296 273 POSTERIORUM
1325 231 1755 269 ANALYTICORUM
1784 233 1878 269 LIB.
1910 234 1924 269 I

1444 309 1690 347 intenduntur
1719 323 1783 358 ea,
1819 324 1917 361 quae
1948 312 2124 350 dicuntur
2152 313 2201 351 ad
2229 314 2417 362 invicem;
2453 315 2516 352 de-

1445 363 1669 400 monstratio
1704 372 1833 402 autern
1872 365 1921 402 ad
1955 366 2253 404 demonstrabile
2288 368 2433 406 dicitur.
2468 369 2518 405 Et

1445 415 1499 453 sic
1533 429 1623 454 cum
1655 417 1884 455 universalia
1912 419 1985 456 sint
2003 420 2023 441 *
2042 420 2163 468 magis
2189 420 2515 469 demonstrabilia,

1446 469 1719 507 demonstratio
1738 472 1962 509 universalis
1983 473 2052 510 erit
2069 474 2196 523 potior
2213 471 2237 511 λ.

1447 574 1450 577 ‚
1502 524 1534 560 5.
1553 524 1740 570 Quartam
1765 525 1953 563 rationem
1972 527 2082 575 ponit
2101 527 2172 564 ibi:
2193 527 2367 576 Amplius
2385 528 2420 564 si
2435 539 2516 565 ma-

1443 576 1504 626 gis
1517 578 1789 625 praeponenda
1811 586 1892 626 etc„
1909 591 2008 628 quae
2028 580 2109 617 talis
2130 589 2196 618 est.
2227 581 2328 618 Cum
2356 581 2516 618 demon-

1445 629 1634 667 strationis
1653 631 1740 667 finis
1769 631 1815 668 sit
1843 632 1998 669 scientia
2018 635 2050 680 *,
2077 642 2218 683 quanto
2241 634 2515 671 demonstratio

1443 683 1553 731 plura
1569 683 1655 720 facit
1674 683 1768 720 scire
1781 685 1813 731 ²¹²,
1834 692 1938 722 tanto
1953 686 2080 735 potior
2095 694 2161 724 est.
2178 688 2227 724 Et
2245 688 2321 724 hoc
2341 695 2397 725 est
2411 687 2516 737 quod

1445 735 1545 782 dicit,
1562 736 1666 785 quod
1682 737 1802 785 magis
1820 739 2071 786 praeferenda
2086 748 2141 788 est
2157 740 2442 788 demonstratio,
2459 754 2515 778 se-

1446 789 1615 827 cundum
1632 802 1749 839 quarn
1763 791 1884 828 homo
1897 793 2092 840 cognoscit
2105 794 2180 830 hoc
2196 801 2232 830 et
2246 794 2384 841 aliud*,
2397 807 2514 843 quarn

1444 842 1534 879 illa*
1545 843 1758 880 secundum
1769 856 1886 893 quam
1897 845 2018 882 homo
2030 846 2224 894 cognoscit
2237 859 2360 884 unum
2375 848 2513 885 solum.

1446 896 1523 933 Sed
1551 896 1612 933 ille
1640 897 1705 946 qui
1724 898 1840 934 habet
1859 899 2118 946 cognitionem
2139 899 2186 936 de
2213 899 2431 948 universali,
2453 913 2515 937 co—

1445 949 1591 998 gnoscit
1611 950 1724 987 etiam
1741 951 1760 971 *
1774 951 2012 1000 particulare,
2035 953 2249 990 dummodo
2270 953 2362 991 sciat
2375 960 2395 981 μ
2410 954 2516 1004 quod

1445 1004 1516 1040 sub
1545 1003 1750 1040 universali
1783 1005 2019 1042 contineatur
2049 1006 2293 1055 particulare;
2326 1007 2423 1045 sicut
2450 1007 2515 1056 qui

1446 1057 1640 1104 cognoscit
1668 1070 1827 1095 omnem
1848 1059 1995 1096 mulam
2025 1072 2107 1096 esse
2136 1060 2314 1107 sterilem,
2345 1060 2413 1098 scit
2440 1061 2516 1098 hoc

1445 1110 1597 1157 animal,
1618 1111 1725 1159 quod
1745 1111 1940 1160 cognoscit
1959 1125 2042 1150 esse
2062 1114 2221 1160 mulam,
2245 1126 2327 1151 esse
2347 1114 2471 1151 sterile
2486 1120 2514 1151 ’z

1446 1163 1512 1201 sed
1532 1164 1592 1200 ille
1613 1164 1677 1213 qui
1698 1165 1892 1212 cognoscit
1910 1166 2147 1214 particulare,
2168 1180 2247 1204 non
2266 1175 2423 1216 propter
2441 1168 2517 1205 hoc

1446 1217 1640 1265 cognoscit
1653 1218 1879 1256 universale.
1898 1220 1989 1256 Non
2007 1220 2109 1257 enim
2129 1220 2159 1257 si
2176 1233 2367 1269 cognosco
2383 1218 2397 1244 ε
2414 1222 2516 1259 hanc

1446 1271 1592 1307 mulam
1608 1283 1690 1308 esse
1705 1271 2046 1322 sterilem,propter
2058 1274 2134 1311 hoc
2151 1286 2343 1322 cognosco
2356 1286 2515 1312 omnem

1445 1324 1591 1360 mulam
1620 1337 1702 1361 esse
1732 1325 1909 1363 sterilem.
1940 1326 2180 1376 Relinquitur
2205 1340 2295 1376 ergo
2317 1328 2423 1377 quod
2452 1328 2516 1365 de-

1446 1377 1669 1414 monstratio
1689 1378 1926 1426 universalis,
1942 1393 2011 1429 per
2030 1393 2148 1430 quarn
2173 1381 2414 1429 cognoscitur
2432 1381 2516 1419 uni-

1444 1431 1591 1467 versale
1621 1438 1657 1467 et
1684 1432 1908 1480 particulare
1933 1439 1957 1479 ⁰,
1988 1433 2034 1471 sit
2055 1434 2183 1483 potior
2210 1447 2326 1484 quarn
2351 1434 2516 1484 particu—

1445 1483 1547 1530 laris,
1576 1495 1647 1532 per
1669 1497 1787 1534 quam
1812 1486 2054 1534 cognoscitur
2076 1488 2202 1525 solum
2225 1488 2460 1538 particulare.

1496 1643 1524 1678 λ)
1541 1645 1604 1671 Frit
1611 1647 1739 1678 potior.-
1748 1647 1830 1672 Codd.
1844 1648 1914 1680 (exc.
1927 1648 2007 1682 QM):
2020 1649 2073 1674 erit
2082 1649 2178 1681 potIor
2190 1649 2400 1680 demonstr-atim
2413 1651 2452 1676 M:
2465 1651 2519 1677 crit

1439 1680 1533 1712 potIor
1545 1681 1774 1708 demonstratione
1783 1683 1948 1715 particulari
1951 1691 1961 1713 ‚⁸
1975 1692 2042 1717 quae
2055 1685 2156 1710 videtur
2170 1684 2246 1710 lectio
2259 1685 2419 1718 aliquantulo
2434 1686 2517 1722 magis

1443 1716 1587 1748 perspicua.
1602 1717 1685 1750 Supra
1703 1718 1802 1750 (simul
1819 1719 1908 1751 enim)
1927 1720 1985 1745 cod.
2005 1719 2031 1750 Q
2048 1721 2176 1745 mendose
2200 1721 2276 1753 legit:
2294 1721 2322 1746 si—
2337 1721 2407 1746 enim
2431 1722 2518 1748 inten-

1443 1752 1546 1777 duntur
1564 1759 1596 1777 ea
1614 1760 1682 1786 quae
1705 1754 1832 1779 dicuntur
1850 1755 1888 1780 ad
1907 1755 2018 1781 inuicem
2044 1756 2242 1785 demonstrare,-
2261 1761 2321 1789 post
2338 1765 2407 1790 quae
2424 1757 2518 1783 imme-

1443 1788 1555 1813 mediate
1573 1790 1754 1822 prosequitur:
1776 1790 1841 1815 Cum
1861 1798 1926 1824 ergo
1945 1791 2109 1817 universalia
2126 1791 2163 1818 sit
2181 1791 2268 1826 magis
2287 1797 2336 1818 etc.

1497 1823 1526 1857 μ.)
1542 1824 1696 1850 Dummodo
1708 1825 1777 1851 sciat
1788 1831 1862 1851 etc.—
1871 1826 1996 1857 ABMOQ
2011 1832 2038 1852 et
2051 1835 2074 1852 s.
2087 1835 2124 1852 m.
2138 1827 2195 1852 DS:
2210 1827 2354 1853 dummodo
2372 1828 2442 1854 sciat
2450 1836 2518 1861 par-

1443 1859 1555 1885 ticulare
1574 1860 1619 1892 (M,
1631 1860 1699 1885 sciat
1717 1861 1781 1894 hoc)
1795 1861 1843 1887 sub
1860 1862 2006 1887 universali
2022 1862 2163 1888 contineri.
2176 1863 2209 1888 Et
2221 1863 2323 1888 videtur
2341 1863 2418 1889 lectio
2437 1872 2518 1898 quam

1443 1895 1520 1919 etiam
1535 1895 1576 1920 alii
1589 1895 1691 1921 codices
1710 1897 1770 1928 plus
1790 1897 1909 1922 minusve
1922 1897 2042 1923 indicant.
2057 1898 2159 1923 Etenim
2180 1898 2307 1924 CEHILT
2323 1904 2349 1924 et
2366 1907 2392 1932 p.
2407 1908 2444 1925 m.
2459 1899 2516 1926 DS:

1443 1930 1593 1956 uniuersale
1611 1931 1651 1963 (1,
1675 1932 1747 1957 uniu-
1768 1932 1849 1965 illud)
1873 1933 1921 1958 sub
1941 1933 2107 1965 particulari
2125 1933 2209 1966 (CET
2228 1939 2254 1959 et
2272 1942 2297 1967 p.
2312 1942 2356 1962 m..
2367 1935 2418 1966 DS,
2437 1942 2518 1968 super

1444 1966 1603 1999 universali)
1622 1967 1763 1993 contineri.
1782 1968 1928 2000 Lectiones,
1943 1969 2093 1995 uniuersale
2110 1970 2158 1995 sub
2172 1970 2349 2002 particulari,
2367 1971 2518 1997 uniuersale

1442 2008 1523 2033 super
1536 2002 1690 2032 universali,
1710 2009 1772 2028 sunt
1785 2011 1918 2034 erroneae,
1931 2009 1960 2029 ut
1969 2009 2052 2037 patet;
2078 2005 2125 2030 sed
2146 2005 2259 2030 indicant
2272 2005 2409 2031 manifeste
2428 2007 2516 2032 lectio-

1443 2045 1504 2062 nem
1524 2038 1599 2062 codd.
1612 2038 1665 2063 ΑΒ.
1681 2038 1755 2064 Unde
1775 2039 1799 2063 in
1819 2040 1851 2070 K,
1867 2039 2016 2065 universale
2033 2040 2081 2065 sub
2096 2040 2242 2066 uniuersali
2259 2040 2404 2072 continere,
2419 2049 2517 2076 expun-

1443 2073 1510 2105 gitur
1529 2073 1680 2099 uniuersale
1698 2079 1724 2099 et
1742 2075 1942 2107 superscribitur
1962 2075 2139 2108 particulare.

1496 2108 1520 2141 ν)
1542 2108 1596 2139 Qui
1613 2109 1749 2143 cognoscit
1762 2110 1884 2135 etc.—-P:
1903 2110 1948 2144 qui
1969 2110 2052 2143 (CET
2071 2116 2097 2136 et
2110 2119 2136 2144 p.
2151 2119 2188 2136 m.
2208 2111 2299 2136 ADKS
2311 2119 2366 2138 om.
2385 2113 2448 2147 qu1'3
2467 2112 2516 2138 Lu

1443 2149 1503 2169 ets.
1518 2151 1554 2169 m.
1567 2145 1599 2175 A,
1618 2145 1687 2170 sicut
1703 2146 1743 2177 si)
1763 2147 1897 2179 cognoscit
1914 2154 2022 2171 ornnem
2041 2147 2140 2172 mulam
2159 2154 2219 2172 esse
2238 2147 2365 2179 sterilem,
2383 2146 2519 2182 cognoscit

1443 2179 1510 2205 hanc
1525 2180 1841 2212 (ACDEHmLMOQsT,
1856 2182 1908 2207 scit
1921 2182 1970 2208 hoc
1982 2182 2092 2212 animal,
2107 2182 2180 2216 quod
2190 2183 2327 2216 cognoscit
2340 2191 2396 2209 esse
2405 2183 2517 2218 mmm)

1444 2223 1504 2240 esse
1518 2215 1633 2241 sterilem
1648 2215 1743 2249 (codd.‚
1757 2225 1810 2242 exc.
1826 2217 1883 2242 AB:
1896 2224 1952 2243 esse
1966 2218 2072 2248 sterile5
2084 2218 2105 2243 B
2114 2226 2168 2243 orn.
2182 2218 2233 2244 scit
2250 2218 2325 2244 hoc...
2340 2226 2398 2245 esse
2410 2219 2502 2246 sterile
2506 2227 2518 2251 ,⁶

1443 2251 1467 2276 Α
1480 2258 1534 2276 om.
1547 2258 1604 2277 esse
1621 2252 1732 2284 sterile).
1741 2253 1853 2285 —Supra
1866 2253 1925 2278 lect.
1937 2260 1994 2284 xxv,
2004 2261 2030 2278 n.
2043 2261 2076 2285 4,
2095 2253 2200 2278 dicitur:
2219 2253 2266 2287 qui
2275 2254 2328 2279 scit
2340 2262 2444 2280 omnent
2460 2262 2518 2280 mu-

1443 2287 1497 2312 lam
1510 2294 1566 2312 esse
1579 2287 1705 2318 sterilem,
1719 2289 1803 2314 nescit
1816 2288 1850 2314 de
1864 2289 1924 2318 ista,
1934 2296 2014 2322 quam
2027 2296 2080 2314 non
2094 2289 2257 2315 considerat.
2269 2304 2287 2308 —
2296 2290 2352 2315 Hae
2371 2291 2439 2316 duae

1444 2323 1586 2355 positiones
1610 2323 1679 2348 idem
1699 2324 1724 2348 in
1743 2324 1858 2349 subiecta
1883 2324 1989 2350 materis
2008 2323 2165 2358 significant,
2188 2330 2214 2350 at
2232 2325 2308 2350 lectio
2327 2326 2416 2357 codd„
2435 2334 2516 2359 quam

1444 2358 1633 2391 adoptavimus,
1647 2358 1805 2384 conformior
1824 2364 1864 2385 est
1882 2364 1939 2385 tum
1957 2360 1987 2385 iis
2007 2368 2074 2394 quae
2088 2360 2232 2394 praemissa
2245 2366 2314 2392 sunt,
2328 2365 2384 2386 tum
2403 2361 2477 2387 dictis
2490 2361 2517 2388 in

1444 2394 1554 2419 lectione
1571 2402 1628 2420 xxv.
1643 2395 1670 2420 ln
1690 2395 1732 2420 illa
1745 2395 1814 2420 enim
1829 2396 1939 2421 lectione
1952 2401 2060 2429 negatur
2074 2395 2099 2421 in
2116 2397 2254 2422 universali
2268 2396 2391 2430 cognosci
2405 2398 2518 2430 particu-

1444 2430 1510 2461 lare,
1525 2430 1631 2463 quando
1645 2429 1695 2455 hoc
1713 2431 1880 2463 particulare,
1895 2431 1935 2456 cui
1955 2431 2075 2464 applicari
2088 2432 2235 2457 universale
2247 2437 2347 2464 potest,
2361 2439 2414 2458 non
2429 2433 2516 2459 consi-

1444 2465 1573 2494 deratur,-
1591 2465 1632 2491 bic
1651 2472 1737 2491 autem
1753 2465 1894 2492 affirmatur
1912 2467 1938 2492 in
1957 2466 2095 2492 universali
2110 2467 2187 2500 (puta
2200 2467 2300 2493 mulam
2314 2474 2370 2493 esse
2383 2465 2517 2503 sterilem)

1444 2501 1567 2534 cognosci
1580 2502 1742 2534 particulare,
1755 2502 1861 2535 quando
1870 2502 1920 2528 hoc
1934 2502 2087 2535 particulare
2102 2503 2179 2536 (puta
2190 2503 2255 2529 haec
2269 2503 2366 2536 mula),
2381 2503 2421 2529 cui
2436 2504 2518 2538 appli-

1445 2537 1495 2562 cari
1508 2541 1596 2569 potest
1609 2537 1769 2568 universale,
1788 2538 1974 2568 consideratur,
1994 2537 2153 2568 dummodo,
2170 2539 2253 2572 inquit
2271 2546 2293 2563 s.
2304 2538 2431 2570 Thomas,
2449 2539 2519 2565 sciat

1444 2572 1517 2605 quod
1533 2573 1582 2598 sub
1597 2572 1742 2598 universali
1753 2573 1924 2599 contineatur
1933 2573 2243 2605 particulare.-Deinde
2257 2574 2353 2598 dictum
2366 2574 2464 2606 pluries
2476 2579 2518 2600 est

1445 2607 1500 2640 (Cf.
1514 2608 1572 2632 lect.
1583 2615 1621 2638 111,
1636 2613 1662 2632 et
1676 2609 1734 2634 lect.
1744 2616 1803 2638 xvn‚
1814 2607 1910 2641 nono),
1921 2609 1993 2642 quod
2008 2609 2053 2641 qui
2066 2609 2200 2641 cognoscit
2213 2609 2368 2640 universale,
2384 2610 2518 2642 cognoscit

1445 2643 1606 2676 particularia
1619 2651 1671 2668 non
1686 2649 1753 2674 actu,
1767 2644 1815 2668 sed
1829 2644 1996 2669 solummodo
2010 2645 2124 2676 potentia
2137 2651 2185 2669 seu
2198 2644 2304 2675 virtute;
2323 2649 2352 2669 ut
2365 2644 2429 2670 haec
2439 2645 2517 2678 parti-

1445 2678 1540 2703 cularia
1553 2682 1614 2704 actu
1629 2684 1827 2712 cognoscantur,
1841 2687 1949 2704 necesse
1964 2685 2004 2704 est
2017 2684 2046 2704 ut
2060 2679 2155 2704 sciatur
2168 2686 2199 2704 ea
2211 2679 2335 2704 contineri
2349 2680 2400 2705 sub
2413 2680 2518 2706 univers

1445 2714 1491 2739 sali
1506 2714 1558 2739 illo.
1571 2714 1649 2747 Igitur
1663 2715 1711 2739 dici
1731 2714 1787 2739 sine
1802 2714 2003 2740 contradictione
2018 2719 2112 2747 potest:
2126 2715 2170 2748 qui
2183 2715 2317 2748 cognoscit
2327 2723 2445 2741 ‘omnem
2459 2723 2518 2741 mu-

1446 2750 1498 2774 lam
1518 2757 1577 2774 esse
1596 2749 1721 2780 sterilem,
1736 2758 1788 2774 non
1807 2755 1943 2783 propterea
1962 2750 2095 2783 cognoscit
2115 2750 2224 2782 (nempe
2243 2750 2317 2783 actu)
2332 2750 2398 2776 hanc
2417 2751 2518 2776 mulam

1445 2792 1504 2810 esse
1515 2785 1643 2816 sterilem
1654 2784 1698 2818 qui
1710 2785 1842 2818 cognoscit
1851 2792 1958 2810 ornnem
1969 2786 2068 2810 mulam
2083 2793 2143 2810 esse
2153 2785 2278 2816 sterilem,
2289 2786 2423 2819 cognoscit
2433 2786 2518 2820 (nem-

1445 2827 1478 2853 pe
1494 2820 1606 2853 virtute)
1625 2820 1691 2846 hanc
1710 2821 1810 2846 mulam
1835 2828 1894 2846 esse
1919 2821 2042 2846 sterilem.
2062 2821 2136 2851 Quae
2158 2821 2245 2846 omnia
2268 2829 2299 2846 ex
2323 2822 2422 2847 ratione
2447 2827 2518 2848 sexta

1446 2855 1540 2891 (n.7)
1561 2855 1695 2882 manifesta
1714 2861 1782 2881 sunt.
1802 2856 1849 2881 Vis
1874 2864 1937 2890 ergo
1955 2856 2155 2882 ratiocinationis
2179 2857 2205 2881 in
2229 2856 2279 2882 hoc
2298 2861 2362 2888 stat,
2383 2858 2455 2891 quod
2472 2858 2519 2883 de-

1446 2891 1599 2917 monstratio
1628 2892 1660 2917 de
1688 2891 1825 2917 universali
1853 2892 1896 2917 dat
1915 2892 1994 2917 simul
2018 2893 2191 2925 cognitionem
2214 2892 2352 2918 virtualem
2382 2893 2520 2926 particula-

1445 2928 1520 2958 rium,
1540 2933 1566 2952 et
1584 2927 1661 2953 etiam
1675 2927 1849 2960 cognitionem
1868 2928 2009 2959 actualem,
2029 2929 2050 2952 si
2064 2927 2126 2953 haec
2145 2927 2340 2953 considerentur
2357 2933 2387 2954 ut
2403 2928 2519 2954 subiecta

1445 2963 1584 2988 universali
1608 2963 1657 2994 illi;
1677 2968 1766 2988 contra
1789 2963 1977 2988 demonstratio
1996 2964 2029 2988 de
2047 2963 2192 2996 particulari
2211 2971 2264 2988 non
2281 2964 2324 2989 dat
2342 2964 2518 2997 cognitionem

1445 3006 1531 3032 neque
1550 2999 1676 3024 actualem
1690 3006 1776 3031 neque
1794 2999 1931 3024 virtualem
1951 2997 2007 3032 (Cf.
2027 2999 2108 3029 infra,
2128 3007 2154 3024 n.
2174 3006 2189 3032 7
2205 2998 2258 3031 cit.)
2278 2999 2518 3025 universalia-Cf.

1445 3035 1521 3059 etiam
1536 3042 1604 3067 quae
1618 3042 1697 3067 supra
1709 3034 1767 3059 lect.
1776 3041 1820 3065 xn,
1837 3043 1862 3060 n.
1873 3042 1898 3068 9,
1918 3034 1983 3059 dicta
2003 3039 2065 3060 sunt
2083 3035 2170 3068 quoad
2189 3034 2363 3068 cognitionem
2382 3035 2518 3068 particula-

1445 3071 1510 3095 rium
1529 3069 1658 3101 omnium,
1677 3077 1771 3103 nempe
1785 3070 1872 3102 quoad
1886 3070 2061 3103 cognitionem
2073 3077 2160 3096 rerum
2181 3070 2324 3096 secundum
2337 3078 2477 3096 numerum
2493 3075 2521 3096 et

1443 3111 1530 3131 tamen
1550 3113 1603 3130 non
1626 3105 1770 3131 secundum
1790 3106 1921 3138 speciem,
1944 3113 1992 3131 seu
2016 3113 2069 3131 non
2088 3106 2191 3139 cognito
2212 3106 2350 3131 universali
2374 3106 2518 3132 secundum

1443 3142 1515 3174 quod
1533 3141 1629 3174 ipsum.

1499 3175 1522 3209 Ε)
1537 3177 1598 3202 Non
1612 3177 1683 3202 enim
1695 3177 1720 3202 si
1731 3183 1862 3210 cognosco
1876 3178 1997 3202 etc.-A=
2010 3177 2072 3202 Non
2086 3177 2156 3203 enim
2170 3176 2233 3210 quia
2247 3181 2305 3208 etc.;
2317 3177 2358 3202 M:
2372 3177 2433 3202 Non
2447 3177 2518 3203 enim

1444 3213 1627 3246 cognoscendo
1652 3212 1724 3246 quod
1747 3212 1772 3237 si
1787 3212 1851 3238 haec
1870 3213 1942 3238 mula
1966 3213 2003 3238 sit
2019 3213 2118 3238 sterilis
2124 3219 2134 3243 ‚·
2158 3217 2185 3238 et
2208 3212 2281 3245 quod
2304 3212 2370 3238 haec
2392 3213 2466 3238 mula
2482 3212 2522 3238 sit

1443 3248 1542 3274 sterilis
1562 3249 1651 3282 legunt
1673 3249 1750 3273 etiam
1769 3248 1811 3273 alii
1830 3248 1981 3279 codd.-Q:
2001 3248 2034 3274 Si
2051 3248 2121 3274 enim
2145 3255 2315 3282 cognosco...
2333 3255 2385 3274 non
2404 3250 2521 3281 propter

1444 3284 1493 3309 hoc
1499 3291 1508 3314 ,·
1526 3284 1550 3309 l:
1569 3284 1594 3309 si
1604 3290 1779 3318 cognoscam5
1798 3288 1823 3308 et
1840 3291 1894 3308 om.
1905 3287 2021 3316 propter
2033 3283 2089 3310 hoc.
2109 3284 2193 3309 Etiam
2207 3284 2229 3308 Α
2249 3284 2310 3317 legit
2327 3291 2387 3309 cum
2406 3283 2445 3315 Q:
2464 3289 2519 3308 non

1440 3323 1555 3352 propter
1573 3319 1635 3350 hoc,
1655 3319 1702 3344 sed
1727 3326 1788 3344 cum
1806 3319 1912 3350 habeat,
1931 3319 1992 3345 Non
2012 3319 2091 3350 enim,
2111 3318 2214 3352 negatio
2238 3326 2354 3352 sequens
2373 3326 2426 3344 non
2448 3322 2519 3344 reete

1444 3355 1588 3388 apponitur.

1498 3390 1525 3423 ο)
1544 3391 1597 3416 Per
1614 3398 1693 3424 quam
1705 3390 1878 3424 cognoscitur
1893 3391 2042 3416 universale
2053 3393 2080 3416 et
2093 3390 2270 3424 particulare,
2283 3389 2319 3416 sit
2330 3389 2427 3423 potior
2437 3394 2518 3423 quarn

1439 3426 1624 3458 particularis,
1631 3433 1683 3459 per
1696 3433 1775 3459 quam
1792 3426 1963 3460 cognoscitur
1971 3426 2055 3452 solum
2068 3426 2246 3459 particulare.
2255 3439 2274 3446 -
2283 3426 2354 3450 Haec
2366 3423 2441 3450 lectio
2458 3423 2518 3449 cod.

1444 3462 1465 3486 Β
1484 3461 1596 3491 continet
1619 3462 1812 3487 conclusionem
1837 3461 1915 3487 totius
1940 3461 2128 3492 antecedentis,
2147 3465 2178 3486 ut
2200 3460 2226 3486 in
2251 3460 2371 3494 exemplo
2395 3459 2428 3484 de
2446 3459 2518 3484 mula

1442 3497 1530 3522 videre
1548 3502 1596 3522 est.
1615 3497 1690 3523 Unde
1708 3505 1766 3523 eam
1785 3497 1947 3530 adoptamus,
1962 3497 2022 3530 quia
2039 3505 2109 3522 vera.
2121 3511 2142 3516 -
2155 3497 2176 3522 P
2195 3500 2222 3522 et
2239 3496 2280 3521 alii
2295 3495 2369 3521 codd.
2382 3494 2451 3526 (exc.
2467 3494 2516 3526 A):

1438 3539 1491 3564 per
1513 3529 1594 3566 quani
1617 3533 1789 3566 cognoscitur
1807 3532 1968 3562 universale,
1993 3532 2030 3558 sit
2048 3532 2143 3565 potlor
2164 3538 2244 3564 quam
2264 3529 2516 3564 (CDEHILMQST,

1443 3575 1523 3600 quam
1542 3568 1752 3601 demonstratio)
1766 3567 1958 3600 particularis,
1974 3575 2026 3600 per
2044 3574 2124 3600 quam
2146 3566 2317 3600 cognoscitur
2330 3565 2387 3598 (ΕΞ
2401 3570 2428 3590 et
2441 3572 2466 3598 p.
2480 3573 2517 3590 m.

1444 3603 1467 3628 D
1486 3603 1559 3628 add.:
1579 3603 1744 3632 universa1e;
1762 3603 1797 3628 C:
1817 3603 1967 3628 universale
1980 3603 2047 3635 per)
2068 3602 2244 3634 particulare.
2266 3601 2334 3627 Vera
2356 3599 2447 3632 lectio,
2470 3600 2517 3625 sed

2545 430 2555 440 “
2565 429 2641 452 Codd.
2649 442 2658 447 -
2667 437 2688 452 a:
2696 434 2758 454 sunt.

2642 483 2659 509 λ

2545 651 2553 658 ·
2570 651 2606 673 Cf.
2623 651 2675 674 lect.
2683 658 2714 673 ιν.

2544 699 2554 709 ⁸
2570 698 2646 720 Codd.
2661 701 2759 726 (exemit

2544 730 2697 752 cognoscere.

2545 810 2552 816 ¹
2573 814 2629 833 oto:
2644 808 2711 830 illud.
2721 820 2738 825 -·
2750 816 2759 831 ι

2544 840 2579 860 oo,
2593 841 2641 857 om.
2650 841 2700 863 seq.
2715 835 2758 857 lto-

2543 867 2652 910 zngifflde
2663 894 2689 910 P:
2699 888 2759 911 ista.

2541 969 2552 979 ·
2565 973 2595 990 aa
2614 973 2663 990 om.
2678 968 2761 1001 etiam.

2642 1004 2661 1030 μ
