2548 4192
226 295 285 321 LVI

299 375 313 389 «
335 362 431 391 Anno
452 359 544 398 1239,
564 356 671 387 aetatis
691 367 740 396 19,
761 353 923 386 Casinensi
938 350 1129 402 Monasterio
1146 360 1163 379 a
1182 348 1287 379 Fride-

231 419 246 434 s
268 406 333 436 rico
354 405 380 435 11
401 405 591 443 Imperatore
615 401 748 441 expilato
780 406 810 429 et
827 399 860 428 in
880 397 1092 427 munitionem
1123 402 1287 430 converso,

230 464 245 479 ι
268 460 343 481 cum
366 447 491 479 caeteris
515 445 678 476 monachis
702 444 830 474 eiicitur.
1067 482 1073 489 ι
1265 481 1272 487 ·

295 507 311 522 ι
333 495 428 524 Anno
454 492 546 530 1243,
562 489 668 520 aetatis
685 489 737 526 23,
752 486 863 518 relictis
882 483 1102 521 Benedictims,
1123 482 1163 512 ad
1176 482 1288 512 Dom1-

230 551 245 567 >
267 539 396 569 nicanos
415 535 644 566 Praedicatores
674 532 806 570 accedit,
830 529 1011 570 parentibus
1034 527 1283 567 repugnantibus

230 596 244 611 ι
267 593 303 613 ac
325 581 427 612 filium
445 578 664 619 repetentibus,
684 588 698 603 »
937 616 944 622 .
962 616 969 622 ·
1018 616 1025 622 ·
1185 615 1192 621 ι

294 626 330 656 11.
355 626 441 655 Haec
464 623 603 663 primum
621 620 786 651 historicae
816 617 1043 658 disquismoms
1061 617 1194 646 Auctori
1221 625 1287 645 non

228 670 341 701 insedit
364 667 521 709 opinatio:
545 666 611 696 imo
635 665 742 694 laudat
765 662 816 692 ille
847 661 947 701 capite
966 671 1013 698 vr,
1033 670 1122 690 num.
1143 669 1165 698 4
1184 659 1286 689 adser-

227 722 329 745 torem
363 711 503 743 eiusdem
533 709 782 748 acerrimumque
811 711 1098 746 propugnatorem,
1127 703 1288 754 Angelum

226 759 264 789 de
283 758 370 787 Nuce
394 754 571 786 Casinensis
591 750 852 792 Congregationis
871 749 1049 785 alumnum,
1068 748 1287 788 Archiepisco-

226 811 305 843 pum
319 801 560 836 Rossanensem,
577 797 665 828 cuius
685 802 758 826 sunt
776 795 878 825 Notae
898 792 1124 824 eruditissimae
1144 792 1176 822 in
1196 792 1286 823 chro-

227 846 321 876 nicon
345 844 523 881 Casinense.
547 855 561 870 a
583 842 747 872 Thomam
763 839 955 880 Aquinatem
979 836 1122 879 (inquit)
1142 837 1287 876 religiosa

227 903 242 917 »
263 888 457 930 professione
486 886 697 923 monachum,
722 895 738 915 e
761 882 970 915 Benedictinis
999 881 1223 912 Casinensibus
1247 881 1286 911 ad

226 947 241 961 2>
263 933 489 965 Dominicanos
512 930 684 967 transiisse,
709 929 741 959 in
761 927 950 959 Academica
973 926 1140 957 collatione
1164 927 1286 956 Romae

226 991 240 1005 1>
261 978 448 1020 defenderat
465 976 517 1006 ille
538 975 704 1017 (Angelus
722 972 761 1004 de
779 970 889 1012 Nuce)
909 971 941 1001 in
961 971 1032 1001 aula
1047 970 1287 1010 augustissimae

226 1035 240 1049 »
263 1021 437 1054 Christinae
461 1020 633 1051 Svecorum
657 1018 804 1058 Reginae,
829 1026 894 1057 quo
919 1016 1115 1046 eruditorum
1138 1015 1286 1045 omniurn

225 1079 240 1094 2
261 1066 347 1098 natio
376 1065 542 1096 convenire
571 1069 783 1094 consueverat.
815 1061 911 1098 Quod
941 1070 1014 1091 cum
1042 1060 1176 1090 monstri
1205 1070 1286 1100 pene

225 1123 240 1138 ιν
262 1111 357 1141 instar
371 1111 408 1140 ab
424 1108 616 1140 adstantibus
636 1114 801 1147 exceptum
820 1113 910 1144 esset,
926 1115 1102 1145 eorumque
1122 1105 1287 1145 supercilia

224 1168 238 1183 s
260 1161 445 1195 mentesque
468 1152 674 1183 admiratione
703 1151 932 1191 suspendisset;
956 1150 982 1180 is
1006 1150 1045 1179 ad
1069 1150 1286 1180 redimendam

224 1212 239 1227 »
262 1200 419 1230 dictorum
442 1198 554 1235 fidem,
584 1196 832 1227 dissertationem
857 1195 972 1234 scripto
997 1194 1209 1234 consignavit,
1234 1195 1284 1225 cui

225 1257 239 1271 ²>
261 1244 390 1275 titulum
409 1242 509 1273 dedit:
533 1243 651 1272 Divum
676 1242 826 1271 Thomam
850 1240 1038 1270 monachum
1055 1239 1165 1280 fuisse
1183 1240 1285 1270 Bene-

224 1301 239 1316 »
260 1289 412 1319 dictinum
435 1287 619 1317 ostenditur.
637 1285 737 1317 Cuius
757 1284 938 1325 exemplum
959 1291 1030 1314 ante
1045 1294 1145 1314 annos
1160 1284 1286 1324 triginta

224 1346 238 1361 »
261 1331 368 1374 (anno
387 1333 515 1362 circiter
533 1329 645 1373 1695),
663 1331 784 1361 Romae
804 1339 878 1360 cum
898 1339 1014 1366 essem,
1035 1329 1072 1359 ab
1092 1329 1283 1360 Eminentis-

223 1390 238 1405 »
261 1377 341 1408 simo
366 1375 524 1408 Cardinali
548 1376 586 1406 de
609 1375 703 1406 Noris
726 1384 854 1405 mecum
881 1373 1109 1404 humanissime
1138 1384 1283 1405 commu-

223 1435 238 1450 »
260 1422 400 1452 nicatum
427 1427 457 1452 et
485 1420 548 1451 vidi
577 1427 607 1451 et
629 1419 699 1459 legi.
719 1432 733 1446 »
761 1419 857 1449 Haud
880 1418 964 1449 ullus
989 1418 1100 1449 dubito
1130 1426 1160 1450 et
1189 1420 1283 1463 excri7

219 1474 308 1507 ptam
331 1465 580 1496 dissertationem
603 1464 690 1494 illam
717 1463 830 1500 fuisse,
860 1473 894 1493 ac
923 1473 1003 1503 pene
1033 1463 1179 1494 eamdem
1208 1475 1283 1496 cum

219 1512 370 1542 historica
393 1511 638 1551 Disquisitione‚
664 1508 752 1549 quod
782 1507 891 1538 attinet
909 1507 949 1538 ad
968 1508 1136 1549 praecipua
1156 1516 1282 1540 contro-

219 1556 336 1587 versiae
359 1562 389 1586 et
412 1554 512 1595 capita
543 1561 573 1585 et
596 1559 794 1593 argumenta,
819 1552 879 1583 dici
903 1562 1007 1593 posse.

287 1600 377 1631 Hanc
400 1599 549 1629 Erasmus
573 1597 699 1630 Gattula
722 1597 754 1627 in
773 1597 912 1628 Historia
930 1597 1083 1628 Abbatiae
1102 1597 1283 1630 Casinensis

218 1651 305 1686 parte
335 1645 379 1681 11,
410 1654 498 1674 num.
529 1644 544 1673 5
574 1643 682 1673 laudat
715 1642 980 1673 Dissertationem
1014 1642 1054 1673 de
1088 1644 1282 1676 monachatu

217 1690 322 1721 sancti
340 1689 476 1719 Thomae
504 1687 709 1718 eruditissimi
726 1687 962 1728 Archiepiscopi
980 1687 1101 1728 Angeli
1118 1688 1158 1719 de
1172 1689 1284 1721 Nuce.-

218 1744 314 1775 quam
337 1733 585 1772 manuscriptam
609 1731 687 1762 vidit
710 1741 744 1762 ac
767 1731 857 1772 legit,
882 1732 1139 1774 compendioque
1159 1741 1282 1765 contra-

217 1785 299 1809 ctam
322 1777 439 1808 ibidem
457 1776 584 1817 profert.
606 1776 754 1807 Calculos
773 1776 815 1807 ita
833 1777 996 1816 subducit,
1016 1784 1052 1808 ut
1075 1785 1168 1809 natus
1188 1778 1282 1811 fuerit

217 1823 358 1853 Thomas
373 1823 462 1852 initio
475 1822 587 1852 saltem
602 1822 682 1851 anni
695 1821 773 1851 1225
797 1828 868 1852 ante
883 1822 967 1853 diem
982 1822 1151 1863 septimam
1166 1824 1279 1855 martii:

217 1877 302 1898 anno
317 1867 408 1904 1230,
429 1876 486 1907 pro
506 1866 634 1896 illorum
659 1872 842 1905 temporum
857 1877 957 1903 more,
968 1877 1054 1908 puer
1067 1869 1282 1910 quinquennis

215 1911 389 1942 monachus
400 1910 577 1942 Casinensis
593 1910 737 1941 evaserit:
754 1911 929 1942 consederit
938 1912 1073 1953 Neapoli
1088 1923 1176 1944 anno
1186 1914 1279 1956 1239,

215 1956 269 1987 ubi
293 1956 394 1987 studia
417 1955 615 1986 scientiarum
634 1954 809 1996 perficeret,
829 1955 947 1987 Casino
967 1968 1042 1988 cum
1062 1958 1190 1999 reliquis
1210 1969 1279 1990 mo-

214 2001 320 2032 nachis
339 2001 371 2031 in
391 2000 518 2031 exilium
537 2006 623 2030 actus
642 2000 791 2031 violentia
810 2001 958 2032 Friderici
973 2002 1192 2043 Imperatoris:
1212 2003 1279 2035 Do-

213 2046 370 2076 minicano
400 2046 530 2076 demum
559 2044 670 2076 Ordini
700 2055 818 2076 nomen
850 2046 970 2077 dederit
997 2057 1085 2078 anno
1111 2049 1197 2086 1243
1225 2056 1280 2081 aut

210 2090 300 2121 initio
316 2090 389 2120 anni
405 2099 497 2130 1244,
514 2100 587 2120 cum
603 2099 722 2120 annum
737 2090 844 2121 aetatis
860 2099 964 2130 ageret
979 2092 1140 2123 decimum
1154 2103 1279 2125 nonum

212 2142 265 2166 aut
279 2135 481 2166 vicesimum:
497 2134 569 2164 hinc
588 2144 662 2164 vero
681 2140 797 2175 septem
813 2137 942 2167 circiter
955 2138 1052 2168 annis
1066 2137 1174 2169 Casini
1190 2149 1278 2170 man-

210 2180 282 2210 serit
309 2180 348 2210 ad
371 2189 492 2210 annum
515 2179 621 2210 aetatis
646 2189 746 2220 usque
770 2180 930 2212 decimum
952 2182 1099 2219 tertium,
1123 2193 1159 2213 ac
1183 2185 1280 2216 annis

203 2226 332 2265 pariter
359 2229 475 2265 septem
506 2223 641 2264 Neapoli
675 2225 846 2256 diversatus
878 2225 973 2258 fuerit
1005 2226 1038 2258 in
1070 2227 1278 2260 Benedictino

210 2279 233 2299 s.
254 2269 391 2300 Severini
423 2269 472 2299 vel
501 2279 524 2299 s.
546 2269 696 2299 Demetrii
727 2270 938 2310 monasterio,
974 2271 1106 2303 minime
1138 2283 1213 2304 vero
1245 2273 1277 2305 in

210 2314 414 2344 saecularium
443 2313 551 2343 dom0.
585 2314 650 2344 Iam
679 2314 766 2345 vides
804 2315 915 2346 eadem
946 2326 1014 2347 esse
1045 2318 1278 2350 controversiae

211 2359 325 2398 capita,
350 2357 599 2398 chronographia
619 2366 760 2400 excepta,
781 2361 956 2402 eademque
975 2369 1176 2402 argumenta,
1196 2374 1278 2404 quae

210 2403 349 2442 Angelus
366 2403 403 2433 de
417 2404 506 2434 Nuce
520 2402 552 2432 in
573 2413 629 2433 sua
645 2402 861 2436 dissertatione
876 2416 934 2436 ms.
952 2414 1112 2447 posuerat,
1130 2418 1278 2449 quaeque

209 2449 329 2478 Auctor
357 2447 520 2478 historicae
551 2446 778 2488 disquisitionis
809 2458 931 2482 enarrat
962 2452 1110 2492 politiore
1134 2452 1276 2484 adhibito

211 2492 309 2532 stylo,
333 2502 368 2522 ac
392 2492 520 2523 meliore
545 2490 674 2524 fortasse
698 2494 851 2526 methodo
876 2503 1004 2527 servata.

277 2536 327 2566 111.
353 2536 556 2567 Oblationem
579 2538 725 2569 Thomae
744 2539 813 2571 Deo
834 2540 947 2571 factam
972 2541 1080 2572 Casini
1100 2552 1118 2573 a
1141 2542 1276 2583 parenti-

211 2581 269 2611 bus
293 2581 389 2612 veluti
413 2589 528 2612 certam
556 2582 649 2614 habet
676 2594 710 2614 ac
735 2583 943 2616 indubitatam
973 2587 1098 2618 Marcus
1114 2587 1275 2618 Antonius

210 2625 326 2665 Scipio,
351 2626 547 2666 placentinus
570 2628 684 2668 patria,
708 2629 901 2660 Benedictini
932 2632 1078 2662 coenobii
1099 2632 1157 2663 sub
1182 2631 1276 2663 titulo

211 2680 235 2700 s.
256 2670 330 2701 Sixti
361 2670 477 2701 ibidem
508 2673 672 2711 alumnus,
702 2673 733 2704 in
770 2673 879 2713 elogiis
903 2675 1064 2706 Abbatum
1088 2676 1272 2708 Monasterii

211 2714 407 2753 Casinensis,
431 2726 512 2756 quae
535 2718 668 2757 Neapoli
698 2718 783 2759 apud
807 2718 976 2750 Octavium
999 2721 1196 2752 Beltramum
1221 2732 1274 2752 an-

210 2769 252 2789 no
282 2760 363 2799 1640
387 2760 460 2798 fol„
480 2771 515 2791 ac
539 2762 652 2793 iterum
676 2773 760 2794 anno
787 2764 866 2803 1643
888 2765 974 2804 apud
994 2765 1146 2797 iacobum
1173 2766 1275 2797 Gafl'a-

211 2813 282 2834 rum
305 2804 337 2834 in
360 2814 390 2844 4.
412 2806 611 2845 prodierunt:
633 2807 670 2837 de
690 2808 885 2847 professione
905 2819 978 2839 vero
1004 2810 1178 2842 monastica
1198 2818 1275 2842 voto

211 2848 344 2879 solemni
374 2850 487 2880 emissa
517 2851 589 2882 satis
619 2852 751 2883 obscure
781 2853 931 2894 loquitur.
962 2854 996 2884 In
1027 2855 1212 2896 Appendice
1237 2856 1276 2886 ad

212 2892 406 2924 Landulfum
429 2895 585 2926 Abbatem
609 2897 677 2927 LVI
703 2897 745 2927 sic
774 2897 836 2928 ait:
864 2911 878 2926 α
906 2899 1066 2930 Landulfo
1097 2900 1275 2932 secundum

215 2949 230 2964 ³>
252 2937 314 2967 iam
342 2948 416 2968 suae
444 2939 720 2972 administrationis
749 2952 869 2973 annum
898 2943 1017 2983 agenti,
1050 2944 1160 2976 divum
1185 2945 1274 2976 Tho-

215 2993 229 3008 »
252 2991 337 3012 mam
361 2982 458 3023 ipsius
478 2992 627 3024 nepotem
648 2986 887 3027 quinquennem
907 2996 1049 3028 parentes
1069 2990 1272 3021 educandum

213 3037 228 3052 »
252 3027 402 3064 obtulere,
423 3038 461 3058 eo
481 3039 609 3068 prorsus
629 3031 739 3067 modo,
760 3042 825 3072 quo
845 3033 1008 3063 Tertullus
1032 3034 1111 3065 olim
1130 3041 1160 3066 et
1175 3034 1273 3077 Equi·

213 3081 228 3096 »
250 3070 322 3108 tius,
347 3071 567 3103 Romanorum
590 3075 794 3113 nobilissimi,
818 3077 933 3107 liberos
957 3088 1033 3108 suos
1056 3078 1220 3110 Placidum
1244 3087 1275 3112 et

212 3126 227 3141 »
250 3115 397 3145 Maurum
428 3117 501 3147 divo
525 3118 695 3150 Benedicto
720 3121 863 3160 religiosa
895 3121 1058 3162 disciplina
1082 3123 1273 3156 imbuendos

213 3170 227 3185 »
250 3158 450 3190 tradiderunt.
475 3162 540 3192 Nec
564 3163 648 3193 enim
672 3165 757 3204 apud
781 3165 935 3196 Casinum
963 3167 1061 3198 moris
1085 3175 1149 3199 erat
1167 3166 1273 3211 (quid-

212 3214 227 3230 ›
251 3202 327 3243 quid
342 3203 412 3234 alibi
429 3215 517 3236 secus
532 3206 563 3236 in
579 3208 693 3238 nostris
713 3209 806 3239 etiam
833 3211 995 3241 coenobiis
1014 3219 1138 3243 sanctae
1157 3221 1187 3244 et
1206 3214 1273 3245 lau-

214 3259 228 3274 »
252 3247 393 3277 dabiliter
416 3248 480 3279 fieri
505 3251 730 3295 consuevisset)
751 3260 786 3284 ut
807 3254 964 3285 nobilium
983 3255 1124 3287 virorum
1155 3257 1209 3288 filii
1234 3259 1273 3289 ad

213 3303 227 3318 ιν
250 3292 482 3324 monachorum
513 3295 634 3326 scholas
659 3297 913 3337 admitterentur,
938 3300 996 3330 nisi
1020 3301 1135 3341 quibus
1160 3312 1196 3333 ex
1220 3314 1273 3344 pa-

214 3348 228 3362 »
251 3343 375 3366 rentum
395 3345 567 3377 spontanea
586 3340 746 3372 oblatione
765 3349 917 3373 statutum
937 3352 1027 3382 esset,
1047 3346 1101 3376 ubi
1121 3347 1274 3378 adolevis-

214 3392 228 3406 »
251 3387 328 3418 sent,
358 3381 492 3421 religiosi
526 3390 622 3414 status
655 3386 885 3425 professionem
918 3389 1067 3420 emittere.
1105 3403 1119 3418 »
1153 3391 1274 3423 Causas

212 3423 313 3462 affert,
337 3426 452 3465 quibus
475 3429 610 3467 permoti
635 3429 777 3461 Comites
801 3432 974 3473 Aquinates
1005 3433 1135 3466 fortasse
1159 3437 1274 3467 consti—

212 3468 326 3499 tuerint
347 3471 517 3509 puerulum
535 3473 697 3504 Thomam
717 3475 748 3505 in
764 3475 932 3508 Coenobio
948 3478 1054 3509 Casini
1075 3479 1185 3511 offerre
1204 3481 1274 3512 Deo

213 3512 271 3560 sub
295 3514 399 3552 regula
418 3526 441 3546 s.
462 3516 637 3548 Benedicti:
662 3529 696 3549 ac
722 3520 927 3552 nihilominus
951 3533 990 3553 eo
1014 3523 1120 3563 ipsum
1144 3524 1175 3555 in
1200 3525 1273 3556 loco

212 3555 328 3586 diutius
351 3568 415 3588 non
435 3561 595 3598 mansisse,
609 3573 710 3603 neque
730 3564 904 3596 adhaesisse
923 3566 1036 3598 Ordini
1057 3568 1274 3607 BenedictinO,

212 3606 324 3638 sponte
343 3601 463 3633 fatetur.
487 3618 501 3631 ι
514 3605 610 3642 Quod
630 3607 654 3636 si
674 3608 817 3639 Thomas
837 3609 978 3652 (inquit)
994 3611 1048 3642 diu
1062 3612 1142 3643 inter
1161 3624 1274 3645 mona-

214 3654 228 3670 >
252 3643 327 3674 chos
347 3646 506 3686 educatus,
522 3656 629 3679 nostro
645 3657 750 3681 tamen
765 3652 876 3683 Ordini
897 3664 962 3684 non
982 3655 1136 3695 adhaesit3
1152 3657 1183 3687 id
1198 3668 1273 3689 vero

943 268 1401 311 DISSERTATIONES
1433 266 1682 304 CRITICAE

1345 357 1360 372 »
1383 345 1502 375 nemini
1518 345 1636 375 mirum
1646 343 1743 374 videri
1759 343 1867 373 debet:
1884 352 1959 372 nam
1970 348 2192 382 praeterquam
2202 343 2292 383 quod
2302 344 2424 375 bellurn

1346 401 1360 416 »
1384 396 1489 427 atrox,
1514 389 1603 430 quod
1628 389 1710 418 inter
1737 386 1926 418 Pontificem
1957 386 2143 416 Romanum
2175 393 2206 417 et
2235 387 2424 419 Federicum

1346 446 1360 460 »
1384 434 1612 473 Imperatorem
1636 438 1799 469 exarserat,
1821 441 1895 461 cum
1915 430 1974 460 toti
1994 430 2201 470 Campaniae,
2223 438 2295 462 tum
2318 433 2423 463 nomi-

1347 490 1360 504 »
1384 478 1484 508 natim
1509 476 1648 508 Casinati
1677 476 1824 506 sodalitio
1849 475 1986 505 maxime
2011 475 2251 514 calamitosum,
2276 478 2424 508 eamdem

1346 534 1361 549 »
1383 522 1542 560 Thomae,
1562 531 1661 562 quam
1685 520 1813 551 caeteris
1831 519 1999 550 monachis
2019 519 2124 550 attulit
2143 520 2205 550 alio
2226 521 2424 561 demigrandi

1346 578 1361 593 »
1383 566 1617 604 necessitatem;
1633 571 1802 605 parentum
1821 564 1952 604 insuper
1971 564 2111 601 consilia,
2123 570 2154 595 et
2172 565 2424 597 machinationes

1347 623 1360 636 »
1384 610 1422 640 de
1442 609 1581 640 Casinati
1601 609 1736 639 Abbatia
1756 619 1831 639 cum
1850 608 1894 638 illi
1919 608 2146 647 suboluissent,
2167 610 2205 640 ab
2226 610 2316 641 omni
2341 621 2423 642 sem-

1346 667 1360 680 »
1383 664 1439 694 per
1462 654 1626 684 honorum
1645 663 1701 693 spe
1721 660 1816 694 atque
1840 653 1962 684 ambitu
1987 653 2193 693 alienissimo,
2214 654 2423 695 cogitationes

1346 711 1360 724 »
1383 708 1456 728 suas
1475 698 1514 728 ad
1534 697 1621 728 aliud
1635 697 1716 728 vitae
1731 707 1832 737 genus
1847 698 2108 738 amplectendum
2123 699 2289 738 convertit,
2304 700 2338 731 in
2353 711 2420 742 quo

1345 754 1359 769 ›>
1381 748 1490 782 posset
1514 742 1704 782 dignitatum
1734 742 1869 782 insignia
1899 750 1930 774 et
1959 743 2070 774 titulos
2099 753 2213 774 omnes
2239 744 2363 776 facilius
2387 756 2423 776 ac

1345 798 1359 813 »
1382 786 1577 826 probabilius
1600 786 1633 816 in
1658 796 1791 817 omnem
1814 787 1912 818 vitam
1936 787 2102 819 declinare.
2126 801 2141 816 2>

1410 830 1604 861 Obscuriora
1627 841 1759 872 quoque
1783 842 1885 872 pauca
1915 833 2011 863 verba
2036 833 2200 873 scripserat
2224 834 2341 865 eodem
2365 835 2421 865 cir—

1342 874 1417 905 citer
1439 882 1584 915 tempore
1608 875 1840 907 Constantinus
1865 877 2036 908 Caietanus
2058 878 2188 917 siculus,
2213 878 2343 910 Ordinis
2361 880 2421 910 Be-

1342 919 1490 950 nedictini
1514 919 1562 950 vir
1594 920 1741 960 illustris,
1766 921 1799 952 in
1823 922 1958 962 epistola
1986 923 2221 964 nuncupatoria
2251 925 2291 954 ad
2314 925 2422 956 Patres

1342 963 1504 994 Societatis
1522 987 1530 1003 ,
1565 975 1637 1006 quae
1670 965 1807 1006 praefixa
1835 967 1950 1006 legitur
1983 968 2142 1008 opusculo
2180 968 2232 999 De
2264 969 2420 1011 religiosa

1340 1018 1366 1039 s.
1391 1008 1518 1049 Ignatii
1539 1010 1607 1040 sive
1626 1010 1822 1049 Enneconis,
1843 1012 2043 1043 Fundatoris
2062 1013 2232 1044 Societatis
2255 1013 2342 1052 Iesu,
2357 1024 2423 1054 per

1335 1058 1450 1093 patres
1467 1054 1696 1086 Benedictinos
1715 1057 1925 1094 institutione,
1944 1057 2086 1088 Venetiis
2114 1058 2200 1089 edito
2225 1068 2311 1089 anno
2337 1058 2415 1098 1641

1341 1098 1428 1137 apud
1443 1097 1715 1139 Christophorum
1725 1101 1973 1132 Thomasinum.
1989 1102 2044 1133 Ait
2053 1102 2106 1133 ille
2117 1101 2209 1144 (pag.
2221 1102 2261 1133 16
2255 1102 2290 1145 ).·
2301 1102 2422 1134 Omitto

1341 1152 1429 1173 nunc
1437 1145 1637 1175 ceremonias
1650 1146 1796 1186 ritusque
1804 1146 2042 1185 Benedictinos,
2054 1157 2135 1188 quos
2147 1157 2243 1178 sacer
2255 1149 2308 1179 hic
2320 1148 2422 1179 Prae·

1339 1186 1521 1218 dicatorum
1545 1188 1646 1227 Ordo,
1672 1191 1735 1220 mei
1757 1192 2020 1230 amantissimus,
2046 1193 2187 1233 quotidie
2201 1192 2422 1234 frequentare

1341 1241 1404 1262 non
1416 1238 1528 1264 cessat.
1543 1234 1776 1275 Praeterquam
1788 1236 1874 1276 quod
1882 1237 2076 1277 Angelicum
2093 1237 2176 1268 illud
2189 1238 2356 1269 Ecclesiae
2371 1239 2420 1269 lu-

1340 1286 1429 1315 men,
1459 1278 1597 1309 Thomas
1619 1280 1784 1320 Aquinas,
1810 1280 1994 1313 doctoribus
2021 1282 2242 1314 Benedictinis
2269 1293 2333 1314 non
2363 1283 2422 1314 abs

1339 1331 1376 1352 re
1398 1322 1630 1354 adscribendus
1654 1326 1750 1356 venit.
1774 1324 1918 1356 Huiusce
1942 1326 2048 1367 operis
2071 1327 2155 1358 vices
2178 1334 2283 1359 narrat
2306 1338 2422 1359 omnes

1338 1366 1486 1398 laudatus
1516 1368 1677 1399 Marianus
1708 1370 1921 1401 Armellinus:
1947 1371 2026 1402 mihi
2056 1382 2132 1402 vero
2162 1379 2209 1404 sat
2237 1372 2332 1404 fuerit
2355 1372 2421 1404 ani-

1338 1411 1534 1443 madvertere
1560 1412 1811 1446 Constantinum
1836 1415 2028 1447 Caietanum
2051 1417 2090 1447 ab
2112 1417 2289 1449 Annalium
2312 1418 2421 1450 Eccle-

1338 1455 1538 1487 siasticorum
1561 1458 1693 1490 Parente
1717 1460 1758 1490 ad
1781 1469 1904 1490 annum
1923 1470 2006 1502 494,
2035 1471 2125 1492 num.
2147 1473 2189 1504 77
2219 1469 2250 1493 et
2273 1462 2316 1504 78
2340 1462 2422 1494 inter

1337 1500 1410 1532 illos
1445 1501 1568 1541 notari,
1599 1504 1656 1544 qui
1686 1514 1863 1545 perperam
1895 1505 2094 1537 sanctissimo
2130 1507 2328 1538 Patriarchae
2361 1507 2421 1539 Be-

1338 1545 1464 1577 nedicto
1483 1557 1564 1588 quos
1588 1558 1652 1579 non
1675 1550 1802 1590 genuit,
1823 1550 1948 1581 alienos
1973 1556 2094 1592 partus
2122 1557 2310 1593 supponunt
2321 1559 2335 1591 ;
2364 1553 2423 1594 qui

1338 1592 1437 1622 nimio
1461 1593 1531 1623 eius
1557 1591 1712 1631 Ordinis,
1741 1594 1801 1625 sub
1832 1604 1896 1635 quo
1922 1596 2143 1637 profitentur,
2177 1607 2310 1635 amore,
2340 1607 2420 1629 non-

1338 1636 1446 1667 nullos
1459 1636 1561 1678 fama
1586 1638 1730 1669 illustres
1760 1640 1848 1680 viros
1871 1640 2012 1671 eiusdem
2034 1640 2147 1682 fiaisse
2177 1642 2316 1683 regulae
2338 1652 2420 1684 pro-

1328 1680 1498 1721 sessores,
1524 1683 1746 1723 imprudenter
1769 1689 1800 1715 et
1829 1685 2009 1716 inconsulte
2039 1686 2136 1717 nimis
2165 1686 2418 1728 affimant...-

1341 1725 1406 1763 Qui
1429 1728 1574 1758 veritatis
1597 1728 1770 1759 candorem
1796 1739 1860 1759 non
1885 1730 2070 1768 illustrant,
2094 1731 2152 1762 sed
2174 1731 2366 1764 obscurant:
2389 1737 2421 1764 et

1337 1771 1463 1802 nullum
1478 1772 1630 1804 habentes
1648 1773 1817 1812 delectum,
1833 1784 2050 1816 quoscumque
2063 1781 2257 1817 repererunt
2269 1776 2419 1809 doctrina

1337 1816 1388 1846 vel
1409 1818 1581 1848 sanctitate
1604 1818 1744 1850 claros...
1760 1819 1885 1850 eosdem
1909 1819 1969 1850 sub
1991 1821 2097 1851 sancti
2113 1821 2282 1853 Benedicti
2299 1821 2420 1864 regula

1336 1862 1536 1893 constituunt
1551 1862 1769 1904 professores.

1404 1906 1457 1938 1v.
1483 1906 1565 1938 Sunt
1588 1907 1640 1938 alii
1674 1918 1749 1939 vero
1783 1908 1947 1939 clarissimi
1979 1908 2037 1940 viri
2068 1919 2106 1941 ex
2140 1909 2262 1942 Ordine
2285 1910 2419 1943 Benedi-

1336 1950 1443 1990 ctino,
1474 1952 1530 1993 qui
1555 1953 1641 1993 apud
1672 1952 1862 1984 Casinenses
1893 1953 2039 1985 oblatum
2070 1965 2106 1986 ac
2129 1955 2290 1987 novitium
2320 1955 2419 1988 fuisse

1335 1996 1501 2027 ‘rhomam
1531 1997 1740 2038 arbitrantur,
1771 1998 1905 2029 minime
1938 2008 2013 2030 vero
2047 1999 2184 2031 solemni
2217 2000 2419 2042 professione

1335 2041 1467 2081 emissa,
1492 2048 1547 2073 aut
1578 2042 1740 2074 oblatione
1771 2043 1810 2074 de
1841 2053 1874 2074 se
1905 2053 1923 2074 a
1950 2044 2135 2085 parentibus
2159 2044 2240 2077 facta
2263 2051 2343 2077 voto
2365 2044 2417 2077 fir-

1334 2093 1438 2126 mata,
1462 2087 1661 2119 monachum
1691 2087 1757 2119 veri
1780 2088 1938 2119 nominis:
1963 2088 2031 2120 imo
2063 2096 2138 2121 sunt
2168 2089 2265 2121 etiam
2297 2090 2354 2132 qui
2377 2101 2418 2123 eo

1334 2138 1443 2162 sancto
1467 2131 1500 2162 in
1523 2132 1597 2163 loco
1628 2133 1773 2164 moribus
1797 2140 1829 2165 et
1855 2133 1965 2164 litteris
1997 2133 2162 2166 dumtaxat
2191 2134 2417 2175 imbuendum,

1333 2175 1366 2206 in
1385 2183 1471 2208 veste
1491 2177 1641 2209 saeculari
1660 2178 1813 2210 traditum
1833 2189 1900 2210 non
1919 2179 2099 2210 admodum
2118 2186 2306 2221 repugnant.
2329 2179 2418 2212 Prio-

1333 2230 1401 2251 rem
1425 2222 1613 2253 sententiam
1638 2222 1850 2254 disertissimis
1881 2223 1984 2255 verbis
2016 2224 2138 2265 profert
2162 2224 2297 2256 Ioannes
2321 2223 2418 2257 Cara-

1333 2266 1422 2296 muel
1445 2266 1478 2297 in
1501 2267 1683 2308 Theologia
1701 2268 1836 2309 regulari
1867 2276 1959 2300 tomo
1981 2268 2012 2308 1,
2038 2269 2092 2300 lib.
2108 2269 2151 2301 VI
2165 2292 2174 2309 ,
2205 2269 2286 2311 disp.
2305 2279 2417 2311 xxxtx,

1334 2320 1423 2342 num.
1448 2313 1512 2352 445
1540 2312 1595 2343 ubi
1619 2313 1696 2344 haec
1720 2313 1831 2344 habet:
1851 2314 2002 2345 Attamen
2028 2313 2174 2356 infantes
2195 2315 2244 2346 sic
2265 2314 2374 2347 devoti
2395 2323 2417 2347 a

1326 2357 1541 2396 parentibus,
1565 2358 1636 2388 sine
1660 2363 1736 2389 nota
1767 2359 1898 2400 aliqua,
1925 2359 1988 2390 imo
2019 2359 2250 2398 laudabiliter,
2275 2368 2348 2390 cum
2373 2359 2418 2392 ad

1332 2406 1470 2432 aetatem
1495 2401 1680 2442 pubertatis
1710 2403 1899 2441 veniebant,
1918 2409 2075 2445 poterant
2097 2403 2300 2446 Religionem
2325 2404 2416 2437 illam

1331 2445 1481 2477 deserere
1505 2452 1535 2478 et
1558 2448 1679 2478 reverti
1702 2448 1747 2479 ad
1775 2449 1961 2487 saeculum,
1986 2454 2045 2480 aut
2074 2450 2218 2480 transire
2240 2449 2285 2480 ad
2314 2449 2416 2482 aliam

1331 2490 1551 2532 Religionem,
1576 2493 1606 2523 si
1629 2492 1816 2524 iudicabant
1851 2494 2102 2525 convenientius.
2133 2493 2188 2525 Sic
2210 2493 2306 2525 divus
2333 2493 2416 2526 77ιο-

1332 2545 1403 2567 mas
1420 2536 1602 2567 studiorum
1623 2547 1723 2568 causa
1739 2537 1884 2580 legitime
1896 2539 2015 2579 potuit,
2032 2539 2096 2570 imo
2109 2538 2219 2570 debuit
2237 2538 2414 2578 discedere,

1332 2590 1396 2611 non
1420 2581 1565 2613 obstante
1582 2587 1759 2623 parentum
1789 2583 1950 2614 oblatione
1968 2606 1977 2615 .
1997 2604 2006 2615 .
2027 2606 2035 2615 .
2056 2606 2064 2615 .
2089 2584 2329 2615 Monasterium
2358 2583 2414 2616 de-

1332 2631 1421 2657 votos
1437 2636 1562 2667 pueros
1579 2628 1687 2668 potuit
1710 2627 1871 2659 dimittere
1895 2628 1946 2659 uel
1968 2633 2044 2659 ante
2070 2628 2122 2659 vel
2138 2634 2214 2669 post
2230 2629 2415 2669 pubertatis

1331 2680 1452 2709 annos,
1485 2677 1521 2702 ut
1553 2673 1649 2703 etiam
1682 2672 1838 2714 quoslibet
1869 2673 2014 2704 novitios.
2057 2672 2212 2704 Videatur
2243 2672 2414 2714 sylvester

1332 2715 1417 2747 verb.
1441 2716 1571 2758 Religio
1595 2716 1647 2756 II,
1672 2727 1726 2758 qu.
1745 2727 1763 2748 x
1787 2724 1818 2748 et
1847 2728 1922 2756 xm,
1947 2718 2002 2749 ubi
2030 2717 2182 2759 expendit
2205 2718 2293 2748 circa
2323 2717 2412 2750 obla-

1331 2761 1448 2791 tionem
1473 2761 1694 2793 huiuscemodi
1716 2763 1863 2793 curiosas
1886 2763 2010 2804 aliquot
2032 2761 2252 2804 difficultates.

1398 2807 1441 2837 At
1464 2805 1534 2847 ipsa
1557 2806 1690 2837 demum
1721 2814 1925 2848 argumenta,
1949 2817 2032 2849 quae
2056 2807 2224 2848 scriptores
2249 2806 2328 2838 alios
2350 2806 2410 2839 Be-

1331 2850 1509 2882 nedictinos
1540 2850 1690 2882 induxere
1715 2858 1751 2883 ut
1774 2862 1792 2882 a
1816 2851 1999 2893 parentibus
2028 2851 2191 2884 crederent
2221 2852 2292 2883 Deo
2322 2851 2411 2884 obla-

1330 2901 1401 2926 tum
1425 2896 1644 2938 devotumque
1663 2896 1828 2927 Thomam
1848 2896 1955 2928 Casini
1975 2897 2034 2928 sub
2059 2896 2167 2937 regula
2191 2907 2215 2928 s.
2236 2895 2411 2937 Benedicti,

1330 2940 1417 2972 haud
1440 2941 1545 2972 multo
1577 2941 1701 2972 videtur
1724 2941 1875 2972 Erasmus
1899 2941 2028 2973 Gattula
2060 2941 2208 2972 habuisse
2231 2941 2264 2973 in
2288 2940 2410 2983 preti03

1331 2992 1443 3027 utpote
1467 2986 1534 3028 qui,
1555 2986 1667 3017 eadem
1686 2986 1796 3017 omnia
1815 2993 1988 3028 postquam
2012 2986 2164 3026 exhibuit,
2185 2995 2309 3029 proque
2327 2985 2411 3018 virili

1329 3030 1532 3070 instauravit,
1556 3031 1730 3072 puerulum
1761 3031 1899 3073 denique
1927 3031 2093 3062 Thomam
2117 3041 2156 3062 eo
2180 3031 2213 3062 in
2238 3030 2410 3064 Coenobio

1329 3075 1474 3107 moribus
1497 3075 1671 3118 litterisque
1694 3075 1919 3114 imbuendum,
1942 3076 1975 3107 in
1999 3083 2085 3107 veste
2109 3075 2260 3107 saeculari
2284 3076 2409 3108 dumta-

1328 3127 1400 3160 xat,
1429 3121 1581 3152 traditum
1617 3120 1713 3152 fuisse
1748 3120 1832 3152 ultro
1862 3121 2024 3161 permittit.
2055 3121 2160 3152 Verba
2189 3121 2258 3152 eius
2287 3119 2408 3160 refero,

1329 3175 1401 3207 quae
1429 3166 1503 3197 loco
1528 3165 1615 3207 prius
1640 3165 1735 3196 citato
1759 3165 1792 3196 in
1816 3165 1899 3196 calce
1923 3165 2096 3197 habentur:
2122 3166 2197 3197 Sive
2219 3171 2339 3204 tamen,
2359 3165 2410 3197 in-

1329 3210 1478 3251 quientis,
1497 3220 1560 3252 quo
1585 3215 1727 3251 tempore
1753 3210 1867 3241 Casini
1885 3220 2008 3241 moram
2029 3211 2148 3248 traxit,
2175 3210 2408 3242 monachorum

1329 3255 1470 3286 habitum
1494 3260 1628 3286 sanctus
1648 3255 1786 3286 Thomas
1810 3254 1969 3294 induerit,
1994 3256 2081 3297 quod
2104 3256 2174 3287 veri
2197 3264 2266 3287 esse
2283 3254 2408 3287 similli-

1330 3309 1415 3330 mum
1442 3310 1505 3331 non
1528 3300 1630 3341 pauci
1657 3301 1851 3341 opinantur,
1876 3301 1943 3331 sive
1972 3301 2004 3331 in
2034 3301 2146 3332 laicali
2167 3300 2407 3341 permanserit,

1324 3344 1463 3385 perinde
1486 3344 1576 3376 nobis
1604 3349 1661 3376 est.
1692 3345 1806 3386 Neque
1835 3345 1919 3375 enim
1950 3355 2069 3386 parum
2093 3345 2223 3387 gloriae
2249 3344 2407 3376 Casinen-

1329 3389 1416 3420 sibus
1448 3389 1591 3427 accedit‚
1621 3389 1707 3431 quod
1729 3389 1842 3420 Sancti
1864 3390 1961 3421 huius
1984 3391 2016 3421 in
2037 3390 2180 3421 moribus
2198 3390 2309 3431 optimi
2326 3386 2407 3430 sue-

1330 3434 1396 3464 rint
1420 3435 1637 3472 institutores,
1670 3439 1767 3475 atque
1791 3435 1893 3475 ipsum
1914 3435 1947 3465 in
1971 3434 2293 3477 grammaticalibus,
2318 3433 2350 3464 10
2376 3434 2402 3464 i-

1330 3478 1452 3509 calibus
1483 3484 1513 3510 et
1530 3479 1761 3520 philosophicis
1790 3479 2000 3511 erudiverint.
2037 3479 2154 3521 Itaque
2176 3486 2342 3510 memoran
2368 3487 2408 3509 us
2459 3492 2463 3497 ·

1321 3522 1394 3562 fuit
1418 3524 1450 3553 in
1474 3524 1536 3554 hac
1560 3529 1671 3555 nostra
1696 3524 1851 3555 historia:
1875 3534 1933 3555 nec
1963 3530 2070 3556 tamen
2095 3523 2166 3555 ideo
2199 3523 2312 3554 Casini
2338 3531 2406 3553 mo·

1330 3568 1467 3598 nachum
1495 3578 1530 3599 se
1553 3568 1623 3599 Deo
1648 3570 1771 3599 vovisse
1798 3570 1984 3600 asserimus.
2013 3568 2102 3600 Haec
2125 3567 2210 3599 varia
2234 3572 2308 3599 sunt
2331 3567 2406 3598 scri·

1329 3618 1459 3651 ptorum
1475 3612 1604 3652 placita,
1620 3623 1692 3654 quae
1712 3613 1909 3654 diligentiore
1925 3613 2068 3645 examine
2087 3618 2188 3644 versat
2206 3611 2406 3651 Dissertatio,

1328 3665 1426 3696 quarn
1451 3657 1624 3696 aggredior.
