2788 4204
124 395 136 404 ¹
145 391 204 414 Illud
210 398 259 414 om.
269 390 338 412 codd.

128 598 137 607 ”
146 604 168 619 s:
183 597 245 625 quia.

365 256 441 291 400

422 324 456 360 8.
477 321 625 360 Deinde
655 333 742 357 cum
772 320 878 357 dicit:
907 318 1057 356 Videtur
1079 321 1203 352 autem
1231 316 1302 352 hoc
1330 314 1423 350 ines-

366 389 405 414 se
433 383 514 422 etc„
537 374 699 412 ostendit
717 373 808 423 quid
828 372 873 409 sit
891 371 982 407 illud
1003 371 1022 391 ²³*
1035 368 1263 418 principium
1285 379 1423 426 cogno-

368 429 542 467 scitivum
571 427 824 476 praeexistens
843 431 867 461 ⁷¹.
886 425 934 460 Et
953 430 1136 471 quantum
1157 421 1205 458 ad
1224 422 1299 457 hoc
1316 427 1425 468 pomt

367 490 441 519 tres
456 482 592 530 gradus
607 481 645 517 in
665 479 899 517 animalibus.
913 478 1088 523 Quorum
1104 474 1250 533 primus
1266 481 1322 510 est
1333 474 1422 533 hoc,

369 535 473 584 quod
492 534 641 571 videtur
660 533 781 570 inesse
802 529 1055 567 communiter
1074 527 1253 564 ommbus
1281 538 1424 563 amma-

368 589 476 635 libus,
499 599 595 636 quae
612 588 631 608 ’¹‘
647 585 775 622 omnia
795 584 934 620 habent
962 581 1170 630 quamdam
1200 587 1424 616 connatura-

368 643 444 678 lem
470 640 677 690 potentiam
715 638 763 674 ad
799 635 1044 673 iudicandum
1083 634 1130 671 de
1165 633 1423 678 sensibilibus,

369 707 465 743 quae
484 700 642 730 vocatur
664 703 807 735 sensus,
829 701 926 737 quae
946 700 1024 724 non
1044 687 1247 735 acquiritur
1261 684 1274 706 θ
1289 686 1336 722 de
1357 698 1424 723 no-

367 760 430 794 vo,
452 746 518 783 sed
546 746 667 794 ipsam
695 751 868 780 naturam
898 740 1151 788 consequitur.
1417 783 1423 790 .

421 812 455 847 9.
479 798 698 837 Secundum
726 795 886 844 gradum
912 794 1047 843 ponit*
1080 793 1147 829 ibi:
1173 793 1269 829 Cum
1298 797 1423 829 autem

367 853 452 889 insit
475 864 606 889 sensus*
622 858 711 895 etc.;
741 856 778 885 et
803 848 890 886 dicit
909 847 1013 896 quod
1034 859 1121 883 cum
1142 858 1275 882 sensus
1295 845 1340 882 sit
1354 851 1367 865 ²‘
1386 845 1424 881 in

367 905 542 942 omnibus
571 903 811 949 animalibus,
832 902 871 938 in
890 900 1119 949 quibusdam
1141 911 1276 935 eorum
1303 910 1425 935 rema-

364 966 428 995 net
446 958 568 1006 aliqua
587 955 784 1005 impressio
805 954 1000 1000 sensibilis,
1022 954 1185 990 abeunte
1206 964 1246 988 re
1268 953 1287 972 ⁹⁵
1308 951 1424 988 sensi-

364 1011 438 1058 bili,
459 1011 553 1047 sicut
581 1009 759 1057 contingit
776 1008 815 1045 in
843 1007 1022 1044 omnibus
1048 1005 1275 1043 animalibus
1301 1005 1424 1054 perfe-

365 1064 440 1101 ctis.
463 1066 504 1101 In
526 1063 753 1113 quibusdam
779 1068 905 1098 autem
925 1059 938 1082 λ
957 1061 1031 1097 hoc
1059 1071 1138 1096 non
1159 1058 1350 1107 contingit,
1377 1058 1423 1095 si-

364 1125 425 1154 cut
452 1117 489 1154 in
522 1116 749 1166 quibusdam
787 1114 1011 1152 animalibus
1048 1112 1298 1161 imperfectis,
1329 1112 1424 1149 sicut

361 1178 463 1219 patet
480 1170 518 1207 in
532 1170 590 1207 his
610 1181 706 1218 quae
722 1181 799 1206 non
819 1174 1024 1205 moventur
1038 1173 1146 1203 motu
1165 1166 1421 1215 progressivo.

361 1225 410 1260 Et
437 1224 531 1260 forte
561 1222 739 1271 contingit
766 1221 871 1271 quod
891 1220 989 1257 circa
1007 1219 1134 1269 aliqua
1162 1219 1340 1256 animalia
1364 1232 1422 1256 re-

360 1388 464 1413 habitus
478 1386 672 1419 principiorum
684 1385 759 1418 fiunt
777 1385 803 1409 in
824 1384 897 1409 nobis
916 1391 933 1408 a
951 1390 1028 1408 sensu
1045 1382 1257 1415 praeexistente.
1276 1382 1326 1407 Per
1343 1382 1424 1407 verba

360 1428 444 1448 autem
464 1430 530 1455 quae
549 1422 675 1446 adduntur
693 1429 707 1445 a
726 1420 811 1450 Piana,
830 1420 932 1444 videtur
951 1419 1012 1449 dari,
1033 1424 1121 1443 contra
1138 1418 1255 1442 ordinem
1274 1418 1388 1450 positum
1408 1425 1422 1442 a

359 1467 380 1484 s.
404 1459 468 1488 Th..
488 1458 630 1486 conclusio,
650 1463 716 1489 quae
738 1455 830 1480 ultimo
849 1456 905 1480 loco
931 1459 970 1479 est
989 1454 1116 1487 ponenda.
1143 1453 1270 1484 Quocirca
1294 1453 1421 1478 existima-

359 1502 418 1519 mus
443 1494 520 1518 verba
543 1493 585 1517 illa
608 1492 679 1525 prius
704 1491 784 1516 fuisse
809 1496 897 1515 notam
922 1490 1092 1522 marginalem
1117 1497 1131 1514 a
1150 1490 1245 1514 lectore
1270 1489 1422 1522 appositam,

360 1537 425 1562 quae
445 1529 535 1554 deinde
554 1528 630 1553 textui
650 1535 696 1559 per
710 1526 878 1559 ignorantiam
896 1526 972 1551 fuerit
984 1525 1089 1550 inserta.
1108 1525 1168 1550 ideo
1183 1525 1333 1550 auctoritate
1347 1525 1423 1550 codd.

358 1565 468 1598 praefata
487 1564 564 1588 verba
583 1563 760 1595 expungimus.

410 1600 436 1632 η)
458 1599 529 1630 Quid
552 1599 588 1624 sit
606 1598 672 1623 illud
690 1597 854 1630 principium
876 1596 1084 1630 cognoscitivum
1106 1597 1303 1629 praeexistens,
1323 1595 1420 1621 habitui

358 1643 452 1669 nempe
477 1635 620 1668 primorum
645 1633 837 1666 principiorum.
857 1632 923 1663 Quia
941 1633 966 1657 in
985 1640 1057 1657 num.
1078 1632 1240 1665 praecedenti
1263 1638 1361 1657 asserta
1380 1637 1421 1657 est

358 1671 487 1696 existentia
511 1670 588 1695 huius
606 1669 736 1702 principii,
762 1676 808 1693 seu
833 1668 959 1693 facultatis
979 1668 1177 1701 cognoscitivae,
1197 1668 1229 1693 de
1247 1668 1365 1693 eiusdem
1383 1668 1419 1692 fa-

358 1707 455 1732 cultatis
475 1711 564 1731 natura
588 1705 736 1738 inquiritur:
757 1705 788 1729 ad
812 1705 991 1737 quaestionem
1010 1704 1078 1729 enim
1097 1711 1132 1729 an
1151 1705 1188 1729 sit
1206 1703 1324 1736 sequitur
1343 1711 1358 1728 e
1375 1711 1420 1728 ve-

357 1742 431 1775 stigio
451 1741 567 1774 quaestio
586 1740 649 1773 quid
667 1740 710 1765 sit.
724 1740 864 1764 Exordium
879 1745 966 1764 autem
987 1739 1098 1764 sumitur
1116 1747 1131 1764 a
1149 1747 1239 1770 sensu,
1259 1739 1353 1772 duplici
1372 1747 1419 1772 po-

356 1779 485 1803 tissimum
500 1785 530 1802 ex
545 1776 636 1809 capite.
646 1776 732 1800 Primo
745 1775 850 1808 quidem
861 1776 922 1808 quia
934 1775 1018 1808 posita
1031 1775 1140 1800 falsitate
1151 1775 1280 1800 innatismi
1294 1775 1419 1805 idearum,

356 1819 385 1838 ut
403 1814 428 1838 in
447 1818 500 1837 not.
513 1821 523 1837 ε
543 1812 637 1836 dictum
657 1813 703 1841 est,
724 1817 749 1836 et
763 1811 899 1844 supposito
919 1811 990 1844 quod
1003 1819 1079 1836 mens
1098 1819 1151 1836 non
1170 1819 1201 1836 ex
1222 1811 1308 1844 seipsa
1328 1811 1420 1836 educat

357 1857 416 1874 suas
442 1848 615 1881 cognitiones,
635 1847 708 1880 quasi
728 1854 774 1879 per
799 1847 938 1871 essentiam
963 1854 1039 1872 suam
1064 1847 1231 1879 intelligendo
1256 1847 1356 1871 obiecta
1375 1846 1418 1878 (cf.

356 1885 384 1909 P.
398 1885 416 1914 l,
431 1892 475 1917 qu.
487 1891 527 1914 LV,
542 1883 611 1908 artic.
626 1891 642 1913 1,
657 1888 682 1907 et
696 1890 739 1915 qu.
752 1890 847 1911 cxxxiv,
862 1883 931 1907 artic.
951 1882 989 1915 11),
1006 1883 1123 1915 sequitur
1142 1883 1213 1916 quod
1226 1882 1299 1915 origo
1318 1887 1419 1907 nostra-

356 1928 413 1945 mm
426 1920 541 1944 idearum
555 1918 634 1951 repeti
655 1918 746 1943 debeat
761 1918 848 1951 aliquo
861 1918 940 1943 modo
954 1926 969 1943 a
983 1926 1072 1949 sensu,
1087 1918 1131 1951 qui
1145 1918 1254 1952 proinde
1269 1918 1346 1943 debet
1360 1925 1419 1943 esse

355 1963 436 1981 unum
461 1955 613 1988 principium
638 1954 840 1986 cognoscitivum
865 1954 1040 1987 praeexistens
1063 1954 1201 1987 cognitioni
1225 1953 1419 1987 principiorum.

355 1991 461 2021 Deinde,
474 1991 534 2023 quia
546 1990 571 2015 in
586 1989 710 2014 sententia
723 1989 866 2014 Aristotelis
880 1994 906 2014 et
919 1997 940 2014 s.
957 1989 1083 2020 Thomae,
1094 1990 1214 2023 quamvis
1234 1989 1363 2018 sensibilis
1376 1997 1419 2014 co-

356 2027 436 2059 gnitio
446 2034 497 2051 non
512 2026 544 2050 sit
562 2026 646 2050 totalis
666 2030 690 2050 et
709 2025 821 2057 perfecta
840 2033 917 2050 causa
936 2031 1039 2050 nostrae
1058 2025 1237 2051 intellectualis
1257 2025 1418 2058 cognitionis,

356 2067 395 2087 est
413 2068 499 2087 tamen
522 2061 715 2094 quodammodo
734 2060 839 2085 materia
858 2068 951 2086 causae
971 2059 1015 2094 (cf.
1035 2061 1063 2086 P.
1080 2061 1098 2091 l,
1117 2069 1161 2094 qu.
1174 2069 1271 2091 uxxw,
1285 2061 1356 2086 artic.
1370 2059 1418 2096 vi).

356 2098 433 2122 Hisce
451 2105 513 2129 ergo
527 2096 731 2130 praesuppositis
744 2102 799 2121 tum
814 2104 844 2121 ex
857 2096 929 2121 dictis
949 2096 974 2121 in
994 2097 1109 2121 numeris
1125 2097 1348 2130 praecedentibus,
1362 2102 1417 2122 tum

356 2141 386 2158 ex
405 2133 538 2166 ideologia,
557 2132 753 2165 expendendum
779 2137 819 2157 est
837 2132 899 2164 quid
912 2132 1014 2157 valeant
1029 2140 1132 2163 sensus,
1147 2137 1175 2157 ut
1191 2132 1283 2157 deinde
1297 2132 1419 2157 determi-

355 2173 428 2194 netur
442 2176 488 2201 per
502 2168 571 2201 quod
585 2173 707 2200 tanquam
722 2175 768 2200 per
781 2175 886 2192 causam
896 2175 957 2193 vere
970 2168 1146 2193 immediatam
1161 2173 1186 2193 et
1202 2167 1354 2193 efficientem
1374 2176 1418 2193 co-

355 2204 434 2237 gnitio
446 2204 590 2237 primorum
606 2203 787 2236 principiorum
801 2211 816 2228 a
830 2204 904 2228 nobis
919 2204 1073 2236 acquiratur.
1090 2204 1160 2229 quta
1174 2209 1260 2229 autem
1274 2204 1418 2236 praemissa

355 2240 486 2265 exordium
505 2240 615 2264 sumitur
633 2247 647 2264 a
666 2247 753 2268 sensu,
767 2239 810 2272 qui
830 2245 870 2264 est
889 2240 1035 2264 communis
1056 2239 1131 2264 nobis
1150 2245 1175 2264 et
1194 2239 1290 2271 brutis,
1310 2245 1335 2265 et
1358 2247 1417 2272 gra-

355 2275 432 2300 datim
451 2275 597 2308 pervenitur
615 2275 646 2299 ad
665 2274 690 2299 id
709 2275 780 2307 quod
799 2280 838 2300 est
857 2275 931 2299 nobis
951 2275 1095 2308 proprium.

407 2309 430 2343 0)
453 2311 526 2341 Quae
544 2318 595 2335 non
614 2310 763 2343 acquiritur
782 2315 830 2335 etc.
841 2325 860 2329 -
874 2310 946 2335 FIM:
965 2311 1112 2343 accipitum
1131 2310 1155 2336 G
1168 2319 1222 2336 om.
1233 2325 1251 2330 -
1264 2311 1299 2336 F:
1317 2310 1366 2336 sed
1376 2318 1415 2336 se-

356 2347 469 2372 cundum
489 2346 572 2378 ipsam
592 2351 648 2376 etc.;
669 2351 693 2370 et
712 2346 745 2371 ita
764 2346 786 2376 1,
805 2346 854 2371 nisi
873 2346 943 2379 quod
962 2354 1015 2371 om.
1034 2346 1089 2372 sed.

408 2382 426 2414 ι)
446 2382 594 2407 Secundum
608 2381 723 2415 gradum
738 2382 854 2414 ponit.—-
867 2382 966 2407 Sensus
983 2387 1023 2407 est
1036 2382 1165 2415 quaedam
1179 2382 1292 2415 potentia
1305 2382 1416 2415 passiva,

355 2425 421 2450 quae
434 2422 491 2442 nata
506 2423 544 2442 est
557 2417 685 2442 immutari
699 2417 730 2443 ab
746 2418 863 2442 exteriori
876 2417 991 2443 sensibili
1006 2417 1053 2450 (cf.
1062 2418 1091 2443 P.
1102 2418 1124 2449 1,
1135 2426 1179 2451 qu.
1190 2425 1295 2448 Lxxvui,
1305 2423 1351 2443 art.
1359 2418 1416 2451 111);

354 2454 422 2478 unde
441 2453 609 2479 communiter
628 2452 719 2478 dicitur
737 2453 808 2486 quod
828 2461 858 2478 ex
877 2453 1048 2486 impressione
1067 2453 1196 2478 sensibilis
1216 2453 1242 2478 in
1261 2461 1355 2479 sensus
1374 2461 1417 2479 ex-

354 2489 459 2513 teriores
478 2488 625 2521 producitur
644 2489 770 2520 sensatim
797 2497 826 2514 ac
845 2489 953 2522 proinde
972 2490 1043 2522 quod
1062 2497 1168 2514 sensum
1189 2488 1253 2514 affici
1272 2494 1312 2514 est
1330 2489 1417 2522 ipsum

354 2524 409 2549 eius
424 2524 530 2555 sentire;
545 2524 615 2556 quod
629 2531 722 2549 sensus
737 2524 763 2549 in
777 2530 834 2549 actu
849 2530 888 2549 est
902 2525 1025 2550 sensibile
1039 2525 1065 2550 in
1079 2530 1136 2550 actu
1156 2523 1205 2558 (cf.
1217 2524 1244 2550 Ρ.
1260 2525 1283 2555 l,
1294 2533 1339 2558 qu.
1355 2533 1416 2555 xvn,

354 2559 422 2584 artic.
432 2567 463 2590 11,
478 2560 509 2585 ad
528 2567 552 2589 1;
566 2567 609 2592 qu.
620 2567 659 2590 ιν,
675 2559 744 2585 artic.
755 2568 776 2589 1,
792 2560 824 2585 ad
840 2559 879 2594 2).
899 2560 1063 2586 Manifestum
1083 2566 1169 2586 autem
1185 2566 1224 2586 est
1237 2561 1308 2593 quod
1321 2569 1416 2586 sensus

354 2596 449 2620 externi
467 2603 519 2620 non
533 2595 700 2620 immutantur
713 2603 727 2620 a
744 2595 909 2621 sensibilibus
924 2596 1084 2627 absentibus,
1099 2596 1146 2621 sed
1161 2597 1193 2621 ad
1207 2596 1277 2621 illam
1297 2597 1416 2622 immuta-

352 2630 461 2661 tionem,
481 2636 506 2655 et
524 2631 630 2664 proinde
649 2631 680 2656 ad
699 2632 825 2656 actualem
844 2631 1034 2662 sensationem,
1053 2631 1191 2665 requiritur
1209 2632 1354 2665 praesentia
1373 2640 1415 2658 ea-

353 2667 469 2691 rumdem
482 2674 567 2691 rerum
581 2667 753 2698 sensibilium,
768 2672 793 2692 et
809 2667 906 2691 tamdiu
919 2668 1042 2700 perdurat
1055 2667 1169 2692 sensatio
1182 2668 1207 2692 in
1223 2668 1306 2698 nobis,
1323 2675 1414 2701 quam-

353 2702 395 2726 diu
414 2702 533 2735 perdurat
551 2702 687 2734 impressio
701 2702 765 2735 ipsa.
780 2703 850 2728 Haec
864 2703 896 2727 de
909 2703 1056 2728 sensatione
1073 2708 1185 2728 externa.
1205 2703 1230 2728 Si
1244 2711 1307 2735 ergo
1325 2704 1414 2729 nullus

353 2737 417 2762 alius
437 2745 529 2762 sensus
553 2738 670 2763 existeret
694 2738 719 2763 in
738 2737 813 2763 nobis
839 2743 940 2771 praeter
965 2746 1059 2764 sensus
1084 2744 1216 2769 externos,
1242 2739 1327 2764 nullae
1351 2739 1415 2764 aliae

353 2773 510 2798 sensationes
534 2773 688 2798 haberentur
711 2773 760 2798 nisi
786 2774 844 2799 illae
869 2782 936 2806 quae
961 2780 1111 2800 exercentur
1135 2775 1167 2799 ad
1191 2774 1364 2807 praesentiam
1389 2779 1415 2800 et

352 2809 476 2833 actionem
495 2814 656 2834 externorum
675 2809 846 2835 sensibilium.
871 2809 1030 2843 Oppositum
1044 2815 1131 2835 autern
1156 2810 1263 2835 omnino
1282 2810 1413 2842 contingit,

352 2849 379 2868 ut
393 2852 422 2869 ex
437 2845 591 2869 conscientia
605 2844 745 2870 habemus:
764 2845 864 2870 obiecta
883 2845 952 2870 enim
971 2853 1018 2879 per
1036 2853 1130 2871 sensus
1151 2851 1270 2871 externos
1292 2851 1413 2879 percepta

352 2879 385 2904 ita
403 2880 541 2904 retinemus
560 2885 588 2905 ut
607 2888 644 2911 ea,
659 2880 722 2913 ipsis
742 2880 900 2911 absentibus,
915 2881 1119 2914 reproducamus
1138 2889 1185 2914 per
1199 2880 1369 2914 phantasiam,
1388 2887 1414 2907 et

352 2915 406 2939 sive
418 2915 510 2940 fuerint
522 2915 596 2940 nobis
611 2921 681 2948 grata
699 2917 740 2941 vel
757 2917 862 2950 ingrata,
881 2917 953 2942 utilia
967 2917 1008 2942 vel
1028 2917 1126 2946 nociva,
1141 2917 1222 2950 probe
1237 2917 1412 2943 recordamur.

351 2950 419 2983 Ergo
438 2951 565 2976 individua
584 2951 720 2984 separatim
740 2953 872 2977 noscimus
898 2960 945 2985 per
963 2960 1058 2978 sensus
1077 2958 1211 2983 externos;
1237 2953 1328 2978 eadem
1348 2953 1412 2978 indi-

351 2986 426 3010 vidua
444 2987 589 3011 successive
607 2992 740 3020 percepta,
762 2987 889 3013 collectim
908 2987 1049 3014 retinemus
1069 2996 1115 3020 per
1132 2987 1293 3021 phantasiam
1313 2993 1339 3013 et
1357 2997 1412 3014 me-

352 3021 468 3047 moriam.
482 3022 553 3052 Quae
572 3022 702 3047 facultates
722 3023 796 3048 nobis
816 3031 867 3048 non
887 3029 947 3049 sunt
965 3024 1092 3057 propriae,
1108 3024 1155 3048 sed
1174 3024 1248 3049 bruta
1265 3024 1412 3056 animantia,

352 3057 441 3081 saltem
461 3057 558 3090 aliqua,
577 3058 674 3083 eisdem
694 3064 754 3083 sunt
773 3059 899 3091 praedita:
919 3067 987 3090 nam,
1007 3065 1036 3084 ut
1054 3067 1076 3084 s.
1092 3059 1252 3092 Augustinus
1273 3060 1319 3091 ait,
1340 3070 1352 3082 ι
1365 3068 1412 3093 per

353 3100 366 3114 »
387 3092 441 3117 loca
455 3098 514 3118 nota
529 3093 582 3118 sine
597 3101 682 3118 errore
701 3094 814 3119 iumenta
827 3101 945 3127 pergunt,
965 3100 990 3120 et
1004 3095 1096 3120 cubilia
1111 3103 1158 3120 sua
1172 3095 1269 3120 bestiae
1283 3100 1411 3129 repetunt,

353 3136 366 3150 x·
387 3133 412 3152 et
430 3136 505 3153 canes
529 3129 693 3154 dominorum
718 3137 825 3154 suorum
849 3138 958 3163 corpora
981 3136 1184 3163 recognoscunt,
1210 3136 1236 3156 et
1254 3131 1411 3157 dormientes

353 3172 366 3185 »
386 3164 539 3196 plerumque
558 3165 762 3194 immurmurant,
783 3171 807 3190 et
826 3166 851 3190 in
871 3166 990 3191 latratum
1009 3166 1148 3199 aliquando
1168 3171 1320 3200 erumpunt;
1340 3168 1412 3200 quod

353 3207 365 3221 »
387 3199 457 3223 nullo
476 3200 553 3224 modo
572 3205 687 3233 possent,
703 3200 750 3225 nisi
770 3200 795 3225 in
815 3208 904 3226 eorum
925 3202 1049 3227 memoria
1067 3202 1182 3227 visarum
1202 3210 1289 3228 rerum
1304 3203 1345 3228 vel
1365 3211 1412 3236 per

353 3244 364 3255 >›
385 3241 477 3266 corpus
497 3239 626 3268 utcunque
650 3243 784 3260 sensarum
808 3242 972 3262 versarentur
996 3237 1121 3270 imagines
1134 3248 1146 3261 ›
1168 3238 1286 3270 (Contra
1305 3238 1411 3271 Episto-

350 3270 402 3294 lam
414 3270 597 3300 Fundamenff,
614 3279 668 3303 cap.
681 3279 744 3301 xvu,
760 3280 785 3296 n.
804 3271 1031 3306 20).-Phantasia
1045 3279 1143 3303 autem,
1163 3281 1230 3306 quae
1249 3279 1289 3299 est
1303 3274 1410 3300 facultas

351 3305 539 3336 reproductiva,
561 3306 719 3338 praeceditur
738 3315 752 3331 a
771 3314 850 3332 sensu
869 3308 918 3332 alio
944 3309 1058 3338 interno,
1077 3309 1121 3342 qui
1142 3309 1231 3334 dicitur
1248 3310 1409 3340 eommunis,

351 3340 422 3364 cuius
441 3346 480 3365 est
499 3341 629 3374 percipere
648 3349 677 3366 ac
695 3342 839 3367 discernere
859 3343 1018 3368 sensationes
1037 3352 1163 3369 sensuum
1182 3350 1362 3376 externorum;
1378 3346 1410 3371 ad

352 3374 436 3407 ipsum
455 3376 523 3400 enim
539 3386 551 3399 «
567 3376 717 3406 referuntur.
731 3378 796 3402 sicut
815 3378 846 3403 ad
865 3386 1031 3404 communem
1047 3380 1186 3405 terminum
1205 3388 1298 3406 omnes
1317 3389 1409 3414 appre-

353 3418 366 3431 »
380 3410 515 3436 hensiones
535 3419 674 3442 sensuum,
693 3420 708 3437 a
726 3420 778 3445 quo
798 3413 874 3438 etiam
893 3415 1066 3447 percipiuntur
1089 3416 1243 3440 intentiones
1268 3424 1410 3446 sensuum.

354 3454 366 3467 ι)
381 3445 445 3470 sicut
463 3454 522 3471 cum
541 3447 632 3480 aliquis
642 3448 710 3473 videt
721 3456 749 3472 se
759 3448 853 3474 videre.
865 3450 921 3474 Hoc
931 3450 999 3474 enim
1015 3459 1065 3475 non
1079 3456 1164 3483 potest
1176 3450 1230 3476 fieri
1246 3459 1292 3484 per
1303 3459 1409 3477 sensum

354 3491 365 3502 »
380 3481 518 3514 proprium,
535 3482 578 3515 qui
597 3491 648 3507 non
663 3484 794 3515 cognoscit
808 3484 855 3508 nisi
875 3484 983 3510 formam
1003 3486 1139 3515 sensibilis,
1150 3494 1165 3511 a
1179 3494 1231 3520 quo
1246 3488 1410 3512 immutatur:

355 3526 365 3537 »
380 3515 405 3540 in
423 3524 474 3548 qua
493 3517 668 3543 immutatione
687 3517 815 3551 perficitur
834 3519 910 3549 visio.
931 3526 955 3545 et
974 3529 1005 3546 ex
1025 3529 1076 3554 qua
1097 3522 1274 3548 immutatione
1294 3523 1412 3556 sequitur

354 3561 365 3572 ι»
381 3551 428 3575 alia
439 3552 579 3577 immutatio
589 3553 614 3577 in
624 3561 702 3578 sensu
713 3554 851 3583 communi,
859 3555 902 3587 qui
916 3555 1041 3581 visionem
1052 3557 1178 3590 percipit»
1186 3558 1225 3590 (Ρ.
1233 3558 1250 3587 Ι,
1258 3566 1411 3591 qmuxvm.

351 3586 419 3610 artic.
430 3594 462 3615 ιν,
473 3587 503 3611 ad
518 3594 540 3612 2.
550 3601 568 3606 —
577 3588 617 3613 Cf.
628 3596 649 3613 s.
658 3589 767 3621 August.
779 3590 820 3615 De
832 3590 913 3615 libero
927 3591 1048 3622 arbitrio,
1062 3592 1105 3617 lib.
1116 3593 1144 3624 ll,
1159 3601 1233 3626 capp.
1246 3601 1275 3619 m
1293 3599 1319 3619 et
1337 3593 1382 3628 iv).

938 236 1319 276 POSTERIORUM
1348 233 1776 271 ANALYTICORUM
1805 233 1899 268 LIB.
1931 233 1963 268 II

1479 320 1609 349 manet
1620 315 1637 332 ᾗ
1650 312 1775 360 aliqua
1795 310 1999 360 impressio
2020 318 2207 359 quantum
2223 311 2273 348 ad
2293 311 2419 360 aliqua
2439 311 2557 349 sensi-

1479 366 1578 412 bilia,
1594 378 1694 415 quae
1709 372 1796 401 sunt
1809 364 2113 411 vehementiora,
2125 377 2204 401 non
2222 371 2352 401 autem
2368 371 2555 414 quantum

1479 419 1528 455 ad
1543 419 1615 455 alia
1627 420 1659 465 ²¹²,
1676 430 1775 466 quae
1790 424 1882 454 sunt.
1892 417 2087 454 debiliora.
2106 419 2148 454 In
2173 417 2465 466 quibuscunque
2488 417 2555 466 igi-

1479 479 1539 508 tur
1554 472 1573 492 ’¹‘
1589 471 1817 508 animalibus
1847 470 2006 507 omnino
2033 471 2137 508 nulla
2159 470 2360 520 impressio
2383 479 2556 508 remanet

1480 524 1714 562 sensibilium
1728 525 1759 570 *,
1771 523 1994 560 huiusmodi
2018 523 2196 561 animalia
2211 525 2355 561 nullam
2372 524 2554 572 cognitio—

1479 591 1569 615 nem
1598 578 1751 623 habent‚
1778 576 1848 613 nisi
1874 577 1967 614 dum
1997 577 2173 615 sentiunt.
2195 578 2245 615 Et
2273 577 2443 615 similiter
2475 577 2554 615 ani-

1479 631 1594 668 malia
1614 631 1652 667 in
1672 630 1811 677 quibus
1830 637 1919 666 nata
1939 637 1996 667 est
2015 643 2216 668 remanere
2236 631 2319 669 talis
2338 631 2554 680 impressio,

1480 685 1510 721 si
1539 684 1638 721 cirea
1667 683 1792 732 aliqua
1820 689 1839 710 Ι*
1867 683 2060 721 sensibilia
2086 684 2126 722 in
2154 684 2207 722 eis
2228 697 2308 722 non
2336 692 2553 732 remaneat,

1479 750 1559 774 non
1573 744 1734 786 possunt
1748 733 1891 774 hab'ere
1911 737 2079 786 aliquam
2095 737 2352 786 cognitionem
2371 738 2443 776 nisi
2460 738 2555 776 dum

1479 790 1655 828 sentiunt.
1678 790 1756 827 Sed
1785 790 1963 826 animalia
1982 790 2021 827 in
2050 791 2189 839 quibus
2217 791 2315 828 inest
2333 791 2556 830 huiusmodi

1480 844 1670 881 remansio
1713 843 1995 892 impressionis,
2035 844 2216 892 contingit
2248 844 2374 887 adhuc
2411 845 2555 883 habere

1479 897 1690 946 quamdam
1711 896 1969 945 cognitionem
1989 897 2028 934 in
2047 897 2177 935 anima
2204 905 2355 947 praeter
2374 910 2554 945 sensum,

1479 959 1516 988 et
1543 950 1614 988 ista
1642 958 1730 987 sunt
1757 963 1856 1000 quae
1885 951 2028 988 habent
2055 951 2300 988 memoriam.

1539 1017 1596 1041 10.
1623 1004 1798 1041 Tertium
1832 1004 1992 1053 gradum
2013 1010 2025 1024 “’
2048 1005 2158 1054 ponit
2185 1004 2254 1042 ibi:
2281 1004 2417 1042 Multis
2437 1005 2555 1055 igitur

1466 1058 1587 1107 sactis
1616 1066 1700 1104 etc.;
1731 1065 1768 1094 et
1795 1058 2019 1107 dicitquod
2049 1071 2138 1096 cum
2167 1060 2287 1096 multa
2315 1058 2389 1096 sint
2416 1058 2504 1096 talia
2532 1058 2553 1080 *¹

1478 1111 1657 1149 animalia
1690 1112 1870 1149 habentia
1907 1112 2160 1160 memoriam,
2187 1113 2284 1150 inter
2317 1125 2363 1150 ea
2397 1111 2554 1150 ulterius
2599 1141 2601 1144 -

1478 1173 1535 1202 est
1562 1165 1754 1215 quaedam
1785 1165 2008 1203 differentia.
2031 1167 2135 1204 Nam
2163 1166 2210 1204 in*
2226 1166 2459 1216 quibusdam
2488 1178 2554 1206 eo-

1478 1231 1563 1256 rum
1600 1219 1644 1256 fit
1667 1219 1687 1240 ’¹‘
1714 1219 1949 1256 ratiocinatio
1984 1219 2032 1257 de
2061 1220 2119 1258 his
2148 1233 2247 1270 quae
2285 1227 2487 1258 remanent
2513 1219 2553 1258 in
2578 1229 2591 1242 ⁶

1531 1383 1556 1415 κ)
1579 1384 1645 1408 Cum
1663 1391 1755 1409 sensus
1774 1384 1811 1409 sit
1829 1384 1946 1409 etc.-1ta
1965 1385 2040 1409 codd.
2060 1384 2094 1408 P:
2118 1391 2178 1409 cum
2198 1384 2234 1409 sit
2258 1391 2364 1415 sensus:
2383 1383 2472 1415 GOQ:
2491 1392 2553 1411 cum

1475 1425 1568 1443 sensus
1582 1418 1647 1444 insit
1660 1419 1782 1444 omnibus
1796 1420 1879 1444 anim.
1886 1427 1896 1449 ,·
1907 1420 1946 1444 T:
1961 1427 2021 1445 cum
2034 1427 2127 1445 sensus
2139 1420 2176 1445 sit
2192 1420 2313 1446 omnibus
2326 1420 2410 1445 anim.
2415 1427 2425 1450 ‚·
2439 1420 2476 1445 1-1:
2490 1427 2551 1447 cum

1475 1460 1568 1479 sensus
1587 1454 1652 1479 insit
1670 1455 1745 1480 nobis
1762 1455 1845 1480 anim.

1528 1488 1556 1523 λ)
1578 1490 1608 1514 1η
1627 1490 1785 1522 quibusdam
1803 1494 1894 1516 autem
1914 1495 1991 1515 etc.—
2002 1489 2065 1522 FIL,

1475 1525 1522 1550 bus
1541 1528 1667 1550 autem·
1679 1525 1746 1550 ANS
1758 1534 1811 1551 om.
1825 1526 1912 1551 hoc.—
1924 1526 1945 1551 F
1947 1526 1956 1550 l
1975 1530 2002 1551 et
2019 1534 2044 1558 p.
2059 1534 2095 1551 m.
2114 1526 2137 1551 D
2151 1526 2264 1552 absurde
2282 1534 2336 1552 om.
2355 1534 2419 1553 non.
2430 1541 2450 1547 —
2462 1527 2498 1555 B:
2518 1527 2550 1553 ln

1474 1561 1632 1593 quibusdam
1655 1564 1745 1586 autem
1768 1561 1818 1587 hoc
1836 1569 1888 1587 non
1908 1561 2048 1595 contingit,
2059 1561 2128 1587 sicut
2147 1562 2174 1587 in
2197 1562 2360 1588 animalibus
2379 1562 2551 1598 imperfectis,

1469 1599 1540 1628 puta
1559 1596 1586 1621 in
1606 1602 1654 1622 etc.
2306 1612 2308 1615 v

1528 1632 1557 1666 μ)
1577 1632 1609 1657 Si
1621 1632 1694 1658 circa
1713 1632 1804 1665 aliqua
1823 1638 1872 1658 etc.
1886 1646 1906 1651 -
1918 1631 2016 1657 FIMT:
2035 1633 2085 1658 sed
2101 1632 2188 1662 circ-a,-
2206 1633 2237 1658 S:
2255 1632 2280 1658 si
2298 1636 2362 1659 tunc
2379 1633 2472 1667 aliqua
2489 1641 2549 1661 sen-

1473 1667 1556 1693 sibilis
1575 1667 1714 1700 impressio
1733 1668 1760 1693 in
1779 1668 1832 1698 eis5
1850 1668 1877 1693 Μ
1895 1676 1950 1693 om.
1968 1668 2075 1700 aliqum·
2094 1668 2179 1699 codd„
2193 1676 2247 1694 exc.
2260 1668 2293 1700 S,
2312 1676 2357 1693 om
2376 1669 2413 1694 in.
2432 1669 2548 1697 Omnes:

1474 1706 1628 1732 remaneat5
1651 1703 1686 1728 P:
1711 1703 1948 1729 remanet.-1nfm
1972 1703 2043 1736 (Sed
2067 1704 2151 1729 anim.
2170 1702 2237 1738 etc.)
2257 1704 2288 1729 S:
2310 1703 2366 1730 Sed
2387 1704 2552 1732 animalibus

1473 1739 1567 1772 quibus
1586 1739 1667 1768 inest5
1685 1739 1892 1764 ACGHKLNT:
1912 1739 2006 1772 quibus
2019 1742 2097 1765 est.-—
2110 1740 2142 1765 S:
2162 1739 2317 1765 huiusmodi
2334 1740 2476 1773 impressio
2493 1740 2551 1768 seu

1473 1774 1607 1800 remansio
1621 1775 1741 1807 impr-ess.
1750 1789 1770 1794 -
1779 1774 2054 1806 BCDEKLMOQST:
2068 1775 2202 1809 contingit
2215 1775 2303 1801 adhue
2315 1783 2372 1802 esse
2389 1776 2550 1809 quamdam,-

1472 1811 1510 1835 A:
1523 1810 1612 1836 adhuc
1626 1811 1750 1836 convenit
1763 1817 1818 1836 esse
1833 1810 1949 1844 quamde
1960 1811 1998 1836 H:
2012 1811 2146 1845 contingit
2159 1818 2214 1837 esse
2226 1811 2315 1838 adhuc
2327 1811 2447 1845 quand-3
2459 1811 2482 1838 F
2494 1819 2552 1839 om.

1473 1846 1578 1871 habere.

1526 1882 1551 1916 ν)
1574 1881 1692 1907 Tertium
1707 1882 1824 1915 gradum
1839 1882 1927 1915 ponit.
1942 1896 1962 1901 -
1975 1882 2080 1908 Praeter
2092 1882 2255 1912 memoriam.
2268 1882 2432 1916 phantasiam
2444 1887 2471 1910 et
2487 1891 2549 1910 een-

1473 1925 1533 1942 sum
1552 1925 1729 1947 communem,
1742 1918 1775 1943 de
1789 1917 1884 1951 quibus
1904 1926 1983 1951 supra
1996 1916 2065 1951 (not.
2080 1918 2099 1951 ι)
2115 1918 2235 1948 diximus,
2249 1918 2274 1943 in
2288 1918 2364 1944 nobis
2384 1924 2411 1944 et
2423 1919 2451 1944 in
2464 1919 2549 1946 brutis

1473 1954 1548 1978 datur
1557 1953 1626 1978 alius
1640 1961 1735 1978 sensus
1747 1954 1873 1985 internus,
1890 1954 1935 1986 qui
1950 1962 1964 1978 a
1979 1953 2141 1979 scholasticis
2155 1953 2248 1979 dicitur
2261 1954 2431 1980 aestimativa.
2444 1954 2549 1981 Etenim

1473 1998 1488 2013 ι
1499 1989 1521 2014 si
1534 1989 1629 2014 animal
1646 1994 1796 2014 moveretur
1810 1989 1897 2014 solum
1917 1994 2023 2022 propter
2041 1989 2193 2014 delectabile
2211 1994 2238 2015 et
2258 1989 2435 2016 conti-imbue
2453 1998 2549 2017 secun-

1473 2025 1535 2050 dum
1549 2033 1666 2056 sensum,
1676 2033 1729 2050 non
1748 2030 1819 2050 esset
1843 2025 2019 2050 necessarium
2045 2032 2143 2058 ponere
2163 2025 2189 2050 in
2212 2025 2317 2051 animan
2335 2025 2385 2051 nisi
2403 2034 2418 2051 ι

1473 2060 1573 2086 sionem
1597 2060 1739 2085 formarum
1759 2068 1825 2093 quas
1838 2060 1946 2094 percipit
1964 2068 2073 2091 sensus,
2087 2061 2112 2086 in
2127 2060 2223 2094 quibus
2237 2060 2380 2087 delectatur
2392 2066 2438 2087 aut
2450 2060 2549 2088 hensa

1472 2097 1523 2121 Sed
1545 2097 1721 2122 necessarium
1740 2099 1780 2121 est
1799 2096 1902 2122 animali
1921 2101 1949 2121 ut
1967 2101 2074 2130 quaerat
2097 2097 2184 2130 aliqua
2208 2096 2251 2122 vel
2273 2096 2367 2130 fugin,
2387 2104 2441 2127 non
2458 2097 2548 2124 solum

1472 2133 1533 2165 quia
1551 2137 1612 2157 sunt
1625 2131 1802 2157 convenientia
1826 2132 1868 2157 vel
1889 2139 1941 2156 non
1961 2132 2140 2157 convenientia
2158 2132 2191 2157 ad
2210 2132 2384 2163 sentiendum,
2403 2132 2450 2158 sed
2469 2132 2548 2159 etiem

1471 2172 1577 2201 propter
1595 2167 1695 2201 aliquas
1714 2167 1777 2192 alias
1797 2167 1996 2193 commoditates
2015 2172 2041 2192 et
2060 2167 2197 2199 utilitates,
2216 2168 2272 2193 sive
2290 2173 2457 2194 nocumenta.
2475 2167 2549 2195 sicut

1471 2203 1529 2228 ovis
1542 2203 1633 2229 videns
1645 2204 1738 2236 lupum
1750 2203 1897 2228 venientem
1917 2203 1989 2236 fugit,
2005 2211 2057 2228 non
2077 2207 2185 2237 propter
2202 2203 2376 2229 indecentiam
2391 2203 2486 2230 coloris
2503 2203 2548 2230 vel

1471 2238 1577 2273 figurae,
1592 2239 1639 2264 sed
1658 2239 1732 2272 quasi
1752 2238 1885 2264 inimicum
1905 2244 2019 2264 naturae.
2043 2239 2077 2264 Et
2095 2239 2214 2264 similiter
2237 2238 2292 2264 evis
2311 2239 2410 2272 colligit
2427 2240 2546 2274 poleam,

1471 2283 1525 2300 non
1544 2274 1604 2308 quia
1623 2275 1733 2300 delectet
1751 2282 1868 2306 sensum,
1887 2275 1934 2300 sed
1953 2275 2014 2308 quia
2033 2279 2074 2300 est
2093 2274 2163 2300 utilis
2184 2275 2217 2300 ad
2231 2273 2416 2300 nidificandum
2433 2285 2446 2299 s
2466 2274 2546 2310 (ΡΑ,

1471 2318 1516 2344 qu.
1526 2318 1632 2342 axxvm,
1647 2315 1695 2336 art.
1708 2310 1758 2343 ιν).
1771 2310 1896 2336 Rationes
1910 2310 2039 2343 praefatae
2053 2309 2252 2341 commoditatis,
2271 2310 2387 2336 utilitatis
2402 2311 2446 2336 vel
2464 2318 2545 2338 nom-

1471 2346 1551 2372 menti
1570 2355 1585 2371 a
1604 2346 1765 2371 scholasticis
1785 2346 1866 2371 dictae
1885 2351 1947 2371 sunt
1967 2346 2128 2372 intentiones
2133 2353 2143 2376 ‚¹
2161 2350 2188 2372 et
2207 2346 2240 2371 ad
2258 2345 2437 2379 percipiendae
2454 2345 2547 2373 huius-

1471 2382 1542 2407 modi
1561 2382 1724 2412 intentiones,
1739 2389 1805 2415 ques
1820 2390 1872 2407 non
1887 2382 1995 2415 percipit
2008 2389 2104 2407 seusus
2119 2381 2238 2413 exterior,
2251 2381 2384 2407 ordinatur
2397 2388 2495 2408 sensus
2506 2381 2546 2408 in-

1471 2419 1561 2448 terior,
1577 2418 1621 2451 qui
1635 2417 1727 2443 dicitur
1740 2418 1908 2443 aestimativa.
1919 2427 1932 2442 α
1945 2417 2170 2443 Considerandum
2181 2422 2221 2443 est
2234 2422 2322 2443 autem
2334 2417 2407 2451 quod
2417 2422 2546 2452 queam

1471 2454 1503 2479 ad
1521 2453 1619 2479 formas
1639 2453 1789 2484 sensibiles,
1802 2461 1854 2488 non
1869 2458 1910 2478 est
1922 2453 2062 2479 differentia
2076 2453 2142 2478 inter
2155 2452 2291 2479 hominem
2304 2458 2331 2478 et
2343 2453 2393 2478 alie
2407 2453 2544 2480 animatia

1470 2489 1588 2514 similiter
1607 2490 1676 2514 enim
1696 2490 1866 2514 immutantur
1885 2497 1899 2514 a
1920 2489 2085 2514 sensibilibus
2099 2489 2278 2515 exterioribus.
2297 2489 2349 2515 Sed
2365 2494 2494 2522 quantum
2511 2489 2546 2516 ed

1469 2525 1625 2550 intentiones
1636 2525 1779 2558 praedictas
1793 2524 1935 2550 differentia
1952 2530 2001 2550 est.
2016 2525 2083 2550 Nam
2101 2525 2151 2550 alia
2163 2524 2283 2550 animalia
2297 2524 2442 2558 percipiunt
2454 2523 2546 2551 hum·-

1470 2561 1541 2586 modi
1565 2561 1719 2586 intentiones
1745 2560 1832 2585 solum
1859 2561 1966 2586 naturali
1992 2561 2108 2594 quodam
2133 2560 2267 2592 instinctu,
2286 2559 2368 2586 homo
2386 2565 2473 2587 aunem
2497 2567 2546 2595 per

1469 2597 1610 2630 quamdam
1629 2596 1802 2621 collationem.
1821 2595 1854 2621 Et
1872 2596 1931 2622 ideo
1950 2604 2018 2629 quae
2033 2596 2058 2621 in
2072 2596 2128 2621 aliis
2144 2595 2301 2621 animalibus
2315 2595 2408 2621 dicitur
2421 2595 2548 2622 mams-

1469 2632 1520 2657 tiva
1538 2632 1670 2662 naturalis,
1685 2632 1710 2657 in
1725 2631 1831 2656 homine
1845 2632 1936 2657 dicitur
1949 2632 2110 2665 cogitativa,
2125 2638 2193 2664 quae
2205 2639 2253 2665 per
2271 2631 2436 2656 collationem
2450 2638 2543 2665 quem-

1469 2668 1529 2692 dam
1554 2667 1703 2693 huiusmodi
1722 2667 1878 2692 intentiones
1897 2667 2035 2692 adinvenit.
2054 2667 2129 2692 Unde
2143 2666 2220 2692 etiam
2234 2666 2326 2692 dicitur
2344 2666 2409 2692 ratio
2433 2666 2543 2700 partim-

1469 2703 1583 2729 laris...
1598 2703 1646 2728 Est
1664 2703 1733 2728 enirn
1752 2702 1870 2728 collativa
1889 2702 2060 2728 intentionum
2079 2701 2288 2732 individualium,
2302 2702 2368 2727 sicut
2385 2702 2450 2727 ratio
2468 2702 2543 2729 intel·

1469 2739 1559 2764 lectiva
1584 2738 1755 2764 intentionum
1786 2738 1980 2763 universalium.
2004 2738 2041 2763 Ex
2065 2743 2138 2771 parte
2162 2742 2250 2763 autem
2270 2737 2470 2770 memorativa,
2489 2745 2543 2765 non

1468 2775 1554 2799 solum
1569 2774 1647 2799 habet
1665 2774 1775 2806 (homo)
1794 2773 1962 2805 memoriam,
1975 2773 2043 2799 sicut
2056 2778 2156 2799 caetera
2170 2773 2299 2804 animalia,
2312 2773 2338 2798 in
2352 2773 2437 2799 subita
2454 2781 2543 2800 reeor-

1468 2810 1571 2835 datione
1590 2809 1805 2842 praeteritorum,
1831 2809 1878 2834 sed
1905 2808 1981 2834 etiam
2010 2809 2253 2839 reminiscentiam,
2278 2808 2353 2842 quasi
2383 2809 2545 2843 syllogistice

1467 2845 1621 2878 inquirendo
1632 2844 1828 2914 praemit-iturum
1842 2846 2008 2876 memoriam,
2022 2845 2165 2870 secundum
2176 2844 2346 2871 individualee
2357 2844 2514 2872 intentiones
2525 2854 2541 2870 s

1497 2889 1522 2906 u.
1537 2886 1563 2906 et
1581 2880 1651 2906 artic.
1666 2880 1707 2906 cit.
1721 2897 1728 2905 .

1467 2881 1496 2915 (q
1521 2916 1646 2948 Quamvis
1665 2921 1751 2941 autem
1771 2915 1931 2941 aestimativa
1949 2921 1974 2942 et
1997 2916 2166 2942 memorativa
2190 2916 2215 2942 in
2241 2917 2317 2942 nobis
2335 2916 2388 2943 sint

1466 2960 1508 2978 res
1523 2952 1615 2978 iisdem
1629 2952 1792 2977 facultatibus
1807 2957 1883 2984 prout
1896 2957 1957 2977 sunt
1971 2951 1997 2977 in
2016 2952 2107 2982 brutis,
2122 2957 2208 2978 tamen
2223 2953 2290 2978 ultra
2304 2952 2460 2979 intentiones
2474 2951 2542 2978 indt-

1466 2988 1602 3013 viduantes
1622 2995 1674 3012 non
1687 2995 1747 3012 sese
1765 2987 1908 3020 porrigunt,
1927 2995 2013 3020 neque
2028 2995 2114 3016 unum
2130 2995 2270 3014 commune
2284 2987 2470 3014 intentiom‘bue
2483 2987 2542 3016 isus

1466 3024 1604 3056 attingunt;
1618 3023 1684 3048 sicut
1696 3023 1829 3056 phantasia
1846 3023 1872 3048 in
1889 3023 1964 3048 nobie
1978 3024 2098 3056 quamvis
2114 3023 2252 3057 perfectior
2268 3024 2302 3050 sit
2315 3031 2395 3058 quem
2409 3024 2436 3050 in
2449 3023 2541 3056 bustis,

1466 3065 1596 3093 quatenus
1610 3058 1746 3091 componit
1757 3062 1784 3084 et
1802 3059 1900 3084 dividit
1910 3060 2020 3093 formas
2039 3059 2203 3093 imaginatas
2217 3059 2251 3092 (s.
2263 3059 2315 3086 Th.
2328 3060 2378 3086 loc.
2392 3059 2456 3094 cit.),
2474 3067 2541 3086 aon-

1466 3095 1514 3120 nisi
1530 3099 1617 3120 tamen
1632 3094 1729 3119 formas
1744 3094 1888 3120 individuas
1909 3095 2045 3120 sensibiles
2060 3095 2194 3129 componit
2212 3095 2254 3121 vel
2274 3095 2371 3126 dividit,
2390 3100 2416 3121 et
2434 3102 2542 3129 temper

1465 3130 1595 3156 obiectum
1619 3131 1674 3155 eius
1699 3135 1739 3155 est
1764 3130 1887 3155 sensibile
1912 3130 2088 3162 individuum,
2107 3138 2159 3156 non
2185 3135 2272 3156 autem
2297 3131 2453 3157 universale.
2472 3130 2541 3157 uiae

1466 3165 1583 3191 hodierni
1599 3165 1767 3199 positivistae,
1785 3166 1848 3191 dum
1868 3165 1899 3191 ab
1919 3166 2108 3191 universalibus
2123 3171 2149 3192 et
2169 3174 2184 3192 a
2205 3166 2381 3200 metaphysica
2399 3165 2541 3192 abhorrere

1465 3201 1708 3231 affectant.,nonnisi
1722 3202 1902 3227 collectionem
1913 3209 2001 3227 rerum
2015 3201 2177 3228 sensibilium
2188 3202 2352 3236 considerare
2361 3206 2475 3236 queunt:
2488 3201 2541 3228 hoe

1466 3243 1551 3263 autem
1571 3237 1633 3262 nihil
1653 3237 1723 3262 aliud
1743 3244 1833 3262 revera
1857 3242 1896 3262 est
1921 3245 2000 3271 quam
2023 3238 2160 3263 excludere
2184 3237 2311 3264 rationem
2337 3246 2352 3264 ι
2374 3237 2494 3270 scientie,
2513 3242 2540 3264 et

1464 3281 1557 3299 omnes
1570 3273 1703 3298 facultates
1717 3272 1904 3306 cognoscitivas
1918 3273 2045 3299 humanas
2058 3274 2091 3299 ad
2104 3281 2212 3299 sensum
2225 3274 2360 3299 reducere.
2373 3273 2400 3299 Si
2415 3273 2486 3299 enim
2497 3280 2541 3300 n·

1464 3310 1500 3335 tio
1513 3314 1560 3339 est,
1574 3317 1651 3342 supra
1665 3308 1797 3334 facultates
1811 3308 1946 3334 sensitivas
1963 3309 2040 3334 debet
2053 3317 2113 3335 sese
2126 3309 2258 3341 attollere,
2273 3314 2302 3334 ut
2314 3317 2346 3335 ex
2358 3309 2447 3334 multis

1465 3344 1594 3370 cularibus
1607 3345 1639 3369 ad
1653 3344 1762 3369 invicem
1783 3344 1881 3370 collatis
1901 3344 2008 3378 accipiat
2026 3353 2107 3370 unum
2131 3352 2280 3375 commune.
2292 3344 2364 3378 quod
2377 3343 2495 3370 firmam!-
2510 3344 2539 3370 ln

1464 3385 1563 3411 mente,
1587 3385 1612 3405 et
1635 3379 1699 3406 illud
1723 3387 1805 3405 unum
1837 3385 1877 3405 est
1901 3380 2062 3411 universale,
2082 3381 2154 3414 quod
2178 3386 2218 3406 est
2243 3380 2378 3414 proprium
2405 3379 2539 3406 obiectum

1464 3415 1593 3441 scientiae.
1613 3415 1640 3440 ln
1659 3415 1825 3449 inquisitione
1839 3423 1902 3449 ergo
1915 3416 2059 3448 primorum
2074 3415 2260 3450 principiorum
2269 3435 2276 3447 ,
2295 3415 2483 3442 admittendum
2497 3418 2540 3442 est

1464 3457 1492 3477 ut
1506 3451 1660 3485 principium
1674 3451 1849 3484 praeexistens
1868 3451 1975 3477 facultas
1991 3459 2059 3485 quae
2073 3457 2113 3477 est
2126 3459 2222 3478 sensus
2235 3457 2367 3483 externus,
2385 3457 2411 3477 et
2429 3451 2538 3485 insuper

1464 3487 1570 3513 facultas
1590 3494 1657 3520 quae
1675 3491 1715 3512 est
1734 3494 1828 3512 sensus
1847 3486 1965 3519 interior,
1984 3492 2010 3512 et
2028 3492 2138 3521 utraque
2156 3492 2196 3513 eet
2210 3487 2317 3513 materia
2335 3494 2430 3513 causae
2447 3484 2536 3548 cogi*

1464 3522 1541 3547 tionis
1555 3522 1755 3555 principiorum,
1780 3530 1841 3548 vera
1860 3530 1938 3548 causa
1957 3528 1996 3548 est
2014 3522 2078 3548 ratio
2097 3522 2141 3556 (eo
2159 3523 2239 3549 modo
2265 3530 2320 3557 quo
2343 3522 2408 3548 infre
2425 3529 2475 3556 exp
2524 3534 2535 3541 -

1465 3557 1554 3592 binir),
1567 3558 1623 3583 sine
1642 3566 1693 3591 qua
1712 3557 1807 3584 frustra
1825 3564 1886 3584 sunt
1905 3566 1998 3584 sensus
2018 3558 2050 3584 sd
2068 3559 2250 3592 cognoscenda
2271 3558 2440 3590 universalis,
2459 3561 2486 3583 et
2502 3555 2537 3582 ed

1465 3593 1588 3627 principia
1606 3593 1775 3619 efron-manda.

2085 1499 2110 1524 p.
2130 1499 2165 1516 m.
2185 1491 2230 1516 CD
2249 1496 2275 1516 et
2293 1499 2315 1516 s.
2330 1498 2366 1517 m.
2386 1491 2422 1516 K:
2442 1491 2474 1517 In
2492 1491 2552 1525 qus·-

2583 323 2630 345 'et
2645 325 2776 346 ''mua‘-

2581 428 2593 440 ’
2600 427 2740 451 eodm-ro:
2750 429 2788 452 aa·

2581 461 2644 493 qua,·
2657 461 2684 477 οἷ
2700 461 2739 478 ἔα.

2582 481 2720 530 .5.⁶.f;.‘;¹²¹...·
2703 488 2758 530 *¹.‘··
2767 487 2782 504 ¹

2582 535 2699 583 hacid—
2706 541 2732 557 r:
2746 540 2788 558 se·

2579 1069 2591 1081 ⁸
2601 1069 2672 1092 Taua
2687 1075 2736 1093 on.
2749 1075 2786 1094 ne·

2778 3077 2788 3360 mann-‘Q
