2788 4204
45 482 54 489 '
64 480 146 502 Autem
160 479 224 501 deest
233 479 256 500 in

42 804 52 813 '¹
66 803 94 825 Ut
100 803 164 834 deest
172 803 194 824 in
202 806 252 834 aget

40 836 54 851 s
62 833 148 852 omittit
157 836 236 857 quast.

40 1129 50 1136 ⁶
60 1133 88 1148 sc
95 1135 99 1148 :
111 1127 252 1154 descriptio-

296 243 337 268 12
1055 236 1172 271 PERI
1195 235 1543 272 HERMENEIAS
1578 230 1673 272 LIB.
1706 237 1718 272 I

287 311 425 359 litteris,
447 312 515 349 sed
535 325 556 348 a
575 312 754 349 vocibus:
775 325 937 362 quarum
966 313 1092 362 primo
1114 312 1353 360 significatio-

287 377 377 401 nem
406 377 613 414 exponens,
640 366 743 402 dicit:
765 368 860 402 Sunt
886 378 979 415 ergo
1008 378 1065 411 ea,
1086 377 1183 414 quae
1210 371 1299 402 sunt
1315 366 1352 402 in

1494 315 1525 351 5.
1549 314 1660 351 Circa
1674 314 1713 351 id
1728 316 1887 352 autem*
1901 315 2007 364 quod
2027 316 2124 363 dicit,
2137 328 2270 354 earum
2286 330 2384 366 quae
2399 325 2487 355 sunt

1410 367 1447 403 in
1481 368 1611 404 anima
1639 369 1882 416 passionum,
1928 370 2250 407 considerandum
2285 379 2340 408 est
2377 372 2485 420 quod

286 430 388 464 voce,
416 425 541 464 notae,
567 419 678 465 idest,
707 419 812 466 signa
840 431 973 455 earum
1001 419 1224 467 passionum
1256 430 1354 467 quae
1403 421 1599 468 passiones
1623 434 1772 458 ammae
1803 423 2058 460 communiter
2088 423 2160 459 dici
2189 425 2312 461 solent
2341 425 2483 473 appeti-

285 477 372 508 sunt
385 472 421 508 in
438 473 578 509 anima.
599 472 699 508 Dicit
722 480 850 508 autem
873 472 892 492 *
915 483 1020 521 ergo,
1047 471 1153 520 quasi
1179 484 1224 507 ex
1244 484 1353 520 prae-

286 525 409 561 missis
439 525 686 561 concludens:
714 525 802 573 quia
827 537 941 572 supra
971 525 1114 561 dixerat
1137 530 1148 544 ‘
1177 525 1353 562 determi-

285 578 457 614 nandum
486 590 568 614 esse
602 578 649 614 de
679 573 834 614 nomine
860 585 896 614 et
923 578 1044 614 verbo
1074 585 1110 614 et
1138 577 1217 614 aliis
1245 590 1353 626 prae-

286 631 409 677 dictis;
430 632 525 667 haec
544 638 671 667 autem
701 637 787 666 sunt
804 643 922 667 voces
951 630 1240 678 significativae;
1264 644 1353 679 ergo

286 692 434 732 oportet
461 696 603 721 vocum
633 683 948 731 significationem
978 696 1181 732 exponere.

362 749 399 784 4.
421 737 544 774 Utitur
563 744 691 773 autem
711 737 786 773 hoc
814 737 934 774 modo
956 737 1150 786 loquendi,
1171 744 1213 773 ut
1242 737 1351 785 dicat,

283 802 327 826 ea
347 802 443 838 quae
460 796 548 827 sunt
564 791 600 827 in
621 802 724 836 voce,
737 797 774 826 et
788 803 878 838 non,
898 802 1019 837 voces,
1040 798 1082 827 ut
1095 791 1116 812 '¹‘
1136 790 1243 839 quasi
1264 803 1353 827 con-

282 844 453 880 tinuatim
481 844 657 892 loquatur
695 856 783 880 cum
815 844 1027 893 praedictis.
1067 844 1223 881 Dixerat
1252 844 1353 881 enim

283 897 487 934 dicendum
508 909 591 933 esse
612 897 659 934 de
680 898 836 934 nomine
858 905 894 934 et
912 898 1033 935 verbo
1059 905 1096 934 et
1121 897 1200 935 aliis
1224 897 1352 934 huius-

281 950 398 987 modi.
438 951 545 987 Haec
573 958 702 987 autem
737 951 928 999 tripliciter
964 952 1107 988 habent
1139 963 1227 988 esse.
1265 952 1352 988 Uno

281 1004 437 1053 quidem
475 1004 615 1051 modo,
646 1004 684 1041 in
722 1005 973 1053 conceptione
1011 1005 1242 1051 intellectus;
1279 1005 1351 1041 alio

281 1057 411 1104 modo,
442 1057 480 1094 in
507 1058 721 1106 prolatione
749 1058 878 1106 vocis;
899 1058 1008 1095 tertio
1038 1058 1174 1105 modo,
1195 1058 1234 1094 in
1263 1071 1352 1095 con-

281 1110 483 1159 scriptione
506 1112 526 1132 *
545 1111 764 1148 litterarum.
786 1111 886 1149 Dicit
906 1124 1009 1160 ergo,
1030 1124 1075 1149 ea
1095 1123 1192 1160 quae
1210 1117 1298 1149 sunt
1315 1111 1352 1148 in

279 1176 370 1202 voce
405 1172 494 1211 etc.;
521 1178 565 1201 ac
600 1165 630 1201 si
666 1165 784 1211 dicat,
814 1165 972 1202 nomina
1001 1173 1037 1202 et
1064 1166 1184 1202 verba
1218 1173 1254 1201 et
1282 1165 1354 1202 alia

281 1218 563 1266 consequentia,
586 1230 684 1268 quae
704 1226 852 1255 tantum
871 1226 960 1255 sunt
987 1219 1025 1255 in
1044 1231 1155 1265 voce,
1177 1226 1265 1255 sunt
1288 1231 1353 1255 no-

281 1277 349 1308 tae.
366 1293 390 1299 -
407 1273 488 1318 Vel,
506 1273 594 1321 quia
623 1284 701 1309 non
736 1284 871 1309 omnes
899 1285 1017 1309 voces
1047 1279 1134 1308 sunt
1167 1272 1352 1319 significa-

280 1325 441 1372 tivae,et
469 1339 601 1363 earum
622 1325 813 1374 quaedam
834 1333 920 1362 sunt
948 1325 1220 1373 significativae
1245 1332 1351 1362 natu-

281 1379 416 1426 raliter,
440 1392 538 1428 quae
558 1381 669 1427 longe
689 1387 776 1416 sunt
795 1391 817 1415 a
837 1379 981 1415 ratione
1001 1378 1168 1415 nominis
1188 1386 1225 1416 et
1244 1378 1353 1415 verbi

281 1439 317 1469 et
342 1433 503 1469 aliorum
521 1433 849 1482 consequentium3
865 1440 907 1469 ut
926 1432 1146 1482 appropriet
1165 1431 1278 1468 suum
1299 1431 1352 1468 di-

281 1493 383 1522 ctum
419 1487 467 1524 ad
503 1499 548 1523 ea
583 1487 628 1524 de
659 1487 796 1535 quibus
831 1485 1005 1533 intendit,
1036 1485 1124 1522 ideo
1160 1485 1267 1531 dicit,
1308 1497 1352 1522 ea

280 1551 377 1587 quae
389 1546 477 1577 sunt
489 1541 526 1577 in
541 1552 644 1586 voce,
661 1540 757 1576 idest
776 1552 874 1588 quae
891 1540 1132 1576 continentur
1146 1540 1218 1575 sub
1239 1551 1350 1586 voce,

280 1593 375 1630 sicut
392 1602 518 1643 partes
538 1594 608 1630 sub
633 1601 725 1630 toto,
743 1616 756 1621 -
772 1594 853 1640 Vel,
872 1593 959 1642 quia
978 1605 1056 1631 vox
1081 1600 1136 1629 est
1155 1592 1353 1642 quoddam

278 1648 468 1694 naturale,
498 1660 644 1684 nomen
663 1655 792 1684 autem
821 1654 858 1683 et
883 1647 1048 1684 verbum
1078 1646 1289 1694 significant
1309 1658 1354 1683 ex

279 1699 508 1737 institutione
547 1702 736 1747 humana,
768 1713 867 1750 quae
910 1700 1066 1737 advenit
1103 1700 1156 1737 rei
1194 1699 1353 1736 naturali

279 1752 374 1790 sicut
401 1754 593 1800 materiae,
614 1762 655 1791 ut
684 1756 807 1791 forma
836 1754 920 1791 lecti
950 1754 1069 1802 ligno;
1091 1754 1178 1791 ideo
1209 1753 1257 1790 ad
1288 1753 1351 1790 de-

279 1806 506 1855 signandum
541 1808 699 1845 nomina
729 1815 764 1845 et
791 1809 913 1845 verba
944 1815 980 1845 et
1008 1808 1080 1844 alia
1115 1819 1351 1856 consequen-

277 1859 327 1897 tia
361 1861 459 1908 dicit,
481 1873 525 1898 ea
545 1873 642 1910 quae
669 1868 756 1899 sunt
782 1862 819 1899 in
839 1873 943 1908 voce,
965 1874 1009 1898 ac
1038 1861 1067 1898 si
1098 1861 1146 1898 de
1174 1861 1271 1897 lecto
1298 1860 1351 1897 di-

279 1922 435 1962 ceretur,
458 1928 503 1952 ea
532 1928 630 1965 quae
659 1923 746 1952 sunt
773 1916 811 1952 in
840 1915 940 1963 ligno
962 1915 987 1952 ζ.

1409 480 1468 510 tus
1497 474 1683 511 sensibilis
1716 475 1954 522 affectiones,
1996 476 2091 513 sicut
2119 477 2195 522 ira,
2227 479 2414 526 gaudium
2450 486 2486 515 et

1410 526 1482 563 alia
1516 527 1759 575 huiusmodi,
1788 536 1830 565 ut
1850 529 1984 566 dicitur
2011 529 2050 566 in
2071 531 2102 567 ll
2131 530 2352 568 Ethicorum
2376 532 2405 568 *.
2437 532 2486 568 Et

1409 592 1548 616 verum
1578 588 1634 618 est
1661 581 1768 629 quod
1795 582 2016 620 huiusmodi
2045 583 2243 632 passiones
2272 584 2484 632 significant

1410 633 1627 670 naturaliter
1656 634 1847 682 quaedam
1871 648 1989 673 voces
2018 637 2233 683 hominum,
2254 645 2296 673 ut
2322 639 2485 687 gemitus

1410 686 1665 733 infirmorum,
1679 694 1715 722 et
1734 687 1896 724 aliorum
1916 689 2139 726 animalium
2149 691 2180 736 *,
2201 697 2243 726 ut
2257 690 2391 727 dicitur
2410 691 2448 728 in
2469 693 2482 727 Ι

1409 739 1588 776 Politicae
1604 740 1633 776 *.
1658 739 1735 776 Sed
1764 753 1866 777 nunc
1885 753 2013 778 sermo
2035 750 2091 779 est
2111 743 2158 779 de
2182 744 2344 781 vocibus
2373 744 2482 792 signi-

1409 792 1570 829 ficativis
1600 804 1645 829 ex
1674 792 1905 830 institutione
1933 795 2122 842 humana3
2144 803 2180 832 et
2208 796 2295 834 ideo
2334 805 2484 846 oportet

1409 845 1607 901 passiones
1641 845 1791 883 animae
1823 847 1886 884 hic
1917 847 2123 896 intelligere
2153 848 2363 886 intellectus
2392 863 2483 889 con-

1411 898 1618 947 ceptiones,
1649 911 1744 948 quas
1773 900 1932 937 nomina
1952 908 1988 937 et
2014 902 2135 938 verba
2165 909 2201 937 et
2221 902 2412 940 orationes
2436 903 2482 940 si-

1409 952 1589 999 gnificant
1608 952 1830 990 immediate
1849 954 1881 1001 ³⁸,
1902 954 2115 991 seeundum
2145 955 2372 992 sententiam
2400 956 2483 993 Ari-

1410 1005 1563 1042 stotelis.
1594 1006 1686 1043 Non
1720 1006 1822 1043 enim
1855 1014 1981 1055 potest
2015 1018 2098 1044 esse
2133 1009 2240 1058 quod
2273 1009 2485 1057 significent

1409 1059 1630 1095 immediate
1650 1059 1751 1108 ipsas
1773 1073 1844 1108 res,
1865 1068 1908 1096 ut
1932 1073 1978 1097 ex
1997 1061 2080 1110 ipso
2106 1062 2226 1099 modo
2247 1062 2483 1110 significandi

1410 1119 1584 1161 apparet:
1606 1112 1792 1160 significat
1820 1113 1922 1150 enim
1951 1114 2026 1151 hoc
2055 1127 2200 1152 nomen
2233 1117 2346 1153 homo
2375 1123 2482 1154 natu-

1410 1178 1492 1202 ram
1520 1166 1732 1203 humanam
1765 1167 1803 1204 in
1846 1167 2098 1205 abstractione
2116 1169 2136 1190 *
2168 1182 2190 1206 a
2218 1169 2481 1217 singularibus.

1409 1219 1522 1256 Unde
1556 1231 1636 1256 non
1660 1228 1786 1268 potest
1815 1233 1897 1257 esse
1923 1222 2029 1270 quod
2049 1222 2234 1270 significet
2261 1223 2482 1260 immediate

1409 1272 1609 1310 hominem
1625 1273 1874 1321 singularem3
1894 1276 1998 1312 unde
2016 1276 2036 1296 *
2061 1276 2244 1312 Platonici
2271 1283 2484 1325 posuerunt

1409 1325 1516 1374 quod
1526 1326 1755 1375 significaret
1773 1327 1896 1376 ipsam
1907 1328 2031 1366 ideam
2041 1329 2209 1366 hominis
2219 1330 2240 1351 '¹‘
2254 1337 2481 1378 separatam.

1410 1379 1488 1416 Sed
1503 1380 1593 1428 quia
1607 1381 1682 1416 hoc
1699 1382 1718 1403 *
1738 1381 1951 1418 secundum
1968 1395 2078 1419 suam
2095 1383 2389 1420 abstractionem
2404 1395 2484 1420 non

1409 1432 1576 1469 subsistit
1589 1433 1737 1471 realiter
1751 1435 1772 1455 *
1786 1435 1999 1472 secundum
2020 1437 2244 1473 sententiam
2260 1436 2482 1484 Aristotelis,
2511 1450 2520 1460 ·

1409 1485 1478 1522 secl
1507 1494 1563 1523 est
1590 1486 1628 1523 in
1657 1488 1740 1524 solo
1769 1488 1978 1535 intellectu;
2006 1489 2094 1527 ideo
2119 1503 2276 1527 necesse
2305 1490 2373 1528 fuit
2399 1490 2483 1527 Ari-

1410 1539 1532 1575 stoteli
1570 1539 1696 1577 dicere
1734 1540 1840 1590 quod
1867 1553 1985 1578 voces
2028 1543 2241 1590 significant
2274 1543 2484 1581 intellectus

1408 1593 1681 1642 conceptiones
1716 1593 1937 1631 immediate
1964 1603 2000 1632 et
2037 1595 2091 1632 eis
2125 1596 2382 1633 mediantibus
2410 1609 2482 1634 res.

1491 1647 1526 1683 6.
1549 1645 1627 1684 Sed
1656 1647 1744 1696 quia
1772 1659 1851 1684 non
1881 1655 1937 1685 est
1965 1656 2192 1687 consuetum
2213 1649 2318 1699 quod
2348 1662 2484 1687 conce-

1408 1699 1558 1748 ptiones
1586 1700 1796 1738 intellectus
1810 1701 1830 1722 *
1849 1700 2070 1740 Aristoteles
2090 1703 2263 1740 nominet
2275 1703 2486 1751 passiones;
2511 1723 2522 1732 ·

1409 1752 1496 1790 ideo
1530 1754 1773 1791 Andronicus
1811 1756 1939 1803 posuit
1975 1757 2078 1793 hunc
2115 1757 2255 1794 librum
2289 1769 2367 1794 non
2401 1769 2484 1794 esse

1408 1806 1619 1844 Aristotelis
1637 1812 1662 1845 ”.
1686 1808 1763 1845 Sed
1783 1807 1980 1846 manifeste
2008 1810 2200 1847 invenitur
2218 1810 2257 1848 in
2277 1811 2291 1847 1
2320 1811 2382 1848 De
2402 1810 2483 1848 ani-

1409 1873 1473 1898 ma
1497 1861 1516 1882 '¹
1544 1861 1650 1910 quod
1682 1862 1880 1910 passiones
1913 1863 2064 1901 animae
2095 1871 2211 1901 vocat
2239 1875 2376 1901 omnes
2404 1863 2483 1901 ani-

1410 1926 1497 1952 mae
1526 1915 1768 1963 operationes
1787 1913 1810 1952 θ.
1838 1917 1949 1954 Unde
1979 1925 2016 1954 et
2043 1917 2125 1966 ipsa
2151 1917 2351 1966 conceptio
2376 1916 2482 1955 intel—

276 2065 354 2096 prout
372 2060 448 2085 eiiam
469 2060 595 2093 scriptura
614 2060 811 2093 comprehendit
830 2060 904 2093 signa
918 2067 1102 2093 quaecumque
1121 2058 1263 2089 sensibilia,
1278 2066 1293 2082 a
1306 2065 1353 2083 vo—

277 2098 349 2122 cibus
365 2096 473 2126 diversa,
489 2095 634 2120 cuiusmodi
655 2101 715 2120 sunt
734 2095 807 2127 signa
827 2095 1016 2129 ideographica.
1040 2095 1043 2097 ⁴

330 2131 352 2166 ε)
375 2132 555 2156 Concludens:
570 2131 632 2164 quia
646 2138 730 2163 supra
749 2131 861 2156 dixerat
880 2136 928 2156 etc.
938 2131 1046 2156 —Codd.
1057 2129 1116 2155 BC:
1130 2129 1207 2163 quasi
1220 2136 1258 2154 ex
1271 2135 1354 2161 prae-

276 2169 362 2194 missis
380 2168 545 2197 concludens,
561 2171 591 2192 ut
602 2174 685 2199 supra
699 2167 810 2192 dixerat
824 2172 872 2192 etc.
887 2167 952 2192 Cod.
968 2168 1003 2192 A:
1018 2166 1121 2200 quasi...
1137 2169 1167 2191 ut
1180 2165 1260 2191 etiam
1274 2165 1354 2190 dixe-

276 2203 510 2229 ran-Retinenda
529 2203 614 2234 Piana,
633 2208 662 2228 ut
680 2211 710 2228 ex
729 2208 848 2228 contextu
867 2208 907 2228 est
926 2202 1102 2236 manifestum.

329 2238 354 2273 ζ)
369 2240 408 2264 Ac
417 2239 440 2264 si
450 2239 482 2263 de
500 2239 566 2264 lecto
586 2238 720 2264 diceretur
735 2238 878 2264 ete-eod.
889 2239 924 2263 A:
935 2238 1006 2264 adsi
1020 2238 1162 2266 diceretur,
1172 2243 1281 2270 eaquae
1290 2240 1354 2262 sunt

276 2276 302 2300 in
314 2276 389 2301 lecto.
399 2275 486 2300 Lectio
496 2275 620 2300 obscura:
637 2275 692 2300 vult
708 2275 777 2300 enim
796 2276 916 2308 exemplo
932 2274 1036 2299 inducto
1051 2282 1074 2299 s.
1084 2273 1201 2298 Thomas
1215 2273 1353 2298 ostendere

276 2312 346 2345 quod
361 2309 511 2343 significatio
528 2316 568 2335 est
580 2311 605 2335 in
620 2318 684 2335 voce
695 2319 726 2335 eo
741 2310 823 2336 ferme
843 2310 930 2341 modo,
942 2318 995 2343 quo
1009 2309 1093 2334 forma
1108 2308 1165 2334 lecti
1179 2314 1219 2334 est
1233 2308 1258 2333 in
1272 2308 1352 2341 ligno.

277 2347 362 2377 Quam
382 2346 601 2379 comparationem
622 2346 828 2371 subintellectam
845 2355 859 2371 a
879 2346 935 2371 cod.
951 2345 992 2370 cit.
1011 2345 1091 2370 Plana
1106 2344 1147 2370 ed.
1162 2344 1258 2377 aliique
1276 2344 1351 2370 codd.

277 2382 393 2415 explicite
405 2387 511 2415 ponunt,
521 2387 547 2406 et
557 2382 658 2407 melius.
667 2395 688 2400 -
697 2382 760 2407 Cod.
772 2382 793 2407 C
806 2381 884 2407 habet
899 2382 1059 2410 dicerentur,
1071 2386 1096 2406 et
1107 2380 1273 2406 amanuensis
1283 2380 1351 2406 osci-

276 2423 360 2443 tanter
378 2417 472 2441 omittit
491 2417 599 2442 nomina
617 2421 643 2442 et
662 2418 742 2442 verba
761 2421 787 2442 et
806 2418 861 2442 alia
881 2416 1074 2450 consequentia.

329 2452 356 2487 η)
367 2453 536 2478 Andronicus
541 2452 635 2485 posuit
644 2453 714 2487 hanc
722 2453 819 2478 librum
830 2461 881 2478 non
892 2460 948 2478 esse
956 2453 1116 2478 Aristotelis.
1127 2451 1268 2477 Andronici
1278 2451 1350 2476 Rho-

277 2490 310 2516 dii
330 2489 403 2522 (flor.
423 2489 518 2514 saecul.
538 2488 686 2522 Ciceronis)
706 2489 877 2514 temeritatem
904 2489 996 2513 merito
1017 2493 1088 2513 notat
1111 2496 1132 2512 s.
1146 2487 1278 2519 Thomas;
1302 2489 1349 2513 sed

277 2526 361 2559 placet
370 2525 447 2549 etiam
462 2524 555 2549 addere
566 2532 633 2557 quae
647 2524 724 2548 habet
738 2523 763 2549 b.
771 2524 894 2549 Albertus
910 2525 1020 2556 Magnus
1031 2523 1056 2548 in
1067 2524 1076 2548 1
1088 2523 1150 2548 Peri
1160 2523 1243 2548 herm.
1253 2528 1324 2548 tract.
1332 2523 1349 2554 1,

277 2569 332 2594 cap.
343 2569 352 2585 1
367 2561 392 2585 in
408 2559 471 2584 fine:
493 2569 507 2583 e
525 2560 602 2590 Quod
617 2560 649 2584 de
669 2564 773 2584 auctore
788 2560 894 2592 quidam
914 2564 1043 2592 quaerunt
1062 2566 1253 2591 supervacuum
1269 2563 1309 2584 est
1325 2564 1350 2584 et

279 2606 292 2621 >
309 2603 453 2630 numquam
468 2596 500 2620 ab
515 2596 603 2628 aliquo
622 2595 780 2628 philosopho
797 2596 946 2629 quaesitum
965 2600 1007 2620 est
1025 2594 1074 2619 nisi
1093 2595 1119 2619 in
1139 2594 1235 2620 scholis
1254 2594 1349 2628 Pytha—

279 2642 292 2656 »
308 2640 400 2665 gorae:
421 2631 481 2664 quia
500 2630 525 2655 in
546 2631 595 2656 illis
619 2631 716 2656 scholis
742 2631 804 2656 nihil
829 2630 1001 2664 recipiebatur
1020 2629 1068 2654 nisi
1088 2630 1159 2663 quod
1178 2629 1237 2654 fecit
1255 2629 1349 2663 Pytha—

278 2678 293 2692 »
309 2675 393 2701 goras.
417 2667 458 2691 Ab
478 2666 533 2691 aliis
553 2671 639 2691 autem
662 2667 712 2692 hoc
735 2667 884 2699 quaesitum
909 2673 963 2690 non
981 2670 1034 2690 est:
1054 2673 1068 2690 a
1087 2673 1257 2698 quocumque
1279 2665 1349 2690 enim

278 2713 292 2728 s
309 2704 375 2728 dicta
388 2708 461 2728 erant
475 2702 670 2736 recipiebantur,
691 2703 835 2728 dummodo
854 2702 978 2736 probatae
995 2701 1110 2726 veritatis
1130 2700 1254 2726 haberent
1273 2701 1349 2725 ratio-

279 2749 292 2764 »
309 2747 377 2764 nem.
397 2739 482 2764 Causa
498 2738 567 2763 enim
582 2737 695 2764 efficiens
715 2743 784 2763 extra
798 2746 854 2764 rem
874 2742 921 2768 est,
942 2742 967 2762 et
986 2737 1017 2761 ab
1037 2744 1067 2761 ea
1086 2744 1128 2761 res
1147 2744 1201 2760 non
1215 2735 1293 2761 habet
1307 2735 1349 2760 fir-

278 2785 292 2799 »
309 2776 424 2800 mitatem
442 2774 483 2799 vel
503 2772 686 2805 infirmitatem,
706 2774 752 2799 sed
772 2773 859 2807 potius
878 2781 893 2798 a
911 2773 1010 2798 ratione
1029 2772 1165 2797 dictorum.
1185 2771 1246 2796 Fuit
1263 2777 1349 2796 autem

278 2821 292 2836 ι
307 2811 460 2836 Aristoteles
484 2810 563 2835 huius
583 2810 705 2835 scientiae
729 2810 829 2843 primus
853 2814 957 2839 auctor;
977 2813 1003 2833 et
1021 2808 1080 2833 ideo
1099 2815 1152 2832 non
1179 2815 1271 2832 verum
1291 2807 1351 2832 dicit

278 2857 292 2871 »
308 2846 472 2871 Andronicus
487 2845 555 2870 hunc
567 2845 662 2870 librum
677 2845 733 2870 aliis
748 2845 890 2870 attribuens
899 2853 912 2868 a·
926 2842 1007 2878 (Opp.
1018 2849 1081 2868 tom.
1093 2844 1110 2874 1,
1118 2851 1176 2876 pag.
1186 2842 1300 2874 238,col.
1310 2850 1350 2867 2—

276 2882 396 2914 Lugduni
411 2879 497 2915 1651).
507 2895 527 2900 -
537 2881 715 2906 Andronicum
725 2888 787 2906 vere
801 2888 830 2906 ac
843 2880 944 2905 fortiter
953 2878 1084 2912 redarguit
1093 2878 1238 2904 Alexander
1247 2878 1350 2911 Aphro-

277 2918 397 2943 disiensis
416 2917 512 2950 (ssomit
531 2917 634 2943 saeculo
650 2917 669 2942 11
685 2924 759 2942 aerae
777 2916 893 2950 Chi-ise),
904 2915 949 2949 qui
963 2920 1032 2940 tanta
1051 2915 1119 2949 apud
1138 2919 1239 2940 veteres
1258 2915 1350 2948 polluit

276 2953 436 2984 auctoritate,
457 2959 483 2978 ut
502 2961 549 2986 per
561 2952 767 2978 antonomasiam
789 2952 989 2977 Commentator
1007 2950 1152 2975 Aristotelis
1170 2955 1313 2982 vocaretur,
1334 2948 1348 2975 ὀ

277 2986 407 3022 ἐξηγητής.
434 2987 570 3013 Alexandri
595 2992 746 3020 argumenta
771 2992 913 3021 postquam
932 2986 1022 3012 retulit
1039 2985 1178 3017 Boethius,
1201 2985 1347 3011 concludit:

278 3034 290 3047 «
308 3024 395 3054 Quare
414 3031 467 3048 non
485 3029 525 3049 est
544 3024 687 3049 audiendus
702 3023 877 3055 Andronicus,
892 3023 938 3056 qui
953 3027 1061 3056 propter
1074 3022 1231 3054 passionum
1251 3030 1348 3047 nomen

278 3069 292 3084 »
307 3059 376 3084 hunc
391 3059 485 3084 librum
506 3059 536 3084 ab
556 3059 702 3084 Aristotelis
722 3059 846 3092 operibus
861 3063 964 3091 separat
977 3069 989 3081 ι
1011 3055 1126 3092 (Prolog.
1146 3058 1172 3082 in
1189 3057 1231 3082 lib.
1247 3057 1289 3083 De
1308 3057 1348 3082 in—

277 3094 479 3127 ter-pretatione,
499 3095 566 3119 Edit.
581 3095 672 3126 altera,
693 3102 751 3127 pag.
773 3093 843 3129 292).
864 3093 948 3119 Etiam
971 3093 1127 3118 Ammonius
1147 3094 1260 3118 Hei-mea
1279 3092 1347 3126 (flor.

277 3138 344 3156 saec.
359 3130 402 3162 V),
413 3130 555 3163 discipulus
571 3130 663 3161 Procli,
678 3136 765 3155 contra
779 3129 957 3155 Andronicum
972 3129 1035 3154 haec
1049 3134 1136 3161 urget:
1157 3138 1171 3152 α
1183 3129 1223 3153 An
1237 3136 1300 3154 vero
1314 3129 1348 3154 sit

279 3175 292 3189 »
307 3165 449 3198 legitimum
468 3173 534 3198 opus
554 3165 633 3197 (Peri
647 3165 826 3198 hermeneias)
841 3164 1001 3198 Philosophi,
1013 3172 1091 3189 nemo
1106 3164 1131 3188 in
1146 3164 1290 3189 Aristotelis
1310 3164 1345 3189 le-

279 3211 291 3224 »
309 3201 392 3226 ctione
410 3206 542 3232 versatus,
568 3201 588 3225 si
612 3206 667 3225 tum
691 3201 812 3226 orationis
837 3199 1057 3234 probabilitatem,
1081 3199 1300 3232 artificiosumque
1323 3204 1348 3224 et

279 3246 292 3260 »
309 3244 427 3261 severum
456 3244 485 3261 ac
509 3236 634 3261 familiare
661 3236 820 3269 Philosopho
844 3241 1040 3269 praeceptorum
1064 3243 1145 3267 genus
1171 3243 1238 3268 quae
1265 3235 1291 3260 in
1316 3243 1348 3260 eo

279 3281 292 3296 »
308 3273 447 3302 traduntur,
467 3277 522 3296 tum
542 3279 601 3296 cum
616 3271 671 3296 aliis
691 3272 745 3296 eius
766 3272 836 3296 libris
856 3279 1013 3296 consensum
1037 3271 1162 3304 respiciat,
1179 3270 1347 3296 dubitandum

279 3316 292 3331 »
309 3307 468 3337 existimabit,
480 3312 581 3340 praeter
591 3307 767 3332 Andronicum
783 3307 922 3332 Rhodium.
933 3317 944 3329 ι
962 3307 1059 3331 Deinde
1074 3311 1226 3339 argumento
1237 3306 1347 3331 deducto

278 3350 308 3367 ex
326 3343 453 3367 vocabulo
474 3343 608 3375 passionis
625 3343 750 3374 refutato,
770 3342 909 3368 concludit:
931 3351 944 3366 e
957 3343 1122 3375 Quapropter
1144 3350 1196 3367 non
1219 3342 1274 3366 iure
1294 3341 1347 3366 An-

281 3388 293 3401 »
310 3378 427 3402 dronicus
447 3378 512 3403 falso
531 3378 626 3403 librum
650 3378 708 3403 ferri
729 3384 861 3411 acceptum
875 3377 1035 3411 Philosopho
1055 3377 1199 3411 suspicatus
1219 3382 1282 3403 est»
1304 3375 1347 3438 Sin

278 3413 382 3446 praefat.
402 3414 433 3437 ad
453 3413 495 3438 lib.
516 3414 557 3438 De
576 3414 820 3446 interpretatione...
839 3414 915 3438 latina
934 3413 1049 3439 oratione
1072 3414 1198 3439 reddente
1212 3412 1308 3438 Bartho
1318 3419 1346 3437 o-

279 3456 354 3472 maeo
372 3448 500 3481 Sylvanio.
519 3449 632 3474 Venetiis
656 3448 730 3481 1546,
750 3449 794 3474 fol.
814 3457 834 3479 ι,
854 3448 950 3483 verso).

332 3484 440 3514 Verum,
467 3484 524 3509 licet
548 3485 700 3509 Ammonius
726 3485 907 3510 Hermeneiam
931 3484 1009 3510 veluti
1038 3484 1178 3516 genuinum
1201 3483 1347 3510 Aristotelis

280 3518 376 3542 foetum
396 3526 455 3543 cum
475 3519 672 3552 sapientioribus
688 3520 778 3545 criticis
792 3520 919 3551 defendat,
929 3520 1047 3545 ultimam
1061 3525 1147 3545 tamen
1160 3524 1260 3554 partem
1271 3518 1346 3544 huius

279 3553 364 3585 operis
381 3551 447 3586 (cap.
457 3554 509 3588 xiv)
521 3562 587 3587 quae
601 3560 639 3579 est
658 3556 690 3580 de
708 3555 732 3579 vi
752 3555 930 3588 oppositarum
945 3555 1152 3589 propositionum
1168 3554 1285 3587 (Utrum
1299 3562 1347 3580 au-

280 3591 331 3613 tem
350 3589 486 3614 contraria
506 3589 573 3622 etc.),
593 3598 644 3614 non
668 3598 726 3615 esse
740 3590 884 3615 Aristotelis
905 3590 1061 3623 suspicatur:
1083 3599 1096 3614 α
1109 3590 1182 3621 Quae
1196 3595 1347 3623 sequuntur,

1411 2065 1424 2080 s
1441 2056 1540 2089 inquit,
1559 2062 1604 2082 aut
1621 2058 1734 2090 legitime
1753 2066 1806 2083 non
1825 2066 1884 2084 esse
1902 2059 2047 2086 Aristotelis
2067 2060 2198 2093 suspicor,
2218 2061 2265 2086 sed
2283 2060 2316 2087 ab
2330 2061 2418 2096 aliquo
2436 2061 2482 2097 qui

1411 2101 1425 2115 »
1442 2100 1473 2117 eo
1487 2091 1563 2117 fuerit
1576 2093 1704 2126 posterior
1719 2094 1828 2120 addita...
1836 2101 1843 2124 ;
1859 2100 1902 2119 aut
1915 2095 1947 2120 ab
1958 2103 1990 2120 eo
2002 2094 2109 2128 quidem
2123 2095 2204 2121 fuisse
2215 2095 2371 2130 conscripta,
2389 2104 2482 2124 verum

1411 2138 1424 2150 ³
1440 2133 1469 2152 ut
1487 2128 1532 2161 qui
1551 2129 1674 2154 lectorem
1686 2129 1766 2154 modo
1779 2137 1898 2155 exercere
1915 2131 1948 2155 ad
1963 2130 2076 2156 rationes
2091 2138 2135 2156 ess
2150 2131 2325 2156 diiudicandae
2339 2139 2407 2165 quae
2421 2138 2483 2166 μυ»

1411 2173 1423 2186 »
1440 2163 1558 2189 habiliter
1571 2164 1686 2198 quidem,
1703 2173 1754 2190 non
1768 2170 1855 2193 tamen
1868 2173 1930 2192 vere
1943 2166 2096 2197 dicerentur,
2106 2167 2225 2192 voluerit.
2237 2177 2250 2190 ι
2270 2167 2299 2192 In
2313 2167 2380 2193 hanc
2393 2167 2481 2203 susp}-
2523 2193 2525 2195 ,

1385 2209 1388 2211 Α
1409 2199 1511 2224 cionem
1534 2200 1666 2226 descendit
1678 2201 1835 2226 Ammonius
1854 2201 1915 2234 quia
1929 2201 2091 2228 ex1stimabat
2110 2202 2256 2228 «contraria
2270 2202 2365 2228 sentire
2374 2203 2400 2228 in
2410 2202 2482 2229 libris

1409 2244 1425 2259 »
1440 2235 1494 2260 suis
1513 2235 1636 2261 omnibus
1650 2235 1730 2261 videri
1745 2236 1935 2270 Philosophum
1954 2237 1984 2262 iis
2000 2245 2066 2271 quae
2080 2237 2130 2263 hoc
2145 2238 2204 2264 loco
2217 2237 2388 2264 disseruntur.
2399 2249 2412 2262 n
2428 2238 2481 2264 Ad-

1409 2271 1498 2304 ditque
1520 2270 1588 2296 hanc
1605 2279 1720 2305 quoque,
1730 2277 1759 2297 ut
1770 2272 1827 2306 ipse
1845 2273 1973 2306 opinatur,
1987 2281 2094 2299 causam
2111 2273 2194 2299 fuisse
2208 2274 2354 2308 Porphyrio
2369 2283 2383 2298 ‹
2394 2274 2482 2301 utho—

1410 2316 1423 2329 »
1439 2305 1510 2332 iusce
1524 2306 1690 2332 theorematis
1702 2308 1890 2341 expositionem
1900 2309 2024 2334 recusarit
2035 2318 2048 2333 :o
2064 2309 2112 2343 (lb.
2123 2309 2168 2334 fol.
2177 2308 2217 2341 38,
2230 2315 2310 2342 recto,
2320 2310 2370 2335 col.
2381 2318 2389 2335 ι
2407 2315 2433 2336 et
2446 2309 2482 2344 2).

1408 2342 1482 2373 Quae
1491 2343 1548 2368 -sint
1566 2342 1608 2368 illa
1622 2343 1761 2368 contraria
1775 2344 1807 2369 ad
1822 2351 1890 2377 quae
1903 2345 1994 2370 alludit
2006 2345 2164 2370 Ammonius
2178 2352 2230 2371 non
2243 2345 2311 2377 dicit,
2325 2350 2351 2370 et
2363 2345 2482 2371 existimo

1407 2386 1423 2403 a
1445 2378 1550 2404 nemine
1572 2386 1652 2412 posse
1670 2379 1782 2406 indicari.
1797 2394 1817 2399 —
1833 2380 1996 2406 Andronicus
2019 2380 2122 2406 nonnisi
2144 2381 2256 2408 saemlis
2279 2381 2481 2417 posterioribus,

1407 2421 1502 2447 nempe
1510 2413 1570 2439 XVI
1581 2418 1606 2439 et
1615 2413 1685 2440 XVII
1698 2420 1809 2449 quatuor
1822 2414 1928 2442 alicuius
1942 2415 2056 2442 nominis
2068 2421 2158 2441 nactus
2171 2421 2212 2442 est
2225 2421 2374 2449 sectatores,
2385 2424 2418 2445 ne
2468 2413 2472 2417 ’

1407 2450 1569 2475 Ludovicum
1582 2450 1663 2475 Vives
1675 2450 1704 2484 (†
1722 2450 1808 2484 1540),
1825 2451 1931 2477 Petrum
1950 2450 2063 2476 Remum
2082 2450 2112 2485 (⁴0³
2134 2451 2226 2485 1572),
2245 2424 2482 2478 anciseumv:

1407 2485 1508 2511 tricium
1527 2486 1557 2520 (†
1579 2485 1658 2519 1597)
1683 2491 1708 2512 et
1731 2487 1836 2512 Petrum
1855 2487 1985 2514 Gassendi
2003 2486 2143 2521 (†·1655).
2167 2488 2241 2520 Quos
2264 2493 2352 2514 nmen
2371 2488 2437 2514 sicut
2454 2493 2483 2516 et

1406 2521 1583 2546 Andronicum
1607 2522 1699 2546 merito
1718 2522 1847 2556 sapientes
1870 2531 1963 2548 omnes
1989 2531 2040 2548 non
2059 2528 2188 2548 curarunt.
2212 2523 2307 2548 Nostro
2330 2523 2436 2549 saemlo
2454 2522 2480 2549 in

1407 2556 1585 2582 defensionem
1604 2557 1749 2583 authentiae
1763 2558 1875 2590 Logicae
1892 2558 2039 2583 Aristotelis
2058 2558 2156 2584 erudita
2173 2565 2254 2592 opera
2272 2558 2431 2592 prodierunt.

1459 2589 1484 2625 θ)
1504 2591 1644 2618 Passiones
1668 2593 1774 2618 animae
1799 2597 1876 2621 vocat
1899 2601 1991 2620 omnes
2014 2594 2122 2619 animae
2139 2594 2315 2627 opo-ationes.
2340 2594 2416 2625 Qum
2439 2593 2481 2620 hic

1406 2635 1427 2651 s.
1437 2626 1555 2652 Thomas
1575 2633 1647 2653 notat
1665 2628 1698 2653 de
1716 2629 1844 2654 vocabulo
1858 2629 2007 2661 passionis,
2027 2633 2106 2662 prout
2124 2637 2157 2654 eo
2175 2629 2329 2654 Aristoteles
2349 2629 2430 2654 utitur
2447 2629 2480 2655 ad

1406 2662 1597 2694 designandum
1613 2663 1690 2688 etism
1705 2671 1901 2698 quamcumque
1915 2665 2016 2689 animae
2029 2664 2218 2697 operationem,
2232 2669 2304 2689 recto
2318 2671 2400 2690 sensu
2413 2664 2479 2690 seci-

1406 2697 1500 2730 pienda
1510 2703 1580 2724 sunt.
1590 2713 1602 2718 -
1613 2699 1759 2724 Possumus
1774 2707 1838 2734 ergo
1852 2701 2011 2725 constituere
2024 2707 2119 2725 omnes
2133 2699 2298 2733 operationes
2316 2699 2418 2730 enimse
2431 2707 2479 2725 vo-

1406 2733 1466 2764 cari,
1485 2733 1605 2766 generice
1624 2733 1753 2759 vocabulo
1773 2740 1798 2760 et
1812 2743 1892 2760 sensu
1908 2734 2044 2766 latissimo,
2048 2735 2189 2767 passiones
2202 2735 2245 2760 vel
2259 2733 2411 2770 affectiones
2425 2735 2479 2760 ani-

1406 2775 1479 2799 mae3
1493 2774 1519 2794 at
1533 2777 1587 2794 non
1595 2769 1728 2794 viceversa
1737 2770 1874 2802 passiones
1884 2770 1986 2795 animae
1995 2770 2100 2803 proprie
2110 2770 2192 2796 dictae
2207 2774 2321 2803 possunt
2334 2769 2480 2804 significare

1405 2811 1499 2829 omnes
1514 2805 1615 2830 animae
1629 2805 1803 2838 operationes,
1812 2813 1837 2832 v.
1847 2814 1874 2839 g.
1888 2806 2044 2840 intelligere,
2056 2806 2120 2832 velle
2135 2811 2183 2831 etc.
2198 2806 2274 2832 Ratio
2285 2811 2333 2838 est,
2343 2806 2406 2840 quis
2413 2814 2478 2841 ope⁹

1405 2839 1518 2866 rationes
1533 2839 1634 2866 animae
1649 2841 1696 2866 etsi
1711 2849 1804 2867 omnes
1819 2842 1973 2868 conveniant
1988 2841 2014 2866 in
2029 2849 2124 2874 genere
2138 2841 2305 2875 operationis,
2322 2841 2355 2867 ad
2369 2842 2480 2868 invicem

1404 2879 1492 2900 tamen
1507 2876 1702 2908 distinguuntur
1720 2877 1815 2909 specie,
1830 2884 1917 2910 neque
1935 2877 2014 2902 debet
2026 2885 2079 2902 une
2097 2885 2157 2902 cum
2177 2876 2226 2902 alie
2245 2875 2377 2908 confundi,
2390 2878 2432 2903 vel
2452 2876 2480 2902 in

1404 2910 1463 2944 ipso
1481 2911 1618 2937 vocabulo.
1638 2912 1760 2938 Ceterum
1779 2913 1812 2938 ad
1825 2913 1888 2938 haec
1908 2913 2012 2946 plenius
2030 2913 2211 2946 intelligenda,
2230 2913 2403 2938 transcribere
2421 2913 2480 2940 lieet

1405 2954 1472 2979 quae
1491 2955 1512 2972 s.
1523 2946 1640 2972 Thomas
1664 2947 1741 2973 habet
1755 2957 1780 2982 p.
1791 2948 1810 2979 1,
1825 2957 1870 2982 qu.
1880 2956 1968 2979 cxxix,
1987 2953 2033 2973 art.
2048 2956 2081 2973 ιιι
2107 2957 2121 2972 ‹
2133 2947 2187 2973 Pan·
2196 2967 2203 2979 ,
2222 2948 2321 2981 inquit,
2348 2947 2482 2982 tripliciter

1405 2990 1420 3005 a·
1436 2982 1536 3008 dicitur.
1555 2982 1615 3008 Uno
1633 2983 1714 3008 modo
1728 2983 1923 3016 propriissime,
1940 2983 2039 3009 scilicet
2052 2983 2158 3017 quando
2172 2983 2269 3017 aliquid
2283 2988 2435 3009 removetur
2446 2982 2480 3010 ab

1406 3026 1419 3041 2
1435 3025 1481 3049 eo,
1501 3019 1573 3052 quod
1591 3019 1713 3044 convenit
1731 3019 1780 3044 aibi
1800 3020 1946 3045 secundum
1965 3024 2084 3045 naturam
2109 3024 2153 3046 sut
2181 3019 2328 3046 secundum
2347 3019 2479 3052 promtam

1405 3061 1419 3076 »
1435 3052 1640 3086 inclinationem3
1660 3054 1727 3080 sicut
1747 3063 1806 3080 cum
1826 3063 1894 3089 aqua
1912 3054 2076 3087 frigiditatem
2096 3054 2188 3080 amittit
2206 3063 2254 3088 per
2277 3054 2479 3087 calchedonem,

1404 3097 1418 3112 n
1433 3094 1460 3115 et
1478 3097 1539 3114 cum
1558 3089 1639 3114 homo
1657 3095 1774 3123 aegrotat
1792 3095 1836 3116 aut
1854 3091 1976 3116 πίστεων.
1987 3091 2136 3116 -Secundo
2161 3091 2241 3116 modo
2259 3090 2347 3116 minus
2366 3089 2480 3124 proprie

1404 3133 1419 3148 ›
1435 3125 1527 3150 dicitur
1547 3125 1646 3160 aliquis
1665 3127 1717 3159 pati
1736 3134 1767 3152 ex
1785 3134 1817 3151 eo
1836 3127 1908 3160 quod
1929 3126 2027 3160 aliquid
2045 3126 2078 3152 ab
2097 3127 2156 3160 ipso
2174 3126 2305 3158 abiicitur,
2325 3126 2388 3152 eive>
2401 3126 2435 3152 sit
2450 3125 2477 3154 οἳ

1404 3169 1418 3183 »
1435 3160 1592 3187 conveniens
1612 3161 1667 3186 sive
1686 3170 1739 3187 non
1758 3162 1924 3187 conveniens.
1953 3161 1986 3186 Et
2004 3162 2150 3187 secundum
2169 3162 2219 3187 hoc
2239 3156 2407 3204 diciturpan‘
2425 3159 2479 3187 non

1404 3203 1418 3220 »
1434 3197 1522 3222 solum
1540 3197 1586 3229 qui
1605 3201 1733 3230 aegrotat,
1753 3198 1799 3223 sed
1819 3197 1896 3223 etiam
1915 3197 1960 3230 qui
1980 3202 2100 3229 sanatur;
2119 3205 2173 3222 non
2191 3196 2279 3223 solum
2299 3204 2345 3231 qui
2362 3196 2479 3222 tristatus·

1404 3242 1418 3256 ι
1434 3233 1481 3258 sed
1500 3231 1577 3257 etiam
1603 3233 1648 3266 qui
1673 3234 1795 3264 laetatur3
1815 3234 1856 3258 vel
1876 3241 2046 3266 quocumque
2071 3234 2151 3258 modo
2176 3233 2270 3266 aliquis
2295 3233 2419 3258 alteretur
2435 3232 2477 3257 vel

1404 3277 1418 3292 s
1434 3268 1704 3294 moveatur.—Tertio
1724 3269 1815 3294 dicitur
1829 3269 1923 3301 aliquis
1943 3269 1994 3302 pati
2012 3269 2188 3294 communiter
2206 3276 2236 3293 ex
2254 3269 2304 3294 hoc
2319 3268 2386 3299 solo,
2405 3267 2478 3301 quod

1404 3315 1418 3329 »
1434 3304 1459 3329 id
1479 3304 1550 3337 quod
1570 3309 1610 3329 est
1629 3305 1654 3330 in
1674 3304 1788 3338 potentia
1807 3305 1839 3329 ad
1859 3305 1965 3338 aliquid,
1985 3305 2074 3338 recipit
2092 3304 2156 3330 illud
2175 3304 2207 3329 ad
2227 3304 2298 3337 quod
2317 3308 2372 3329 erat
2389 3303 2415 3328 in
2429 3310 2477 3336 po·

1405 3351 1417 3364 »
1433 3340 1520 3371 tentia,
1540 3339 1641 3373 absque
1659 3339 1709 3365 hoc
1728 3340 1800 3373 quod
1818 3340 1916 3374 aliquid
1931 3339 2070 3366 abiiciamr.
2091 3339 2240 3365 Secundum
2259 3345 2339 3373 quem
2358 3338 2476 3369 modum,

1404 3386 1418 3401 2
1434 3383 1513 3402 omne
1532 3375 1604 3411 quod
1623 3375 1674 3401 exit
1698 3376 1730 3401 de
1754 3375 1869 3410 potentia
1886 3375 1913 3401 in
1932 3381 2018 3401 actum
2043 3379 2131 3410 potest
2149 3375 2197 3401 dici
2218 3374 2293 3408 pati,
2313 3373 2390 3399 etiem
2415 3379 2476 3398 cum

1404 3423 1416 3437 »
1433 3411 1572 3446 perficitur.
1592 3411 1626 3436 Et
1644 3411 1681 3436 sic
1699 3411 1843 3444 intelligere
1856 3415 1977 3437 nostrum
1996 3416 2038 3437 est
2047 3411 2117 3444 pati.
2129 3419 2143 3435 s
2153 3425 2174 3430 -
2183 3410 2250 3436 Nota
2264 3409 2341 3435 etiam
2355 3407 2476 3442 pulcher-

1401 3449 1480 3474 rimas
1500 3448 1612 3473 rationes
1632 3446 1679 3472 cui
1692 3447 1854 3478 Aristoteles,
1868 3447 1937 3472 iuxta
1956 3454 1978 3472 s.
1987 3445 2107 3473 'rhomae
2125 3445 2370 3480 interpretationem,
2389 3447 2476 3469 utatur

1401 3484 1442 3509 hic
1462 3483 1548 3516 potius
1568 3483 1674 3508 nomine
1688 3483 1844 3516 passionum
1864 3490 1944 3516 quam
1959 3481 2147 3511 intellectuum,
2162 3480 2269 3507 nomine
2283 3485 2378 3512 nempe
2396 3485 2475 3511 gene-

1401 3519 1456 3545 rico
1475 3519 1563 3552 potius
1582 3525 1662 3553 quam
1682 3517 1802 3551 specifico
1822 3517 1872 3553 (Cf.
1886 3518 1944 3544 lect.
1959 3525 1978 3543 u
1997 3517 2038 3544 cit.
2054 3518 2080 3543 in
2095 3520 2185 3549 marga,
2200 3515 2227 3541 in
2241 3515 2251 3541 1
2266 3515 2309 3540 De
2326 3512 2438 3548 anima).

1456 3555 1507 3580 Sed
1525 3554 1582 3580 heic
1602 3561 1707 3588 quoque
1726 3553 1836 3579 novitios
1856 3553 1974 3579 ducimus
2011 3551 2199 3578 raemonendos
2217 3555 2246 3576 ut
2264 3554 2370 3576 caveant
2384 3556 2398 3590 a
2413 3557 2474 3590 con-

1402 3590 1504 3616 fusione
1527 3590 1552 3615 in
1576 3596 1655 3623 quam
1679 3588 1800 3614 novimus
1823 3588 1943 3614 homines
2001 3595 2044 3613 am
2069 3587 2158 3612 doctos
2182 3585 2262 3611 nostri
2286 3590 2411 3618 temporis
2435 3592 2474 3609 m·

2514 330 2523 338 '
2533 335 2547 350 a
2554 328 2630 350 omitt.
2639 331 2726 351 antem.

2514 539 2523 548 “
2533 538 2590 566 Cap.
2599 545 2614 560 v
2627 539 2671 565 (al.
2683 542 2730 568 iv),

2512 571 2535 586 n.
2542 571 2562 586 2.
2572 577 2581 581 -
2593 565 2727 589 Commeat.

2512 599 2531 613 s.
2542 591 2587 613 Th.
2603 592 2654 614 lect.
2670 599 2692 614 v.

2517 698 2526 707 ·
2536 703 2563 719 a:
2574 697 2676 719 aliorum
2685 698 2730 719 hu-

2512 723 2617 745 iusmodi
2644 724 2729 746 simiti-

2511 751 2729 772 namet-:muman

2511 777 2632 798 similium.

2512 804 2520 812 ·
2532 803 2589 831 cap.
2601 809 2622 830 1,
2636 809 2659 825 n.
2671 809 2704 825 ιο.
2716 814 2728 820 -

2510 829 2648 877 1(Σοιιιῐιιιειιῐ.
2659 829 2726 852 sfrh.

2519 860 2562 878 eet.
2573 863 2588 878 t.

2512 971 2588 992 'asca
2613 970 2726 993 omittunt

2511 997 2644 1019 immediate
2654 1005 2664 1024 ,·
2684 997 2726 1020 sed

2511 1029 2558 1045 non
2575 1024 2643 1046 bene.

2510 1179 2519 1188 ·
2528 1183 2549 1200 c:
2558 1177 2704 1200 abstractam
2711 1184 2727 1200 a

2510 1204 2683 1233 singularibus.

2510 1292 2680 1341 baffia*
2695 1295 2722 1315 '¹⁸

2511 1345 2520 1354 ¹
2530 1351 2559 1367 lt:
2573 1345 2604 1366 ab
2623 1345 2726 1368 homine.

2511 1398 2558 1419 -n
2578 1398 2727 1426 quianon-0.

2552 1458 2557 1472 :
2585 1450 2729 1473 musali-

2511 1478 2555 1504 ter,
2571 1476 2612 1500 sed
2623 1483 2727 1500 monee.

2528 1728 2642 1745 neum:
2656 1723 2727 1746 inum-

2511 1749 2663 1799 aaa...

2511 1847 2521 1856 ·
2531 1846 2590 1875 Cap.
2601 1852 2623 1874 ι,
2639 1853 2662 1869 n.
2674 1853 2726 1869 ιο.-

2510 1873 2644 1922 ssgtmixent.
2653 1880 2673 1896 ι.
2678 1873 2726 1896 Th.
