2548 4192
907 302 962 339 IN
992 303 1030 340 S.
1051 303 1293 361 THOMAM
1320 303 1643 350 AQUINATEM

548 373 761 419 CA'P'UT
798 382 889 419 XV.

180 458 238 484 Alia
249 459 432 493 Areopagitica
446 459 594 484 testimonia
612 459 665 484 duo
684 467 715 484 ex
730 460 823 485 eodem
843 461 909 485 libro
928 461 960 486 de
978 460 1077 485 Divinis
1097 460 1253 485 Nominibus

254 495 362 520 obiecta.
381 494 506 519 Naturam
525 494 620 519 diserte
639 494 774 527 distinguit
792 503 807 520 a
821 504 934 529 persona
952 501 1056 521 auctor:
1075 496 1204 528 docetque
1218 495 1253 520 fa-

253 534 320 555 ctam
339 534 491 554 naturarum
509 529 653 554 unitionem
677 530 703 554 in
722 538 835 563 persona
854 536 879 556 et
897 531 962 556 hanc
986 539 1017 556 ex
1036 531 1137 556 duabus
1156 531 1254 556 naturis

253 565 441 598 compositam;
462 565 513 590 divi
531 564 651 590 Thomae
670 566 880 591 commentarius.

183 648 206 679 1.
227 641 387 723 Eodem
402 647 436 678 in
453 647 587 687 allegato
609 647 694 685 loco,
718 657 817 688 quem
840 647 940 688 capite
959 648 1121 688 superiore
1140 659 1254 689 expen-

291 691 407 730 dimus,
432 691 526 732 digna
545 698 651 722 censet
668 691 941 723 animadversione
964 693 1146 734 Lequienus
1161 694 1255 724 verba

182 735 339 767 nonnulla
367 736 426 766 sub
455 735 620 766 Hierothei
651 735 782 766 nomine
810 736 950 776 prolata:
980 747 1114 778 nempe,
1146 738 1254 768 Causa

170 781 345 817 omnium,
371 785 402 810 et
423 789 507 820 quae
529 781 637 810 omnia
661 780 789 820 implet,
815 785 861 811 est
886 780 961 811 Iesu
985 782 1156 819 divinitas,
1189 781 1253 814 τοῦ

176 823 293 861 Ἰησοῦ
314 820 452 862 Θεότης,
478 834 561 864 quae
575 834 675 865 usque
697 824 742 854 ad
765 830 907 855 nostram
932 831 1084 856 naturam
1100 836 1135 857 se
1156 827 1254 857 demi-

181 871 223 901 sit
238 874 269 900 et
284 877 359 900 vere
373 869 587 899 substantiata
601 874 658 906 est,
675 866 809 905 άληθῶς
831 867 986 906 οὗσιώθη.
1003 870 1066 901 Ubi
1089 884 1103 898 ι
1117 870 1254 901 Severia-

184 926 200 941 ι
223 923 341 944 norum
357 922 446 943 more
461 911 589 953 (inquit
604 913 788 953 Lequienus
801 913 900 955 n.15)
921 921 1031 944 contra
1051 924 1149 955 quam
1174 915 1254 945 inter

184 970 200 986 ι
223 957 424 996 Catholicos,
447 963 522 997 post
545 957 713 998 Synodum
736 958 919 997 praesertim
942 958 1253 997 Calchedonensem,

185 1014 200 1030 »
223 1008 328 1032 ratum
344 1000 507 1042 fixumque
523 1008 598 1040 erat,
614 1002 775 1032 Deitatem
795 1011 851 1032 seu
872 1008 1019 1032 naturam
1041 1002 1181 1032 divinam
1204 1003 1254 1033 hic

185 1059 199 1074 ι
222 1046 355 1076 minime
371 1045 504 1076 secernit
518 1045 571 1075 ille
589 1045 628 1075 ab
644 1045 819 1085 hypostasi,
836 1052 872 1076 ut
887 1055 958 1075 eam
974 1056 1041 1076 esse
1062 1046 1255 1077 incarnatam

184 1102 199 1118 ›
223 1096 356 1121 censeats
369 1101 384 1116 »
412 1087 519 1126 Quem
535 1089 773 1130 Eutychianum
789 1099 919 1119 sensum
935 1089 1114 1120 confirmari
1129 1090 1172 1120 ait
1186 1090 1254 1120 aliis

181 1134 304 1172 verbis,
334 1142 416 1174 quae
445 1133 559 1163 eodem
586 1132 620 1162 in
647 1132 730 1163 libro
761 1133 799 1162 de
830 1133 953 1163 Divinis
982 1134 1176 1164 Nominibus
1204 1144 1254 1164 ca-

180 1177 246 1218 pite
266 1187 293 1215 1,
322 1177 350 1218 §.
371 1186 394 1216 4
417 1176 590 1207 habentur:
613 1177 744 1214 Deitas,
771 1173 909 1215 θεότης,
933 1178 1197 1208 humanissimam
1220 1188 1256 1209 se

176 1221 339 1262 praebuit,
364 1221 440 1261 quia
463 1221 582 1251 nostris
604 1221 780 1251 secundum
803 1222 968 1252 veritatem
991 1223 1118 1262 integre
1138 1223 1170 1252 in
1188 1232 1254 1252 una

181 1275 317 1297 suarum
341 1266 561 1306 hypostasium
586 1266 843 1303 communicavit,
867 1265 912 1296 ad
933 1267 1069 1306 seipsam
1094 1265 1253 1306 referens,

181 1310 304 1351 sibique
317 1309 485 1341 vindicans
495 1309 672 1339 humanam
689 1309 853 1347 uilitatem,
865 1319 908 1340 ex
916 1319 980 1350 qua
996 1309 1152 1350 ineffabili
1162 1311 1255 1341 modo

204 1355 211 1362 ⁶
329 1353 425 1384 {esus
443 1354 635 1394 compositus
648 1358 696 1384 est
709 1360 767 1384 etc.
791 1367 806 1382 «
819 1351 891 1384 Hoc
907 1354 940 1384 in
955 1354 1029 1385 loco
1046 1352 1164 1395 (verba
1179 1360 1256 1385 sunt

184 1410 199 1426 »
221 1399 378 1439 Lequieni
387 1397 450 1440 ib.)
460 1397 691 1428 humanitatem
705 1397 749 1428 sic
763 1408 782 1428 a
791 1397 914 1429 Deitate
924 1405 1122 1439 assumptam
1138 1405 1253 1438 censet,

183 1455 199 1471 »
221 1449 258 1474 ut
272 1443 407 1484 ipsamet
430 1441 535 1472 divina
554 1448 665 1472 natura
680 1442 810 1482 propria
825 1442 883 1472 sibi
903 1441 1019 1481 fecerit,
1043 1453 1126 1484 quae
1141 1443 1253 1474 huma-

183 1500 199 1516 »
220 1483 326 1518 nitatis
342 1493 438 1525 suntf
452 1496 487 1516 ac
503 1495 570 1516 non
593 1486 701 1517 solum
724 1486 830 1517 divina
845 1487 941 1517 Verbi
966 1494 1116 1527 persona;
1141 1494 1187 1526 ut,
1207 1487 1253 1518 in-

183 1545 200 1561 »
222 1541 332 1573 quam,
342 1540 408 1562 non
422 1530 523 1561 modo
539 1530 663 1560 divinae
679 1540 832 1571 personae
848 1531 954 1569 Verbi,
966 1532 1143 1562 secundum
1161 1542 1253 1562 accu-

182 1587 199 1604 s
221 1582 302 1607 ratas
325 1582 456 1606 mutuae
480 1574 779 1605 communicationis
795 1575 1026 1616 proprietatum
1041 1576 1175 1616 regulas,
1192 1576 1252 1607 hu-

182 1624 204 1649 ι’
220 1620 380 1651 manitatis
403 1619 494 1650 dotes
517 1618 681 1657 adscribat,
700 1629 812 1650 verum
831 1626 862 1650 et
879 1619 1007 1660 ipsimet
1024 1620 1150 1651 Deitati.
1175 1621 1252 1658 Quo

182 1677 198 1693 2
221 1665 307 1702 dato,
331 1663 438 1695 Deitas
460 1663 529 1703 ipsa
547 1663 586 1693 de
602 1663 731 1703 Virgine
754 1670 838 1702 nata,
861 1674 953 1704 passa
970 1671 1001 1695 et
1016 1664 1161 1695 crucifixa
1177 1665 1251 1703 erit;

183 1721 199 1737 ›
220 1709 345 1750 aliaque
368 1714 515 1748 portenta
537 1707 670 1747 impune
693 1707 918 1748 proferrentur,
941 1718 1024 1749 quae
1046 1709 1251 1750 Eutychianis

182 1765 198 1780 ι
221 1759 252 1784 et
275 1751 449 1784 Severianis
473 1751 714 1782 familiarissima
737 1750 841 1791 fuere,
865 1762 940 1783 cum
963 1759 1109 1783 naturam
1132 1753 1171 1783 ab
1194 1753 1250 1794 hy-

183 1803 205 1825 »⁴
221 1796 341 1838 postasi
356 1806 423 1827 non
440 1795 677 1836 distinguerent,
699 1796 754 1827 ubi
778 1796 817 1826 de
837 1796 897 1827 Dei
917 1797 1013 1828 Verbi
1034 1797 1251 1828 incarnatione

183 1853 199 1869 2
221 1841 433 1882 disputabant.
447 1851 462 1867 ι

249 1885 286 1916 11.
310 1886 354 1915 At
376 1884 674 1924 Areopagiticorum
698 1891 818 1922 auctor,
842 1894 997 1924 reponam
1021 1895 1092 1925 ego,
1116 1885 1141 1915 si
1161 1892 1251 1916 natu-

180 1938 249 1960 ram
265 1928 508 1960 Severianorum
523 1937 614 1959 more
634 1938 700 1958 non
720 1928 932 1969 distinguebat
954 1929 992 1959 ab
1012 1929 1175 1970 hypostasi
1197 1940 1253 1961 cur

181 1973 210 2004 ei
233 1973 306 2004 satis
330 1973 431 2004 dicere
454 1982 522 2003 non
545 1972 625 2011 fuit,
648 1973 808 2003 Deitatem
833 1974 952 2004 nostris
975 1983 1050 2005 vere
1072 1979 1103 2004 et
1125 1975 1253 2016 integre

181 2017 492 2049 communicavisse?
514 2016 582 2048 Cur
604 2017 758 2047 addiderit
780 2017 861 2048 hanc
884 2017 1016 2049 Deitatis
1042 2028 1117 2049 cum
1137 2019 1252 2049 nostris

181 2061 361 2093 unitionem
375 2061 490 2091 factam
505 2071 572 2091 esse
588 2062 621 2091 in
638 2071 704 2092 una
719 2071 854 2092 suarum
877 2062 1099 2102 hypostasium
1110 2086 1119 2100 ,
1137 2061 1170 2093 ὲν
1189 2062 1252 2106 μιᾷ

181 2105 249 2138 τῶν
267 2103 377 2142 αὐτῆς
396 2103 638 2137 ononi-otum?
652 2106 768 2136 Nonne
783 2115 872 2144 vero,
888 2106 944 2147 qui
963 2106 995 2136 in
1012 2107 1135 2138 Deitate
1150 2108 1254 2148 hypo-

180 2154 283 2182 stases
305 2149 468 2190 cognoscit
490 2160 526 2180 ac
545 2149 745 2190 pronunciat,
770 2150 896 2180 easdem
920 2150 1034 2182 fatetur
1055 2151 1215 2183 distinctas
1234 2163 1253 2183 a

181 2195 315 2233 Deitate,
332 2203 414 2235 quae
430 2204 494 2224 una
510 2192 577 2225 est?
599 2194 694 2225 Addo
710 2204 823 2225 vocem
846 2191 966 2231 θεότης
991 2205 1030 2226 eo
1046 2196 1080 2226 in
1095 2196 1169 2226 loco
1185 2206 1252 2227 non

180 2238 299 2278 haberi,
324 2238 379 2269 sed
401 2235 574 2282 θεαρχίας.
607 2239 699 2269 Hanc
723 2246 819 2279 porro
842 2249 1026 2280 supremam
1052 2240 1251 2272 divinitatem

181 2282 401 2314 animadvertit
437 2283 556 2313 ibidem
592 2283 890 2323 Areopagiticorum
932 2290 1044 2315 auctor
1080 2284 1252 2315 collaudari

180 2327 297 2368 primo,
322 2332 359 2357 ut
380 2327 548 2358 monadem
572 2327 698 2368 quidem
722 2337 762 2358 ac
783 2329 954 2366 unitatem,
979 2327 1024 2365 ὠς
1040 2322 1175 2371 μονάδα
1191 2327 1252 2372 μὲν

179 2371 239 2402 καὶ
265 2364 392 2410 ἑνοίδα;
424 2371 557 2410 deinde,
587 2377 623 2402 ut
650 2372 850 2411 Trinitatem,
874 2371 918 2409 ὠς
943 2366 1091 2416 τριάδα,
1118 2379 1254 2414 propter

179 2416 458 2456 superessentialis
471 2415 708 2456 foecunditatis
730 2418 763 2447 in
788 2416 890 2447 tribus
906 2419 1067 2457 personis,
1093 2415 1252 2460 τρισυπό-

182 2469 332 2498 ovam-ov,
356 2459 666 2500 manifestationem:
685 2467 716 2490 et
730 2460 811 2491 hanc
835 2461 972 2502 denique
999 2471 1034 2492 se
1064 2463 1153 2492 nobis
1177 2472 1253 2493 vere

181 2510 212 2536 et
236 2505 363 2545 integre
392 2505 424 2534 in
450 2513 516 2534 una
544 2513 679 2534 suarum
707 2505 928 2545 hypostasium
959 2507 1251 2537 communicavisse.

181 2548 270 2586 Quid
292 2558 368 2578 vero
391 2557 459 2578 non
478 2547 670 2578 catholicum
693 2549 725 2579 in
742 2548 790 2578 his
805 2549 908 2579 verbis
927 2550 1112 2589 reprehendi
1128 2548 1253 2590 potest?

181 2593 357 2630 Quodnam
381 2591 475 2623 fuerit
496 2592 682 2630 verbulum,
707 2603 774 2633 quo
796 2593 979 2624 indicaverit
1001 2601 1112 2625 auctor
1138 2595 1252 2625 huma-

180 2637 286 2668 nitatis
310 2637 400 2667 dotes
423 2636 483 2676 ipsi
507 2642 637 2667 naturae
661 2636 784 2667 divinae
808 2637 939 2668 adscribi
964 2638 1096 2677 debere,
1126 2646 1163 2669 ut
1185 2649 1252 2669 non

181 2681 288 2712 solum
311 2680 411 2711 Filius
434 2680 493 2711 Dei
517 2680 639 2711 dicatur
661 2688 754 2712 natus
777 2691 815 2712 ex
837 2681 976 2721 Virgine,
1001 2693 1128 2723 passus,
1154 2683 1252 2714 cruci-

179 2724 278 2764 fixus3
302 2725 357 2756 sed
379 2725 447 2765 ipsa
470 2724 578 2755 Deitas
601 2731 657 2756 aut
679 2732 791 2756 natura
813 2726 919 2756 divina
942 2726 1002 2757 dici
1026 2733 1099 2757 nata
1123 2737 1160 2758 ex
1182 2728 1251 2758 Vir-

179 2769 269 2809 gine,
293 2779 402 2810 passa,
427 2768 573 2800 crucifixa
596 2767 729 2800 debeat?
753 2770 822 2800 lmo
848 2770 986 2810 pulchre
1014 2771 1084 2802 heic
1113 2773 1253 2812 explicat

180 2812 380 2856 (Scholiastis
396 2813 498 2844 verbis
514 2811 605 2856 utor)
624 2815 814 2855 mysterium
831 2814 1082 2854 Incarnationis,
1099 2818 1251 2857 quoniam

180 2862 247 2889 una
265 2867 409 2898 persona
430 2858 597 2888 Trinitatis
614 2868 715 2898 passa
739 2864 795 2889 est.
820 2859 907 2889 Nota
931 2869 1017 2897 vero,
1043 2870 1141 2891 unam
1162 2862 1250 2891 illam

174 2911 350 2942 personam
376 2902 537 2933 nobiscum
562 2903 689 2944 integre
714 2904 1007 2934 communicasse...
1028 2904 1127 2935 Recte
1149 2906 1253 2946 igitur

181 2945 317 2976 dicimus
346 2955 445 2976 unam
470 2956 645 2986 personam
675 2948 896 2978 sanctissimae
930 2948 1098 2979 Trinitatis
1124 2950 1251 2990 crucifi-

181 2999 259 3020 xam
283 2998 371 3020 esse:
393 2990 478 3030 quod
500 2997 547 3022 est
570 2996 682 3022 contra
701 2992 913 3022 Nestorianos
934 2997 965 3022 et
981 2993 1170 3033 Acephalos,
1195 3004 1250 3024 seu

181 3033 408 3074 Eutychianos.

248 3077 323 3107 Non
347 3077 445 3107 aliurn
463 3088 593 3109 sensum
616 3071 838 3121 efferunt,'qui
862 3080 1027 3111 haereseos
1043 3086 1119 3111 nota
1136 3081 1251 3122 configi
1270 3105 1272 3107 »

182 3121 304 3159 debeat,
319 3121 414 3151 verba
429 3122 534 3161 primo
549 3123 622 3153 loco
638 3123 775 3154 obiecta:
797 3124 851 3154 ubi
868 3125 1144 3165 quemadmodum
1159 3126 1252 3156 docet

182 3165 234 3196 ille
255 3166 416 3195 Deitatem
437 3165 512 3196 Iesu
537 3166 580 3196 ad
603 3173 744 3198 nostram
769 3177 869 3209 usque
893 3174 1044 3199 naturam
1061 3171 1195 3208 venisse,
1212 3180 1252 3200 ac

182 3219 258 3241 vere
272 3209 517 3240 substantiatum
535 3217 622 3248 esse;
644 3210 687 3241 ita
710 3211 806 3242 simul
829 3212 924 3243 etiam
947 3213 1059 3243 diserte
1078 3214 1192 3244 adserit
1207 3214 1250 3244 fa-

183 3260 281 3292 ctum,
306 3254 564 3294 appellatumque
582 3263 650 3285 esse
667 3256 837 3293 hominem,
856 3258 913 3297 qui
926 3266 1071 3287 summus
1085 3258 1176 3288 Deus
1191 3263 1247 3288 est.

182 3298 271 3328 Paria
287 3304 361 3328 sunt
376 3307 458 3338 quae
474 3298 513 3328 ab
530 3298 644 3328 eodem
666 3299 778 3330 tradita
800 3300 935 3340 legimus
959 3301 1060 3340 capite
1075 3312 1108 3331 m
1127 3302 1166 3332 de
1181 3303 1251 3342 My-

183 3342 259 3373 stica
275 3341 470 3381 Theologia:
494 3341 602 3372 Iesum
617 3344 955 3383 supersubstantialem
973 3343 1148 3386 (quatenus
1164 3346 1251 3375 Deus

183 3384 249 3429 est)
279 3387 441 3416 humanae
469 3391 607 3416 naturae
636 3388 822 3418 veritatibus
850 3388 1097 3418 substantiatum
1119 3388 1249 3429 fuisse,

182 3430 263 3461 idest
277 3440 384 3460 veram
401 3427 614 3470 adsumpsisse
637 3437 783 3461 naturam
805 3431 988 3462 humanam.
1014 3432 1139 3468 Quibus
1155 3433 1188 3462 in
1204 3433 1251 3462 lo-

184 3474 228 3505 cis
249 3475 341 3505 Deus
364 3481 395 3504 et
417 3473 525 3511 Iesus,
550 3474 605 3515 qui
630 3474 730 3505 factus
754 3481 785 3505 et
806 3476 987 3515 appellatus
1002 3476 1095 3506 homo
1119 3476 1249 3514 dicitur,

183 3524 278 3559 atque
301 3519 543 3555 substantiatus,
569 3518 708 3548 divinam
731 3519 943 3559 proculdubio
966 3529 1136 3559 personam
1157 3520 1251 3559 signi-

182 3561 274 3602 ficat,
303 3563 336 3592 in
359 3573 423 3603 qua
446 3569 630 3593 naturarum
653 3563 831 3593 unitionem
855 3562 969 3593 factam
993 3573 1059 3593 esse
1083 3563 1249 3594 credimus.

184 3606 258 3637 Illae
287 3617 362 3637 vero
395 3608 557 3638 humanae
586 3612 725 3637 naturae
755 3609 925 3645 veritates,
960 3605 1251 3651 ἀνθρωποφυϊκαΐς

185 3648 372 3691 ἀληθείαις,
397 3661 505 3682 nonne
527 3651 681 3692 integram
705 3651 879 3691 significant
901 3658 1048 3682 naturam
1065 3652 1251 3692 humanam,

2303 315 2373 340 CLV

1308 393 1390 423 quae
1413 393 1469 423 per
1492 382 1744 414 Incarnationem
1762 391 1866 423 neque
1881 391 1956 413 suae
1971 382 2161 412 conditionis
2177 389 2275 413 metas
2289 389 2375 414 tran-

1308 427 1433 466 silierit,
1458 437 1561 468 neque
1585 427 1728 468 proprias
1751 426 1890 457 amiserit
1912 426 2074 457 facultates
2098 433 2128 457 et
2153 425 2375 466 operationes?

1309 471 1384 508 Quo
1408 478 1489 502 certe
1513 471 1591 501 nihil
1621 471 1722 512 magis
1750 470 1951 512 Eutychiano
1981 477 2165 502 commento
2195 471 2373 502 adversum.

1308 515 1478 546 Caeterum
1494 515 1632 556 denique
1646 515 1811 546 scitissime
1830 515 1992 547 adnotavit
2010 515 2155 546 Petavius
2177 514 2258 545 libro
2274 516 2317 546 IV
2336 515 2376 545 de

1309 559 1536 597 lncarnatione,
1552 560 1652 600 capite
1670 570 1735 598 vm,
1750 570 1839 590 num.
1851 566 1883 599 4:
1903 560 2096 600 Plerumque
2109 559 2223 590 Patres
2237 564 2376 597 naturae

1308 603 1436 634 divinae
1459 604 1610 642 tribuere,
1635 604 1719 645 quod
1742 614 1806 635 non
1830 605 1860 634 ei
1882 605 2069 645 simpliciter
2091 613 2131 634 ac
2148 603 2322 634 secundum
2342 613 2377 635 se

1308 649 1472 685 convenit,
1502 648 1560 678 sed
1582 654 1801 689 eatenusqua
1825 653 1872 679 est
1894 648 2085 689 hypostasis.
2113 648 2267 688 Exempla
2290 647 2377 679 affert

1308 691 1399 732 plura
1414 692 1532 722 ibidem
1556 699 1587 723 et
1609 692 1690 723 libro
1706 693 1746 731 V,
1771 692 1871 733 capite
1889 703 1916 731 1,
1940 703 2030 723 num.
2047 702 2078 732 4.
2104 692 2205 723 Cuius
2225 692 2269 722 rei
2291 702 2376 733 egre-

1308 736 1393 776 giam
1416 736 1507 767 divus
1526 737 1681 775 Thomas,
1705 736 1763 767 hac
1787 737 1898 767 eadem
1921 738 1960 767 de
1983 747 2015 767 re
2031 736 2197 774 disserens,
2221 737 2377 767 rationem

1308 779 1395 811 affert
1410 780 1443 810 in
1459 780 1626 821 Opusculo
1638 781 1649 810 Ι
1665 787 1773 811 contra
1787 781 1916 811 Errores
1931 791 2109 821 grecorum,
2121 780 2221 821 capite
2231 788 2277 812 tv:
2287 782 2378 812 Licet

1308 824 1440 862 modus,
1473 825 1639 865 inquienS,
1669 825 1877 866 significandi
1901 825 2048 856 diversus
2069 826 2130 863 sit,
2163 835 2234 856 cum
2258 826 2378 856 dicitur

1307 869 1399 899 Deus
1426 874 1457 899 et
1478 869 1611 906 Deitas,
1645 874 1751 899 tamen
1777 878 1829 899 res
1859 874 1906 899 est
1934 870 2044 900 eadem
2070 870 2223 909 penitus;
2253 875 2284 900 et
2306 870 2377 901 ideo

1302 918 1440 952 propter
1462 914 1510 943 rei
1533 913 1728 943 identitatem
1751 914 1836 943 sicut
1854 923 1953 943 unum
1973 913 2013 943 de
2030 914 2133 944 altero
2150 914 2374 954 praedicatur,

1309 962 1345 987 ut
1367 966 1439 987 cum
1463 957 1592 994 dicitur,
1617 957 1708 987 Deus
1731 962 1778 987 est
1799 957 1923 994 Deitas,
1949 958 2000 988 vel
2015 967 2159 997 persona
2178 958 2286 988 divina
2309 959 2378 989 sive

1308 1001 1406 1031 Pater
1421 1006 1468 1031 est
1483 1001 1594 1031 divina
1610 1001 1769 1038 essentia,-
1792 1001 1836 1031 ita
1860 1007 1891 1031 et
1913 1011 1933 1031 a
1948 1001 2076 1032 Sanctis
2098 1002 2258 1032 interdum
2276 1012 2375 1033 unum

1303 1054 1367 1085 pro
1383 1045 1448 1074 alio
1458 1045 1596 1084 ponitur
1611 1050 1642 1075 ει
1655 1046 1703 1075 sic
1718 1044 1838 1075 dicitur
1852 1045 1937 1085 quod
1952 1047 2088 1076 essentia
2104 1046 2213 1076 divina
2227 1052 2375 1087 generat,

1308 1090 1384 1129 quia
1408 1089 1523 1125 Pater,
1548 1089 1604 1128 qui
1626 1094 1674 1119 est
1696 1089 1832 1119 essentia
1856 1089 1983 1127 divina,
2008 1095 2145 1130 generat
2151 1097 2165 1127 ;
2188 1095 2218 1120 et
2241 1092 2378 1122 essentia

1309 1138 1356 1163 est
1378 1132 1418 1162 de
1441 1134 1589 1169 essentia,
1614 1133 1690 1172 quia
1713 1133 1817 1163 Filius
1839 1134 1895 1173 qui
1918 1139 1965 1164 est
1987 1135 2135 1171 essentia,
2160 1139 2206 1164 est
2226 1135 2266 1165 de
2281 1136 2378 1166 Patre

1308 1177 1364 1217 qui
1387 1181 1433 1206 est
1456 1176 1566 1206 eadem
1597 1178 1734 1207 essentia
1758 1177 1877 1207 divina.
1908 1177 2006 1214 Quod
2029 1177 2161 1217 impune
2191 1179 2250 1209 dici
2274 1179 2379 1219 potuit

1309 1221 1348 1250 ab
1372 1220 1440 1250 aliis
1464 1220 1579 1250 sanctis
1602 1220 1763 1259 Patribus,
1788 1230 1844 1251 cur
1866 1221 1963 1251 veluti
1987 1221 2178 1252 haereticum
2202 1229 2233 1253 et
2255 1224 2378 1254 medul-

1307 1260 1383 1295 litus
1399 1264 1695 1305 monophysiticum
1719 1264 1803 1295 reiici
1827 1265 1961 1295 omnino
1986 1266 2096 1296 debeat
2115 1266 2147 1296 in
2163 1267 2264 1297 verbis
2280 1269 2378 1298 Areo-

1309 1308 1521 1349 pagiticorum
1545 1306 1704 1339 auctoris?

1376 1353 1463 1390 Quid
1487 1359 1534 1383 est
1555 1363 1642 1391 vero,
1667 1353 1756 1394 quod
1780 1363 1816 1384 ea
1838 1354 1950 1392 verba,
1974 1353 2118 1394 Simplex
2139 1354 2231 1385 Iesus
2255 1365 2378 1396 compo-

1308 1398 1399 1434 situs,
1418 1397 1601 1438 Lequienus
1616 1405 1732 1438 carpat,
1749 1408 1785 1428 ac
1799 1397 1824 1427 si
1844 1398 1922 1438 quid
1937 1407 2034 1428 verae
2052 1399 2231 1439 theologiae
2250 1401 2379 1430 minime

1309 1447 1556 1472 consentaneum
1579 1442 1723 1472 sonent?
1752 1442 1823 1482 Ipsa
1845 1443 1940 1472 verba
1963 1442 2036 1472 satis
2059 1442 2233 1473 admonent
2255 1443 2378 1474 theolo-

1308 1496 1397 1526 gum,
1423 1486 1527 1516 lesum
1551 1492 1680 1516 eatenus
1704 1486 1825 1516 dictum
1847 1487 2033 1527 simplicem,
2059 1497 2122 1527 qua
2142 1487 2242 1517 Filius
2258 1488 2317 1518 Dei
2333 1495 2380 1519 est

1308 1530 1480 1561 subsistens
1501 1530 1534 1560 in
1554 1537 1665 1561 natura
1688 1530 1811 1569 divina;
1835 1532 2104 1571 compositumque
2122 1537 2291 1571 praeterea,
2315 1542 2379 1573 qua

1308 1574 1448 1605 subsistit
1470 1574 1564 1605 etiam
1586 1574 1619 1605 in
1640 1575 1809 1615 adsumpta
1832 1582 1943 1606 natura
1966 1575 2116 1606 humana.
2142 1575 2224 1605 Illud
2245 1586 2304 1616 ego
2327 1586 2379 1607 ex-

1308 1619 1513 1659 pendendum
1536 1619 1569 1649 in
1592 1618 1630 1649 iis
1653 1619 1754 1649 verbis
1777 1629 1943 1660 propono,
1968 1620 2057 1660 quod
2080 1619 2285 1660 Eutychianis
2308 1630 2376 1651 ma·-

1306 1663 1390 1693 xime
1413 1663 1611 1693 adversatur:
1641 1670 1711 1694 tum
1734 1663 1839 1704 primo
1863 1664 2079 1704 compositum
2107 1663 2168 1694 dici
2192 1664 2315 1704 Iesum,
2339 1675 2376 1696 ex

1307 1707 1431 1737 duabus
1454 1707 1571 1738 scilicet
1594 1707 1729 1738 naturis:
1759 1714 1829 1738 tum
1858 1708 1953 1738 etiam
1981 1707 2198 1748 compositum
2226 1709 2376 1749 appellari

1307 1761 1350 1782 ex
1370 1751 1514 1781 humana
1538 1752 1659 1782 uilitate
1680 1775 1691 1789 ,
1715 1752 1904 1790 humilitate,
1929 1754 2140 1791 extremitate,
2167 1750 2376 1796 ἀνθρωπίνην

1307 1794 1475 1840 ἑσχατιοίν
1505 1793 1540 1835 ἒξ
1570 1793 1610 1832 ’ἧς
1639 1802 1697 1827 etc.
1729 1806 1811 1837 quae
1840 1797 1934 1827 verba
1965 1797 2129 1838 perspicue
2159 1798 2377 1829 demonstrant

1307 1841 1482 1871 humanam
1514 1847 1660 1871 naturam
1688 1851 1745 1881 per
1773 1841 2023 1872 Incarnationem
2055 1851 2121 1872 non
2150 1842 2376 1873 transcendisse

1307 1891 1407 1915 metas
1430 1884 1479 1915 sui
1502 1885 1640 1925 generis:
1665 1892 1760 1926 atque
1776 1885 1907 1916 demum
1931 1886 1964 1916 in
1987 1886 2045 1916 hac
2061 1886 2294 1926 compositione
2309 1897 2375 1917 ser-

1307 1935 1400 1960 vatas
1418 1938 1487 1960 esse
1503 1930 1721 1969 proprietates
1743 1931 1890 1970 integras
1915 1935 1946 1960 et
1963 1930 2171 1971 inconfusas,
2196 1929 2287 1973 μετὰ
2310 1930 2373 1967 τῆς

1308 1970 1527 2016 ἀμεταβόλου
1550 1973 1609 2005 καὶ
1635 1971 1830 2019 ἀσυγχύτου
1852 1973 1918 2006 τῶν
1942 1973 2069 2005 οἰκείων
2093 1967 2261 2016 ἱδρύσεως.
2289 1976 2376 2006 Haec

1307 2025 1381 2049 sunt
1404 2018 1582 2049 orthodoxa
1605 2019 1756 2058 dogmata
1778 2019 1984 2060 Eutychianis
2007 2019 2197 2050 commentis
2227 2020 2375 2059 a‘dversa,

1307 2069 1343 2093 ut
1361 2062 1456 2093 etiam
1475 2063 1597 2094 notavit
1615 2063 1819 2094 scholiastes:
1844 2064 1941 2102 Nota,
1962 2063 2118 2104 inquiens,
2142 2064 2228 2104 quod
2244 2064 2374 2103 dixerit,

1307 2108 1409 2147 ipsum
1433 2107 1608 2138 Dominum
1633 2113 1777 2139 nostrum
1802 2108 1908 2139 Iesum
1936 2108 2119 2145 Christum,
2145 2118 2216 2139 cum
2239 2110 2376 2149 simplex

1307 2152 1468 2189 existeret,
1485 2152 1600 2182 deinde
1616 2154 1834 2193 compositum,
1848 2153 2022 2183 humanam
2038 2154 2269 2183 extremitatem
2284 2153 2328 2183 ad
2340 2163 2376 2184 se

1307 2206 1506 2227 revocasse...
1525 2196 1620 2233 Quod
1633 2202 1680 2227 est
1694 2202 1806 2228 contra
1817 2197 2028 2227 Nestorianos
2038 2202 2068 2227 et
2076 2197 2262 2237 Acephalos.
2279 2197 2375 2237 Egre-

1307 2240 1392 2280 giam
1417 2240 1549 2271 subiicio
1571 2241 1633 2270 divi
1653 2241 1800 2271 Thomae
1820 2241 2122 2271 commentationem
2139 2239 2194 2281 (in
2213 2251 2281 2281 cap.
2291 2241 2320 2279 J,
2335 2241 2376 2272 de

1307 2285 1405 2315 divin.
1422 2286 1541 2315 nomin.
1557 2285 1626 2315 lect.
1638 2295 1660 2314 11
1663 2284 1702 2326 ).·
1728 2299 1742 2313 «
1755 2285 1847 2316 Iesus
1870 2285 1925 2326 qui
1949 2291 1996 2315 est
2017 2285 2212 2316 ineffabiliter
2239 2286 2376 2326 simplex

1310 2341 1324 2356 1>
1347 2329 1524 2359 secundum
1543 2329 1720 2367 Deitatem,
1744 2329 1811 2369 ipse
1829 2329 1915 2359 idem
1930 2329 2093 2370 hypostasi
2117 2336 2163 2360 est
2185 2331 2376 2370 compositus

1310 2385 1323 2399 »
1347 2373 1523 2403 secundum
1542 2373 1806 2404 humanitatem...
1823 2374 1864 2404 Et
1879 2384 1918 2404 ne
1933 2373 2046 2414 aliquis
2063 2383 2205 2413 perverse
2225 2373 2375 2414 intellige-

1309 2429 1324 2443 »
1347 2424 1404 2455 ret,
1428 2417 1517 2457 quod
1539 2417 1627 2447 Deus
1651 2417 1750 2448 factus
1769 2417 1809 2448 sit
1822 2418 1923 2448 homo
1947 2418 2123 2448 secundum
2138 2418 2278 2458 aliquam
2301 2428 2375 2449 con-

1310 2472 1324 2487 »
1347 2461 1526 2491 versionem
1545 2461 1677 2492 Deitatis
1700 2461 1733 2492 in
1753 2472 1879 2492 carnem
1897 2462 1948 2492 vel
1966 2462 1999 2492 in
2018 2462 2159 2492 animam
2182 2460 2241 2503 (eo
2265 2473 2377 2503 nempe

1309 2517 1324 2532 ι
1346 2515 1454 2543 sensu,
1469 2515 1531 2546 quo
1545 2506 1798 2546 Apollinaristae
1821 2506 2009 2546 effutiebant
2026 2506 2223 2537 divinitatem
2238 2508 2377 2547 gessisse

1310 2561 1324 2575 ²
1347 2559 1466 2580 munus
1480 2551 1610 2580 animae
1624 2550 1675 2580 vel
1689 2552 1821 2588 mentis,·
1837 2561 1938 2591 quove
1950 2551 2150 2591 Eutychiani
2168 2556 2198 2581 et
2210 2552 2376 2582 Monothe-

1309 2605 1324 2619 2
1348 2594 1424 2624 litae
1431 2594 1594 2634 putabant
1615 2594 1783 2625 divinitate
1797 2596 1961 2635 suppletas
1970 2595 2080 2636 fuisse
2090 2596 2245 2635 proprias
2262 2596 2374 2626 huma-

1309 2649 1324 2664 »
1348 2639 1459 2669 nitatis
1465 2637 1647 2679 facultates
1660 2644 1691 2669 et
1709 2639 1932 2681 operationes)
1947 2639 1997 2670 vel
2012 2639 2107 2669 etiam
2131 2640 2306 2670 secundum
2321 2640 2375 2669 ali-

1310 2694 1324 2709 »
1347 2692 1446 2723 quam
1462 2683 1818 2722 commensurationem,
1836 2691 1872 2714 ut
1890 2684 1934 2714 sic
1957 2690 2038 2714 esset
2060 2693 2125 2714 una
2143 2690 2253 2714 natura
2272 2684 2330 2714 Dei
2345 2690 2376 2714 et

1309 2738 1324 2753 ›
1347 2727 1498 2765 hominis,
1507 2734 1543 2757 ut
1552 2728 1712 2768 Eutyches
1727 2727 1893 2766 confinxit;
1911 2727 2083 2767 subiungit,
2092 2737 2163 2758 cum
2180 2729 2375 2758 intransmu-

1309 2783 1324 2798 ι
1347 2771 1437 2801 tabili
1451 2777 1481 2802 et
1495 2772 1667 2813 inconfusa
1683 2773 1902 2810 collocatione,
1913 2772 1993 2802 idest
2008 2771 2099 2802 firma
2115 2772 2285 2802 salvatione
2294 2782 2374 2812 pro-

1309 2827 1323 2842 »
1341 2816 1504 2856 priorum,
1525 2815 1606 2847 idest
1628 2816 1859 2857 proprietatum
1882 2817 2047 2857 utriusque
2061 2822 2199 2846 naturae.
2213 2829 2228 2843 »
2254 2817 2374 2846 Animo

1306 2859 1444 2890 nimium
1458 2868 1691 2903 praeoccupato
1701 2861 1922 2901 Areopagitica
1936 2860 2047 2900 legisse
2062 2860 2185 2890 videtur
2201 2870 2307 2900 opera,
2319 2860 2374 2901 qui

1307 2904 1418 2934 eadem
1441 2911 1557 2935 scatere
1577 2905 1877 2946 Monophysitarum
1902 2904 2090 2935 commentis
2113 2904 2283 2935 contendit.

1654 2993 1865 3031 CAPUT
1899 2994 2024 3030 XVI.

1305 3079 1422 3112 Epistola
1441 3084 1540 3112 quarta,
1555 3087 1623 3112 quae
1641 3085 1682 3105 est
1700 3081 1731 3105 ad
1751 3081 1854 3111 Caium,
1875 3080 2028 3113 opponitur:
2048 3081 2193 3114 eademque
2211 3082 2242 3106 ad
2266 3089 2372 3107 examen

1376 3120 1491 3139 vocatur.
1511 3115 1699 3140 Grandioribus
1717 3116 1803 3141 verbis
1822 3124 1900 3140 unam
1921 3117 1995 3140 docet
2013 3121 2102 3140 auctor
2121 3122 2226 3142 naturae
2244 3117 2373 3143 humanae

1376 3150 1555 3175 exaltationem
1579 3151 1604 3174 in
1624 3150 1740 3182 Christo,
1754 3151 1863 3183 eiusque
1882 3151 2005 3183 operandi
2025 3152 2133 3176 modum
2153 3153 2229 3185 plane
2248 3153 2372 3184 divinum,

1377 3185 1535 3215 mirabilem,
1550 3186 1714 3210 ineffabilem.
1739 3187 1790 3211 Sed
1809 3187 1871 3211 haec
1890 3191 2016 3217 attamen,
2031 3188 2102 3212 salva
2121 3193 2225 3212 naturae
2244 3188 2372 3213 humanae

1376 3220 1519 3252 integritate
1543 3222 1629 3253 quoad
1654 3221 1836 3250 substantiam,
1852 3222 1975 3254 ipsasque
1993 3223 2063 3255 quod
2083 3223 2171 3248 attinet
2189 3224 2221 3248 ad
2239 3223 2372 3249 facultates

1376 3260 1402 3280 et
1419 3256 1591 3288 operationes,
1606 3257 1770 3289 intelligenda
1788 3257 1859 3281 iubet
1877 3257 1946 3282 idem
1965 3263 2061 3282 auctor.

1305 3343 1327 3374 l.
1352 3336 1528 3417 Coepto
1549 3344 1650 3383 pergit
1666 3344 1856 3385 Lequienus.
1877 3345 2170 3386 Monophysiticum
2189 3345 2284 3383 virus,
2305 3356 2371 3386 quo

1431 3394 1521 3427 putat
1543 3398 1706 3428 aspersum
1729 3389 2027 3428 Areopagiticorum
2050 3396 2227 3427 auctorem,
2253 3389 2371 3420 effundi

1304 3437 1410 3461 totum
1433 3431 1465 3461 in
1491 3431 1634 3471 Epistola
1658 3439 1768 3472 quarta
1791 3433 1831 3462 ad
1854 3432 1971 3463 Caium
1994 3433 2156 3463 contendit
2178 3433 2240 3463 ille.
2269 3446 2283 3461 ‹
2303 3433 2372 3464 Etsi

1307 3487 1322 3502 ι»
1345 3474 1508 3505 Christum
1524 3474 1644 3516 (inquit
1659 3477 1718 3506 loc.
1734 3477 1785 3506 cit.
1803 3487 1834 3507 n.
1851 3476 1906 3518 15)
1917 3487 1988 3507 vere
2004 3477 2099 3507 fuisse
2114 3477 2279 3507 hominem
2294 3488 2371 3508 con-

1306 3531 1322 3546 »
1344 3518 1463 3549 cedit...
1483 3526 1620 3549 attamen
1632 3529 1707 3549 eum
1721 3523 1815 3560 'supra
1830 3530 1927 3561 quam
1942 3521 2112 3551 hominum
2125 3521 2266 3552 conditio
2282 3522 2370 3561 ferat,

1307 3575 1321 3589 ι
1343 3562 1509 3592 hominem
1522 3563 1617 3593 fuisse
1633 3563 1748 3594 iterum
1764 3565 1856 3595 docet
1871 3565 2170 3606 Monophysitarum
2185 3573 2291 3596 more:
2308 3566 2369 3596 Su-

1307 3618 1321 3633 »
1337 3616 1403 3646 pra
1419 3607 1562 3638 homines
1582 3613 1614 3638 et
1628 3609 1801 3639 secundum
1819 3609 1972 3646 homines,
1984 3619 2026 3639 ex
2041 3610 2203 3640 hominum
2223 3610 2370 3641 substan—

1307 3663 1322 3678 »
1344 3652 1407 3689 tia,
1428 3661 1499 3682 cum
1528 3661 1629 3692 supra
1653 3653 1863 3683 substantiam
1889 3654 2055 3692 existeret,
2081 3654 2292 3686 substantiam
2317 3664 2368 3685 as-
