2788 4204
345 242 417 278 128

339 317 503 350 contrarii.
528 316 706 350 Intendens
726 327 784 360 per
800 316 863 349 hoc
888 315 1049 349 declarare
1074 315 1294 348 diversitatem
1319 326 1401 358 quae

338 374 388 398 est
411 366 495 398 inter
525 365 776 398 affirmationem
805 365 956 397 contrarii
985 371 1016 396 et
1043 364 1253 406 negationem
1281 363 1314 395 in
1338 362 1402 395 hoc

338 414 428 457 quod
451 425 546 447 verae
574 413 781 446 affirmationi
805 413 1060 451 contrariantur,
1084 420 1115 443 et
1139 423 1207 443 non
1229 411 1402 444 intendens

339 462 446 495 dicere
463 462 552 506 quod
568 471 704 505 utraque
721 461 853 503 negatio
870 469 919 492 est
935 459 1124 503 simpliciter
1141 460 1309 492 contraria.
1327 461 1402 492 Hoc

339 512 427 544 enim
455 511 489 543 in
517 509 717 543 dubitatione
741 520 809 541 non
840 517 889 540 est
916 509 1112 552 quaesitum,
1136 507 1193 541 sed
1222 507 1302 541 illud
1329 517 1401 541 tan-

338 567 446 591 tum.-
460 559 501 592 Et
523 557 671 590 similiter
694 556 773 590 dixit
797 556 886 600 quod
910 556 992 589 nihil
1015 558 1149 589 interest
1166 557 1192 589 si
1210 558 1282 601 quis
1300 565 1402 601 ponat

338 608 547 651 negationem
571 605 807 639 universalem:
835 605 917 638 nihil
941 606 1029 638 enirn
1048 606 1182 638 interest
1201 605 1310 649 quoad
1326 605 1402 646 hoc,

340 656 429 700 quod
454 655 625 687 affirmatio
649 654 801 686 contrarii
826 653 1017 687 ostendatur
1040 665 1108 686 non
1133 654 1293 686 contraria
1317 653 1401 686 affir-

338 704 476 736 mationi
504 714 608 742 verae,
633 702 723 746 quod
747 703 953 746 inquirimus.
978 702 1163 735 Plurimum
1187 711 1296 735 autem
1320 703 1401 735 inte-

338 761 457 791 resset,
485 752 511 783 si
546 752 735 794 negationes
767 752 853 795 ipsas
882 752 965 784 inter
992 763 1026 784 se
1055 751 1215 784 discutere
1242 751 1402 784 vellemus

339 814 421 846 quae
443 813 554 834 earum
576 810 661 834 esset
685 801 893 835 affirmationi
918 803 1116 835 contraria.-
1134 802 1187 835 Sic
1211 814 1289 846 ergo
1314 811 1402 846 patet

339 850 428 895 quod
452 850 660 883 subtilissime
685 851 878 884 Aristoteles
908 851 1039 884 locutus
1067 851 1107 884 de
1129 862 1204 884 vera
1229 852 1402 884 contrarie-

338 909 402 932 tate
424 900 704 940 (mundationum,
725 911 825 933 unam
847 901 904 933 uni
922 901 1116 933 contrariam
1132 900 1244 944 posuit
1260 901 1293 932 in
1311 900 1401 933 omni

338 949 472 980 materia
503 956 534 980 et
563 948 763 992 quantitate,
794 948 874 982 dum
903 948 1093 993 simpliciter
1122 948 1298 981 contrarias
1323 959 1401 981 con-

336 996 546 1029 tradictiones
570 997 716 1030 asseruit.

801 241 920 277 PERI
951 239 1296 276 HERMENEIAS
1327 239 1494 286 LIB.11,
1525 239 1636 276 CAP.
1658 240 1762 285 XIV,
1793 240 1945 277 LECT.
1968 240 2076 276 XIV*

1525 325 1576 348 21.
1600 315 1730 348 Deinde
1747 327 1823 348 curn
1840 315 1932 349 dicit:
1953 316 2153 360 Manifestum
2172 323 2213 349 est
2228 323 2328 350 autem
2344 325 2416 358 etc„
2432 328 2521 351 resu-

1457 365 1517 397 mit
1533 364 1701 408 quoddam
1721 364 1845 398 dictum
1869 373 1905 398 ut
1919 364 2036 408 probet
2060 364 2151 405 illud,
2169 365 2298 398 dicens:
2322 366 2522 410 Manifestum

1456 419 1497 446 est
1515 419 1615 446 autem
1638 425 1677 446 ex
1701 412 1846 446 dicendis
1868 413 1948 457 quod
1970 425 2030 447 non
2053 415 2193 458 contingit
2215 425 2319 448 veram
2341 425 2429 448 verae
2451 425 2521 447 con—

1457 462 1589 495 trariam
1612 472 1685 502 esse,
1709 473 1760 495 nec
1775 461 1807 494 in
1827 462 1963 506 opinione
1985 462 2129 502 mentali,
2152 474 2204 496 nec
2225 463 2258 495 in
2281 463 2522 503 contradictione,

1456 510 1549 551 idest,
1572 507 1679 543 vocali
1703 510 1943 543 enunciatione.
1969 510 2011 543 Et
2034 518 2166 543 causam
2190 510 2317 544 subdit:
2343 511 2419 554 quia
2444 522 2521 544 con-

1456 560 1551 591 traria
1570 567 1647 591 sunt
1664 570 1747 603 quae
1771 560 1854 591 circa
1870 558 1958 592 idem
1976 560 2129 603 opposita
2146 568 2239 599 sunt;
2263 568 2295 592 et
2316 570 2523 603 consequen-

1456 616 1505 640 ter
1528 607 1774 651 enunciationes
1802 616 1834 640 et
1858 608 2031 651 opiniones
2060 619 2155 641 verae
2180 609 2264 640 circa
2292 608 2419 641 diversa
2442 619 2521 641 con-

1456 656 1570 688 trariae
1594 666 1664 688 esse
1695 667 1764 688 non
1795 664 1944 699 possunt.
1978 656 2073 689 Circa
2096 656 2185 689 idem
2218 665 2329 689 autem
2360 656 2523 700 contingit

1457 703 1556 737 simul
1580 715 1696 736 omnes
1720 715 1812 737 veras
1836 705 2084 737 enunciationes
2108 713 2140 738 et
2159 706 2334 749 opiniones
2351 704 2523 745 verificari,

1457 753 1541 785 sicut
1564 761 1597 785 et
1619 752 1800 795 significata
1815 753 1867 785 vel
1883 761 2121 797 repraesentata
2145 765 2257 786 earum
2281 753 2379 786 simul
2403 753 2449 786 illi
2472 754 2522 786 in-

1457 810 1547 834 sunt:
1568 801 1660 834 aliter
1675 812 1769 834 verae
1794 810 1872 834 tunc
1895 813 1964 834 non
1980 810 2066 834 sunt.
2088 802 2133 834 'Et
2150 810 2389 845 consequenter
2405 813 2523 835 omnes

1456 861 1551 882 verae
1575 850 1821 882 enunciationes
1853 859 1884 883 et
1913 851 2087 894 opiniones
2112 851 2195 883 circa
2222 850 2311 883 idem
2342 851 2522 884 contrariae

1456 910 1524 931 non
1549 907 1635 938 sunt,
1660 899 1737 942 quia
1760 899 1920 931 contraria
1944 910 2012 931 non
2031 899 2192 942 contingit
2216 898 2322 931 eidem
2350 898 2449 931 simul
2472 899 2523 932 in-

1456 958 1537 979 esse.
1564 946 1705 980 Nullum
1734 958 1813 991 ergo
1837 959 1952 980 verum
1976 948 2045 980 sive
2076 948 2118 980 sit
2146 948 2230 980 circa
2253 946 2360 987 idem,
2389 947 2456 980 sive
2480 947 2523 979 sit

1457 997 1541 1028 circa
1565 995 1672 1036 aliud,
1697 1004 1746 1028 est
1769 995 1860 1029 alteri
1883 1007 1963 1029 vero
1988 996 2197 1029 contrarium.

424 1145 467 1178 Et
490 1147 536 1179 sic
560 1145 673 1179 finitur
695 1146 857 1189 expositio
882 1145 980 1178 huius
1004 1145 1077 1178 libri
1101 1145 1370 1178 Perihermenias.
1395 1145 1495 1178 Anno
1518 1145 1706 1179 Nativitatis
1730 1145 1927 1178 Dominicae
1955 1147 2057 1188 1496,
2085 1145 2119 1178 in
2143 1146 2241 1178 Festo
2266 1145 2343 1178 Divi
2369 1144 2524 1178 Thomae

332 1195 517 1238 Aquinatis.
545 1194 610 1228 Cui
634 1195 675 1227 sit
699 1194 807 1227 honor
830 1203 862 1228 et
884 1194 1006 1238 gloria,
1030 1206 1070 1228 eo
1095 1195 1185 1239 quod
1210 1193 1335 1228 dederit
1359 1205 1445 1237 opus
1469 1206 1487 1227 a
1510 1205 1545 1227 se
1570 1194 1758 1238 inceptum,
1782 1202 1874 1227 tanto
1898 1202 2047 1238 tempore
2071 1193 2330 1238 incompletum‚
2356 1193 2477 1238 perfici.
