2788 4204
152 833 228 873 W)

111 3500 123 3509 ¹
138 3504 164 3520 ιε
179 3497 285 3520 habetur.

327 222 397 257 166

911 218 1296 257 POSTERIORUM
1323 215 1751 253 ANALYTICORUM
1779 214 1872 251 LIB.
1903 214 1917 249 I

1034 445 1375 501 LECTIO
1423 444 1798 501 OCTAVA

564 599 768 641 ALTER
801 597 1008 638 ERROR
1041 595 1437 637 EXCLUDITUR
1469 594 1888 636 OSTENDENDO
1930 595 2103 647 QUOD
2136 595 2265 635 NON

765 675 1096 717 CONTINGIT
1131 674 1580 715 CIRCULARITER
1612 673 2077 715 DEMONSTRARE

326 840 442 880 Κύκλῳ
466 835 494 870 δ’
525 837 578 871 ὅτι
605 831 777 869 ἀδύνατον
809 830 1071 868 ἀποδείκνυσθαι
1104 835 1236 875 ἁπλῶς,
1267 828 1392 873 δῆλον,

394 887 484 926 εἴπερ
511 883 547 915 ἑκ
569 881 740 926 προτέρων
765 876 817 912 δεῖ
839 881 904 917 τήν
928 875 1099 921 ἀπόδειξιν
1125 875 1211 911 εἶναι
1234 880 1292 910 καὶ
1309 890 1395 922 γνω-

393 927 595 974 ριμωτέρων·
625 922 795 958 ἀδύνατον
820 925 885 970 γάρ
912 925 986 957 ἐστι
1007 925 1055 957 τοὶ
1075 922 1169 956 αὐτοὶ
1190 924 1258 956 τῶν
1277 923 1391 955 αὐτῶν

396 973 467 1018 ἅμα
493 971 644 1016 πρότερα
674 972 734 1002 καὶ
764 969 889 1012 ὕστερα
919 966 1025 1010 εἶναι,
1057 970 1085 1000 εἰ
1109 968 1156 1012 μὴ
1187 968 1246 1001 τὸν
1279 967 1392 1012 ἕτερον

393 1017 534 1063 τρόπον,
563 1018 630 1048 οἷον
655 1015 703 1047 τοὶ
727 1014 786 1057 μὲν
813 1015 893 1059 πρὸς
917 1015 1007 1056 ἡμᾶς
1033 1014 1080 1046 τά
1096 1009 1124 1045 δ’
1147 1013 1274 1053 οἱπλῶς,
1294 1011 1393 1054 ὅνπερ

395 1062 521 1106 τρόπον
547 1062 568 1098 ἡ
596 1058 762 1105 ἐπαγωγὴ
788 1063 880 1090 ποιεῖ
894 1058 1069 1104 γνώριμον.
1089 1059 1126 1089 Εἰ
1143 1053 1172 1089 δ’
1194 1057 1315 1097 οὕτως,
1335 1056 1394 1088 οὐκ

397 1106 435 1140 ἄν
452 1109 502 1143 εἴη
521 1107 562 1139 τὸ
582 1107 696 1142 ἁπλῶς
723 1099 850 1135 εἰδέναι
873 1104 983 1140 καλῶς
1002 1102 1194 1147 ὡρισμένον,
1217 1102 1307 1134 ἀλλὰ
1323 1097 1397 1133 διτ-

394 1150 468 1184 τόν·
496 1148 517 1186 ἦ
542 1151 606 1196 οὐχ
639 1149 753 1185 ἁπλῶς
786 1148 807 1184 ἠ
834 1147 935 1191 ἑτέρα
969 1143 1139 1189 ἀπόδειξις
1170 1146 1326 1193 γινομένη
1359 1146 1395 1178 ἐκ

395 1197 461 1228 τῶν
487 1196 564 1240 ἡμῖν
589 1192 862 1240 γνωριμωτέρων.

329 1241 510 1286 Συμβαίνει
534 1235 572 1272 δὲ
602 1243 672 1276 τοῖς
701 1236 839 1282 λέγουσι
869 1234 977 1276 κύκλῳ
1011 1235 1074 1272 τήν
1106 1230 1278 1276 ἀπόδειξιν
1309 1231 1395 1266 εἶναι

396 1285 434 1317 οὗ
460 1284 561 1328 μόνον
583 1284 624 1316 τὸ
653 1283 709 1313 νῦν
734 1280 922 1327 εἰρημένον,
951 1280 1024 1313 ἀλλ’
1054 1275 1150 1312 οὐδὲν
1178 1279 1260 1311 ἄλλο
1283 1278 1394 1324 λέγειν

395 1329 416 1366 ἦ
444 1328 496 1362 ὅτι
522 1329 617 1361 τοῦτ’
648 1327 739 1367 ἔστιν
770 1327 798 1358 εἰ
823 1325 919 1357 τοῦτ’
950 1325 1054 1357 ἔστιν·
1087 1323 1176 1356 οὕτω
1206 1318 1244 1355 δὲ
1276 1322 1395 1355 πάντα

400 1369 515 1418 ῥᾴδιον
547 1369 669 1413 δεῖξαι.
697 1373 804 1407 Δῆλον
828 1366 858 1401 δ’
887 1367 941 1400 ὅτι
966 1370 1072 1401 τοῦτο
1097 1368 1272 1413 συμβαίνει
1297 1369 1395 1411 τριῶν

397 1417 479 1461 ὅρων
505 1417 684 1450 τεθέντων·
711 1416 753 1447 τὸ
778 1415 837 1459 μὲν
861 1412 909 1458 γοὶ
946 1409 1006 1445 διαὶ
1025 1414 1156 1445 πολλῶν
1175 1411 1197 1448 ἦ
1212 1407 1254 1443 δι’
1275 1412 1395 1456 ὀλίγων

399 1462 636 1506 ἀνακάμπτειν
661 1460 765 1503 φάναι
792 1453 887 1491 οὐδὲν
911 1424 1075 1500 Ξιαφέρει,
1100 1453 1142 1489 δι’
1172 1457 1292 1502 ὀλίγων
1317 1451 1345 1487 δ’
1375 1454 1396 1493 ἢ

397 1502 502 1539 δυοῖν.

495 1551 501 1561 1
591 1551 608 1558 .-
684 1546 697 1557 ν
806 1547 814 1558 s
873 1546 880 1557 r
923 1544 930 1555 1
1041 1544 1054 1557 ’ς
1104 1545 1111 1555 ι
1263 1543 1271 1554 Ι
1389 1545 1396 1555 ι

321 1554 431 1586 ‘'Ox-<zv
457 1563 521 1596 γαρ
547 1561 609 1582 του
635 1550 660 1580 A
681 1558 776 1584 οντος
803 1545 838 1587 εξ
864 1557 1013 1602 αναγκης
1033 1559 1052 1588 ῃ
1072 1557 1113 1577 το
1136 1547 1179 1586 Β,
1206 1556 1334 1576 τουτου
1360 1539 1398 1577 δε

399 1596 440 1629 τὸ
465 1598 500 1636 Γ,
527 1595 588 1627 τοῦ
614 1595 639 1625 A
664 1591 760 1628 ὄντος
787 1591 886 1623 ἔσται
911 1602 952 1623 το
977 1591 1012 1623 Γ.

331 1643 370 1674 Εἰ
393 1636 436 1677 δή
458 1640 520 1672 τοῦ
546 1639 571 1670 A
597 1637 692 1673 ὄντος
719 1634 851 1681 ἀνάγκη
878 1635 918 1668 τό
934 1637 959 1666 Β
977 1631 1075 1675 εἶναι,
1103 1633 1230 1666 τούτου
1246 1628 1274 1665 δ’
1301 1633 1396 1671 ὄντος

399 1685 440 1717 τό
466 1685 491 1715 A
517 1683 637 1725 (τοῦτο
662 1680 727 1727 γάρ
753 1678 794 1718 ἦν
820 1680 861 1713 τὸ
885 1678 1031 1721 κύκλῳ),
1063 1681 1186 1710 κείστω
1212 1678 1254 1710 τὸ
1279 1679 1316 1720 A,
1345 1678 1393 1721 ἐφ’

401 1728 439 1760 οὗ
465 1728 506 1759 τὸ
531 1729 566 1760 Γ.
592 1726 637 1758 Τὸ
665 1723 720 1758 οὖν
747 1725 809 1758 τοῦ
833 1727 857 1755 Β
881 1724 977 1762 ὄντος
996 1724 1036 1756 τὸ
1054 1725 1080 1755 A
1097 1720 1181 1754 εἶναι
1196 1722 1306 1769 λέγειν
1324 1722 1398 1755 ἐστὶ

400 1773 441 1805 τὰ
466 1774 488 1803 Γ
514 1768 600 1803 εἶναι
622 1770 752 1817 λέγειν,
782 1770 888 1801 τοῦτο
914 1763 943 1800 δ’
975 1767 1028 1800 ὅτι
1054 1769 1117 1801 τοῦ
1142 1769 1167 1798 Α
1193 1767 1288 1806 ὄντος
1319 1766 1360 1799 τὸ
1377 1769 1398 1798 Γ

402 1818 488 1850 ἔστί·
515 1816 556 1848 τὰ
580 1812 618 1847 δὲ
634 1817 655 1846 Γ
677 1815 724 1855 τῷ
743 1815 768 1846 A
786 1814 827 1845 τὸ
846 1811 947 1845 αὐτό.
967 1813 1070 1844 ’Ὥστε
1095 1812 1269 1856 συμβαίνει
1289 1811 1399 1857 λέγειν

401 1861 480 1898 τούς
510 1860 620 1901 κύκλῳ
651 1859 845 1902 φάσκοντας
880 1854 966 1889 εἶναι
1000 1857 1064 1893 τήν
1097 1851 1270 1899 ἀπόδειξιν
1304 1852 1399 1889 οὐδὲν

403 1906 514 1949 ἓτερον
541 1905 630 1940 πλὴν
657 1903 710 1937 ὅτι
736 1904 798 1935 τοῦ
824 1904 849 1934 A
875 1902 970 1939 ὄντος
997 1901 1038 1934 τὸ
1063 1902 1088 1932 A
1114 1901 1217 1934 ἐστίν.
1243 1900 1341 1933 Οὕτω
1362 1897 1401 1934 δὲ

403 1949 521 1983 πάντα
546 1944 654 1989 δεῖξαι
678 1943 805 1993 ῥᾴδιον.

334 1997 380 2029 Οὐ
406 1994 471 2038 μὴν
499 1994 570 2026 ἀλλ’
594 1988 671 2025 οὐδὲ
691 1993 798 2025 τοῦτο
815 1986 976 2031 δυνατόν,
1003 1989 1092 2026 πλὴν
1111 1989 1166 2021 ἐπὶ
1184 1988 1317 2022 τούτων
1337 1989 1400 2022 ὅσα

405 2037 564 2074 ἀλληλοις
591 2037 714 2069 ἕπεται
738 2036 848 2078 ὥσπερ
866 2034 913 2068 τά
931 2030 1015 2067 ἴδια.
1031 2033 1122 2071 Ἐνός
1139 2033 1198 2077 μὲν
1217 2033 1272 2066 οὖν
1293 2034 1402 2079 κειμέ-

403 2095 473 2124 νου,
499 2078 674 2115 δέδεικται
700 2080 753 2114 ὅτι
781 2076 940 2113 οὐδέποτ’
972 2078 1103 2124 ἀνάγκη
1123 2090 1156 2110 τι
1177 2075 1262 2112 εἶναι
1289 2077 1401 2124 ἕτερον

399 2127 502 2173 (λέγω
527 2122 554 2158 δ’
586 2126 669 2167 ἑνός,
697 2125 750 2159 ὅτι
775 2126 854 2158 οὔτε
882 2123 957 2169 ὅρου
983 2123 1053 2160 ἑνὸς
1081 2121 1159 2154 οὔτε
1185 2122 1304 2167 θέσεως
1322 2125 1401 2167 μιᾶς

404 2171 594 2213 τεθείσης),
622 2172 658 2202 ἐκ
681 2165 742 2202 δύο
767 2165 805 2202 δὲ
829 2167 956 2201 θέσεων]
975 2166 1116 2212 πρώτων
1132 2169 1190 2198 καὶ
1212 2169 1403 2214 ἐλαχίστων

405 2210 596 2261 ἐνδέχεται,
623 2217 714 2258 εἴπερ
734 2217 793 2246 καὶ
810 2212 1087 2259 συλλογίσασθαι.
1105 2211 1187 2243 Ἐοὶν
1204 2213 1265 2256 μὲν
1283 2212 1340 2246 οὖν
1362 2212 1403 2245 τό

406 2273 444 2293 τε
470 2262 495 2292 A
520 2261 567 2301 τῷ
592 2261 617 2290 Β
640 2261 699 2290 καὶ
724 2260 772 2299 τῷ
798 2260 818 2289 Γ
842 2257 987 2299 ἕπηται,
1012 2257 1071 2289 καὶ
1104 2257 1206 2288 ταῦτ’
1244 2256 1402 2296 ἀλλήλοις

404 2307 462 2337 καὶ
488 2306 535 2346 τῷ
561 2305 598 2344 A,
619 2302 708 2336 οὕτω
729 2303 788 2347 μὲν
807 2297 985 2348 ἐνδέχεται
1004 2301 1038 2342 ἐξ
1058 2299 1213 2336 ἀλλήλων
1231 2297 1402 2334 δεικνύναι

408 2348 527 2381 πάντα
553 2349 600 2381 τοὶ
624 2347 812 2385 αἰτηθέντα
830 2348 863 2380 ἑν
886 2347 934 2388 τῷ
959 2346 1080 2391 πρώτῳ
1105 2345 1274 2389 σχήματι,
1292 2349 1333 2385 ὠς
1351 2341 1407 2378 δὲ-

406 2389 540 2426 δεικται
566 2394 598 2424 ἒν
624 2397 695 2430 τοῖς
720 2394 793 2437 περὶ
819 2391 1057 2437 συλλογισμοῦ.
1085 2388 1265 2424 Δέδεικται
1290 2386 1404 2423 δὲκαὶ

408 2437 461 2470 ὅτι
487 2438 519 2470 ἑν
545 2442 615 2474 τοῖς
644 2436 755 2473 ἄλλοις
786 2435 958 2480 σχήμασιν
985 2435 1006 2472 ἦ
1033 2436 1070 2467 οὗ
1118 2439 1227 2468 ίνεται
1252 2437 1407 2481 συλλογι-

408 2482 489 2524 σμὸς
508 2480 529 2518 ἦ
548 2482 585 2513 οὒ
603 2483 676 2523 περὶ
702 2482 767 2513 τῶν
791 2479 996 2523 ληφθέντων.
1024 2480 1076 2512 Tui.
1094 2445 1132 2512 {s
1149 2480 1196 2524 μή
1217 2480 1407 2517 ἀντικατη-

407 2525 596 2571 γορούμενα
614 2521 768 2568 οὐδαμῶς
795 2525 868 2556 ἐστι
892 2519 1002 2564 δεῖξαι
1025 2524 1146 2566 κύκλῳ.
1165 2524 1260 2556 ’Ὦστ’
1288 2519 1405 2560 ἐπειδὴ

410 2573 511 2616 ὀλίγα
529 2570 681 2602 τοιαῦτα
707 2570 739 2601 ἑν
758 2573 833 2606 ταῖς
859 2563 1064 2609 ἀποδείξεσι,
1083 2569 1222 2614 φανερὸν
1242 2568 1294 2602 ὅτι
1310 2567 1405 2600 κενόν

411 2627 448 2649 τε
481 2616 539 2646 καὶ
575 2609 745 2647 ἀδύνατον
778 2613 819 2645 τό
850 2612 958 2658 λέγειν
986 2613 1020 2653 ἐξ
1048 2613 1203 2649 ἀλλήλων
1232 2610 1317 2645 εἶναι
1342 2612 1406 2649 τὴν

413 2654 585 2699 ἀπόδειξιν
615 2660 673 2690 καὶ
703 2653 763 2690 διαὶ
787 2658 893 2690 τοῦτο
923 2656 1060 2690 πάντων
1091 2652 1287 2702 ἐνδέχεσθαι
1320 2654 1407 2688 εἶναι

413 2698 599 2743 ἀπόδειξιν.

406 2846 555 2873 ΞΥΝοΡεῐε.
568 2861 602 2865 -
626 2853 649 2871 ι.
670 2843 882 2879 Argumentum
910 2841 1050 2870 lectionis.
1064 2857 1084 2862 —
1099 2849 1125 2869 2.
1149 2840 1301 2869 Circularis
1322 2840 1408 2876 syllo-

346 2885 455 2922 gismus
474 2891 515 2912 est
537 2884 655 2921 quando
676 2892 710 2910 ex
731 2882 914 2910 conclusione
935 2888 962 2909 et
983 2882 1077 2909 altera
1098 2880 1254 2917 praemissa
1268 2889 1410 2908 conversa

347 2926 414 2961 (hoc
435 2930 486 2958 est,
501 2932 641 2952 converso
662 2922 724 2950 eius
745 2921 910 2958 praedicato
931 2921 961 2948 in
983 2921 1158 2955 subiectum,
1180 2926 1208 2948 et
1229 2919 1357 2948 subiecto
1379 2919 1408 2947 in

347 2964 554 3001 praedicatum)
562 2962 743 2991 concluditur
752 2961 862 2998 reliqua
871 2960 1121 2997 praemissarum.-·
1132 2961 1157 2988 3.
1164 2961 1305 2988 Probatur
1313 2959 1408 2996 primo

347 3013 408 3032 non
429 3013 514 3040 posse
535 3002 706 3031 circulariter
729 3000 933 3029 demonstrari:
955 3000 1023 3037 quia
1044 3009 1125 3028 secus
1139 3000 1215 3028 idern
1237 3006 1310 3028 esset
1324 2998 1410 3028 simul

347 3043 426 3080 prius
454 3050 481 3071 et
509 3042 667 3079 posterius,
694 3041 791 3069 notius
812 3046 839 3068 et
860 3040 956 3067 minus
984 3046 1087 3067 notum
1115 3046 1246 3076 respectu
1275 3039 1361 3067 unius
1382 3046 1410 3067 et

349 3083 493 3111 eiusdem:
510 3083 589 3119 quod
604 3088 646 3109 est
660 3080 845 3117 impossibile.
855 3089 913 3114 —4.
929 3079 1055 3107 Solvitur
1069 3080 1211 3116 quaedam
1233 3078 1411 3114 dubitatio.—

350 3122 567 3150 Demonstratio
597 3130 630 3149 ex
652 3129 710 3157 qua
735 3126 777 3148 est
798 3119 873 3147 scire
895 3119 1023 3155 procedit
1044 3129 1062 3147 a
1082 3119 1225 3155 prioribus
1251 3119 1348 3155 quoad
1370 3127 1409 3153 se,

350 3171 400 3190 seu
421 3161 599 3198 simpliciter;
621 3159 746 3188 inductio
761 3168 778 3187 a
798 3158 942 3195 prioribus
961 3160 1058 3195 quoad
1079 3168 1165 3187 nos.-
1178 3159 1203 3186 5.
1226 3160 1302 3195 Ergo
1323 3158 1410 3194 syllo-

350 3201 457 3238 gismus
478 3200 642 3229 dialecticus
663 3206 758 3235 potest
772 3198 869 3235 aliquo
887 3207 972 3226 sensu
987 3208 1048 3226 esse
1063 3198 1206 3226 circularis
1221 3198 1305 3235 (quia
1318 3207 1379 3226 non
1393 3206 1411 3225 a

351 3241 433 3269 certis
447 3247 474 3268 et
490 3239 650 3268 notioribus
671 3238 802 3266 absolute
823 3244 850 3266 et
878 3238 974 3275 quoad
996 3247 1041 3272 se,
1064 3239 1114 3266 sed
1130 3247 1152 3266 a
1172 3237 1369 3274 probabilibus
1384 3243 1412 3265 et

351 3289 369 3308 a
389 3280 479 3317 magis
500 3279 577 3308 notis
602 3278 717 3307 relative
738 3284 766 3306 et
787 3278 883 3314 quoad
905 3287 960 3306 nos
983 3278 1139 3314 procedit),
1160 3286 1221 3305 non
1242 3283 1338 3305 autem
1362 3277 1411 3304 de-

471 3477 486 3484 »
507 3496 568 3528 J—
617 3485 740 3522 omnis
769 3485 921 3522 scientia
954 3492 1009 3521 est
1034 3485 1054 3504 ⁹
1082 3496 1150 3533 per
1177 3484 1411 3521 demonstra-

504 3564 511 3577 t
553 3532 598 3565 '‘¹“
616 3538 780 3585 tionem,
813 3537 873 3574 hic
911 3536 1071 3574 excludit
1112 3536 1249 3585 aliam,
1288 3544 1411 3573 osten-

1446 835 1464 855 *
1483 835 1612 867 Circulo
1631 846 1762 876 quoque
1781 836 1869 876 quod
1889 837 2085 877 impossibile
2105 837 2144 868 sit
2163 838 2377 869 demonstrare
2393 839 2514 880 simpli-

1468 905 1471 909 s
1515 881 1600 919 citer,
1624 880 1829 911 manifestum
1853 887 1914 919 est,
1938 881 1963 911 si
1993 881 2124 921 quidem
2147 892 2184 912 ex
2207 882 2365 922 prioribus
2388 890 2515 923 oportet

1514 924 1818 955 demonstrationem
1833 934 1900 955 esse
1911 931 1941 955 et
1951 925 2144 964 notioribus;
2159 926 2356 967 impossibile
2373 934 2419 958 est
2428 928 2515 958 enim

1516 969 1627 999 eadem
1637 969 1695 999 sibi
1705 969 1781 1009 ipsis
1796 969 1891 999 simul
1903 969 2008 1008 priora
2022 977 2053 1000 et
2066 970 2242 1010 posteriora
2256 981 2334 1010 esse,
2345 971 2404 1002 nisi
2417 971 2514 1002 altero

1516 1013 1628 1051 modo,
1652 1020 1688 1043 ut
1711 1013 1787 1043 haec
1806 1013 1937 1053 quidem
1961 1014 2001 1043 ad
2023 1024 2094 1052 nos,
2113 1015 2167 1045 illa
2190 1022 2297 1046 autem
2320 1015 2514 1056 simpliciter,

1516 1067 1582 1098 quo
1603 1064 1683 1088 certe
1703 1057 1803 1087 modo
1820 1057 1894 1088 facit
1912 1057 2054 1088 inductio
2071 1065 2196 1089 notum.
2218 1059 2249 1090 Si
2269 1066 2377 1090 autem
2396 1060 2439 1090 sic
2456 1066 2514 1098 est,

1516 1112 1582 1132 non
1601 1102 1658 1132 erit
1674 1101 1784 1142 utique
1800 1101 1877 1132 scire
1892 1101 2074 1142 simpliciter
2090 1103 2170 1133 bene
2189 1103 2444 1142 determinatum,
2461 1103 2517 1134 sed

1517 1146 1702 1186 dupliciter,
1726 1152 1781 1176 aut
1803 1155 1870 1175 non
1903 1145 2085 1186 simpliciter
2113 1148 2207 1178 altera
2230 1148 2458 1179 demonstratio
2481 1147 2518 1178 fit

1517 1200 1554 1220 ex
1576 1190 1669 1221 nobis
1692 1190 1880 1221 notioribus.

1450 1235 1573 1266 Accidit
1605 1242 1712 1265 autem
1740 1235 1916 1265 dicentibus
1947 1235 2064 1266 circulo
2094 1236 2398 1268 demonstrationem
2429 1246 2517 1275 esse,

1517 1289 1584 1310 non
1608 1279 1714 1310 solum
1737 1279 1826 1320 quod
1849 1289 1933 1309 nunc
1957 1279 2078 1310 dictum
2101 1287 2158 1318 est,
2182 1280 2238 1311 sed
2260 1280 2338 1310 nihil
2361 1280 2448 1310 aliud
2471 1280 2518 1310 di-

1517 1334 1604 1362 cere,
1627 1334 1726 1364 quarn
1756 1323 1911 1364 quoniam
1934 1323 1996 1354 hoc
2020 1331 2084 1362 est,
2115 1324 2141 1354 si
2165 1324 2226 1355 hoc
2250 1331 2312 1363 est;
2344 1324 2388 1355 sic
2411 1330 2518 1354 autem

1517 1367 1607 1398 facile
1631 1374 1677 1398 est
1700 1366 1915 1398 demonstrare
1944 1368 2061 1398 omnia.
2095 1368 2300 1399 Manifestum
2323 1375 2431 1399 autem
2455 1374 2517 1407 est,

1516 1412 1606 1452 quod
1633 1411 1696 1442 hoc
1723 1411 1835 1442 accidit
1864 1411 1964 1442 tribus
1993 1412 2134 1442 terminis
2163 1413 2289 1453 positis:
2320 1423 2377 1453 per
2399 1412 2519 1443 multos

1518 1455 1603 1485 enim
1616 1462 1673 1485 aut
1686 1465 1743 1495 per
1764 1465 1884 1496 paucos
1907 1456 2063 1487 reflectere
2086 1457 2166 1487 nihil
2188 1456 2304 1496 differt,
2328 1467 2384 1497 per
2399 1466 2519 1497 paucos

1519 1509 1627 1532 autern
1649 1509 1704 1532 aut
1726 1511 1783 1542 per
1805 1502 1897 1532 duos.
2371 1535 2375 1537 μ

1452 1546 1539 1577 Cum
1562 1546 1648 1576 enim
1671 1545 1710 1576 sit
1728 1547 1768 1584 A,
1785 1555 1822 1576 ex
1841 1545 2023 1576 necessitate
2040 1553 2086 1576 est
2103 1545 2147 1583 B;
2170 1546 2233 1577 hoc
2251 1552 2359 1576 autem
2378 1555 2453 1576 cum
2469 1545 2519 1585 sit,

1520 1591 1577 1621 erit
1600 1590 1645 1629 C;
1671 1600 1745 1621 cum
1767 1590 1863 1630 igitur
1885 1591 1914 1619 A
1938 1589 1988 1628 sit,
2012 1600 2049 1620 ex
2072 1590 2255 1621 necessitate
2278 1589 2336 1620 erit
2359 1589 2396 1620 C.

1454 1635 1486 1666 Si
1509 1635 1604 1675 igitur
1627 1645 1702 1666 cum
1721 1634 1760 1665 sit
1782 1636 1827 1673 A,
1851 1643 1976 1664 necesse
2001 1640 2046 1664 est
2068 1634 2094 1664 B
2123 1641 2206 1672 esse;
2229 1634 2292 1665 hoc
2320 1641 2427 1664 autem
2446 1642 2521 1664 cum

1521 1680 1570 1717 sit,
1590 1679 1647 1710 erit
1665 1682 1693 1710 A
1713 1677 1794 1721 (hoc
1817 1678 1903 1709 enirn
1923 1684 1987 1708 erat
2013 1677 2161 1721 circulo);
2181 1684 2319 1718 ponatur
2337 1681 2377 1716 A,
2396 1678 2429 1708 in
2453 1687 2520 1719 quo

1522 1731 1568 1755 est
1591 1723 1629 1754 C.
1653 1724 1680 1754 B
1702 1723 1798 1763 igitur
1822 1732 1896 1753 cum
1924 1722 1981 1760 sit,
2005 1724 2034 1752 A
2065 1732 2132 1753 esse
2156 1722 2273 1761 dicere,
2298 1728 2345 1753 est
2369 1722 2477 1763 ipsum
2492 1721 2520 1753 C

1522 1768 1640 1806 dicere;
1656 1767 1717 1798 hoc
1733 1774 1839 1798 autern
1859 1773 1905 1797 est
1921 1766 2075 1806 quoniam
2095 1777 2170 1797 cum
2186 1767 2225 1798 sit
2240 1769 2280 1805 A,
2297 1773 2343 1797 est
2357 1766 2402 1805 C;
2422 1766 2477 1797 sed
2492 1766 2520 1797 C

1522 1822 1597 1843 cum
1619 1814 1649 1842 A
1671 1812 1756 1842 idem
1785 1818 1839 1842 est.
1865 1811 1972 1848 Quare
2002 1811 2114 1842 accidit
2144 1811 2244 1842 dicere
2269 1810 2386 1842 circulo
2415 1810 2521 1841 dicen-

1521 1864 1567 1887 tes
1584 1866 1650 1886 esse
1666 1855 1981 1892 demonstrationem,
2002 1855 2081 1885 nihil
2105 1856 2238 1886 alterurn
2255 1855 2314 1885 nisi
2335 1865 2410 1886 curn
2426 1855 2466 1886 sit
2480 1857 2520 1893 A,

1521 1907 1568 1931 est
1589 1903 1629 1931 A.
1654 1900 1705 1931 Sic
1728 1906 1835 1930 autem
1859 1898 1967 1929 omnia
1998 1899 2212 1930 demonstrare
2235 1899 2313 1930 leve.

1455 1991 1498 2020 At
1519 1998 1595 2019 vero
1618 1998 1676 2019 nec
1699 1987 1761 2018 boc
1784 1987 1934 2028 possibile
1957 1995 2020 2026 est,
2045 1988 2104 2018 nisi
2127 1988 2160 2018 in
2183 1987 2232 2018 his
2250 1997 2460 2028 quaecunque
2478 1987 2523 2018 al-

1522 2033 1668 2064 ternatim
1692 2042 1724 2063 se
1744 2038 1998 2073 consequuntur,
2018 2032 2099 2063 sicut
2117 2039 2192 2063 sunt
2209 2032 2347 2074 propria.
2362 2032 2438 2063 Uno
2452 2032 2521 2074 qui—

1524 2079 1598 2108 dem
1621 2077 1737 2118 posito,
1757 2083 1922 2107 ostensum
1939 2083 1985 2107 est
2006 2077 2095 2117 quod
2115 2086 2319 2118 nequaquam
2337 2083 2384 2108 est
2404 2077 2524 2118 aliquid

1525 2132 1592 2153 esse
1615 2122 1749 2152 alterum
1772 2119 1858 2163 (dico
1882 2127 1989 2151 autem
2006 2131 2084 2160 uno,
2099 2121 2253 2162 quoniam
2268 2131 2372 2162 neque
2387 2121 2524 2152 termino

1525 2177 1592 2198 uno
1615 2175 1719 2207 neque
1742 2165 1962 2206 propositione
1981 2175 2045 2196 una
2060 2163 2255 2208 proposita),
2273 2175 2310 2196 ex
2325 2166 2449 2196 duabus
2467 2175 2525 2196 au-

1525 2218 1591 2242 tem
1613 2210 1885 2251 propositionibus
1905 2209 2015 2250 primis
2040 2217 2070 2240 et
2086 2210 2226 2240 minimis
2250 2209 2405 2250 contingit
2428 2210 2524 2251 siqui-

1526 2256 1599 2286 dem
1622 2254 1816 2296 syllogizare.
1841 2254 1873 2285 Si
1897 2253 1991 2293 igitur
2014 2261 2044 2285 et
2066 2256 2095 2285 A
2124 2254 2184 2295 ipsi
2208 2254 2234 2285 B
2253 2261 2284 2286 et
2307 2254 2334 2286 C
2353 2254 2524 2293 inhaereat,

1527 2306 1558 2331 et
1580 2299 1656 2330 haec
1679 2299 1719 2330 ad
1742 2298 1878 2329 invicem
1902 2305 1932 2329 et
1954 2298 2015 2339 ipsi
2033 2301 2078 2337 A,
2103 2298 2146 2329 sic
2169 2298 2300 2340 quidem
2319 2299 2472 2339 contingit
2488 2309 2525 2330 ex

1526 2344 1680 2375 alterutris
1707 2350 1882 2374 monstrare
1913 2343 2022 2373 omnia
2049 2343 2191 2383 quaesita
2219 2343 2251 2373 in
2282 2343 2384 2384 prima
2406 2342 2524 2383 figura,

1526 2389 1607 2419 sicut
1630 2394 1794 2418 ostensum
1825 2394 1871 2418 est
1893 2387 1925 2417 in
1949 2387 2015 2425 his,
2044 2397 2126 2428 quae
2156 2388 2194 2418 de
2224 2387 2411 2429 syllogismo
2440 2393 2526 2418 sunt.

1523 2433 1697 2465 Ostensum
1720 2438 1827 2462 autem
1854 2438 1900 2462 est
1923 2431 2013 2472 quod
2035 2431 2067 2462 in
2091 2431 2158 2462 aliis
2181 2430 2289 2472 figuris
2319 2438 2374 2463 aut
2401 2442 2468 2462 non
2490 2431 2526 2463 fit

1528 2477 1730 2519 syllogismus
1753 2483 1808 2507 aut
1831 2485 1896 2506 non
1916 2476 1955 2506 de
1974 2476 2117 2516 acceptis.
2137 2477 2212 2506 Non
2231 2483 2338 2508 autem
2357 2476 2527 2517 aequaliter

2542 845 2551 855 ⁴
2567 844 2622 871 Seq.
2641 849 2662 864 c.
2681 849 2708 864 111
2730 845 2753 865 et

2541 870 2610 892 Text.
2620 869 2645 892 6.

1527 2521 1738 2563 praedicantia
1761 2530 1964 2561 nequaquam
1987 2527 2033 2551 est
2056 2527 2230 2551 monstrare
2254 2520 2382 2551 circulo.
2408 2521 2525 2558 Quare,
2567 2533 2574 2541 ·

1527 2566 1681 2607 quoniam
1705 2575 1805 2605 pauca
1828 2565 2014 2595 huiusmodi
2038 2565 2070 2595 in
2094 2564 2417 2595 demonstrationibus
2441 2570 2525 2602 sunt,

1526 2610 1732 2640 manifestum
1749 2616 1804 2647 est,
1820 2609 1909 2649 quod
1928 2618 2047 2639 vanum
2070 2608 2201 2649 quidem
2216 2614 2262 2639 est
2276 2615 2306 2639 et
2329 2607 2526 2648 impossibile

1529 2654 1630 2685 dicere
1653 2664 1690 2684 ex
1713 2653 1761 2683 his
1784 2663 1866 2694 quae
1890 2659 1964 2683 sunt
1982 2653 2022 2682 ad
2044 2652 2180 2683 invicem
2199 2662 2265 2683 esse
2285 2652 2525 2683 demonstratio·

1529 2708 1603 2729 nem
1626 2705 1656 2728 et
1679 2704 1808 2737 propter
1831 2697 1893 2727 hoc
1916 2696 2063 2727 omnium
2087 2697 2268 2737 contingere
2285 2696 2526 2727 demonstratio-

1530 2752 1604 2773 nem
1628 2751 1704 2772 esse.

1462 2838 1643 2873 monstratio,
1654 2847 1704 2866 seu
1719 2837 1901 2875 syllogismus
1915 2838 2194 2866 demonstrativus.-
2204 2838 2231 2866 6.
2243 2838 2385 2865 Probatur
2395 2837 2527 2865 'secundo

1461 2878 1675 2915 impossibilitas
1696 2877 1841 2906 circularis
1858 2877 2114 2905 demonstrationis
2136 2886 2169 2905 ex
2193 2886 2229 2905 eo
2251 2877 2332 2914 quod
2354 2877 2528 2913 probaretur

1455 2918 1539 2947 ‘idem
1560 2927 1612 2955 per
1635 2917 1725 2946 idem:
1752 2918 1833 2954 quod
1860 2926 1921 2945 non
1942 2923 1984 2945 est
2011 2916 2236 2952 demonstratio;
2265 2916 2333 2954 quia
2360 2916 2409 2944 tali
2436 2917 2528 2944 modo

1462 2967 1524 2986 non
1546 2957 1702 2995 acquiritur
1722 2957 1848 2985 scientia.
1862 2966 1919 2994 —7.
1937 2957 2078 2994 Denique,
2100 2956 2124 2984 si
2145 2956 2245 2985 omnia
2265 2962 2384 2993 possent
2405 2956 2527 2984 demon-

1463 2997 1544 3026 strari
1559 2997 1806 3026 demonstratione
1823 2996 1962 3031 circulari,
1973 3003 2141 3033 sequeretur
2151 2996 2230 3033 quod
2245 2995 2345 3024 omnia
2359 2996 2396 3024 ad
2411 3005 2441 3024 se
2456 2995 2527 3023 invi-

1464 3047 1526 3067 cem
1548 3043 1642 3069 essent
1661 3036 1865 3065 convertibilia.
1888 3037 1977 3071 Quod
1995 3042 2093 3064 tamen
2109 3045 2170 3064 non
2191 3037 2310 3064 est—8.
2327 3036 2416 3070 Quod
2430 3041 2527 3064 autem

1463 3083 1610 3114 oporteret
1630 3077 1660 3105 in
1688 3076 1935 3104 demonstratione
1963 3075 2094 3104 circulari
2121 3075 2221 3104 omnia
2241 3084 2303 3104 esse
2331 3074 2528 3104 convertibilia

1463 3117 1623 3146 secundum
1637 3115 1812 3153 positionem
1829 3115 2071 3150 adversariorum,
2086 3116 2225 3152 probatur
2239 3124 2273 3143 ex
2287 3124 2322 3143 eo
2337 3115 2418 3151 quod
2431 3113 2528 3143 omnis

1463 3156 1645 3194 syllogismus
1666 3162 1709 3184 est
1729 3165 1762 3183 ex
1783 3155 1873 3183 tribus
1889 3155 2018 3183 terminis
2040 3161 2068 3183 et
2088 3155 2201 3183 duabus
2222 3153 2469 3192 propositionibus
2490 3153 2527 3181 ad

1465 3196 1600 3224 minus.-
1615 3205 1642 3232 9.
1658 3195 1856 3223 Percurrendo
1878 3194 2060 3232 syllogismos
2079 3194 2109 3222 in
2129 3194 2231 3231 prima,
2251 3195 2377 3222 secunda
2398 3200 2426 3222 et
2446 3192 2528 3221 tertia

1465 3236 1556 3273 figura
1569 3234 1729 3264 ostenditur
1739 3234 1825 3262 etiam
1835 3234 1865 3262 in
1875 3234 2108 3263 convertibilibus
2122 3243 2183 3262 non
2198 3234 2297 3262 omnia
2311 3242 2396 3270 posse
2410 3232 2527 3261 circula-

1464 3275 1532 3304 riter
1541 3274 1732 3303 demonstrari
1743 3274 1807 3310 nisi,
1822 3274 1920 3311 aliquo
1935 3283 2031 3309 sensu,
2042 3274 2071 3302 in
2082 3273 2177 3311 primo
2188 3274 2279 3302 modo
2289 3273 2400 3310 primae
2411 3272 2527 3310 figurae.

1465 3377 1558 3414 dens
1605 3376 1708 3425 quod
1755 3388 1833 3414 non
1879 3376 2058 3424 contingit
2105 3376 2330 3414 circulariter
2369 3375 2527 3413 demon—

1464 3437 1592 3467 strare.

1520 3494 1554 3519 2.
1575 3482 1636 3519 Ad
1657 3481 1761 3519 cuius
1782 3482 2011 3520 evidentiam
2035 3481 2231 3519 sciendum
2257 3488 2311 3518 est
2336 3479 2439 3528 quod
2461 3479 2527 3515 cir-

1467 3534 1598 3572 cularis
1626 3535 1864 3583 syllogismus
1884 3535 2028 3582 dicitur,
2048 3533 2203 3582 quando
2223 3545 2268 3570 ex
2288 3531 2528 3570 conclusione
