2548 4192
900 292 955 327 IN
985 292 1023 328 s,
1045 292 1286 329 THOMAM
1314 268 1636 341 AQmNATEM

2262 311 2369 337 CCClli

163 374 271 415 possis
289 380 403 402 aereas
417 379 574 411 superare
590 375 758 400 catervas:
782 376 817 401 ut
839 371 881 401 sit
899 371 955 401 tibi
972 371 1052 402 haec
1071 371 1185 402 Unctio
1201 372 1245 402 ad
1297 380 1549 405 consecrantur:
1578 379 1608 405 et
1631 374 1701 405 ideo
1730 376 1837 406 unctio
1866 376 1944 406 solis
1971 375 2189 407 sacerdotibus
2213 378 2279 418 fit,
2310 380 2367 419 qui

162 417 422 460 purificationem
448 415 562 445 mentis
585 419 615 444 et
638 415 799 454 corporis:
823 420 858 445 ut
872 416 1028 455 quidquid
1046 416 1156 446 illicito
1173 417 1242 446 visu

167 461 339 502 deliquisti,
359 460 421 490 hac
444 460 593 490 unctione
617 460 773 498 expietur.
799 461 841 489 At
861 459 934 489 satis
956 460 1129 490 ostendisse
1150 460 1243 491 fuerit

167 516 273 537 mores
296 511 437 534 vetustos
464 510 559 543 atque
582 503 686 533 varios
710 503 796 543 apud
819 503 974 534 Ecclesias
998 514 1065 534 non
1081 504 1242 544 ignorasse

168 551 342 582 Thomam.
844 560 846 563 ·

234 594 374 624 Noverat
406 591 500 622 etiam
531 591 631 621 varias
660 591 922 629 consuetudines,
957 592 1046 632 quod
1070 593 1179 623 attinet
1202 594 1242 623 ad

168 645 271 680 partes
295 636 437 677 corporis
461 636 674 675 inungendas:
700 636 764 666 Illa
782 637 889 666 unctio
910 636 950 666 ab
969 637 1114 668 omnibus
1137 638 1241 668 obser—

169 688 266 715 vatur
288 679 450 724 (inquiens
469 681 543 711 loco
561 680 623 718 cit.,
640 691 694 721 qu.
712 690 748 718 11,
764 687 819 711 art.
835 690 884 718 111,
902 687 1022 721 quaest.
1038 680 1088 724 11),
1108 692 1191 722 quae
1196 683 1243 723 fit

169 727 212 758 ad
235 727 374 767 quinque
396 734 520 762 sensus,
545 726 639 765 quasi
661 725 700 755 de
724 726 910 756 necessitate
933 725 1145 757 Sacramenti.
1179 727 1243 757 Sed

169 771 299 813 quidam
320 780 383 800 non
400 775 534 800 servant
548 770 653 800 alias:
668 770 797 810 quidam
816 779 891 800 vero
909 770 997 800 illam
1013 776 1146 801 servant
1160 781 1243 812 quae

170 816 213 847 ad
225 815 334 856 pedes,
360 820 391 845 et
406 823 468 844 non
486 823 568 854 quae
584 814 628 844 ad
641 824 744 845 renes.
770 814 873 844 Verba
887 814 950 851 illa,
971 816 1064 855 quasi
1082 816 1121 846 de
1137 825 1241 846 neces-

169 862 264 892 sitate
287 859 500 895 sacramenti,
526 858 629 899 posita
652 859 691 889 ab
716 859 874 899 Aquinate
892 859 1049 897 videntur,
1069 866 1105 890 ut
1127 860 1241 897 variae,

169 914 251 946 quae
275 903 465 940 ferebantur,
485 903 594 933 locum
616 903 751 933 habeant
767 903 952 944 opiniones:
978 903 1037 933 alia
1056 914 1130 934 sane
1149 905 1242 934 verba

170 955 377 989 usurpaverat
395 949 462 988 ipse
478 947 597 977 ibidem
620 958 674 988 qu.
692 958 718 986 x,
735 955 791 978 art.
809 959 834 986 1,
856 954 977 988 quaest.
996 959 1018 978 11
1034 947 1187 978 nimirum
1202 948 1242 979 de

164 993 364 1035 perfectione
387 992 598 1023 Sacramenti.

233 1038 285 1068 111.
311 1037 426 1067 Divina
449 1036 510 1066 fide
534 1042 657 1066 constat
687 1043 808 1076 praeter
836 1036 1048 1067 sacerdotium
1072 1036 1151 1066 alios
1175 1046 1242 1066 esse

169 1083 202 1113 in
226 1081 366 1112 Ecclesia
390 1080 542 1117 Ordines,
567 1080 702 1110 maiores
726 1087 757 1110 et
779 1080 929 1110 minores.
954 1081 1028 1110 Non
1053 1080 1095 1110 ita
1118 1087 1241 1120 septen-

169 1126 259 1157 nario
283 1125 383 1155 haesit
406 1134 541 1155 numero
566 1131 692 1154 sanctus
702 1125 858 1161 Thomas,
876 1132 912 1155 ut
928 1134 1053 1164 semper
1072 1134 1107 1154 ac
1123 1124 1242 1165 ubique

169 1177 292 1211 septem
313 1169 409 1199 fuisse
426 1168 645 1198 ministrorum
665 1168 801 1199 Ordines
821 1168 1052 1199 existimaverit.
1078 1168 1113 1198 In
1129 1178 1242 1199 eorum

169 1214 325 1255 originem
339 1213 470 1254 inquirit
487 1213 528 1243 lv
545 1212 643 1250 Sent.,
662 1213 732 1243 dist.
749 1223 838 1250 xxw,
855 1223 910 1254 qu.
921 1222 958 1248 11,
976 1219 1030 1242 art.
1042 1222 1065 1249 1,
1083 1219 1204 1253 quaest.
1220 1223 1242 1243 11

169 1260 210 1290 ad
234 1268 252 1289 2
277 1268 313 1288 ac
337 1267 373 1287 ea
395 1258 515 1288 tradere
531 1257 665 1294 videtur,
681 1267 763 1298 quae
782 1257 999 1297 probabilibus
1014 1257 1242 1296 th'eologorum

169 1302 376 1344 opinionibus
399 1302 509 1332 locum
533 1301 720 1342 relinquant.
747 1302 849 1332 Verba
866 1301 933 1331 eius
957 1308 1046 1332 sunt:
1071 1301 1111 1331 In
1127 1303 1242 1341 primi-

169 1349 235 1390 tiga
251 1347 411 1379 Ecclesia·
415 1351 552 1387 propter
568 1347 765 1386 paucitatem
786 1347 1019 1383 ministrorum,
1035 1347 1143 1376 omnia
1160 1346 1241 1387 infe-

147 1391 155 1393 *
168 1394 259 1424 riora
278 1392 457 1423 ministeria
476 1391 621 1421 diaconis
639 1390 926 1421 committebantur.
947 1390 1242 1430 Areopagiticarum

167 1436 317 1468 Auctoris
333 1435 553 1468 testimonium
567 1434 662 1465 affert.
681 1435 899 1465 Nihilominus
915 1440 1009 1465 erant
1024 1445 1133 1465 omnes
1144 1445 1242 1475 prae-

167 1482 274 1513 dictae
289 1485 476 1522 potestates,
501 1479 559 1510 sed
582 1480 754 1519 implicitae
778 1481 809 1510 in
831 1489 896 1510 una
926 1479 1055 1510 diaconi
1071 1485 1239 1519 potestate.

168 1526 234 1568 Sed
249 1532 364 1567 postea
388 1525 562 1566 ampliatus
581 1529 628 1554 est
652 1525 758 1554 cultus
776 1524 924 1554 divinus:
947 1529 978 1554 et
1000 1524 1145 1555 Ecclesia
1161 1522 1241 1566 (ma-

166 1570 251 1602 xime
266 1568 392 1610 Latina)
405 1569 491 1610 quod
505 1569 655 1609 implicite
669 1568 804 1599 habebat
819 1570 851 1598 in
870 1579 934 1599 uno
948 1568 1082 1606 Ordine,
1094 1569 1243 1609 explicite

166 1615 302 1646 tradidit
312 1616 344 1646 in
355 1614 500 1645 diversis.
526 1613 624 1643 Suam
641 1613 787 1643 eamdem
807 1613 930 1653 aperuit
946 1620 1086 1643 mentem
1101 1613 1134 1643 in
1151 1613 1241 1653 Opu-

167 1659 257 1690 sculo
267 1660 353 1696 XIX,
365 1669 432 1698 cap.
439 1669 481 1696 xv,
497 1658 618 1688 Contra
629 1657 852 1698 impugnantes
861 1657 1075 1697 Religionem:
1093 1657 1183 1688 Sicut
1198 1663 1242 1688 et-

168 1705 233 1735 iam
249 1705 281 1734 in
293 1704 463 1745 primitiva
479 1702 636 1739 Ecclesia,
653 1701 811 1743 inquiens,
825 1701 971 1742 fuerunt
986 1703 1048 1732 soli
1065 1701 1129 1732 duo
1148 1701 1242 1732 Ordi-

169 1757 226 1779 nes
249 1749 351 1786 sacri,
372 1748 493 1778 scilicet
510 1747 696 1787 presbyteri
719 1752 750 1777 et
772 1747 921 1777 diaconi:
949 1751 979 1776 et
1003 1751 1108 1776 tamen
1128 1752 1242 1786 postea

168 1793 315 1824 Ecclesia
330 1793 471 1823 minores
483 1791 543 1822 sibi
556 1790 696 1822 Ordines
711 1792 857 1822 instituit.
871 1791 959 1821 Num
970 1791 1046 1820 haec
1057 1790 1098 1820 ita
1109 1790 1243 1821 debeant

169 1837 301 1877 intelligi
325 1847 361 1867 ac
380 1836 406 1866 si
425 1836 564 1866 minores
587 1835 723 1866 Ordines
747 1844 784 1865 ex
803 1845 867 1866 una
883 1834 1122 1875 proficiscantur
1145 1835 1241 1865 eccle-

167 1881 290 1912 siastica
313 1880 527 1918 institutione„
548 1879 740 1910 accuratiore
765 1879 908 1909 examine
931 1889 998 1909 non
1022 1879 1184 1919 expendo:
1209 1879 1241 1909 id

165 1935 242 1956 vero
266 1931 388 1956 certum
411 1930 677 1964 compertumque
699 1930 841 1954 vetustos
866 1924 943 1954 ritus
967 1930 998 1954 et
1017 1923 1163 1964 antiquas
1180 1923 1241 1954 ori-

164 1970 253 2011 gines
276 1969 453 2000 innotuisse
476 1968 637 2009 Aquinati.

232 2013 393 2045 Sententia
408 2013 476 2044 eius
496 2012 566 2050 fuit,
586 2012 722 2043 Ordines
742 2012 877 2043 maiores
893 2023 928 2043 ac
945 2012 1146 2043 Sacramenta
1162 2012 1239 2050 duo,

158 2059 423 2100 presbyteratum
457 2053 502 2088 ac'
516 2058 739 2094 diaconatum,
764 2067 800 2087 ea
824 2056 931 2097 perfici
955 2057 1240 2087 instrumentorum

109 2106 115 2109 χ
163 2103 350 2141 traditione,
375 2112 458 2143 quae
481 2102 644 2142 propriam
671 2101 802 2131 illorum
826 2108 1015 2142 potestatem
1040 2101 1238 2141 exprimunt:

164 2157 269 2188 neque
291 2154 399 2178 tamen
423 2156 537 2176 manus
562 2145 803 2186 impositionem
825 2145 991 2186 ignoravit,
1009 2156 1087 2176 aevo
1112 2153 1240 2186 aposto-

164 2192 227 2223 lico
251 2191 436 2229 adhibitam,
461 2201 519 2233 nec
542 2191 610 2221 ullo
634 2200 779 2230 unquam
807 2197 951 2230 tempore
975 2190 1238 2230 praetermissam.

165 2237 269 2267 Verba
293 2235 360 2267 eius
384 2235 510 2276 accipe,
534 2245 616 2276 quae
640 2235 795 2265 habentur
818 2234 936 2265 ibidem
965 2245 1019 2276 qu.
1039 2245 1080 2271 11,
1107 2241 1162 2265 art.
1187 2242 1238 2265 111:

165 2281 362 2321 Episcopus,
387 2279 574 2321 inquientis,
600 2281 632 2310 in
657 2280 828 2310 collatione
855 2278 1013 2309 Ordinum
1044 2279 1108 2309 duo
1130 2278 1241 2319 facit:

160 2330 343 2366 praeparat
373 2326 456 2355 enim
491 2324 690 2354 ordinandos
720 2324 764 2354 ad
790 2323 924 2354 Ordinis
955 2325 1185 2363 susceptionem
1210 2329 1241 2354 et

172 2369 306 2400 Ordinis
314 2374 506 2410 potestatem
523 2369 632 2399 tradit.
657 2368 840 2409 Praeparat
863 2368 988 2408 quidem
1006 2374 1037 2399 et
1052 2367 1239 2398 instruendo

169 2424 222 2445 eos
245 2414 285 2444 de
310 2415 445 2454 proprio
469 2413 576 2454 officio
600 2418 631 2443 et
653 2413 777 2453 aliquid
799 2413 887 2443 circa
911 2422 965 2443 eos
996 2412 1179 2453 operando,
1205 2417 1240 2442 ut

169 2458 276 2489 idonei
290 2460 356 2489 sint
365 2462 556 2499 potestatem
573 2457 759 2497 accipiendi.
784 2457 876 2494 Quae
891 2457 1016 2497 quidem
1029 2457 1240 2497 praeparatio

169 2503 202 2533 in
227 2503 329 2533 tribus
352 2503 506 2538 consistit,
521 2502 642 2532 scilicet
655 2502 881 2538 benedictione,
902 2511 1019 2531 manus
1042 2502 1241 2541 impositione

170 2552 201 2577 et
224 2548 383 2578 unctione.
403 2547 468 2576 Per
485 2546 731 2576 benedictionem
752 2546 870 2576 divinis
883 2546 1040 2586 obsequiis
1054 2546 1240 2585 mancipan-

169 2597 224 2622 tur
247 2596 278 2622 et
301 2591 380 2632 ideo
395 2590 568 2621 benedictio
592 2591 738 2620 omnibus
753 2590 861 2621 datur.
886 2590 950 2620 Sed
970 2600 1031 2630 per
1049 2599 1166 2620 manus
1182 2590 1238 2619 im-

162 2637 356 2676 positionem
380 2635 480 2666 datur
497 2635 667 2675 plenitudo
685 2636 816 2676 gratiae
823 2643 836 2672 ;
853 2644 917 2675 per
934 2644 1031 2675 quam
1055 2633 1099 2664 ad
1119 2644 1240 2674 magna

169 2679 279 2721 officia
302 2681 367 2711 sint
391 2680 505 2710 idonei.
531 2680 574 2709 Et
598 2680 642 2710 ita
665 2680 742 2710 solis
758 2679 945 2710 diaconibus
968 2684 999 2710 et
1022 2678 1241 2709 sacerdotibus

163 2724 205 2765 fit
227 2734 345 2755 manus
368 2725 543 2765 impositio,
569 2725 645 2764 quia
669 2725 715 2754 eis
738 2726 885 2764 competit
907 2723 1100 2764 dispensatio
1124 2723 1241 2753 Sacra-

170 2773 362 2806 mentorum,
387 2770 533 2809 quamvis
557 2769 615 2798 uni
639 2773 673 2798 ut
689 2769 868 2808 principali
891 2773 921 2798 et
936 2769 1032 2799 alteri
1050 2769 1132 2798 sicut
1148 2768 1241 2797 mini-

169 2817 247 2844 stro.
280 2813 344 2844 Sed
367 2814 517 2844 unctione
539 2813 583 2843 ad
605 2813 736 2853 aliquod
759 2813 1004 2844 Sacramentum
1036 2812 1241 2843 tractandum

1291 419 1435 457 propriis
1454 419 1601 449 manibus
1620 419 1745 459 Corpus
1764 419 1884 458 Christi
1899 425 2057 461 tangunt,·
2070 421 2153 451 sicut
2167 422 2262 451 etiam
2279 424 2368 453 calix

1297 462 1469 502 inungitur
1491 464 1546 503 qui
1561 465 1701 494 continet
1724 464 1924 504 Sanguinem
1949 469 1980 494 et
1992 470 2115 504 patena
2129 475 2212 505 quae
2227 468 2367 497 continet

1298 505 1432 546 Corpus.
1458 507 1521 538 Sed
1530 509 1700 548 potestatis
1719 508 1847 539 collatio
1860 509 1907 549 fit
1923 518 1987 548 per
2001 509 2070 546 hoc,
2095 510 2180 550 quod
2202 510 2301 541 datur
2316 512 2363 541 eis

1295 550 1419 591 aliquid
1440 552 1526 592 quod
1547 552 1591 582 ad
1608 554 1778 593 proprium
1803 558 1909 583 actum
1928 554 2080 593 pertinet.

1363 595 1414 625 IV.
1430 596 1632 626 Postremum
1646 603 1691 627 est
1701 596 1939 627 Sacramentum
1955 597 2158 628 Matrimonii.
2170 598 2362 629 Edmundus

1295 639 1435 669 Martene
1454 640 1501 670 De
1525 640 1662 681 antiquis
1686 641 1842 671 Ecclesiae
1866 641 1976 672 ritibus
1997 641 2078 672 libro
2099 642 2122 680 1,
2139 642 2239 682 capite
2258 653 2299 681 rx,
2317 653 2366 673 ar—

1295 682 1393 713 ticulo
1413 694 1423 713 1
1448 684 1486 714 de
1509 685 1656 724 gradibus
1680 685 1959 725 consanguinitatis
1983 686 2115 724 disserit,
2135 687 2191 727 qui
2210 686 2297 718 iuxta
2312 697 2365 718 va—

1295 726 1374 757 riam
1397 728 1554 759 Ecclesiae
1578 729 1777 769 disciplinam
1795 730 2037 760 Matrimonium
2061 730 2258 762 dirimebant.
2283 732 2369 762 Rem·

1295 771 1376 802 hanc
1392 772 1640 803 luculentissime
1656 781 1777 804 enarrat
1787 774 1930 804 Thomas
1947 775 1990 805 IV
2006 774 2104 812 Sent.,
2125 775 2194 806 dist.
2202 786 2252 814 ιι,
2269 786 2324 816 qu.
2343 787 2365 815 1,

1296 822 1351 846 art.
1372 824 1420 846 1v:
1444 817 1635 855 Dicendum,
1661 818 1818 858 inquiens,
1843 819 1927 859 quod
1949 819 2123 849 secundum
2148 825 2292 860 tempora
2317 820 2364 851 di-

1296 869 1389 890 versa
1405 861 1568 891 invenitur
1584 862 1852 902 consanguinitas
1878 862 2052 893 secundum
2075 864 2203 904 gradus
2217 864 2363 895 diversos

1296 905 1541 935 Matrimonium
1562 906 1738 945 impedisse.
1756 906 1796 935 In
1806 907 1967 946 principio
1983 909 2065 937 enim
2082 908 2216 938 humani
2232 910 2366 948 generis

1295 949 1383 978 solus
1400 954 1499 988 pater
1515 955 1546 979 et
1561 955 1665 980 mater
1683 959 1703 979 a
1719 951 1923 980 matrimonio
1943 951 2211 991 repellebantur...
2223 952 2364 983 Postmo-

1295 992 1371 1022 dum
1395 998 1502 1023 autem
1523 994 1732 1034 multiplicato
1751 994 1892 1024 humano
1909 1004 2040 1035 genere,
2052 1005 2116 1035 per
2132 997 2235 1037 legem
2252 997 2366 1037 Moysi

1289 1036 1406 1076 plures
1422 1047 1585 1076 personae
1618 1043 1768 1078 exceptae
1790 1043 1899 1069 sunt...
1924 1038 1988 1069 Sed
2009 1040 2208 1079 postmodum
2233 1042 2264 1071 in
2290 1041 2363 1082 lege

1297 1090 1390 1117 nova,
1415 1091 1499 1121 quae
1523 1086 1569 1111 est
1592 1082 1646 1111 lex
1668 1083 1801 1122 spiritus
1824 1087 1854 1112 et
1868 1084 1999 1120 amoris,
2010 1084 2126 1123 plures
2148 1084 2274 1124 gradus
2290 1095 2363 1115 con-

1295 1125 1527 1165 sanguinitatis
1549 1131 1626 1156 sunt
1642 1126 1828 1165 prohibiti...
1852 1126 1896 1156 Et
1914 1127 1983 1157 ideo
2006 1129 2183 1168 antiquitus
2207 1138 2306 1169 usque
2321 1129 2365 1160 ad

1296 1170 1483 1199 remotiores
1505 1169 1632 1209 gradus
1650 1171 1941 1210 consanguinitatis
1957 1173 2194 1202 matrimonium
2217 1174 2364 1213 impedie-

1295 1212 1424 1243 batur...
1437 1223 1537 1254 usque
1550 1213 1594 1244 ad
1609 1215 1775 1254 septimum
1794 1214 1968 1254 gradum...
1985 1215 2049 1245 Sed
2057 1216 2259 1255 postmodum
2277 1218 2364 1248 circa

1295 1257 1375 1287 haec
1398 1258 1511 1287 ultima
1536 1263 1679 1298 tempora
1699 1256 1888 1300 (innocentii
1905 1259 1946 1288 111
1971 1266 2069 1289 aetate
2088 1260 2120 1290 in
2140 1259 2286 1291 Concilio
2303 1262 2364 1292 La-

1296 1300 1472 1344 teranensi)
1497 1303 1678 1333 restrictum
1708 1308 1755 1333 est
1777 1302 1942 1333 Ecclesiae
1973 1304 2175 1334 interdictum
2200 1314 2299 1345 usque
2321 1306 2365 1336 ad

1295 1351 1446 1386 quartum
1456 1347 1609 1387 gradum.
1622 1347 1831 1387 Dispensandi
1847 1347 1880 1377 in
1895 1347 1979 1377 hisce
1994 1348 2176 1378 auctoritate
2191 1349 2290 1388 pollet
2303 1350 2362 1380 Ec-

1296 1390 1399 1421 clesia:
1417 1398 1447 1421 at
1457 1391 1624 1432 Aquinatis
1642 1391 1872 1422 animadversio
1888 1398 1934 1422 est
1947 1391 2035 1430 ibid.,
2046 1392 2184 1430 dist.x1.1,
2195 1403 2226 1433 q.
2234 1403 2255 1431 1,
2264 1400 2320 1424 art.
2330 1404 2363 1433 11,

1296 1441 1416 1475 quaest.
1432 1443 1481 1466 111:
1506 1436 1650 1466 Facilius
1666 1441 1696 1466 et
1710 1436 1784 1466 olim
1806 1441 1836 1466 et
1855 1445 1942 1466 nunc
1955 1436 2220 1476 dispensationem
2234 1437 2317 1478 fieri
2332 1439 2365 1468 in

1296 1481 1426 1510 remotis
1453 1480 1611 1521 gradibus
1643 1480 1834 1521 affinitatis,
1858 1490 1954 1521 quam
1984 1481 2016 1510 in
2048 1482 2178 1511 remotis
2209 1481 2367 1521 gradibus

1296 1526 1598 1565 consanguinitatis,
1619 1526 1694 1565 quia
1718 1524 1865 1566 affinitas
1888 1530 1935 1555 est
1957 1525 2064 1555 minus
2087 1525 2260 1556 vinculum.

1362 1569 1497 1609 Nuptias
1521 1569 1674 1599 secundas
1698 1579 1788 1609 aegre
1811 1568 1921 1599 tulisse
1936 1575 2075 1599 veterem
2094 1569 2278 1608 Ecclesiam,
2296 1569 2366 1600 lau-

1296 1613 1387 1643 datus
1411 1614 1551 1644 Martene
1575 1613 1712 1643 ostendit
1728 1623 1803 1644 curn
1826 1613 1953 1644 caeteris
1976 1613 2050 1643 viris
2069 1613 2215 1643 eruditis:
2237 1624 2365 1644 causam

1296 1657 1395 1697 aperit
1415 1668 1438 1688 s.
1450 1657 1595 1688 Thomas
1610 1657 1739 1696 ibidem,
1756 1658 1826 1688 dist.
1837 1668 1910 1696 xmr,
1927 1667 1982 1698 qu.
1991 1668 2035 1696 111,
2047 1664 2103 1699 art.
2120 1668 2131 1688 1
2147 1658 2187 1687 ad
2206 1668 2216 1687 1
2231 1665 2239 1688 :
2260 1657 2365 1699 Chry-

1295 1707 1468 1739 sostomus,
1493 1701 1655 1742 inquienS,
1680 1709 1711 1732 et
1734 1702 1786 1732 alii
1809 1702 1914 1732 Patres
1937 1702 2115 1742 loquuntur
2142 1707 2298 1742 quantum
2322 1702 2366 1733 ad

1296 1755 1439 1784 causam,
1456 1756 1539 1787 quae
1552 1746 1727 1786 aliquando
1746 1747 1826 1777 solet
1841 1746 1884 1776 ad
1898 1746 2056 1776 secundas
2071 1747 2200 1786 nuptias
2216 1747 2363 1785 incitare,

1295 1791 1417 1821 scilicet
1439 1791 1727 1831 concupiscentiam
1759 1801 1842 1831 quae
1865 1791 1960 1820 etiam
1984 1790 2027 1821 ad
2041 1790 2295 1831 fornicationem
2315 1792 2363 1821 in-

1296 1835 1382 1865 citat.
1407 1834 1539 1865 Caetera
1568 1834 1801 1875 praetermitto,
1833 1844 1915 1875 quae
1939 1834 2011 1865 data
2034 1834 2200 1865 occasione
2224 1841 2278 1866 aut
2299 1835 2365 1866 lato

1296 1888 1442 1909 sermone
1458 1879 1580 1910 disserit
1596 1885 1651 1909 aut
1670 1879 1787 1910 indicat
1801 1879 1922 1909 Doctor
1937 1879 2118 1919 Angelicus,
2135 1879 2203 1909 iure
2221 1879 2364 1910 humano

1294 1923 1435 1953 variabili
1459 1933 1518 1964 pro
1542 1930 1726 1964 temporum
1749 1923 1989 1954 circumstantiis
2012 1923 2144 1953 invecta.

1361 1967 1504 1998 Tametsi
1527 1978 1602 1998 vero
1627 1978 1728 2008 pauca
1750 1967 1862 1998 veteris
1886 1977 1922 1998 ac
1944 1967 2047 1997 variae
2071 1967 2293 1998 ecclesiasticae
2318 1967 2364 1997 di-

1294 2012 1443 2052 sciplinae
1473 2013 1615 2053 exempla
1643 2013 1795 2043 hactenus
1827 2011 2069 2050 adduxerimus,
2094 2022 2130 2042 ea
2153 2018 2260 2042 tamen
2292 2011 2365 2042 satis

1294 2066 1361 2087 esse
1385 2057 1456 2098 quis
1480 2066 1546 2087 non
1569 2057 1683 2095 videat,
1708 2063 1744 2087 ut
1766 2066 1932 2097 perperam
1955 2066 1991 2087 ac
2013 2056 2128 2086 iniuria
2151 2066 2170 2086 a
2187 2056 2270 2096 gallo
2293 2055 2366 2086 scri-

1294 2108 1385 2141 ptore
1409 2101 1529 2132 dictum
1557 2101 1752 2139 innotescat,
1784 2102 1948 2141 antiquam
1981 2101 2123 2131 scrutari
2146 2105 2177 2130 et
2199 2100 2366 2130 addiscere

1293 2145 1458 2176 Ecclesiae
1489 2146 1690 2186 disciplinam
1725 2155 1787 2176 non
1812 2146 1976 2176 curavisse
2010 2145 2182 2175 Tkomam:
2205 2144 2363 2174 existima-

1293 2197 1427 2230 tumque
1451 2191 1490 2220 ab
1513 2190 1584 2230 ipso
1607 2200 1643 2220 ac
1663 2190 1789 2220 caeteris
1806 2189 1873 2219 eius
1889 2189 1957 2219 aevi
1974 2188 2140 2228 magistris,
2160 2188 2362 2228 disciplinam

1294 2235 1383 2264 illam
1407 2244 1532 2275 semper
1561 2240 1741 2271 servatam,
1766 2243 1849 2274 quae
1879 2234 2006 2274 ulgebat
2037 2243 2146 2263 eorum
2180 2238 2305 2263 aetate:
2327 2242 2364 2263 ac

1293 2280 1486 2309 mutationes
1508 2279 1634 2309 demum
1659 2280 1847 2319 ignorasse,
1872 2287 1955 2318 quae
1986 2283 2162 2317 temporum
2192 2286 2289 2307 cursu
2314 2277 2362 2307 la-

1293 2323 1384 2354 bente
1407 2324 1614 2364 contigerunt
1637 2324 1669 2353 in
1688 2323 1971 2353 Sacramentorum
1991 2322 2279 2352 administratione.
2300 2321 2364 2351 Ne-

1292 2378 1355 2408 que
1378 2367 1459 2398 hanc
1483 2367 1669 2397 eruditionis
1693 2373 1834 2406 partem,
1863 2376 1927 2407 qua
1950 2366 2089 2406 pollebat
2107 2365 2269 2406 Aquinas,
2293 2371 2360 2395 tarn

1294 2412 1386 2442 altius
1411 2412 1540 2442 evehere
1565 2411 1643 2441 mihi
1667 2411 1792 2441 animus
1816 2417 1872 2449 est,
1897 2417 1933 2441 ut
1954 2410 2066 2440 viderit
2090 2409 2157 2450 ipse
2181 2419 2216 2439 ac
2240 2409 2365 2440 sciverit

1294 2454 1398 2498 (quod
1421 2456 1494 2486 alibi
1518 2453 1746 2498 observatum),
1771 2465 1852 2495 quae
1875 2454 2003 2485 nonnisi
2027 2461 2100 2494 post
2119 2453 2210 2494 plura
2229 2453 2363 2491 saecula,

1294 2507 1367 2540 post
1390 2500 1554 2540 improbos
1578 2500 1760 2531 criticorum
1775 2499 1909 2536 labores,
1924 2506 1998 2539 post
2013 2498 2180 2529 innumera
2197 2508 2214 2528 e
2228 2497 2364 2528 tenebris

1294 2551 1383 2575 eruta
1405 2544 1599 2585 antiquitatis
1623 2550 1834 2574 monumenta
1857 2543 2049 2574 effulserunt.
2075 2542 2178 2573 Satius
2203 2549 2267 2572 erat
2290 2541 2363 2572 scri-

1292 2589 1375 2629 ptori
1406 2589 1490 2630 gallo
1521 2589 1715 2630 Aquinatem
1746 2598 1820 2618 cum
1843 2587 1977 2618 Erasmo
2013 2587 2183 2618 celebrare:
2220 2586 2284 2623 Qui
2307 2587 2357 2623 iis,

1294 2643 1377 2674 quae
1396 2643 1458 2673 per
1480 2643 1550 2663 eam
1574 2638 1789 2673 tempestatem
1809 2632 1982 2669 dabantur,
2001 2637 2064 2662 tam
2084 2631 2198 2661 dextre
2216 2631 2258 2660 sit
2272 2639 2360 2667 usus,

1295 2686 1331 2709 ut
1349 2677 1456 2708 nullus
1472 2677 1567 2708 etiam
1583 2678 1797 2708 recentiorum
1814 2676 2035 2717 theologorum
2053 2675 2102 2713 sit,
2120 2676 2173 2706 cui
2181 2685 2248 2714 par
2254 2674 2366 2715 fuerit

1295 2723 1476 2763 diligentia,
1501 2723 1554 2752 cui
1568 2723 1681 2752 sanius
1697 2722 1875 2762 ingenium,
1891 2722 1944 2751 cui
1961 2721 2095 2751 solidior
2110 2719 2257 2750 eruditio.
2278 2717 2364 2759 (An-

1297 2772 1395 2798 notat.
1417 2767 1461 2797 ad
1481 2777 1550 2806 cap.
1565 2777 1576 2796 1
1599 2766 1701 2807 Epist.
1716 2766 1760 2796 ad
1784 2766 1921 2796 Roman.
1943 2775 1972 2796 ν.
1991 2763 2048 2806 4).
2079 2765 2276 2795 Postremam
2304 2772 2367 2792 no-

1296 2819 1393 2842 stram
1416 2811 1548 2842 consule
1570 2810 1841 2841 Dissertationem.
