<?xml version="1.0" encoding="UTF-8"?>
<!DOCTYPE html PUBLIC "-//W3C//DTD XHTML 1.0 Transitional//EN"
    "http://www.w3.org/TR/xhtml1/DTD/xhtml1-transitional.dtd">
<html xmlns="http://www.w3.org/1999/xhtml" xml:lang="en" lang="en">
 <head>
  <title>
</title>
<meta http-equiv="Content-Type" content="text/html;charset=utf-8" />
  <meta name='ocr-system' content='tesseract 3.04.00' />
  <meta name='ocr-capabilities' content='ocr_page ocr_carea ocr_par ocr_line ocrx_word'/>
</head>
<body>
  <div class='ocr_page' id='page_1' title='image "./operaomniaiussui01thom/operaomniaiussui01thom_0768.png"; bbox 0 0 2788 4204; ppageno 0'>
   <div class='ocr_carea' id='block_1_1' title="bbox 84 2444 258 2475">
    <p class='ocr_par' dir='ltr' id='par_1_1' title="bbox 84 2444 258 2475">
     <span class='ocr_line' id='line_1_1' title="bbox 84 2444 258 2475; baseline 0 -9"><span class='ocrx_word' id='word_1_1' title='bbox 84 2470 93 2475; x_wconf 30' lang='grc' dir='ltr'>κ</span> <span class='ocrx_word' id='word_1_2' title='bbox 129 2446 138 2454; x_wconf 93' lang='grc'>·</span> <span class='ocrx_word' id='word_1_3' title='bbox 153 2444 222 2466; x_wconf 83' lang='lat' dir='ltr'>Num.</span> <span class='ocrx_word' id='word_1_4' title='bbox 238 2451 258 2472; x_wconf 92' lang='lat'>7.</span> 
     </span>
    </p>
   </div>
   <div class='ocr_carea' id='block_1_2' title="bbox 413 321 1413 779">
    <p class='ocr_par' dir='ltr' id='par_1_2' title="bbox 413 321 1413 779">
     <span class='ocr_line' id='line_1_2' title="bbox 413 321 1407 381; baseline -0.015 -13"><span class='ocrx_word' id='word_1_5' title='bbox 413 336 508 381; x_wconf 83' lang='grc' dir='ltr'><strong>γένος</strong></span> <span class='ocrx_word' id='word_1_6' title='bbox 533 333 554 371; x_wconf 76' lang='grc' dir='ltr'>ἦ</span> <span class='ocrx_word' id='word_1_7' title='bbox 580 333 668 374; x_wconf 79' lang='grc' dir='ltr'>νοῦς,</span> <span class='ocrx_word' id='word_1_8' title='bbox 696 334 730 363; x_wconf 84' lang='grc' dir='ltr'>αἱ</span> <span class='ocrx_word' id='word_1_9' title='bbox 754 326 782 362; x_wconf 71' lang='grc' dir='ltr'>δ’</span> <span class='ocrx_word' id='word_1_10' title='bbox 814 331 916 374; x_wconf 81' lang='grc' dir='ltr'>ἀρχαὶ</span> <span class='ocrx_word' id='word_1_11' title='bbox 933 330 997 361; x_wconf 78' lang='grc' dir='ltr'>τῶν</span> <span class='ocrx_word' id='word_1_12' title='bbox 1018 321 1221 365; x_wconf 69' lang='grc' dir='ltr'>ἀποδείξεων</span> <span class='ocrx_word' id='word_1_13' title='bbox 1239 323 1407 369; x_wconf 78' lang='grc' dir='ltr'>γνωριμώ-</span> 
     </span>
     <span class='ocr_line' id='line_1_3' title="bbox 414 369 1407 425; baseline -0.015 -12"><span class='ocrx_word' id='word_1_14' title='bbox 414 391 530 425; x_wconf 64' lang='lat' dir='ltr'>repat,</span> <span class='ocrx_word' id='word_1_15' title='bbox 564 375 736 420; x_wconf 76' lang='grc' dir='ltr'>ἐπιστήμη</span> <span class='ocrx_word' id='word_1_16' title='bbox 769 370 797 406; x_wconf 74' lang='grc' dir='ltr'>δ’</span> <span class='ocrx_word' id='word_1_17' title='bbox 829 373 949 406; x_wconf 72' lang='grc' dir='ltr'>ἅπασα</span> <span class='ocrx_word' id='word_1_18' title='bbox 974 370 1064 414; x_wconf 70' lang='grc' dir='ltr'>μετὰ</span> <span class='ocrx_word' id='word_1_19' title='bbox 1086 369 1189 414; x_wconf 83' lang='grc' dir='ltr'>λόγου</span> <span class='ocrx_word' id='word_1_20' title='bbox 1220 369 1313 409; x_wconf 75' lang='grc' dir='ltr'>ἐστί,</span> <span class='ocrx_word' id='word_1_21' title='bbox 1341 369 1407 399; x_wconf 84' lang='grc' dir='ltr'>τῶν</span> 
     </span>
     <span class='ocr_line' id='line_1_4' title="bbox 417 408 1411 477; baseline -0.015 -20"><span class='ocrx_word' id='word_1_22' title='bbox 417 425 524 477; x_wconf 54' lang='grc' dir='ltr'>ἀρχῶν</span> <span class='ocrx_word' id='word_1_23' title='bbox 544 421 716 466; x_wconf 74' lang='grc' dir='ltr'>ἐπιστήμη</span> <span class='ocrx_word' id='word_1_24' title='bbox 743 419 801 462; x_wconf 78' lang='grc' dir='ltr'>μὲν</span> <span class='ocrx_word' id='word_1_25' title='bbox 828 419 887 450; x_wconf 78' lang='grc' dir='ltr'>οὐκ</span> <span class='ocrx_word' id='word_1_26' title='bbox 908 417 945 448; x_wconf 75' lang='grc' dir='ltr'>ἂν</span> <span class='ocrx_word' id='word_1_27' title='bbox 964 418 1028 456; x_wconf 74' lang='grc' dir='ltr'><strong>εἴη,</strong></span> <span class='ocrx_word' id='word_1_28' title='bbox 1055 415 1127 446; x_wconf 74' lang='grc' dir='ltr'>ἐπεὶ</span> <span class='ocrx_word' id='word_1_29' title='bbox 1146 409 1177 444; x_wconf 77' lang='grc' dir='ltr'>δ’</span> <span class='ocrx_word' id='word_1_30' title='bbox 1209 408 1303 444; x_wconf 76' lang='grc' dir='ltr'>οὐδὲν</span> <span class='ocrx_word' id='word_1_31' title='bbox 1331 413 1411 449; x_wconf 81' lang='grc' dir='ltr'>ἀλη-</span> 
     </span>
     <span class='ocr_line' id='line_1_5' title="bbox 415 455 1408 512; baseline -0.014 -11"><span class='ocrx_word' id='word_1_32' title='bbox 415 469 569 512; x_wconf 73' lang='grc' dir='ltr'>θεστερον</span> <span class='ocrx_word' id='word_1_33' title='bbox 596 462 773 511; x_wconf 77' lang='grc' dir='ltr'>ἐνδέχεται</span> <span class='ocrx_word' id='word_1_34' title='bbox 798 460 883 494; x_wconf 78' lang='grc' dir='ltr'><strong>εἶναι</strong></span> <span class='ocrx_word' id='word_1_35' title='bbox 901 460 1093 502; x_wconf 74' lang='grc' dir='ltr'>ἐπιστήμης</span> <span class='ocrx_word' id='word_1_36' title='bbox 1119 457 1139 494; x_wconf 77' lang='grc' dir='ltr'>ἦ</span> <span class='ocrx_word' id='word_1_37' title='bbox 1166 458 1350 511; x_wconf 50' lang='grc' dir='ltr'>νοῦν,,νοῦς</span> <span class='ocrx_word' id='word_1_38' title='bbox 1371 455 1408 488; x_wconf 77' lang='grc' dir='ltr'>ἄν</span> 
     </span>
     <span class='ocr_line' id='line_1_6' title="bbox 416 502 1412 555; baseline -0.014 -9"><span class='ocrx_word' id='word_1_39' title='bbox 416 516 464 551; x_wconf 82' lang='grc' dir='ltr'>εἴη</span> <span class='ocrx_word' id='word_1_40' title='bbox 491 513 557 545; x_wconf 79' lang='grc' dir='ltr'>τῶν</span> <span class='ocrx_word' id='word_1_41' title='bbox 578 511 701 555; x_wconf 75' lang='grc' dir='ltr'>ἀρχῶν,</span> <span class='ocrx_word' id='word_1_42' title='bbox 721 508 756 539; x_wconf 78' lang='grc' dir='ltr'>ἔκ</span> <span class='ocrx_word' id='word_1_43' title='bbox 781 520 819 539; x_wconf 78' lang='grc' dir='ltr'>τε</span> <span class='ocrx_word' id='word_1_44' title='bbox 845 505 977 538; x_wconf 77' lang='grc' dir='ltr'>τούτων</span> <span class='ocrx_word' id='word_1_45' title='bbox 995 504 1159 535; x_wconf 79' lang='grc' dir='ltr'>σκοποῦσι</span> <span class='ocrx_word' id='word_1_46' title='bbox 1176 503 1234 533; x_wconf 76' lang='grc' dir='ltr'>καὶ</span> <span class='ocrx_word' id='word_1_47' title='bbox 1253 502 1307 534; x_wconf 79' lang='grc' dir='ltr'>ὁτι</span> <span class='ocrx_word' id='word_1_48' title='bbox 1327 502 1412 533; x_wconf 82' lang='grc' dir='ltr'>ἀπο-</span> 
     </span>
     <span class='ocr_line' id='line_1_7' title="bbox 416 542 1411 599; baseline -0.012 -10"><span class='ocrx_word' id='word_1_49' title='bbox 416 554 547 593; x_wconf 68' lang='grc' dir='ltr'>δείῗεως</span> <span class='ocrx_word' id='word_1_50' title='bbox 576 555 661 599; x_wconf 74' lang='grc' dir='ltr'>ἀοχή</span> <span class='ocrx_word' id='word_1_51' title='bbox 688 553 747 585; x_wconf 81' lang='grc' dir='ltr'>οὐκ.</span> <span class='ocrx_word' id='word_1_52' title='bbox 778 546 969 590; x_wconf 79' lang='grc' dir='ltr'>ἀπόδειξις,</span> <span class='ocrx_word' id='word_1_53' title='bbox 1003 547 1085 580; x_wconf 78' lang='grc' dir='ltr'>ὥστ’</span> <span class='ocrx_word' id='word_1_54' title='bbox 1117 542 1188 578; x_wconf 75' lang='grc' dir='ltr'>οὐδ’</span> <span class='ocrx_word' id='word_1_55' title='bbox 1219 546 1411 588; x_wconf 74' lang='grc' dir='ltr'>ἐπιστήμης</span> 
     </span>
     <span class='ocr_line' id='line_1_8' title="bbox 419 585 1411 645; baseline -0.014 -11"><span class='ocrx_word' id='word_1_56' title='bbox 419 585 604 645; x_wconf 49' lang='grc' dir='ltr'>ὲπῑστήμηῖ</span> <span class='ocrx_word' id='word_1_57' title='bbox 632 599 669 629; x_wconf 84' lang='grc' dir='ltr'>Εἰ</span> <span class='ocrx_word' id='word_1_58' title='bbox 694 595 750 628; x_wconf 71' lang='grc' dir='ltr'>οὖν</span> <span class='ocrx_word' id='word_1_59' title='bbox 775 591 877 638; x_wconf 72' lang='grc' dir='ltr'>μηδὲν</span> <span class='ocrx_word' id='word_1_60' title='bbox 899 595 983 626; x_wconf 77' lang='grc' dir='ltr'>ἄλλο</span> <span class='ocrx_word' id='word_1_61' title='bbox 1002 593 1079 635; x_wconf 83' lang='grc' dir='ltr'>παρ’</span> <span class='ocrx_word' id='word_1_62' title='bbox 1103 589 1297 634; x_wconf 72' lang='grc' dir='ltr'>ἐπιστήμην</span> <span class='ocrx_word' id='word_1_63' title='bbox 1316 590 1411 637; x_wconf 76' lang='grc' dir='ltr'>γένος</span> 
     </span>
     <span class='ocr_line' id='line_1_9' title="bbox 420 634 1413 690; baseline -0.013 -13"><span class='ocrx_word' id='word_1_64' title='bbox 420 647 539 690; x_wconf 76' lang='grc' dir='ltr'>ἔχομεν</span> <span class='ocrx_word' id='word_1_65' title='bbox 567 642 706 682; x_wconf 82' lang='grc' dir='ltr'>ἀληθές,</span> <span class='ocrx_word' id='word_1_66' title='bbox 733 641 808 677; x_wconf 82' lang='grc' dir='ltr'>νοῦς</span> <span class='ocrx_word' id='word_1_67' title='bbox 835 638 873 671; x_wconf 75' lang='grc' dir='ltr'>ἂν</span> <span class='ocrx_word' id='word_1_68' title='bbox 908 640 957 675; x_wconf 80' lang='grc' dir='ltr'>εἴη</span> <span class='ocrx_word' id='word_1_69' title='bbox 985 636 1112 672; x_wconf 73' lang='grc' dir='ltr'>ἐπι-στῆ</span> <span class='ocrx_word' id='word_1_70' title='bbox 1140 648 1178 673; x_wconf 80' lang='grc' dir='ltr'>ης</span> <span class='ocrx_word' id='word_1_71' title='bbox 1210 634 1312 680; x_wconf 86' lang='grc' dir='ltr'>ἀρχή.</span> <span class='ocrx_word' id='word_1_72' title='bbox 1346 636 1413 665; x_wconf 83' lang='grc' dir='ltr'>Καὶ</span> 
     </span>
     <span class='ocr_line' id='line_1_10' title="bbox 420 680 1413 733; baseline -0.012 -12"><span class='ocrx_word' id='word_1_73' title='bbox 420 692 440 726; x_wconf 77' lang='grc' dir='ltr'>ἡ</span> <span class='ocrx_word' id='word_1_74' title='bbox 466 690 523 733; x_wconf 75' lang='grc' dir='ltr'>μὲν</span> <span class='ocrx_word' id='word_1_75' title='bbox 552 687 638 732; x_wconf 79' lang='grc' dir='ltr'>ἀρχή</span> <span class='ocrx_word' id='word_1_76' title='bbox 663 686 725 722; x_wconf 80' lang='grc' dir='ltr'>τῆς</span> <span class='ocrx_word' id='word_1_77' title='bbox 760 685 865 729; x_wconf 80' lang='grc' dir='ltr'>ἀρχῆς</span> <span class='ocrx_word' id='word_1_78' title='bbox 890 685 938 719; x_wconf 82' lang='grc' dir='ltr'>εἴη</span> <span class='ocrx_word' id='word_1_79' title='bbox 974 682 1033 722; x_wconf 80' lang='grc' dir='ltr'>ἄν,</span> <span class='ocrx_word' id='word_1_80' title='bbox 1061 682 1080 718; x_wconf 82' lang='grc' dir='ltr'>ή</span> <span class='ocrx_word' id='word_1_81' title='bbox 1131 681 1144 713; x_wconf 79' lang='grc' dir='ltr'>ἐ</span> <span class='ocrx_word' id='word_1_82' title='bbox 1170 681 1267 712; x_wconf 81' lang='grc' dir='ltr'>πᾶσα</span> <span class='ocrx_word' id='word_1_83' title='bbox 1294 680 1413 722; x_wconf 72' lang='grc' dir='ltr'><strong>ὁμοίως</strong></span> 
     </span>
     <span class='ocr_line' id='line_1_11' title="bbox 423 729 959 779; baseline -0.013 -14"><span class='ocrx_word' id='word_1_84' title='bbox 423 735 490 779; x_wconf 82' lang='grc' dir='ltr'>ἔχει</span> <span class='ocrx_word' id='word_1_85' title='bbox 515 733 593 777; x_wconf 75' lang='grc' dir='ltr'>πρὸς</span> <span class='ocrx_word' id='word_1_86' title='bbox 618 730 660 763; x_wconf 63' lang='lat' dir='ltr'>*td</span> <span class='ocrx_word' id='word_1_87' title='bbox 688 729 778 762; x_wconf 79' lang='grc' dir='ltr'>ἅπαν</span> <span class='ocrx_word' id='word_1_88' title='bbox 805 729 959 773; x_wconf 80' lang='grc' dir='ltr'>πρᾶγμα.</span> 
     </span>
    </p>
   </div>
   <div class='ocr_carea' id='block_1_3' title="bbox 357 874 1426 1513">
    <p class='ocr_par' dir='ltr' id='par_1_3' title="bbox 357 874 1426 1513">
     <span class='ocr_line' id='line_1_12' title="bbox 417 874 1417 916; baseline -0.011 -5"><span class='ocrx_word' id='word_1_89' title='bbox 417 885 561 911; x_wconf 79' lang='lat' dir='ltr'>SYNOPSIS.</span> <span class='ocrx_word' id='word_1_90' title='bbox 582 898 615 902; x_wconf 96' lang='lat'><em>-</em></span> <span class='ocrx_word' id='word_1_91' title='bbox 643 890 666 908; x_wconf 92' lang='lat'>1.</span> <span class='ocrx_word' id='word_1_92' title='bbox 688 881 898 916; x_wconf 87' lang='lat' dir='ltr'>Argumentum</span> <span class='ocrx_word' id='word_1_93' title='bbox 925 883 952 905; x_wconf 93' lang='lat' dir='ltr'>et</span> <span class='ocrx_word' id='word_1_94' title='bbox 974 875 1075 904; x_wconf 91' lang='lat' dir='ltr'>divisio</span> <span class='ocrx_word' id='word_1_95' title='bbox 1096 881 1198 903; x_wconf 89' lang='lat' dir='ltr'>textus.</span> <span class='ocrx_word' id='word_1_96' title='bbox 1216 891 1235 895; x_wconf 95' lang='lat'><em>—</em></span> <span class='ocrx_word' id='word_1_97' title='bbox 1260 881 1287 901; x_wconf 90' lang='lat'>2.</span> <span class='ocrx_word' id='word_1_98' title='bbox 1309 874 1417 901; x_wconf 92' lang='lat' dir='ltr'>Textus</span> 
     </span>
     <span class='ocr_line' id='line_1_13' title="bbox 357 917 1419 956; baseline -0.011 -4"><span class='ocrx_word' id='word_1_99' title='bbox 357 922 528 956; x_wconf 88' lang='lat' dir='ltr'>subdivisio;</span> <span class='ocrx_word' id='word_1_100' title='bbox 550 928 578 949; x_wconf 89' lang='lat' dir='ltr'>et</span> <span class='ocrx_word' id='word_1_101' title='bbox 598 921 634 948; x_wconf 91' lang='lat' dir='ltr'>de</span> <span class='ocrx_word' id='word_1_102' title='bbox 654 919 775 947; x_wconf 89' lang='lat' dir='ltr'>utilitate</span> <span class='ocrx_word' id='word_1_103' title='bbox 797 917 952 945; x_wconf 84' lang='lat' dir='ltr'>definiendi</span> <span class='ocrx_word' id='word_1_104' title='bbox 974 917 1095 944; x_wconf 89' lang='lat' dir='ltr'>modum</span> <span class='ocrx_word' id='word_1_105' title='bbox 1117 924 1177 951; x_wconf 92' lang='lat' dir='ltr'>quo</span> <span class='ocrx_word' id='word_1_106' title='bbox 1203 919 1419 951; x_wconf 91' lang='lat' dir='ltr'>cognoscuntur</span> 
     </span>
     <span class='ocr_line' id='line_1_14' title="bbox 357 954 1419 1001; baseline -0.01 -10"><span class='ocrx_word' id='word_1_107' title='bbox 357 964 449 1001; x_wconf 91' lang='lat' dir='ltr'>prima</span> <span class='ocrx_word' id='word_1_108' title='bbox 471 960 626 998; x_wconf 89' lang='lat' dir='ltr'>principia,</span> <span class='ocrx_word' id='word_1_109' title='bbox 649 968 722 996; x_wconf 91' lang='lat' dir='ltr'>quae</span> <span class='ocrx_word' id='word_1_110' title='bbox 743 959 780 986; x_wconf 89' lang='lat' dir='ltr'>ad</span> <span class='ocrx_word' id='word_1_111' title='bbox 802 957 949 985; x_wconf 89' lang='lat' dir='ltr'>scientiam</span> <span class='ocrx_word' id='word_1_112' title='bbox 971 961 1253 992; x_wconf 87' lang='lat' dir='ltr'>praesupponuntur.</span> <span class='ocrx_word' id='word_1_113' title='bbox 1268 971 1287 998; x_wconf 47' lang='grc'>-.</span> <span class='ocrx_word' id='word_1_114' title='bbox 1304 954 1329 981; x_wconf 86' lang='lat'>3.</span> <span class='ocrx_word' id='word_1_115' title='bbox 1345 954 1419 981; x_wconf 92' lang='lat' dir='ltr'>Tres</span> 
     </span>
     <span class='ocr_line' id='line_1_15' title="bbox 358 994 1418 1040; baseline -0.01 -9"><span class='ocrx_word' id='word_1_116' title='bbox 358 1002 547 1040; x_wconf 80' lang='lat' dir='ltr'>quaestiones.</span> <span class='ocrx_word' id='word_1_117' title='bbox 566 1017 585 1021; x_wconf 94' lang='lat'>-</span> <span class='ocrx_word' id='word_1_118' title='bbox 602 1009 630 1034; x_wconf 93' lang='lat'>4.</span> <span class='ocrx_word' id='word_1_119' title='bbox 647 997 853 1026; x_wconf 88' lang='lat' dir='ltr'>Ineonveniens</span> <span class='ocrx_word' id='word_1_120' title='bbox 879 1003 921 1024; x_wconf 92' lang='lat' dir='ltr'>est</span> <span class='ocrx_word' id='word_1_121' title='bbox 942 997 1022 1032; x_wconf 91' lang='lat' dir='ltr'>quod</span> <span class='ocrx_word' id='word_1_122' title='bbox 1050 996 1216 1038; x_wconf 39' lang='lat' dir='ltr'>habeamus.</span> <span class='ocrx_word' id='word_1_123' title='bbox 1230 994 1346 1021; x_wconf 83' lang='lat' dir='ltr'>insitam</span> <span class='ocrx_word' id='word_1_124' title='bbox 1368 1002 1418 1021; x_wconf 89' lang='lat' dir='ltr'>co-</span> 
     </span>
     <span class='ocr_line' id='line_1_16' title="bbox 358 1033 1418 1080; baseline -0.01 -9"><span class='ocrx_word' id='word_1_125' title='bbox 358 1042 516 1080; x_wconf 87' lang='lat' dir='ltr'>gnitionem</span> <span class='ocrx_word' id='word_1_126' title='bbox 538 1039 754 1076; x_wconf 81' lang='lat' dir='ltr'>principiorum,</span> <span class='ocrx_word' id='word_1_127' title='bbox 770 1044 797 1065; x_wconf 87' lang='lat' dir='ltr'>et</span> <span class='ocrx_word' id='word_1_128' title='bbox 818 1046 872 1064; x_wconf 91' lang='lat' dir='ltr'>nos</span> <span class='ocrx_word' id='word_1_129' title='bbox 893 1037 996 1064; x_wconf 86' lang='lat' dir='ltr'>lateat:</span> <span class='ocrx_word' id='word_1_130' title='bbox 1022 1034 1149 1072; x_wconf 85' lang='lat' dir='ltr'>cognitio</span> <span class='ocrx_word' id='word_1_131' title='bbox 1171 1043 1249 1062; x_wconf 83' lang='lat' dir='ltr'>enim</span> <span class='ocrx_word' id='word_1_132' title='bbox 1271 1042 1345 1070; x_wconf 89' lang='lat' dir='ltr'>quae</span> <span class='ocrx_word' id='word_1_133' title='bbox 1367 1033 1418 1061; x_wconf 89' lang='lat' dir='ltr'>ha-</span> 
     </span>
     <span class='ocr_line' id='line_1_17' title="bbox 357 1073 1418 1117; baseline -0.009 -7"><span class='ocrx_word' id='word_1_134' title='bbox 357 1084 440 1111; x_wconf 90' lang='lat' dir='ltr'>betur</span> <span class='ocrx_word' id='word_1_135' title='bbox 462 1090 514 1117; x_wconf 90' lang='lat' dir='ltr'>per</span> <span class='ocrx_word' id='word_1_136' title='bbox 534 1077 818 1111; x_wconf 85' lang='lat' dir='ltr'>demonstrationem,</span> <span class='ocrx_word' id='word_1_137' title='bbox 835 1086 895 1104; x_wconf 94' lang='lat' dir='ltr'>non</span> <span class='ocrx_word' id='word_1_138' title='bbox 910 1081 1005 1112; x_wconf 88' lang='lat' dir='ltr'>potest</span> <span class='ocrx_word' id='word_1_139' title='bbox 1025 1084 1080 1102; x_wconf 88' lang='lat' dir='ltr'>nos</span> <span class='ocrx_word' id='word_1_140' title='bbox 1101 1075 1206 1109; x_wconf 88' lang='lat' dir='ltr'>latere;</span> <span class='ocrx_word' id='word_1_141' title='bbox 1235 1083 1303 1110; x_wconf 90' lang='lat' dir='ltr'>ergo</span> <span class='ocrx_word' id='word_1_142' title='bbox 1326 1073 1418 1101; x_wconf 90' lang='lat' dir='ltr'>multo</span> 
     </span>
     <span class='ocr_line' id='line_1_18' title="bbox 358 1113 1420 1157; baseline -0.009 -7"><span class='ocrx_word' id='word_1_143' title='bbox 358 1122 453 1150; x_wconf 89' lang='lat' dir='ltr'>minus</span> <span class='ocrx_word' id='word_1_144' title='bbox 466 1126 561 1157; x_wconf 87' lang='lat' dir='ltr'>potest</span> <span class='ocrx_word' id='word_1_145' title='bbox 575 1128 636 1147; x_wconf 91' lang='lat' dir='ltr'>esse</span> <span class='ocrx_word' id='word_1_146' title='bbox 650 1118 680 1146; x_wconf 91' lang='lat' dir='ltr'>in</span> <span class='ocrx_word' id='word_1_147' title='bbox 695 1117 779 1145; x_wconf 92' lang='lat' dir='ltr'>nobis</span> <span class='ocrx_word' id='word_1_148' title='bbox 793 1116 919 1153; x_wconf 84' lang='lat' dir='ltr'>cognitio</span> <span class='ocrx_word' id='word_1_149' title='bbox 934 1114 1160 1152; x_wconf 82' lang='lat' dir='ltr'>principiorum,</span> <span class='ocrx_word' id='word_1_150' title='bbox 1179 1123 1213 1142; x_wconf 93' lang='lat' dir='ltr'>ex</span> <span class='ocrx_word' id='word_1_151' title='bbox 1228 1113 1333 1150; x_wconf 91' lang='lat' dir='ltr'>quibus</span> <span class='ocrx_word' id='word_1_152' title='bbox 1347 1113 1420 1141; x_wconf 86' lang='lat' dir='ltr'>fiunt</span> 
     </span>
     <span class='ocr_line' id='line_1_19' title="bbox 359 1153 1420 1198; baseline -0.009 -8"><span class='ocrx_word' id='word_1_153' title='bbox 359 1159 626 1194; x_wconf 85' lang='lat' dir='ltr'>demonstrationes,</span> <span class='ocrx_word' id='word_1_154' title='bbox 642 1165 669 1186; x_wconf 92' lang='lat' dir='ltr'>et</span> <span class='ocrx_word' id='word_1_155' title='bbox 684 1167 738 1186; x_wconf 89' lang='lat' dir='ltr'>nos</span> <span class='ocrx_word' id='word_1_156' title='bbox 753 1157 876 1184; x_wconf 90' lang='lat' dir='ltr'>latere.-</span> <span class='ocrx_word' id='word_1_157' title='bbox 889 1156 914 1183; x_wconf 89' lang='lat'>5.</span> <span class='ocrx_word' id='word_1_158' title='bbox 938 1155 1013 1190; x_wconf 89' lang='lat' dir='ltr'>Quia</span> <span class='ocrx_word' id='word_1_159' title='bbox 1034 1161 1130 1182; x_wconf 90' lang='lat' dir='ltr'>autem</span> <span class='ocrx_word' id='word_1_160' title='bbox 1152 1153 1223 1182; x_wconf 89' lang='lat' dir='ltr'>nihil</span> <span class='ocrx_word' id='word_1_161' title='bbox 1244 1153 1420 1198; x_wconf 70' lang='lat' dir='ltr'>addiscimus</span> 
     </span>
     <span class='ocr_line' id='line_1_20' title="bbox 358 1194 1421 1239; baseline -0.008 -10"><span class='ocrx_word' id='word_1_162' title='bbox 358 1201 413 1230; x_wconf 90' lang='lat' dir='ltr'>nisi</span> <span class='ocrx_word' id='word_1_163' title='bbox 434 1210 467 1228; x_wconf 87' lang='lat' dir='ltr'>ex</span> <span class='ocrx_word' id='word_1_164' title='bbox 494 1198 691 1236; x_wconf 86' lang='lat' dir='ltr'>praeexistenti</span> <span class='ocrx_word' id='word_1_165' title='bbox 719 1196 899 1233; x_wconf 87' lang='lat' dir='ltr'>cognitione;</span> <span class='ocrx_word' id='word_1_166' title='bbox 921 1202 948 1223; x_wconf 95' lang='lat' dir='ltr'>et</span> <span class='ocrx_word' id='word_1_167' title='bbox 970 1204 1003 1222; x_wconf 91' lang='lat' dir='ltr'>ex</span> <span class='ocrx_word' id='word_1_168' title='bbox 1017 1194 1226 1239; x_wconf 36' lang='lat' dir='ltr'>’praeexistenti</span> <span class='ocrx_word' id='word_1_169' title='bbox 1246 1196 1421 1238; x_wconf 67' lang='lat' dir='ltr'>Jcogmtione</span> 
     </span>
     <span class='ocr_line' id='line_1_21' title="bbox 359 1235 1421 1279; baseline -0.008 -10"><span class='ocrx_word' id='word_1_170' title='bbox 359 1250 419 1270; x_wconf 89' lang='lat' dir='ltr'>non</span> <span class='ocrx_word' id='word_1_171' title='bbox 440 1245 561 1277; x_wconf 88' lang='lat' dir='ltr'>possunt</span> <span class='ocrx_word' id='word_1_172' title='bbox 575 1238 682 1275; x_wconf 91' lang='lat' dir='ltr'>acquiri</span> <span class='ocrx_word' id='word_1_173' title='bbox 697 1236 844 1274; x_wconf 89' lang='lat' dir='ltr'>principia,</span> <span class='ocrx_word' id='word_1_174' title='bbox 867 1235 935 1272; x_wconf 90' lang='lat' dir='ltr'>quia</span> <span class='ocrx_word' id='word_1_175' title='bbox 956 1241 1078 1263; x_wconf 89' lang='lat' dir='ltr'>cert1ora</span> <span class='ocrx_word' id='word_1_176' title='bbox 1096 1241 1166 1279; x_wconf 73' lang='lat' dir='ltr'>sunt</span> <span class='ocrx_word' id='word_1_177' title='bbox 1188 1241 1216 1262; x_wconf 91' lang='lat' dir='ltr'>et</span> <span class='ocrx_word' id='word_1_178' title='bbox 1229 1240 1421 1279; x_wconf 49' lang='lat' dir='ltr'>&#39;causafertl-</span> 
     </span>
     <span class='ocr_line' id='line_1_22' title="bbox 359 1274 1423 1315; baseline -0.007 -7"><span class='ocrx_word' id='word_1_179' title='bbox 359 1280 465 1309; x_wconf 87' lang='lat' dir='ltr'>tudinis</span> <span class='ocrx_word' id='word_1_180' title='bbox 487 1288 588 1307; x_wconf 92' lang='lat' dir='ltr'>eorum</span> <span class='ocrx_word' id='word_1_181' title='bbox 608 1287 681 1315; x_wconf 90' lang='lat' dir='ltr'>quae</span> <span class='ocrx_word' id='word_1_182' title='bbox 697 1278 838 1305; x_wconf 89' lang='lat' dir='ltr'>habentur</span> <span class='ocrx_word' id='word_1_183' title='bbox 850 1285 902 1312; x_wconf 90' lang='lat' dir='ltr'>per</span> <span class='ocrx_word' id='word_1_184' title='bbox 916 1276 1212 1309; x_wconf 79' lang='lat' dir='ltr'>demonstrationem3</span> <span class='ocrx_word' id='word_1_185' title='bbox 1228 1274 1294 1302; x_wconf 82' lang='lat' dir='ltr'>ldeo</span> <span class='ocrx_word' id='word_1_186' title='bbox 1309 1274 1423 1301; x_wconf 83' lang='lat' dir='ltr'>Videtur</span> 
     </span>
     <span class='ocr_line' id='line_1_23' title="bbox 361 1313 1420 1358; baseline -0.007 -10"><span class='ocrx_word' id='word_1_187' title='bbox 361 1321 440 1358; x_wconf 92' lang='lat' dir='ltr'>quod</span> <span class='ocrx_word' id='word_1_188' title='bbox 463 1318 576 1348; x_wconf 90' lang='lat' dir='ltr'>habitus</span> <span class='ocrx_word' id='word_1_189' title='bbox 597 1318 758 1355; x_wconf 87' lang='lat' dir='ltr'>primorum</span> <span class='ocrx_word' id='word_1_190' title='bbox 773 1315 979 1353; x_wconf 83' lang='lat' dir='ltr'>principiorum</span> <span class='ocrx_word' id='word_1_191' title='bbox 995 1324 1055 1342; x_wconf 91' lang='lat' dir='ltr'>non</span> <span class='ocrx_word' id='word_1_192' title='bbox 1070 1314 1184 1350; x_wconf 88' lang='lat' dir='ltr'>possint</span> <span class='ocrx_word' id='word_1_193' title='bbox 1202 1322 1264 1342; x_wconf 91' lang='lat' dir='ltr'>esse</span> <span class='ocrx_word' id='word_1_194' title='bbox 1279 1313 1420 1350; x_wconf 86' lang='lat' dir='ltr'>acquisiti.</span> 
     </span>
     <span class='ocr_line' id='line_1_24' title="bbox 361 1353 1423 1394; baseline -0.007 -6"><span class='ocrx_word' id='word_1_195' title='bbox 361 1377 380 1382; x_wconf 87' lang='lat'>-</span> <span class='ocrx_word' id='word_1_196' title='bbox 391 1361 418 1388; x_wconf 88' lang='lat'>6.</span> <span class='ocrx_word' id='word_1_197' title='bbox 430 1358 629 1387; x_wconf 89' lang='lat' dir='ltr'>Corollarium.</span> <span class='ocrx_word' id='word_1_198' title='bbox 641 1375 660 1379; x_wconf 95' lang='lat'><em>-</em></span> <span class='ocrx_word' id='word_1_199' title='bbox 675 1367 700 1394; x_wconf 91' lang='lat'>7.</span> <span class='ocrx_word' id='word_1_200' title='bbox 713 1355 927 1385; x_wconf 90' lang='lat' dir='ltr'>Subdivisiones</span> <span class='ocrx_word' id='word_1_201' title='bbox 941 1361 1043 1383; x_wconf 88' lang='lat' dir='ltr'>textus.</span> <span class='ocrx_word' id='word_1_202' title='bbox 1059 1355 1182 1382; x_wconf 88' lang='lat' dir='ltr'>Necesse</span> <span class='ocrx_word' id='word_1_203' title='bbox 1197 1360 1239 1382; x_wconf 91' lang='lat' dir='ltr'>est</span> <span class='ocrx_word' id='word_1_204' title='bbox 1253 1362 1270 1381; x_wconf 95' lang='lat' dir='ltr'>a</span> <span class='ocrx_word' id='word_1_205' title='bbox 1280 1353 1423 1390; x_wconf 88' lang='lat' dir='ltr'>principio</span> 
     </span>
     <span class='ocr_line' id='line_1_25' title="bbox 362 1393 1424 1438; baseline -0.007 -10"><span class='ocrx_word' id='word_1_206' title='bbox 362 1400 391 1428; x_wconf 93' lang='lat' dir='ltr'>in</span> <span class='ocrx_word' id='word_1_207' title='bbox 405 1399 490 1427; x_wconf 91' lang='lat' dir='ltr'>nobis</span> <span class='ocrx_word' id='word_1_208' title='bbox 505 1408 566 1427; x_wconf 90' lang='lat' dir='ltr'>esse</span> <span class='ocrx_word' id='word_1_209' title='bbox 578 1398 733 1435; x_wconf 91' lang='lat' dir='ltr'>quamdam</span> <span class='ocrx_word' id='word_1_210' title='bbox 751 1396 908 1433; x_wconf 90' lang='lat' dir='ltr'>potentiam</span> <span class='ocrx_word' id='word_1_211' title='bbox 923 1394 1157 1432; x_wconf 89' lang='lat' dir='ltr'>cognoscitivam,</span> <span class='ocrx_word' id='word_1_212' title='bbox 1167 1403 1242 1430; x_wconf 87' lang='lat' dir='ltr'>quae</span> <span class='ocrx_word' id='word_1_213' title='bbox 1252 1393 1424 1438; x_wconf 77' lang='lat' dir='ltr'>praeexistat</span> 
     </span>
     <span class='ocr_line' id='line_1_26' title="bbox 362 1434 1424 1477; baseline -0.008 -9"><span class='ocrx_word' id='word_1_214' title='bbox 362 1439 519 1477; x_wconf 85' lang='lat' dir='ltr'>cognitioni</span> <span class='ocrx_word' id='word_1_215' title='bbox 533 1437 755 1475; x_wconf 88' lang='lat' dir='ltr'>principiorum;</span> <span class='ocrx_word' id='word_1_216' title='bbox 777 1445 837 1464; x_wconf 91' lang='lat' dir='ltr'>non</span> <span class='ocrx_word' id='word_1_217' title='bbox 851 1442 948 1463; x_wconf 90' lang='lat' dir='ltr'>tamen</span> <span class='ocrx_word' id='word_1_218' title='bbox 969 1435 1055 1462; x_wconf 91' lang='lat' dir='ltr'>talem</span> <span class='ocrx_word' id='word_1_219' title='bbox 1071 1443 1145 1471; x_wconf 90' lang='lat' dir='ltr'>quae</span> <span class='ocrx_word' id='word_1_220' title='bbox 1163 1434 1199 1461; x_wconf 89' lang='lat' dir='ltr'>sit</span> <span class='ocrx_word' id='word_1_221' title='bbox 1220 1440 1317 1470; x_wconf 78' lang='lat' dir='ltr'>potior</span> <span class='ocrx_word' id='word_1_222' title='bbox 1331 1442 1424 1470; x_wconf 89' lang='lat' dir='ltr'>quan-</span> 
     </span>
     <span class='ocr_line' id='line_1_27' title="bbox 362 1473 1426 1513; baseline -0.007 -5"><span class='ocrx_word' id='word_1_223' title='bbox 362 1486 424 1508; x_wconf 91' lang='lat' dir='ltr'>tum</span> <span class='ocrx_word' id='word_1_224' title='bbox 445 1480 482 1508; x_wconf 90' lang='lat' dir='ltr'>ad</span> <span class='ocrx_word' id='word_1_225' title='bbox 502 1477 699 1507; x_wconf 89' lang='lat' dir='ltr'>certitudinem</span> <span class='ocrx_word' id='word_1_226' title='bbox 726 1475 889 1513; x_wconf 87' lang='lat' dir='ltr'>cognitione</span> <span class='ocrx_word' id='word_1_227' title='bbox 910 1475 1128 1512; x_wconf 90' lang='lat' dir='ltr'>principiorum.</span> <span class='ocrx_word' id='word_1_228' title='bbox 1146 1490 1165 1495; x_wconf 92' lang='lat'><em>-</em></span> <span class='ocrx_word' id='word_1_229' title='bbox 1180 1475 1207 1502; x_wconf 89' lang='lat'>8.</span> <span class='ocrx_word' id='word_1_230' title='bbox 1223 1473 1356 1502; x_wconf 85' lang='lat' dir='ltr'>Potentia</span> <span class='ocrx_word' id='word_1_231' title='bbox 1377 1473 1426 1501; x_wconf 85' lang='lat' dir='ltr'>illa</span> 
     </span>
    </p>
   </div>
   <div class='ocr_carea' id='block_1_4' title="bbox 411 1583 517 1711">
    <p class='ocr_par' dir='ltr' id='par_1_4' title="bbox 411 1583 517 1711">
     <span class='ocr_line' id='line_1_28' title="bbox 515 1583 517 1622; baseline 0 2582"><span class='ocrx_word' id='word_1_232' title='bbox 515 1583 517 1622; x_wconf 95' lang='lat' dir='ltr'> </span> 
     </span>
     <span class='ocr_line' id='line_1_29' title="bbox 411 1660 517 1711; baseline 0 -8"><span class='ocrx_word' id='word_1_233' title='bbox 411 1660 517 1711; x_wconf 95' lang='lat' dir='ltr'>  </span> 
     </span>
    </p>
   </div>
   <div class='ocr_carea' id='block_1_5' title="bbox 363 1575 1431 3231">
    <p class='ocr_par' dir='ltr' id='par_1_5' title="bbox 363 1575 1426 2267">
     <span class='ocr_line' id='line_1_30' title="bbox 480 1575 1421 1633; baseline -0.006 -16"><span class='ocrx_word' id='word_1_234' title='bbox 480 1589 602 1633; x_wconf 39' lang='grc' dir='ltr'>πρᾳὺ,</span> <span class='ocrx_word' id='word_1_235' title='bbox 624 1586 798 1628; x_wconf 90' lang='lat' dir='ltr'>ostquam</span> <span class='ocrx_word' id='word_1_236' title='bbox 836 1576 1091 1625; x_wconf 88' lang='lat' dir='ltr'>Philosophus</span> <span class='ocrx_word' id='word_1_237' title='bbox 1129 1575 1293 1612; x_wconf 88' lang='lat' dir='ltr'>ostendit</span> <span class='ocrx_word' id='word_1_238' title='bbox 1326 1587 1421 1624; x_wconf 92' lang='lat' dir='ltr'>quo-</span> 
     </span>
     <span class='ocr_line' id='line_1_31' title="bbox 425 1620 1422 1682; baseline -0.005 -12"><span class='ocrx_word' id='word_1_239' title='bbox 425 1630 454 1675; x_wconf 51' lang='lat'>22‘„</span> <span class='ocrx_word' id='word_1_240' title='bbox 480 1620 550 1682; x_wconf 41' lang='lat' dir='ltr'>its&amp;</span> <span class='ocrx_word' id='word_1_241' title='bbox 578 1628 740 1669; x_wconf 50' lang='lat' dir='ltr'>&amp;modo</span> <span class='ocrx_word' id='word_1_242' title='bbox 758 1637 1006 1678; x_wconf 86' lang='lat' dir='ltr'>cognoscatur</span> <span class='ocrx_word' id='word_1_243' title='bbox 1025 1629 1114 1666; x_wconf 94' lang='lat' dir='ltr'>illud</span> <span class='ocrx_word' id='word_1_244' title='bbox 1130 1629 1235 1678; x_wconf 91' lang='lat' dir='ltr'>quod</span> <span class='ocrx_word' id='word_1_245' title='bbox 1251 1636 1307 1665; x_wconf 91' lang='lat' dir='ltr'>est</span> <span class='ocrx_word' id='word_1_246' title='bbox 1321 1628 1422 1677; x_wconf 92' lang='lat' dir='ltr'>prin-</span> 
     </span>
     <span class='ocr_line' id='line_1_32' title="bbox 568 1681 1421 1734; baseline -0.004 -12.374"><span class='ocrx_word' id='word_1_247' title='bbox 568 1685 580 1701; x_wconf 71' lang='grc'>““</span> <span class='ocrx_word' id='word_1_248' title='bbox 595 1720 607 1733; x_wconf 43' lang='lat' dir='ltr'><strong><em>s</em></strong></span> <span class='ocrx_word' id='word_1_249' title='bbox 625 1685 764 1734; x_wconf 90' lang='lat' dir='ltr'>cipium</span> <span class='ocrx_word' id='word_1_250' title='bbox 781 1683 1114 1721; x_wconf 85' lang='lat' dir='ltr'>demonstrationis</span> <span class='ocrx_word' id='word_1_251' title='bbox 1130 1683 1226 1719; x_wconf 90' lang='lat' dir='ltr'>sicut</span> <span class='ocrx_word' id='word_1_252' title='bbox 1236 1681 1421 1728; x_wconf 85' lang='lat' dir='ltr'>medium,</span> 
     </span>
     <span class='ocr_line' id='line_1_33' title="bbox 426 1732 1422 1787; baseline -0.003 -12"><span class='ocrx_word' id='word_1_253' title='bbox 426 1762 451 1769; x_wconf 48' lang='grc' dir='ltr'>α,</span> <span class='ocrx_word' id='word_1_254' title='bbox 581 1732 605 1762; x_wconf 53' lang='lat'>⁷*</span> <span class='ocrx_word' id='word_1_255' title='bbox 624 1739 762 1775; x_wconf 91' lang='lat' dir='ltr'>scilicet</span> <span class='ocrx_word' id='word_1_256' title='bbox 777 1738 866 1787; x_wconf 85' lang='lat' dir='ltr'>quid</span> <span class='ocrx_word' id='word_1_257' title='bbox 879 1745 915 1774; x_wconf 92' lang='lat' dir='ltr'>et</span> <span class='ocrx_word' id='word_1_258' title='bbox 930 1742 1086 1786; x_wconf 82' lang='lat' dir='ltr'>propter</span> <span class='ocrx_word' id='word_1_259' title='bbox 1101 1736 1200 1784; x_wconf 84' lang='lat' dir='ltr'>quid,</span> <span class='ocrx_word' id='word_1_260' title='bbox 1217 1736 1278 1773; x_wconf 90' lang='lat' dir='ltr'>hic</span> <span class='ocrx_word' id='word_1_261' title='bbox 1293 1743 1422 1773; x_wconf 91' lang='lat' dir='ltr'>osten—</span> 
     </span>
     <span class='ocr_line' id='line_1_34' title="bbox 364 1789 1424 1841; baseline -0.002 -12"><span class='ocrx_word' id='word_1_262' title='bbox 364 1793 415 1830; x_wconf 89' lang='lat' dir='ltr'>dit</span> <span class='ocrx_word' id='word_1_263' title='bbox 438 1792 634 1841; x_wconf 86' lang='lat' dir='ltr'>quomodo</span> <span class='ocrx_word' id='word_1_264' title='bbox 660 1799 935 1839; x_wconf 86' lang='lat' dir='ltr'>cognoscantur</span> <span class='ocrx_word' id='word_1_265' title='bbox 967 1790 1091 1839; x_wconf 90' lang='lat' dir='ltr'>prima</span> <span class='ocrx_word' id='word_1_266' title='bbox 1109 1790 1130 1810; x_wconf 60' lang='lat'>³¹³</span> <span class='ocrx_word' id='word_1_267' title='bbox 1146 1789 1331 1838; x_wconf 90' lang='lat' dir='ltr'>principia</span> <span class='ocrx_word' id='word_1_268' title='bbox 1361 1789 1424 1827; x_wconf 49' lang='lat' dir='ltr'>dess</span> 
     </span>
     <span class='ocr_line' id='line_1_35' title="bbox 363 1843 1423 1892; baseline -0.003 -10"><span class='ocrx_word' id='word_1_269' title='bbox 363 1845 643 1883; x_wconf 83' lang='lat' dir='ltr'>monstrationis</span> <span class='ocrx_word' id='word_1_270' title='bbox 663 1844 883 1882; x_wconf 91' lang='lat' dir='ltr'>communia</span> <span class='ocrx_word' id='word_1_271' title='bbox 896 1845 926 1881; x_wconf 76' lang='grc'>*.</span> <span class='ocrx_word' id='word_1_272' title='bbox 949 1845 997 1881; x_wconf 91' lang='lat' dir='ltr'>Et</span> <span class='ocrx_word' id='word_1_273' title='bbox 1010 1843 1148 1892; x_wconf 86' lang='lat' dir='ltr'>primO,</span> <span class='ocrx_word' id='word_1_274' title='bbox 1170 1843 1258 1880; x_wconf 92' lang='lat' dir='ltr'>dicit</span> <span class='ocrx_word' id='word_1_275' title='bbox 1277 1843 1324 1880; x_wconf 91' lang='lat' dir='ltr'>de</span> <span class='ocrx_word' id='word_1_276' title='bbox 1345 1855 1423 1892; x_wconf 94' lang='lat' dir='ltr'>quo</span> 
     </span>
     <span class='ocr_line' id='line_1_36' title="bbox 364 1895 1423 1946; baseline -0.003 -11"><span class='ocrx_word' id='word_1_277' title='bbox 364 1907 419 1936; x_wconf 91' lang='lat' dir='ltr'>est</span> <span class='ocrx_word' id='word_1_278' title='bbox 437 1898 608 1944; x_wconf 90' lang='lat' dir='ltr'>intentio;</span> <span class='ocrx_word' id='word_1_279' title='bbox 639 1899 819 1944; x_wconf 87' lang='lat' dir='ltr'>secundo,</span> <span class='ocrx_word' id='word_1_280' title='bbox 850 1897 1046 1946; x_wconf 86' lang='lat' dir='ltr'>exequitur</span> <span class='ocrx_word' id='word_1_281' title='bbox 1073 1897 1330 1946; x_wconf 89' lang='lat' dir='ltr'>propositum;</span> <span class='ocrx_word' id='word_1_282' title='bbox 1351 1895 1423 1933; x_wconf 90' lang='lat' dir='ltr'>ibi:</span> 
     </span>
     <span class='ocr_line' id='line_1_37' title="bbox 369 1950 1426 2001; baseline -0.002 -13"><span class='ocrx_word' id='word_1_283' title='bbox 369 1953 477 1995; x_wconf 86' lang='lat' dir='ltr'>Quod</span> <span class='ocrx_word' id='word_1_284' title='bbox 503 1952 649 2000; x_wconf 86' lang='lat' dir='ltr'>quidem</span> <span class='ocrx_word' id='word_1_285' title='bbox 670 1952 785 2001; x_wconf 81' lang='lat' dir='ltr'>igitur</span> <span class='ocrx_word' id='word_1_286' title='bbox 799 1951 819 1972; x_wconf 82' lang='lat'>*</span> <span class='ocrx_word' id='word_1_287' title='bbox 840 1959 908 1988; x_wconf 92' lang='lat' dir='ltr'>etc.</span> <span class='ocrx_word' id='word_1_288' title='bbox 930 1951 1030 1988; x_wconf 89' lang='lat' dir='ltr'>Dicit</span> <span class='ocrx_word' id='word_1_289' title='bbox 1053 1962 1142 1998; x_wconf 90' lang='lat' dir='ltr'>ergo</span> <span class='ocrx_word' id='word_1_290' title='bbox 1162 1950 1289 1999; x_wconf 89' lang='lat' dir='ltr'>primo</span> <span class='ocrx_word' id='word_1_291' title='bbox 1319 1950 1426 1998; x_wconf 92' lang='lat' dir='ltr'>quod</span> 
     </span>
     <span class='ocr_line' id='line_1_38' title="bbox 366 2003 1425 2054; baseline -0.002 -12"><span class='ocrx_word' id='word_1_292' title='bbox 366 2018 410 2042; x_wconf 89' lang='lat' dir='ltr'>ex</span> <span class='ocrx_word' id='word_1_293' title='bbox 429 2006 485 2042; x_wconf 92' lang='lat' dir='ltr'>his</span> <span class='ocrx_word' id='word_1_294' title='bbox 504 2018 602 2054; x_wconf 92' lang='lat' dir='ltr'>quae</span> <span class='ocrx_word' id='word_1_295' title='bbox 622 2012 829 2054; x_wconf 90' lang='lat' dir='ltr'>sequuntur</span> <span class='ocrx_word' id='word_1_296' title='bbox 848 2005 878 2051; x_wconf 69' lang='lat'>*,</span> <span class='ocrx_word' id='word_1_297' title='bbox 900 2004 1142 2041; x_wconf 85' lang='lat' dir='ltr'>manifestum</span> <span class='ocrx_word' id='word_1_298' title='bbox 1164 2004 1232 2040; x_wconf 92' lang='lat' dir='ltr'>erit</span> <span class='ocrx_word' id='word_1_299' title='bbox 1256 2005 1303 2041; x_wconf 89' lang='lat' dir='ltr'>de</span> <span class='ocrx_word' id='word_1_300' title='bbox 1322 2003 1425 2052; x_wconf 89' lang='lat' dir='ltr'>prin-</span> 
     </span>
     <span class='ocr_line' id='line_1_39' title="bbox 365 2057 1425 2108; baseline -0.001 -13"><span class='ocrx_word' id='word_1_301' title='bbox 365 2059 468 2108; x_wconf 91' lang='lat' dir='ltr'>cipiis</span> <span class='ocrx_word' id='word_1_302' title='bbox 491 2058 620 2107; x_wconf 92' lang='lat' dir='ltr'>primis</span> <span class='ocrx_word' id='word_1_303' title='bbox 640 2058 1035 2096; x_wconf 87' lang='lat' dir='ltr'>indemonstrabilibus</span> <span class='ocrx_word' id='word_1_304' title='bbox 1054 2058 1090 2104; x_wconf 78' lang='lat'>*,</span> <span class='ocrx_word' id='word_1_305' title='bbox 1111 2057 1270 2106; x_wconf 90' lang='lat' dir='ltr'>qualiter</span> <span class='ocrx_word' id='word_1_306' title='bbox 1289 2069 1425 2094; x_wconf 91' lang='lat' dir='ltr'>eorum</span> 
     </span>
     <span class='ocr_line' id='line_1_40' title="bbox 366 2110 1426 2160; baseline -0.002 -11"><span class='ocrx_word' id='word_1_307' title='bbox 366 2112 528 2160; x_wconf 86' lang='lat' dir='ltr'>cognitio</span> <span class='ocrx_word' id='word_1_308' title='bbox 548 2113 614 2149; x_wconf 90' lang='lat' dir='ltr'>fiat</span> <span class='ocrx_word' id='word_1_309' title='bbox 635 2113 654 2133; x_wconf 71' lang='lat'>&#39;¹‘</span> <span class='ocrx_word' id='word_1_310' title='bbox 672 2112 710 2149; x_wconf 91' lang='lat' dir='ltr'>in</span> <span class='ocrx_word' id='word_1_311' title='bbox 731 2111 856 2158; x_wconf 83' lang='lat' dir='ltr'>nobis,</span> <span class='ocrx_word' id='word_1_312' title='bbox 878 2119 915 2148; x_wconf 91' lang='lat' dir='ltr'>et</span> <span class='ocrx_word' id='word_1_313' title='bbox 933 2124 1010 2160; x_wconf 92' lang='lat' dir='ltr'>quo</span> <span class='ocrx_word' id='word_1_314' title='bbox 1036 2110 1167 2147; x_wconf 93' lang='lat' dir='ltr'>habitu</span> <span class='ocrx_word' id='word_1_315' title='bbox 1192 2123 1426 2158; x_wconf 90' lang='lat' dir='ltr'>cognoscan-</span> 
     </span>
     <span class='ocr_line' id='line_1_41' title="bbox 364 2164 1426 2213; baseline -0.001 -11"><span class='ocrx_word' id='word_1_316' title='bbox 364 2173 438 2211; x_wconf 83' lang='lat' dir='ltr'>tur3</span> <span class='ocrx_word' id='word_1_317' title='bbox 467 2165 540 2202; x_wconf 94' lang='lat' dir='ltr'>hoc</span> <span class='ocrx_word' id='word_1_318' title='bbox 567 2173 695 2202; x_wconf 89' lang='lat' dir='ltr'>tamen</span> <span class='ocrx_word' id='word_1_319' title='bbox 724 2165 855 2202; x_wconf 86' lang='lat' dir='ltr'>ordine</span> <span class='ocrx_word' id='word_1_320' title='bbox 885 2165 1100 2211; x_wconf 86' lang='lat' dir='ltr'>observatO,</span> <span class='ocrx_word' id='word_1_321' title='bbox 1130 2172 1172 2201; x_wconf 93' lang='lat' dir='ltr'>ut</span> <span class='ocrx_word' id='word_1_322' title='bbox 1198 2164 1303 2213; x_wconf 93' lang='lat' dir='ltr'>prius</span> <span class='ocrx_word' id='word_1_323' title='bbox 1328 2164 1426 2201; x_wconf 90' lang='lat' dir='ltr'>circa</span> 
     </span>
     <span class='ocr_line' id='line_1_42' title="bbox 364 2218 945 2267; baseline 0 -12"><span class='ocrx_word' id='word_1_324' title='bbox 364 2220 438 2255; x_wconf 93' lang='lat' dir='ltr'>hoc</span> <span class='ocrx_word' id='word_1_325' title='bbox 467 2218 716 2256; x_wconf 87' lang='lat' dir='ltr'>dubitationes</span> <span class='ocrx_word' id='word_1_326' title='bbox 743 2231 945 2267; x_wconf 89' lang='lat' dir='ltr'>ponamus.</span> 
     </span>
    </p>

    <p class='ocr_par' dir='ltr' id='par_1_6' title="bbox 365 2271 1431 3017">
     <span class='ocr_line' id='line_1_43' title="bbox 419 2271 1425 2321; baseline 0 -13"><span class='ocrx_word' id='word_1_327' title='bbox 419 2284 453 2308; x_wconf 87' lang='lat'>2.</span> <span class='ocrx_word' id='word_1_328' title='bbox 475 2272 622 2310; x_wconf 89' lang='lat' dir='ltr'>Deinde</span> <span class='ocrx_word' id='word_1_329' title='bbox 652 2284 739 2308; x_wconf 91' lang='lat' dir='ltr'>cum</span> <span class='ocrx_word' id='word_1_330' title='bbox 769 2272 870 2310; x_wconf 90' lang='lat' dir='ltr'>dicit:</span> <span class='ocrx_word' id='word_1_331' title='bbox 897 2271 1007 2314; x_wconf 87' lang='lat' dir='ltr'>Quod</span> <span class='ocrx_word' id='word_1_332' title='bbox 1028 2271 1176 2320; x_wconf 85' lang='lat' dir='ltr'>quidem</span> <span class='ocrx_word' id='word_1_333' title='bbox 1206 2271 1323 2321; x_wconf 82' lang='lat' dir='ltr'>igitur</span> <span class='ocrx_word' id='word_1_334' title='bbox 1350 2283 1425 2308; x_wconf 88' lang='lat' dir='ltr'>non</span> 
     </span>
     <span class='ocr_line' id='line_1_44' title="bbox 365 2324 1426 2375; baseline 0 -13"><span class='ocrx_word' id='word_1_335' title='bbox 365 2326 545 2375; x_wconf 83' lang='lat' dir='ltr'>contingit</span> <span class='ocrx_word' id='word_1_336' title='bbox 560 2326 656 2363; x_wconf 85' lang='lat' dir='ltr'>scire</span> <span class='ocrx_word' id='word_1_337' title='bbox 675 2333 757 2372; x_wconf 90' lang='lat' dir='ltr'>etc.,</span> <span class='ocrx_word' id='word_1_338' title='bbox 775 2326 971 2374; x_wconf 86' lang='lat' dir='ltr'>exequitur</span> <span class='ocrx_word' id='word_1_339' title='bbox 988 2324 1241 2373; x_wconf 90' lang='lat' dir='ltr'>propositum.</span> <span class='ocrx_word' id='word_1_340' title='bbox 1259 2325 1308 2362; x_wconf 89' lang='lat' dir='ltr'>Et</span> <span class='ocrx_word' id='word_1_341' title='bbox 1328 2324 1426 2362; x_wconf 91' lang='lat' dir='ltr'>circa</span> 
     </span>
     <span class='ocr_line' id='line_1_45' title="bbox 365 2377 1427 2428; baseline 0.001 -14"><span class='ocrx_word' id='word_1_342' title='bbox 365 2379 439 2415; x_wconf 89' lang='lat' dir='ltr'>hoc</span> <span class='ocrx_word' id='word_1_343' title='bbox 471 2380 547 2416; x_wconf 92' lang='lat' dir='ltr'>duo</span> <span class='ocrx_word' id='word_1_344' title='bbox 583 2379 687 2416; x_wconf 87' lang='lat' dir='ltr'>facit:</span> <span class='ocrx_word' id='word_1_345' title='bbox 708 2379 853 2428; x_wconf 89' lang='lat' dir='ltr'>primo,</span> <span class='ocrx_word' id='word_1_346' title='bbox 885 2386 1017 2416; x_wconf 88' lang='lat' dir='ltr'>movet</span> <span class='ocrx_word' id='word_1_347' title='bbox 1044 2377 1338 2423; x_wconf 85' lang='lat' dir='ltr'>dubitationem;</span> <span class='ocrx_word' id='word_1_348' title='bbox 1369 2391 1427 2415; x_wconf 92' lang='lat' dir='ltr'>se-</span> 
     </span>
     <span class='ocr_line' id='line_1_46' title="bbox 367 2432 1425 2480; baseline 0 -12"><span class='ocrx_word' id='word_1_349' title='bbox 367 2433 504 2479; x_wconf 83' lang='lat' dir='ltr'>cundo,</span> <span class='ocrx_word' id='word_1_350' title='bbox 526 2433 655 2478; x_wconf 82' lang='lat' dir='ltr'>solvit3</span> <span class='ocrx_word' id='word_1_351' title='bbox 676 2433 744 2469; x_wconf 87' lang='lat' dir='ltr'>ibi:</span> <span class='ocrx_word' id='word_1_352' title='bbox 766 2433 929 2469; x_wconf 81' lang='lat' dir='ltr'>Necesse</span> <span class='ocrx_word' id='word_1_353' title='bbox 954 2432 1078 2480; x_wconf 84' lang='lat' dir='ltr'>itaque</span> <span class='ocrx_word' id='word_1_354' title='bbox 1096 2438 1151 2468; x_wconf 84' lang='lat' dir='ltr'>est</span> <span class='ocrx_word' id='word_1_355' title='bbox 1166 2432 1306 2468; x_wconf 86' lang='lat' dir='ltr'>habere</span> <span class='ocrx_word' id='word_1_356' title='bbox 1320 2433 1340 2453; x_wconf 74' lang='lat'>&#39;¹‘</span> <span class='ocrx_word' id='word_1_357' title='bbox 1356 2439 1425 2469; x_wconf 89' lang='lat' dir='ltr'>etc.</span> 
     </span>
     <span class='ocr_line' id='line_1_47' title="bbox 368 2484 1428 2535; baseline 0.001 -13"><span class='ocrx_word' id='word_1_358' title='bbox 368 2485 476 2522; x_wconf 92' lang='lat' dir='ltr'>Circa</span> <span class='ocrx_word' id='word_1_359' title='bbox 503 2486 668 2535; x_wconf 90' lang='lat' dir='ltr'>primurn</span> <span class='ocrx_word' id='word_1_360' title='bbox 697 2486 765 2523; x_wconf 86' lang='lat' dir='ltr'>tria</span> <span class='ocrx_word' id='word_1_361' title='bbox 794 2486 899 2523; x_wconf 89' lang='lat' dir='ltr'>facit:</span> <span class='ocrx_word' id='word_1_362' title='bbox 919 2485 1058 2535; x_wconf 88' lang='lat' dir='ltr'>primo,</span> <span class='ocrx_word' id='word_1_363' title='bbox 1079 2484 1284 2534; x_wconf 90' lang='lat' dir='ltr'>praemittit</span> <span class='ocrx_word' id='word_1_364' title='bbox 1307 2486 1428 2535; x_wconf 91' lang='lat' dir='ltr'>quod-</span> 
     </span>
     <span class='ocr_line' id='line_1_48' title="bbox 367 2538 1428 2589; baseline 0 -13"><span class='ocrx_word' id='word_1_365' title='bbox 367 2539 456 2576; x_wconf 87' lang='lat' dir='ltr'>dam</span> <span class='ocrx_word' id='word_1_366' title='bbox 490 2552 534 2576; x_wconf 89' lang='lat' dir='ltr'>ex</span> <span class='ocrx_word' id='word_1_367' title='bbox 562 2553 637 2589; x_wconf 93' lang='lat' dir='ltr'>quo</span> <span class='ocrx_word' id='word_1_368' title='bbox 667 2539 875 2577; x_wconf 89' lang='lat' dir='ltr'>ostenditur</span> <span class='ocrx_word' id='word_1_369' title='bbox 898 2538 1101 2576; x_wconf 88' lang='lat' dir='ltr'>necessitas</span> <span class='ocrx_word' id='word_1_370' title='bbox 1127 2538 1348 2576; x_wconf 88' lang='lat' dir='ltr'>huiusmodi</span> <span class='ocrx_word' id='word_1_371' title='bbox 1372 2539 1428 2576; x_wconf 94' lang='lat' dir='ltr'>in-</span> 
     </span>
     <span class='ocr_line' id='line_1_49' title="bbox 367 2592 1428 2641; baseline 0.001 -13"><span class='ocrx_word' id='word_1_372' title='bbox 367 2592 573 2640; x_wconf 89' lang='lat' dir='ltr'>quisitionis</span> <span class='ocrx_word' id='word_1_373' title='bbox 590 2595 625 2638; x_wconf 71' lang='lat'>*;</span> <span class='ocrx_word' id='word_1_374' title='bbox 641 2593 822 2639; x_wconf 89' lang='lat' dir='ltr'>secundo,</span> <span class='ocrx_word' id='word_1_375' title='bbox 835 2600 967 2634; x_wconf 87' lang='lat' dir='ltr'>movet</span> <span class='ocrx_word' id='word_1_376' title='bbox 987 2592 1246 2641; x_wconf 88' lang='lat' dir='ltr'>quaestiones;</span> <span class='ocrx_word' id='word_1_377' title='bbox 1263 2592 1330 2629; x_wconf 92' lang='lat' dir='ltr'>ibi:</span> <span class='ocrx_word' id='word_1_378' title='bbox 1351 2594 1428 2629; x_wconf 91' lang='lat' dir='ltr'>Im-</span> 
     </span>
     <span class='ocr_line' id='line_1_50' title="bbox 367 2645 1427 2695; baseline 0 -13"><span class='ocrx_word' id='word_1_379' title='bbox 367 2646 612 2683; x_wconf 84' lang='lat' dir='ltr'>mediatorum</span> <span class='ocrx_word' id='word_1_380' title='bbox 631 2652 755 2683; x_wconf 87' lang='lat' dir='ltr'>autem</span> <span class='ocrx_word' id='word_1_381' title='bbox 768 2647 788 2668; x_wconf 79' lang='lat'><strong>*</strong></span> <span class='ocrx_word' id='word_1_382' title='bbox 800 2654 882 2692; x_wconf 89' lang='lat' dir='ltr'>etc.;</span> <span class='ocrx_word' id='word_1_383' title='bbox 894 2646 1015 2691; x_wconf 85' lang='lat' dir='ltr'>tertio,</span> <span class='ocrx_word' id='word_1_384' title='bbox 1029 2645 1156 2682; x_wconf 90' lang='lat' dir='ltr'>obiicit</span> <span class='ocrx_word' id='word_1_385' title='bbox 1175 2646 1224 2683; x_wconf 83' lang='lat' dir='ltr'>ad</span> <span class='ocrx_word' id='word_1_386' title='bbox 1238 2646 1427 2695; x_wconf 91' lang='lat' dir='ltr'>quaestio-</span> 
     </span>
     <span class='ocr_line' id='line_1_51' title="bbox 368 2698 1427 2749; baseline 0.001 -14"><span class='ocrx_word' id='word_1_387' title='bbox 368 2700 500 2747; x_wconf 80' lang='lat' dir='ltr'>nem*;</span> <span class='ocrx_word' id='word_1_388' title='bbox 518 2700 583 2737; x_wconf 89' lang='lat' dir='ltr'>ibi:</span> <span class='ocrx_word' id='word_1_389' title='bbox 605 2701 647 2736; x_wconf 89' lang='lat' dir='ltr'>Si</span> <span class='ocrx_word' id='word_1_390' title='bbox 659 2701 806 2749; x_wconf 84' lang='lat' dir='ltr'>quidem</span> <span class='ocrx_word' id='word_1_391' title='bbox 818 2700 863 2722; x_wconf 69' lang='lat'>*⁸*</span> <span class='ocrx_word' id='word_1_392' title='bbox 874 2707 942 2736; x_wconf 93' lang='lat' dir='ltr'>etc.</span> <span class='ocrx_word' id='word_1_393' title='bbox 960 2699 1060 2736; x_wconf 93' lang='lat' dir='ltr'>Dicit</span> <span class='ocrx_word' id='word_1_394' title='bbox 1075 2711 1164 2747; x_wconf 88' lang='lat' dir='ltr'>ergo</span> <span class='ocrx_word' id='word_1_395' title='bbox 1180 2698 1306 2747; x_wconf 90' lang='lat' dir='ltr'>primo</span> <span class='ocrx_word' id='word_1_396' title='bbox 1323 2700 1427 2748; x_wconf 91' lang='lat' dir='ltr'>quod</span> 
     </span>
     <span class='ocr_line' id='line_1_52' title="bbox 367 2752 1429 2803; baseline 0.001 -14"><span class='ocrx_word' id='word_1_397' title='bbox 367 2752 443 2789; x_wconf 88' lang='lat' dir='ltr'>iam</span> <span class='ocrx_word' id='word_1_398' title='bbox 463 2765 575 2802; x_wconf 90' lang='lat' dir='ltr'>supra</span> <span class='ocrx_word' id='word_1_399' title='bbox 591 2755 610 2775; x_wconf 68' lang='lat'>&#39;¹‘</span> <span class='ocrx_word' id='word_1_400' title='bbox 627 2754 767 2791; x_wconf 89' lang='lat' dir='ltr'>dictum</span> <span class='ocrx_word' id='word_1_401' title='bbox 789 2761 854 2800; x_wconf 89' lang='lat' dir='ltr'>est,</span> <span class='ocrx_word' id='word_1_402' title='bbox 867 2754 971 2803; x_wconf 92' lang='lat' dir='ltr'>quod</span> <span class='ocrx_word' id='word_1_403' title='bbox 989 2765 1068 2790; x_wconf 91' lang='lat' dir='ltr'>non</span> <span class='ocrx_word' id='word_1_404' title='bbox 1089 2752 1269 2801; x_wconf 88' lang='lat' dir='ltr'>contingit</span> <span class='ocrx_word' id='word_1_405' title='bbox 1288 2752 1429 2802; x_wconf 90' lang='lat' dir='ltr'>aliquid</span> 
     </span>
     <span class='ocr_line' id='line_1_53' title="bbox 367 2805 1429 2856; baseline 0.001 -14"><span class='ocrx_word' id='word_1_406' title='bbox 367 2805 459 2843; x_wconf 92' lang='lat' dir='ltr'>scire</span> <span class='ocrx_word' id='word_1_407' title='bbox 474 2819 541 2855; x_wconf 90' lang='lat' dir='ltr'>per</span> <span class='ocrx_word' id='word_1_408' title='bbox 556 2807 931 2854; x_wconf 90' lang='lat' dir='ltr'>demonstrationem,</span> <span class='ocrx_word' id='word_1_409' title='bbox 945 2806 1015 2844; x_wconf 87' lang='lat' dir='ltr'>nisi</span> <span class='ocrx_word' id='word_1_410' title='bbox 1030 2807 1429 2856; x_wconf 71' lang='lat' dir='ltr'>praecognoscantur*</span> 
     </span>
     <span class='ocr_line' id='line_1_54' title="bbox 367 2859 1428 2910; baseline 0.001 -15"><span class='ocrx_word' id='word_1_411' title='bbox 367 2859 488 2907; x_wconf 91' lang='lat' dir='ltr'>prima</span> <span class='ocrx_word' id='word_1_412' title='bbox 502 2860 683 2910; x_wconf 89' lang='lat' dir='ltr'>principia</span> <span class='ocrx_word' id='word_1_413' title='bbox 702 2860 924 2898; x_wconf 90' lang='lat' dir='ltr'>immediata</span> <span class='ocrx_word' id='word_1_414' title='bbox 940 2861 972 2897; x_wconf 68' lang='lat'>²¹⁶.</span> <span class='ocrx_word' id='word_1_415' title='bbox 994 2861 1043 2898; x_wconf 89' lang='lat' dir='ltr'>Et</span> <span class='ocrx_word' id='word_1_416' title='bbox 1061 2860 1148 2898; x_wconf 94' lang='lat' dir='ltr'>ideo</span> <span class='ocrx_word' id='word_1_417' title='bbox 1169 2861 1218 2898; x_wconf 89' lang='lat' dir='ltr'>ad</span> <span class='ocrx_word' id='word_1_418' title='bbox 1233 2859 1428 2897; x_wconf 90' lang='lat' dir='ltr'>scientiam</span> 
     </span>
     <span class='ocr_line' id='line_1_55' title="bbox 368 2913 1431 2961; baseline 0.002 -13"><span class='ocrx_word' id='word_1_419' title='bbox 368 2925 463 2961; x_wconf 91' lang='lat' dir='ltr'>quae</span> <span class='ocrx_word' id='word_1_420' title='bbox 493 2921 547 2950; x_wconf 90' lang='lat' dir='ltr'>est</span> <span class='ocrx_word' id='word_1_421' title='bbox 576 2915 623 2951; x_wconf 92' lang='lat' dir='ltr'>de</span> <span class='ocrx_word' id='word_1_422' title='bbox 651 2914 990 2960; x_wconf 88' lang='lat' dir='ltr'>demonstratione,</span> <span class='ocrx_word' id='word_1_423' title='bbox 1020 2913 1109 2951; x_wconf 90' lang='lat' dir='ltr'>utile</span> <span class='ocrx_word' id='word_1_424' title='bbox 1140 2921 1195 2950; x_wconf 92' lang='lat' dir='ltr'>est</span> <span class='ocrx_word' id='word_1_425' title='bbox 1222 2921 1264 2950; x_wconf 92' lang='lat' dir='ltr'>ut</span> <span class='ocrx_word' id='word_1_426' title='bbox 1292 2913 1431 2950; x_wconf 90' lang='lat' dir='ltr'>sciatur</span> 
     </span>
     <span class='ocr_line' id='line_1_56' title="bbox 368 2966 1200 3017; baseline 0.002 -15"><span class='ocrx_word' id='word_1_427' title='bbox 368 2966 522 3014; x_wconf 88' lang='lat' dir='ltr'>qualiter</span> <span class='ocrx_word' id='word_1_428' title='bbox 549 2968 671 3015; x_wconf 90' lang='lat' dir='ltr'>prima</span> <span class='ocrx_word' id='word_1_429' title='bbox 699 2968 882 3017; x_wconf 91' lang='lat' dir='ltr'>principia</span> <span class='ocrx_word' id='word_1_430' title='bbox 912 2975 1200 3016; x_wconf 90' lang='lat' dir='ltr'>cognoscantur.</span> 
     </span>
    </p>

    <p class='ocr_par' dir='ltr' id='par_1_7' title="bbox 366 3019 1431 3231">
     <span class='ocr_line' id='line_1_57' title="bbox 422 3019 1430 3059; baseline 0.002 -4"><span class='ocrx_word' id='word_1_431' title='bbox 422 3020 455 3056; x_wconf 87' lang='lat'>3.</span> <span class='ocrx_word' id='word_1_432' title='bbox 477 3019 623 3058; x_wconf 88' lang='lat' dir='ltr'>Deinde</span> <span class='ocrx_word' id='word_1_433' title='bbox 645 3034 732 3058; x_wconf 91' lang='lat' dir='ltr'>cum</span> <span class='ocrx_word' id='word_1_434' title='bbox 753 3021 857 3059; x_wconf 88' lang='lat' dir='ltr'>dicit:</span> <span class='ocrx_word' id='word_1_435' title='bbox 878 3022 1191 3058; x_wconf 87' lang='lat' dir='ltr'>Immediatorum</span> <span class='ocrx_word' id='word_1_436' title='bbox 1219 3026 1345 3057; x_wconf 88' lang='lat' dir='ltr'>autem</span> <span class='ocrx_word' id='word_1_437' title='bbox 1369 3032 1430 3057; x_wconf 88' lang='lat' dir='ltr'>co-</span> 
     </span>
     <span class='ocr_line' id='line_1_58' title="bbox 366 3072 1431 3124; baseline 0.003 -16"><span class='ocrx_word' id='word_1_438' title='bbox 366 3072 483 3121; x_wconf 76' lang='lat' dir='ltr'>gnitio</span> <span class='ocrx_word' id='word_1_439' title='bbox 513 3081 594 3119; x_wconf 87' lang='lat' dir='ltr'>etc.,</span> <span class='ocrx_word' id='word_1_440' title='bbox 615 3083 747 3112; x_wconf 89' lang='lat' dir='ltr'>movet</span> <span class='ocrx_word' id='word_1_441' title='bbox 775 3075 1029 3112; x_wconf 91' lang='lat' dir='ltr'>dubitationes</span> <span class='ocrx_word' id='word_1_442' title='bbox 1057 3082 1132 3112; x_wconf 91' lang='lat' dir='ltr'>tres</span> <span class='ocrx_word' id='word_1_443' title='bbox 1157 3074 1255 3111; x_wconf 89' lang='lat' dir='ltr'>circa</span> <span class='ocrx_word' id='word_1_444' title='bbox 1282 3074 1431 3124; x_wconf 89' lang='lat' dir='ltr'>praedi-</span> 
     </span>
     <span class='ocr_line' id='line_1_59' title="bbox 368 3127 1431 3177; baseline 0.003 -15"><span class='ocrx_word' id='word_1_445' title='bbox 368 3133 465 3162; x_wconf 91' lang='lat' dir='ltr'>ctam</span> <span class='ocrx_word' id='word_1_446' title='bbox 494 3127 747 3175; x_wconf 88' lang='lat' dir='ltr'>cognitionem</span> <span class='ocrx_word' id='word_1_447' title='bbox 785 3128 1070 3177; x_wconf 89' lang='lat' dir='ltr'>principiorum.</span> <span class='ocrx_word' id='word_1_448' title='bbox 1099 3129 1274 3176; x_wconf 83' lang='lat' dir='ltr'>Quarum</span> <span class='ocrx_word' id='word_1_449' title='bbox 1308 3127 1431 3176; x_wconf 91' lang='lat' dir='ltr'>prima</span> 
     </span>
     <span class='ocr_line' id='line_1_60' title="bbox 370 3181 1430 3231; baseline 0.003 -16"><span class='ocrx_word' id='word_1_450' title='bbox 370 3186 435 3226; x_wconf 92' lang='lat' dir='ltr'>est,</span> <span class='ocrx_word' id='word_1_451' title='bbox 455 3187 582 3217; x_wconf 90' lang='lat' dir='ltr'>utrum</span> <span class='ocrx_word' id='word_1_452' title='bbox 612 3181 784 3218; x_wconf 90' lang='lat' dir='ltr'>omnium</span> <span class='ocrx_word' id='word_1_453' title='bbox 814 3182 1126 3219; x_wconf 88' lang='lat' dir='ltr'>immediatorum</span> <span class='ocrx_word' id='word_1_454' title='bbox 1156 3181 1430 3231; x_wconf 90' lang='lat' dir='ltr'>principiorum</span> 
     </span>
    </p>
   </div>
   <div class='ocr_carea' id='block_1_6' title="bbox 411 1583 480 1703">
    <p class='ocr_par' dir='ltr' id='par_1_8' title="bbox 411 1583 480 1703">
     <span class='ocr_line' id='line_1_61' title="bbox 411 1583 480 1703; baseline 0 0"><span class='ocrx_word' id='word_1_455' title='bbox 411 1583 480 1703; x_wconf 95' lang='lat' dir='ltr'>  </span> 
     </span>
    </p>
   </div>
   <div class='ocr_carea' id='block_1_7' title="bbox 412 1622 621 1787">
    <p class='ocr_par' dir='ltr' id='par_1_9' title="bbox 412 1622 621 1787">
     <span class='ocr_line' id='line_1_62' title="bbox 412 1622 621 1787; baseline 0 0"><span class='ocrx_word' id='word_1_456' title='bbox 412 1622 621 1787; x_wconf 95' lang='lat' dir='ltr'>    </span> 
     </span>
    </p>
   </div>
   <div class='ocr_carea' id='block_1_8' title="bbox 124 1806 335 1828">
    <p class='ocr_par' dir='ltr' id='par_1_10' title="bbox 124 1806 335 1828">
     <span class='ocr_line' id='line_1_63' title="bbox 124 1806 335 1828; baseline -0.009 0"><span class='ocrx_word' id='word_1_457' title='bbox 124 1807 135 1818; x_wconf 77' lang='lat'>⁸</span> <span class='ocrx_word' id='word_1_458' title='bbox 148 1806 227 1828; x_wconf 83' lang='lat' dir='ltr'>Prima</span> <span class='ocrx_word' id='word_1_459' title='bbox 242 1811 291 1827; x_wconf 90' lang='lat' dir='ltr'>om.</span> <span class='ocrx_word' id='word_1_460' title='bbox 307 1811 335 1826; x_wconf 85' lang='grc' dir='ltr'>ι-ι,</span> 
     </span>
    </p>
   </div>
   <div class='ocr_carea' id='block_1_9' title="bbox 124 1859 322 1934">
    <p class='ocr_par' dir='ltr' id='par_1_11' title="bbox 124 1859 322 1934">
     <span class='ocr_line' id='line_1_64' title="bbox 126 1859 322 1883; baseline -0.01 -2"><span class='ocrx_word' id='word_1_461' title='bbox 126 1861 137 1872; x_wconf 78' lang='lat'>⁸</span> <span class='ocrx_word' id='word_1_462' title='bbox 147 1866 176 1881; x_wconf 77' lang='lat' dir='ltr'>u:</span> <span class='ocrx_word' id='word_1_463' title='bbox 188 1859 322 1883; x_wconf 73' lang='lat' dir='ltr'>demonstr„</span> 
     </span>
     <span class='ocr_line' id='line_1_65' title="bbox 126 1885 322 1913; baseline -0.005 -6"><span class='ocrx_word' id='word_1_464' title='bbox 126 1886 176 1907; x_wconf 76' lang='lat' dir='ltr'>sive</span> <span class='ocrx_word' id='word_1_465' title='bbox 203 1885 322 1913; x_wconf 81' lang='lat' dir='ltr'>principia</span> 
     </span>
     <span class='ocr_line' id='line_1_66' title="bbox 124 1918 203 1934; baseline 0 0"><span class='ocrx_word' id='word_1_466' title='bbox 124 1918 203 1934; x_wconf 80' lang='lat' dir='ltr'>comm.</span> 
     </span>
    </p>
   </div>
   <div class='ocr_carea' id='block_1_10' title="bbox 125 1965 283 1992">
    <p class='ocr_par' dir='ltr' id='par_1_12' title="bbox 125 1965 283 1992">
     <span class='ocr_line' id='line_1_67' title="bbox 125 1965 283 1992; baseline -0.006 -5"><span class='ocrx_word' id='word_1_467' title='bbox 125 1967 134 1975; x_wconf 91' lang='grc'><em>·</em></span> <span class='ocrx_word' id='word_1_468' title='bbox 150 1965 220 1987; x_wconf 88' lang='lat' dir='ltr'>Num.</span> <span class='ocrx_word' id='word_1_469' title='bbox 235 1971 283 1992; x_wconf 86' lang='lat' dir='ltr'>seq.</span> 
     </span>
    </p>
   </div>
   <div class='ocr_carea' id='block_1_11' title="bbox 127 2020 338 2177">
    <p class='ocr_par' dir='ltr' id='par_1_13' title="bbox 127 2020 338 2119">
     <span class='ocr_line' id='line_1_68' title="bbox 127 2020 337 2040; baseline -0.005 -1"><span class='ocrx_word' id='word_1_470' title='bbox 127 2020 135 2029; x_wconf 92' lang='grc'>·</span> <span class='ocrx_word' id='word_1_471' title='bbox 145 2023 279 2040; x_wconf 57' lang='lat' dir='ltr'>animno-nr.</span> <span class='ocrx_word' id='word_1_472' title='bbox 291 2028 302 2033; x_wconf 92' lang='lat'>-</span> <span class='ocrx_word' id='word_1_473' title='bbox 312 2023 337 2038; x_wconf 66' lang='lat' dir='ltr'>r:</span> 
     </span>
     <span class='ocr_line' id='line_1_69' title="bbox 127 2046 338 2072; baseline -0.009 -6"><span class='ocrx_word' id='word_1_474' title='bbox 127 2046 267 2072; x_wconf 74' lang='lat' dir='ltr'>sequentur,-</span> <span class='ocrx_word' id='word_1_475' title='bbox 292 2050 338 2064; x_wconf 74' lang='lat' dir='ltr'>zon</span> 
     </span>
     <span class='ocr_line' id='line_1_70' title="bbox 128 2076 337 2098; baseline 0 -6"><span class='ocrx_word' id='word_1_476' title='bbox 128 2077 175 2096; x_wconf 77' lang='lat' dir='ltr'>oq:</span> <span class='ocrx_word' id='word_1_477' title='bbox 195 2076 337 2098; x_wconf 73' lang='lat' dir='ltr'>consequun-</span> 
     </span>
     <span class='ocr_line' id='line_1_71' title="bbox 128 2099 173 2119; baseline -0.022 0"><span class='ocrx_word' id='word_1_478' title='bbox 128 2099 173 2119; x_wconf 73' lang='lat' dir='ltr'>tur.</span> 
     </span>
    </p>

    <p class='ocr_par' dir='ltr' id='par_1_14' title="bbox 128 2123 280 2145">
     <span class='ocr_line' id='line_1_72' title="bbox 128 2123 280 2145; baseline -0.007 0"><span class='ocrx_word' id='word_1_479' title='bbox 128 2124 139 2135; x_wconf 76' lang='lat'>&#39;⁸</span> <span class='ocrx_word' id='word_1_480' title='bbox 152 2130 181 2145; x_wconf 74' lang='lat' dir='ltr'>A:</span> <span class='ocrx_word' id='word_1_481' title='bbox 196 2125 220 2145; x_wconf 83' lang='lat' dir='ltr'>et</span> <span class='ocrx_word' id='word_1_482' title='bbox 232 2123 280 2145; x_wconf 85' lang='lat' dir='ltr'>ind.</span> 
     </span>
    </p>

    <p class='ocr_par' dir='ltr' id='par_1_15' title="bbox 128 2150 240 2177">
     <span class='ocr_line' id='line_1_73' title="bbox 128 2150 240 2177; baseline 0 -6"><span class='ocrx_word' id='word_1_483' title='bbox 128 2151 137 2159; x_wconf 83' lang='lat'><strong>‘</strong></span> <span class='ocrx_word' id='word_1_484' title='bbox 150 2156 165 2171; x_wconf 73' lang='grc' dir='ltr'><strong>Α</strong></span> <span class='ocrx_word' id='word_1_485' title='bbox 173 2158 178 2172; x_wconf 80' lang='lat' dir='ltr'>t</span> <span class='ocrx_word' id='word_1_486' title='bbox 187 2150 240 2177; x_wconf 83' lang='lat' dir='ltr'>fiet.</span> 
     </span>
    </p>
   </div>
   <div class='ocr_carea' id='block_1_12' title="bbox 130 2604 339 2689">
    <p class='ocr_par' dir='ltr' id='par_1_16' title="bbox 130 2604 339 2689">
     <span class='ocr_line' id='line_1_74' title="bbox 130 2604 339 2631; baseline 0.01 -7"><span class='ocrx_word' id='word_1_487' title='bbox 130 2604 140 2615; x_wconf 68' lang='lat'>⁶</span> <span class='ocrx_word' id='word_1_488' title='bbox 150 2609 175 2625; x_wconf 59' lang='lat' dir='ltr'>a:</span> <span class='ocrx_word' id='word_1_489' title='bbox 186 2604 339 2631; x_wconf 77' lang='lat' dir='ltr'>quaestionis.</span> 
     </span>
     <span class='ocr_line' id='line_1_75' title="bbox 131 2656 288 2689; baseline 0 -11"><span class='ocrx_word' id='word_1_490' title='bbox 131 2658 140 2666; x_wconf 88' lang='lat'>&#39;&#39;</span> <span class='ocrx_word' id='word_1_491' title='bbox 154 2656 224 2678; x_wconf 86' lang='lat' dir='ltr'>Num.</span> <span class='ocrx_word' id='word_1_492' title='bbox 240 2663 288 2689; x_wconf 54' lang='lat' dir='ltr'>seq:</span> 
     </span>
    </p>
   </div>
   <div class='ocr_carea' id='block_1_13' title="bbox 129 2710 341 2924">
    <p class='ocr_par' dir='ltr' id='par_1_17' title="bbox 130 2710 339 2841">
     <span class='ocr_line' id='line_1_76' title="bbox 130 2710 339 2731; baseline 0.005 -1"><span class='ocrx_word' id='word_1_493' title='bbox 130 2710 174 2730; x_wconf 76' lang='lat' dir='ltr'>&#39;nr</span> <span class='ocrx_word' id='word_1_494' title='bbox 199 2710 339 2731; x_wconf 74' lang='lat' dir='ltr'>uaestiones.</span> 
     </span>
     <span class='ocr_line' id='line_1_77' title="bbox 131 2737 271 2762; baseline 0 -5"><span class='ocrx_word' id='word_1_495' title='bbox 131 2737 150 2745; x_wconf 86' lang='grc'>·”</span> <span class='ocrx_word' id='word_1_496' title='bbox 189 2742 234 2757; x_wconf 90' lang='lat' dir='ltr'>um.</span> <span class='ocrx_word' id='word_1_497' title='bbox 248 2743 271 2762; x_wconf 85' lang='lat'>4.</span> 
     </span>
     <span class='ocr_line' id='line_1_78' title="bbox 130 2766 339 2791; baseline 0.005 -4"><span class='ocrx_word' id='word_1_498' title='bbox 130 2766 285 2791; x_wconf 71' lang='lat' dir='ltr'>*Lib.1‚1ecn.</span> <span class='ocrx_word' id='word_1_499' title='bbox 295 2774 307 2788; x_wconf 93' lang='lat' dir='ltr'>v</span> <span class='ocrx_word' id='word_1_500' title='bbox 318 2771 339 2788; x_wconf 86' lang='lat' dir='ltr'>et</span> 
     </span>
     <span class='ocr_line' id='line_1_79' title="bbox 132 2793 339 2821; baseline 0 -7"><span class='ocrx_word' id='word_1_501' title='bbox 132 2799 163 2814; x_wconf 81' lang='lat' dir='ltr'>vi.</span> <span class='ocrx_word' id='word_1_502' title='bbox 174 2804 184 2809; x_wconf 88' lang='lat'>·-</span> <span class='ocrx_word' id='word_1_503' title='bbox 200 2793 248 2814; x_wconf 86' lang='lat' dir='ltr'>lam</span> <span class='ocrx_word' id='word_1_504' title='bbox 266 2799 339 2821; x_wconf 72' lang='lat' dir='ltr'>supra</span> 
     </span>
     <span class='ocr_line' id='line_1_80' title="bbox 132 2819 243 2841; baseline 0 -1"><span class='ocrx_word' id='word_1_505' title='bbox 132 2826 160 2840; x_wconf 86' lang='lat' dir='ltr'>ex</span> <span class='ocrx_word' id='word_1_506' title='bbox 175 2819 243 2841; x_wconf 90' lang='lat' dir='ltr'>codd.</span> 
     </span>
    </p>

    <p class='ocr_par' dir='ltr' id='par_1_18' title="bbox 129 2846 341 2924">
     <span class='ocr_line' id='line_1_81' title="bbox 131 2846 340 2873; baseline 0.005 -6"><span class='ocrx_word' id='word_1_507' title='bbox 131 2846 142 2857; x_wconf 78' lang='lat'>¹·</span> <span class='ocrx_word' id='word_1_508' title='bbox 149 2852 221 2867; x_wconf 64' lang='lat' dir='ltr'>nono:</span> <span class='ocrx_word' id='word_1_509' title='bbox 231 2852 340 2873; x_wconf 71' lang='lat' dir='ltr'>cognosc.</span> 
     </span>
     <span class='ocr_line' id='line_1_82' title="bbox 129 2873 341 2899; baseline 0.009 -6"><span class='ocrx_word' id='word_1_510' title='bbox 129 2873 142 2883; x_wconf 69' lang='lat'>⁴</span> <span class='ocrx_word' id='word_1_511' title='bbox 151 2878 186 2893; x_wconf 73' lang='lat' dir='ltr'>roi</span> <span class='ocrx_word' id='word_1_512' title='bbox 195 2880 200 2894; x_wconf 72' lang='grc' dir='ltr'><strong><em>ε</em></strong></span> <span class='ocrx_word' id='word_1_513' title='bbox 211 2875 234 2894; x_wconf 84' lang='lat' dir='ltr'>et</span> <span class='ocrx_word' id='word_1_514' title='bbox 241 2873 341 2899; x_wconf 67' lang='lat' dir='ltr'>immed„-</span> 
     </span>
     <span class='ocr_line' id='line_1_83' title="bbox 134 2905 215 2924; baseline 0.012 -4"><span class='ocrx_word' id='word_1_515' title='bbox 134 2905 153 2924; x_wconf 76' lang='lat' dir='ltr'>Q</span> <span class='ocrx_word' id='word_1_516' title='bbox 168 2905 215 2921; x_wconf 88' lang='lat' dir='ltr'>om.</span> 
     </span>
    </p>
   </div>
   <div class='ocr_carea' id='block_1_14' title="bbox 919 244 1944 289">
    <p class='ocr_par' dir='ltr' id='par_1_19' title="bbox 919 244 1944 289">
     <span class='ocr_line' id='line_1_84' title="bbox 919 244 1944 289; baseline -0.009 -1"><span class='ocrx_word' id='word_1_517' title='bbox 919 246 1301 289; x_wconf 89' lang='lat' dir='ltr'><strong>POSTERIORUM</strong></span> <span class='ocrx_word' id='word_1_518' title='bbox 1328 245 1758 283; x_wconf 89' lang='lat' dir='ltr'><strong>ANALYTICORUM</strong></span> <span class='ocrx_word' id='word_1_519' title='bbox 1786 245 1880 280; x_wconf 94' lang='lat' dir='ltr'>LIB.</span> <span class='ocrx_word' id='word_1_520' title='bbox 1913 244 1944 279; x_wconf 95' lang='lat' dir='ltr'>II</span> 
     </span>
    </p>
   </div>
   <div class='ocr_carea' id='block_1_15' title="bbox 1531 321 2554 808">
    <p class='ocr_par' dir='ltr' id='par_1_20' title="bbox 1531 321 2554 808">
     <span class='ocr_line' id='line_1_85' title="bbox 1531 321 2545 364; baseline -0.001 -9"><span class='ocrx_word' id='word_1_521' title='bbox 1531 324 1659 355; x_wconf 89' lang='lat' dir='ltr'>scientia</span> <span class='ocrx_word' id='word_1_522' title='bbox 1684 323 1798 354; x_wconf 91' lang='lat' dir='ltr'>certius</span> <span class='ocrx_word' id='word_1_523' title='bbox 1822 322 1908 352; x_wconf 87' lang='lat' dir='ltr'>aliud</span> <span class='ocrx_word' id='word_1_524' title='bbox 1929 331 2029 362; x_wconf 88' lang='lat' dir='ltr'>genus</span> <span class='ocrx_word' id='word_1_525' title='bbox 2054 331 2154 362; x_wconf 86' lang='lat' dir='ltr'>quam</span> <span class='ocrx_word' id='word_1_526' title='bbox 2177 321 2365 360; x_wconf 85' lang='lat' dir='ltr'>intellectus,</span> <span class='ocrx_word' id='word_1_527' title='bbox 2390 322 2545 364; x_wconf 88' lang='lat' dir='ltr'>principia</span> 
     </span>
     <span class='ocr_line' id='line_1_86' title="bbox 1533 365 2548 403; baseline 0 -4"><span class='ocrx_word' id='word_1_528' title='bbox 1533 375 1640 399; x_wconf 89' lang='lat' dir='ltr'>autem</span> <span class='ocrx_word' id='word_1_529' title='bbox 1664 366 1975 398; x_wconf 82' lang='lat' dir='ltr'>demonstrationum</span> <span class='ocrx_word' id='word_1_530' title='bbox 1999 372 2073 396; x_wconf 90' lang='lat' dir='ltr'>sunt</span> <span class='ocrx_word' id='word_1_531' title='bbox 2101 365 2247 403; x_wconf 85' lang='lat' dir='ltr'>notiora,</span> <span class='ocrx_word' id='word_1_532' title='bbox 2279 365 2409 397; x_wconf 81' lang='lat' dir='ltr'>scientia</span> <span class='ocrx_word' id='word_1_533' title='bbox 2439 375 2548 399; x_wconf 85' lang='lat' dir='ltr'>autem</span> 
     </span>
     <span class='ocr_line' id='line_1_87' title="bbox 1533 409 2548 450; baseline 0.001 -8"><span class='ocrx_word' id='word_1_534' title='bbox 1533 412 1638 443; x_wconf 90' lang='lat' dir='ltr'>omnis</span> <span class='ocrx_word' id='word_1_535' title='bbox 1653 422 1727 442; x_wconf 92' lang='lat' dir='ltr'>cum</span> <span class='ocrx_word' id='word_1_536' title='bbox 1740 412 1861 442; x_wconf 87' lang='lat' dir='ltr'>ratione</span> <span class='ocrx_word' id='word_1_537' title='bbox 1877 417 1933 448; x_wconf 90' lang='lat' dir='ltr'>est,</span> <span class='ocrx_word' id='word_1_538' title='bbox 1947 410 2179 450; x_wconf 89' lang='lat' dir='ltr'>principiorum</span> <span class='ocrx_word' id='word_1_539' title='bbox 2193 409 2325 450; x_wconf 90' lang='lat' dir='ltr'>quidem</span> <span class='ocrx_word' id='word_1_540' title='bbox 2339 410 2468 442; x_wconf 86' lang='lat' dir='ltr'>scientia</span> <span class='ocrx_word' id='word_1_541' title='bbox 2480 423 2548 443; x_wconf 90' lang='lat' dir='ltr'>non</span> 
     </span>
     <span class='ocr_line' id='line_1_88' title="bbox 1533 454 2549 497; baseline 0.001 -11"><span class='ocrx_word' id='word_1_542' title='bbox 1533 457 1644 497; x_wconf 90' lang='lat' dir='ltr'>utique</span> <span class='ocrx_word' id='word_1_543' title='bbox 1669 456 1735 486; x_wconf 92' lang='lat' dir='ltr'>erit.</span> <span class='ocrx_word' id='word_1_544' title='bbox 1762 455 1927 493; x_wconf 90' lang='lat' dir='ltr'>Quoniam</span> <span class='ocrx_word' id='word_1_545' title='bbox 1950 462 2058 485; x_wconf 85' lang='lat' dir='ltr'>autem</span> <span class='ocrx_word' id='word_1_546' title='bbox 2077 454 2158 485; x_wconf 88' lang='lat' dir='ltr'>nihil</span> <span class='ocrx_word' id='word_1_547' title='bbox 2173 454 2277 485; x_wconf 88' lang='lat' dir='ltr'>verius</span> <span class='ocrx_word' id='word_1_548' title='bbox 2302 456 2458 496; x_wconf 87' lang='lat' dir='ltr'>contingit</span> <span class='ocrx_word' id='word_1_549' title='bbox 2481 455 2549 487; x_wconf 88' lang='lat' dir='ltr'>esse</span> 
     </span>
     <span class='ocr_line' id='line_1_89' title="bbox 1534 499 2550 541; baseline 0 -10"><span class='ocrx_word' id='word_1_550' title='bbox 1534 500 1663 531; x_wconf 89' lang='lat' dir='ltr'>scientia</span> <span class='ocrx_word' id='word_1_551' title='bbox 1691 509 1790 541; x_wconf 85' lang='lat' dir='ltr'>quam</span> <span class='ocrx_word' id='word_1_552' title='bbox 1819 499 2014 538; x_wconf 84' lang='lat' dir='ltr'>intellectus,</span> <span class='ocrx_word' id='word_1_553' title='bbox 2038 499 2215 530; x_wconf 79' lang='lat' dir='ltr'>intellectus</span> <span class='ocrx_word' id='word_1_554' title='bbox 2241 499 2352 540; x_wconf 89' lang='lat' dir='ltr'>utique</span> <span class='ocrx_word' id='word_1_555' title='bbox 2380 500 2438 530; x_wconf 91' lang='lat' dir='ltr'>erit</span> <span class='ocrx_word' id='word_1_556' title='bbox 2463 501 2550 541; x_wconf 89' lang='lat' dir='ltr'>prin-</span> 
     </span>
     <span class='ocr_line' id='line_1_90' title="bbox 1535 543 2551 586; baseline 0.001 -11"><span class='ocrx_word' id='word_1_557' title='bbox 1535 545 1705 585; x_wconf 89' lang='lat' dir='ltr'>cipiorum,</span> <span class='ocrx_word' id='word_1_558' title='bbox 1730 555 1767 574; x_wconf 90' lang='lat' dir='ltr'>ex</span> <span class='ocrx_word' id='word_1_559' title='bbox 1790 543 1838 574; x_wconf 90' lang='lat' dir='ltr'>his</span> <span class='ocrx_word' id='word_1_560' title='bbox 1864 543 2147 575; x_wconf 85' lang='lat' dir='ltr'>considerantibus.</span> <span class='ocrx_word' id='word_1_561' title='bbox 2173 545 2215 575; x_wconf 90' lang='lat' dir='ltr'>Et</span> <span class='ocrx_word' id='word_1_562' title='bbox 2238 544 2394 585; x_wconf 84' lang='lat' dir='ltr'>quoniam</span> <span class='ocrx_word' id='word_1_563' title='bbox 2418 545 2551 586; x_wconf 91' lang='lat' dir='ltr'>quidem</span> 
     </span>
     <span class='ocr_line' id='line_1_91' title="bbox 1535 588 2553 630; baseline 0 -10"><span class='ocrx_word' id='word_1_564' title='bbox 1535 588 1814 620; x_wconf 87' lang='lat' dir='ltr'>demonstrationis</span> <span class='ocrx_word' id='word_1_565' title='bbox 1831 588 2026 628; x_wconf 89' lang='lat' dir='ltr'>principium</span> <span class='ocrx_word' id='word_1_566' title='bbox 2041 599 2108 619; x_wconf 89' lang='lat' dir='ltr'>non</span> <span class='ocrx_word' id='word_1_567' title='bbox 2125 589 2164 620; x_wconf 91' lang='lat' dir='ltr'>sit</span> <span class='ocrx_word' id='word_1_568' title='bbox 2183 589 2428 620; x_wconf 83' lang='lat' dir='ltr'>demonstratio:</span> <span class='ocrx_word' id='word_1_569' title='bbox 2454 599 2553 630; x_wconf 84' lang='lat' dir='ltr'>quare</span> 
     </span>
     <span class='ocr_line' id='line_1_92' title="bbox 1536 632 2553 675; baseline 0 -11"><span class='ocrx_word' id='word_1_570' title='bbox 1536 643 1640 675; x_wconf 90' lang='lat' dir='ltr'>neque</span> <span class='ocrx_word' id='word_1_571' title='bbox 1665 633 1811 664; x_wconf 85' lang='lat' dir='ltr'>scientiae</span> <span class='ocrx_word' id='word_1_572' title='bbox 1834 632 1962 663; x_wconf 85' lang='lat' dir='ltr'>scientia</span> <span class='ocrx_word' id='word_1_573' title='bbox 1987 640 2043 664; x_wconf 92' lang='lat' dir='ltr'>est.</span> <span class='ocrx_word' id='word_1_574' title='bbox 2069 634 2102 665; x_wconf 90' lang='lat' dir='ltr'>Si</span> <span class='ocrx_word' id='word_1_575' title='bbox 2129 633 2224 675; x_wconf 88' lang='lat' dir='ltr'>igitur</span> <span class='ocrx_word' id='word_1_576' title='bbox 2250 634 2295 664; x_wconf 90' lang='lat' dir='ltr'>nil</span> <span class='ocrx_word' id='word_1_577' title='bbox 2318 634 2405 664; x_wconf 88' lang='lat' dir='ltr'>aliud</span> <span class='ocrx_word' id='word_1_578' title='bbox 2430 641 2553 674; x_wconf 88' lang='lat' dir='ltr'>praeter</span> 
     </span>
     <span class='ocr_line' id='line_1_93' title="bbox 1538 678 2554 719; baseline 0 -10"><span class='ocrx_word' id='word_1_579' title='bbox 1538 678 1702 709; x_wconf 89' lang='lat' dir='ltr'>scientiam</span> <span class='ocrx_word' id='word_1_580' title='bbox 1724 688 1824 718; x_wconf 90' lang='lat' dir='ltr'>genus</span> <span class='ocrx_word' id='word_1_581' title='bbox 1848 678 2004 708; x_wconf 85' lang='lat' dir='ltr'>habemus</span> <span class='ocrx_word' id='word_1_582' title='bbox 2027 688 2152 717; x_wconf 89' lang='lat' dir='ltr'>verum,</span> <span class='ocrx_word' id='word_1_583' title='bbox 2168 678 2346 710; x_wconf 88' lang='lat' dir='ltr'>intellectus</span> <span class='ocrx_word' id='word_1_584' title='bbox 2363 679 2476 719; x_wconf 90' lang='lat' dir='ltr'>utique</span> <span class='ocrx_word' id='word_1_585' title='bbox 2496 679 2554 709; x_wconf 89' lang='lat' dir='ltr'>erit</span> 
     </span>
     <span class='ocr_line' id='line_1_94' title="bbox 1538 722 2553 763; baseline 0 -9"><span class='ocrx_word' id='word_1_586' title='bbox 1538 723 1685 754; x_wconf 86' lang='lat' dir='ltr'>scientiae</span> <span class='ocrx_word' id='word_1_587' title='bbox 1701 722 1895 762; x_wconf 88' lang='lat' dir='ltr'>principium</span> <span class='ocrx_word' id='word_1_588' title='bbox 1919 729 1949 752; x_wconf 90' lang='lat' dir='ltr'>et</span> <span class='ocrx_word' id='word_1_589' title='bbox 1963 722 2158 763; x_wconf 90' lang='lat' dir='ltr'>principium</span> <span class='ocrx_word' id='word_1_590' title='bbox 2174 723 2330 763; x_wconf 89' lang='lat' dir='ltr'>principii.</span> <span class='ocrx_word' id='word_1_591' title='bbox 2355 724 2428 754; x_wconf 89' lang='lat' dir='ltr'>Hoc</span> <span class='ocrx_word' id='word_1_592' title='bbox 2444 730 2553 754; x_wconf 85' lang='lat' dir='ltr'>autem</span> 
     </span>
     <span class='ocr_line' id='line_1_95' title="bbox 1540 767 2394 808; baseline 0.001 -11"><span class='ocrx_word' id='word_1_593' title='bbox 1540 777 1636 798; x_wconf 89' lang='lat' dir='ltr'>omne</span> <span class='ocrx_word' id='word_1_594' title='bbox 1656 767 1798 798; x_wconf 87' lang='lat' dir='ltr'>similiter</span> <span class='ocrx_word' id='word_1_595' title='bbox 1817 777 1850 798; x_wconf 93' lang='lat' dir='ltr'>se</span> <span class='ocrx_word' id='word_1_596' title='bbox 1869 767 1964 797; x_wconf 91' lang='lat' dir='ltr'>habet</span> <span class='ocrx_word' id='word_1_597' title='bbox 1983 767 2022 797; x_wconf 87' lang='lat' dir='ltr'>ad</span> <span class='ocrx_word' id='word_1_598' title='bbox 2041 777 2138 798; x_wconf 90' lang='lat' dir='ltr'>omne</span> <span class='ocrx_word' id='word_1_599' title='bbox 2156 778 2258 808; x_wconf 88' lang='lat' dir='ltr'>genus</span> <span class='ocrx_word' id='word_1_600' title='bbox 2277 778 2394 799; x_wconf 90' lang='lat' dir='ltr'>rerum.</span> 
     </span>
    </p>
   </div>
   <div class='ocr_carea' id='block_1_16' title="bbox 1472 871 2554 950">
    <p class='ocr_par' dir='ltr' id='par_1_21' title="bbox 1472 871 2554 950">
     <span class='ocr_line' id='line_1_96' title="bbox 1472 871 2554 910; baseline 0 -9"><span class='ocrx_word' id='word_1_601' title='bbox 1472 882 1547 910; x_wconf 91' lang='lat' dir='ltr'>quae</span> <span class='ocrx_word' id='word_1_602' title='bbox 1561 879 1604 901; x_wconf 91' lang='lat' dir='ltr'>est</span> <span class='ocrx_word' id='word_1_603' title='bbox 1619 872 1794 909; x_wconf 91' lang='lat' dir='ltr'>principium</span> <span class='ocrx_word' id='word_1_604' title='bbox 1810 871 2040 910; x_wconf 86' lang='lat' dir='ltr'>cognoscitivum</span> <span class='ocrx_word' id='word_1_605' title='bbox 2057 872 2262 909; x_wconf 84' lang='lat' dir='ltr'>praeexistens,</span> <span class='ocrx_word' id='word_1_606' title='bbox 2275 872 2371 909; x_wconf 87' lang='lat' dir='ltr'>primo</span> <span class='ocrx_word' id='word_1_607' title='bbox 2386 879 2430 901; x_wconf 89' lang='lat' dir='ltr'>est</span> <span class='ocrx_word' id='word_1_608' title='bbox 2440 882 2554 906; x_wconf 86' lang='lat' dir='ltr'>sensus,</span> 
     </span>
     <span class='ocr_line' id='line_1_97' title="bbox 1472 912 2552 950; baseline 0 -10"><span class='ocrx_word' id='word_1_609' title='bbox 1472 913 1522 950; x_wconf 90' lang='lat' dir='ltr'>qui</span> <span class='ocrx_word' id='word_1_610' title='bbox 1537 913 1675 941; x_wconf 88' lang='lat' dir='ltr'>omnibus</span> <span class='ocrx_word' id='word_1_611' title='bbox 1696 912 1893 941; x_wconf 89' lang='lat' dir='ltr'>animantibus</span> <span class='ocrx_word' id='word_1_612' title='bbox 1916 912 1999 940; x_wconf 88' lang='lat' dir='ltr'>inest.</span> <span class='ocrx_word' id='word_1_613' title='bbox 2016 922 2071 949; x_wconf 87' lang='lat'>-9.</span> <span class='ocrx_word' id='word_1_614' title='bbox 2086 912 2200 941; x_wconf 89' lang='lat' dir='ltr'>Deinde</span> <span class='ocrx_word' id='word_1_615' title='bbox 2215 919 2329 949; x_wconf 88' lang='lat' dir='ltr'>praeter</span> <span class='ocrx_word' id='word_1_616' title='bbox 2350 922 2468 941; x_wconf 89' lang='lat' dir='ltr'>sensum</span> <span class='ocrx_word' id='word_1_617' title='bbox 2490 922 2552 941; x_wconf 89' lang='lat' dir='ltr'>me-</span> 
     </span>
    </p>
   </div>
   <div class='ocr_carea' id='block_1_17' title="bbox 1473 952 2586 990">
    <p class='ocr_par' dir='ltr' id='par_1_22' title="bbox 1473 952 2586 990">
     <span class='ocr_line' id='line_1_98' title="bbox 1473 952 2586 990; baseline 0 -10"><span class='ocrx_word' id='word_1_618' title='bbox 1473 953 1576 988; x_wconf 91' lang='lat' dir='ltr'>moria,</span> <span class='ocrx_word' id='word_1_619' title='bbox 1592 962 1667 990; x_wconf 89' lang='lat' dir='ltr'>quae</span> <span class='ocrx_word' id='word_1_620' title='bbox 1681 953 1820 989; x_wconf 90' lang='lat' dir='ltr'>competit</span> <span class='ocrx_word' id='word_1_621' title='bbox 1834 952 1973 981; x_wconf 89' lang='lat' dir='ltr'>omnibus</span> <span class='ocrx_word' id='word_1_622' title='bbox 1988 952 2162 980; x_wconf 88' lang='lat' dir='ltr'>animalibus</span> <span class='ocrx_word' id='word_1_623' title='bbox 2177 953 2347 989; x_wconf 88' lang='lat' dir='ltr'>perfectis.-</span> <span class='ocrx_word' id='word_1_624' title='bbox 2360 961 2403 981; x_wconf 87' lang='lat'>10.</span> <span class='ocrx_word' id='word_1_625' title='bbox 2420 953 2554 990; x_wconf 88' lang='lat' dir='ltr'>Denique</span> <span class='ocrx_word' id='word_1_626' title='bbox 2584 960 2586 962; x_wconf 85' lang='lat'>·</span> 
     </span>
    </p>
   </div>
   <div class='ocr_carea' id='block_1_18' title="bbox 1473 992 2556 1430">
    <p class='ocr_par' dir='ltr' id='par_1_23' title="bbox 1473 992 2556 1430">
     <span class='ocr_line' id='line_1_99' title="bbox 1473 992 2553 1030; baseline 0 -10"><span class='ocrx_word' id='word_1_627' title='bbox 1473 999 1587 1030; x_wconf 91' lang='lat' dir='ltr'>praeter</span> <span class='ocrx_word' id='word_1_628' title='bbox 1609 1002 1727 1020; x_wconf 90' lang='lat' dir='ltr'>sensum</span> <span class='ocrx_word' id='word_1_629' title='bbox 1749 999 1777 1020; x_wconf 92' lang='lat' dir='ltr'>et</span> <span class='ocrx_word' id='word_1_630' title='bbox 1800 992 1974 1020; x_wconf 87' lang='lat' dir='ltr'>memoriam</span> <span class='ocrx_word' id='word_1_631' title='bbox 2001 999 2043 1020; x_wconf 91' lang='lat' dir='ltr'>est</span> <span class='ocrx_word' id='word_1_632' title='bbox 2067 992 2150 1027; x_wconf 91' lang='lat' dir='ltr'>ratio,</span> <span class='ocrx_word' id='word_1_633' title='bbox 2173 1001 2249 1029; x_wconf 91' lang='lat' dir='ltr'>quae</span> <span class='ocrx_word' id='word_1_634' title='bbox 2270 999 2313 1020; x_wconf 88' lang='lat' dir='ltr'>est</span> <span class='ocrx_word' id='word_1_635' title='bbox 2334 992 2462 1021; x_wconf 88' lang='lat' dir='ltr'>hominis</span> <span class='ocrx_word' id='word_1_636' title='bbox 2484 1002 2553 1030; x_wconf 90' lang='lat' dir='ltr'>pro-</span> 
     </span>
     <span class='ocr_line' id='line_1_100' title="bbox 1474 1032 2553 1070; baseline 0 -10"><span class='ocrx_word' id='word_1_637' title='bbox 1474 1032 1544 1070; x_wconf 87' lang='lat' dir='ltr'>pria.</span> <span class='ocrx_word' id='word_1_638' title='bbox 1561 1050 1579 1054; x_wconf 98' lang='lat'><em>-</em></span> <span class='ocrx_word' id='word_1_639' title='bbox 1599 1042 1642 1061; x_wconf 90' lang='lat'>11.</span> <span class='ocrx_word' id='word_1_640' title='bbox 1659 1032 1782 1061; x_wconf 89' lang='lat' dir='ltr'>Habitus</span> <span class='ocrx_word' id='word_1_641' title='bbox 1796 1032 2009 1069; x_wconf 89' lang='lat' dir='ltr'>principiorum</span> <span class='ocrx_word' id='word_1_642' title='bbox 2031 1032 2104 1060; x_wconf 84' lang='lat' dir='ltr'>fiunt</span> <span class='ocrx_word' id='word_1_643' title='bbox 2125 1032 2155 1060; x_wconf 90' lang='lat' dir='ltr'>in</span> <span class='ocrx_word' id='word_1_644' title='bbox 2170 1032 2256 1061; x_wconf 89' lang='lat' dir='ltr'>nobis</span> <span class='ocrx_word' id='word_1_645' title='bbox 2267 1042 2301 1061; x_wconf 89' lang='lat' dir='ltr'>ex</span> <span class='ocrx_word' id='word_1_646' title='bbox 2315 1042 2403 1061; x_wconf 90' lang='lat' dir='ltr'>sensu</span> <span class='ocrx_word' id='word_1_647' title='bbox 2424 1033 2553 1070; x_wconf 85' lang='lat' dir='ltr'>praeexi-</span> 
     </span>
     <span class='ocr_line' id='line_1_101' title="bbox 1474 1072 2555 1109; baseline 0.001 -9"><span class='ocrx_word' id='word_1_648' title='bbox 1474 1079 1574 1107; x_wconf 85' lang='lat' dir='ltr'>stente,</span> <span class='ocrx_word' id='word_1_649' title='bbox 1596 1073 1674 1100; x_wconf 88' lang='lat' dir='ltr'>unde</span> <span class='ocrx_word' id='word_1_650' title='bbox 1695 1072 1835 1109; x_wconf 87' lang='lat' dir='ltr'>accipitur</span> <span class='ocrx_word' id='word_1_651' title='bbox 1850 1072 1993 1101; x_wconf 89' lang='lat' dir='ltr'>memoria</span> <span class='ocrx_word' id='word_1_652' title='bbox 2008 1079 2036 1100; x_wconf 92' lang='lat' dir='ltr'>et</span> <span class='ocrx_word' id='word_1_653' title='bbox 2051 1072 2279 1109; x_wconf 88' lang='lat' dir='ltr'>experimentum</span> <span class='ocrx_word' id='word_1_654' title='bbox 2291 1083 2299 1108; x_wconf 80' lang='lat'>3</span> <span class='ocrx_word' id='word_1_655' title='bbox 2313 1078 2342 1101; x_wconf 86' lang='lat' dir='ltr'>et</span> <span class='ocrx_word' id='word_1_656' title='bbox 2361 1082 2396 1101; x_wconf 89' lang='lat' dir='ltr'>ex</span> <span class='ocrx_word' id='word_1_657' title='bbox 2411 1073 2555 1101; x_wconf 85' lang='lat' dir='ltr'>memoria</span> 
     </span>
     <span class='ocr_line' id='line_1_102' title="bbox 1474 1112 2553 1150; baseline 0.001 -9"><span class='ocrx_word' id='word_1_658' title='bbox 1474 1120 1502 1141; x_wconf 90' lang='lat' dir='ltr'>et</span> <span class='ocrx_word' id='word_1_659' title='bbox 1523 1112 1721 1149; x_wconf 89' lang='lat' dir='ltr'>experimento</span> <span class='ocrx_word' id='word_1_660' title='bbox 1743 1112 1883 1149; x_wconf 89' lang='lat' dir='ltr'>accipitur</span> <span class='ocrx_word' id='word_1_661' title='bbox 1904 1112 2074 1148; x_wconf 89' lang='lat' dir='ltr'>universale,</span> <span class='ocrx_word' id='word_1_662' title='bbox 2090 1113 2171 1150; x_wconf 90' lang='lat' dir='ltr'>quod</span> <span class='ocrx_word' id='word_1_663' title='bbox 2193 1121 2309 1149; x_wconf 90' lang='lat' dir='ltr'>semper</span> <span class='ocrx_word' id='word_1_664' title='bbox 2330 1113 2436 1141; x_wconf 88' lang='lat' dir='ltr'>eodem</span> <span class='ocrx_word' id='word_1_665' title='bbox 2461 1113 2553 1142; x_wconf 88' lang='lat' dir='ltr'>modo</span> 
     </span>
     <span class='ocr_line' id='line_1_103' title="bbox 1475 1150 2555 1182; baseline -0.001 0"><span class='ocrx_word' id='word_1_666' title='bbox 1475 1163 1505 1182; x_wconf 91' lang='lat' dir='ltr'>se</span> <span class='ocrx_word' id='word_1_667' title='bbox 1526 1154 1620 1181; x_wconf 88' lang='lat' dir='ltr'>habet.</span> <span class='ocrx_word' id='word_1_668' title='bbox 1633 1170 1651 1174; x_wconf 96' lang='lat'>—</span> <span class='ocrx_word' id='word_1_669' title='bbox 1668 1160 1711 1181; x_wconf 89' lang='lat'>12.</span> <span class='ocrx_word' id='word_1_670' title='bbox 1727 1154 1865 1181; x_wconf 89' lang='lat' dir='ltr'>Attamen</span> <span class='ocrx_word' id='word_1_671' title='bbox 1889 1154 1927 1181; x_wconf 87' lang='lat' dir='ltr'>ad</span> <span class='ocrx_word' id='word_1_672' title='bbox 1950 1153 2118 1181; x_wconf 89' lang='lat' dir='ltr'>habendum</span> <span class='ocrx_word' id='word_1_673' title='bbox 2140 1152 2302 1181; x_wconf 89' lang='lat' dir='ltr'>universale</span> <span class='ocrx_word' id='word_1_674' title='bbox 2322 1162 2383 1181; x_wconf 92' lang='lat' dir='ltr'>non</span> <span class='ocrx_word' id='word_1_675' title='bbox 2405 1150 2555 1182; x_wconf 89' lang='lat' dir='ltr'>sufficiunt</span> 
     </span>
     <span class='ocr_line' id='line_1_104' title="bbox 1475 1192 2555 1230; baseline 0 -9"><span class='ocrx_word' id='word_1_676' title='bbox 1475 1202 1569 1230; x_wconf 92' lang='lat' dir='ltr'>neque</span> <span class='ocrx_word' id='word_1_677' title='bbox 1591 1202 1692 1221; x_wconf 91' lang='lat' dir='ltr'>sensus</span> <span class='ocrx_word' id='word_1_678' title='bbox 1713 1202 1808 1230; x_wconf 88' lang='lat' dir='ltr'>neque</span> <span class='ocrx_word' id='word_1_679' title='bbox 1831 1192 1990 1228; x_wconf 87' lang='lat' dir='ltr'>memoria,</span> <span class='ocrx_word' id='word_1_680' title='bbox 2014 1193 2066 1221; x_wconf 90' lang='lat' dir='ltr'>sed</span> <span class='ocrx_word' id='word_1_681' title='bbox 2087 1192 2250 1230; x_wconf 83' lang='lat' dir='ltr'>requiritur&#39;</span> <span class='ocrx_word' id='word_1_682' title='bbox 2265 1192 2398 1229; x_wconf 88' lang='lat' dir='ltr'>potentia</span> <span class='ocrx_word' id='word_1_683' title='bbox 2421 1202 2497 1230; x_wconf 90' lang='lat' dir='ltr'>quae</span> <span class='ocrx_word' id='word_1_684' title='bbox 2518 1193 2555 1221; x_wconf 90' lang='lat' dir='ltr'>sit</span> 
     </span>
     <span class='ocr_line' id='line_1_105' title="bbox 1476 1232 2556 1270; baseline -0.001 -8"><span class='ocrx_word' id='word_1_685' title='bbox 1476 1243 1566 1270; x_wconf 83' lang='lat' dir='ltr'>capax</span> <span class='ocrx_word' id='word_1_686' title='bbox 1593 1233 1778 1261; x_wconf 90' lang='lat' dir='ltr'>abstrahendi</span> <span class='ocrx_word' id='word_1_687' title='bbox 1806 1233 1967 1261; x_wconf 85' lang='lat' dir='ltr'>universale</span> <span class='ocrx_word' id='word_1_688' title='bbox 2000 1232 2071 1260; x_wconf 90' lang='lat' dir='ltr'>illud</span> <span class='ocrx_word' id='word_1_689' title='bbox 2098 1242 2116 1260; x_wconf 92' lang='lat' dir='ltr'>a</span> <span class='ocrx_word' id='word_1_690' title='bbox 2143 1233 2346 1270; x_wconf 83' lang='lat' dir='ltr'>singularibus,</span> <span class='ocrx_word' id='word_1_691' title='bbox 2368 1239 2397 1261; x_wconf 91' lang='lat' dir='ltr'>et</span> <span class='ocrx_word' id='word_1_692' title='bbox 2424 1233 2556 1270; x_wconf 83' lang='lat' dir='ltr'>potentia</span> 
     </span>
     <span class='ocr_line' id='line_1_106' title="bbox 1476 1272 2554 1310; baseline 0 -9"><span class='ocrx_word' id='word_1_693' title='bbox 1476 1282 1551 1310; x_wconf 92' lang='lat' dir='ltr'>quae</span> <span class='ocrx_word' id='word_1_694' title='bbox 1579 1273 1656 1301; x_wconf 90' lang='lat' dir='ltr'>idem</span> <span class='ocrx_word' id='word_1_695' title='bbox 1684 1272 1846 1301; x_wconf 86' lang='lat' dir='ltr'>universale</span> <span class='ocrx_word' id='word_1_696' title='bbox 1874 1272 1966 1310; x_wconf 91' lang='lat' dir='ltr'>possit</span> <span class='ocrx_word' id='word_1_697' title='bbox 1991 1273 2020 1301; x_wconf 90' lang='lat' dir='ltr'>in</span> <span class='ocrx_word' id='word_1_698' title='bbox 2044 1282 2075 1301; x_wconf 87' lang='lat' dir='ltr'>se</span> <span class='ocrx_word' id='word_1_699' title='bbox 2103 1272 2240 1310; x_wconf 89' lang='lat' dir='ltr'>recipere.</span> <span class='ocrx_word' id='word_1_700' title='bbox 2258 1290 2277 1294; x_wconf 95' lang='lat'><em>-</em></span> <span class='ocrx_word' id='word_1_701' title='bbox 2303 1273 2347 1301; x_wconf 83' lang='lat'>13.</span> <span class='ocrx_word' id='word_1_702' title='bbox 2369 1273 2454 1305; x_wconf 78' lang='lat' dir='ltr'>Tunc</span> <span class='ocrx_word' id='word_1_703' title='bbox 2479 1273 2554 1302; x_wconf 88' lang='lat' dir='ltr'>acci-</span> 
     </span>
     <span class='ocr_line' id='line_1_107' title="bbox 1476 1312 2555 1350; baseline 0.001 -10"><span class='ocrx_word' id='word_1_704' title='bbox 1476 1313 1559 1350; x_wconf 35' lang='lat' dir='ltr'>pitur,</span> <span class='ocrx_word' id='word_1_705' title='bbox 1574 1313 1736 1341; x_wconf 84' lang='lat' dir='ltr'>universale</span> <span class='ocrx_word' id='word_1_706' title='bbox 1757 1322 1791 1341; x_wconf 87' lang='lat' dir='ltr'>ex</span> <span class='ocrx_word' id='word_1_707' title='bbox 1813 1313 2025 1350; x_wconf 83' lang='lat' dir='ltr'>singularibus,</span> <span class='ocrx_word' id='word_1_708' title='bbox 2055 1314 2174 1350; x_wconf 92' lang='lat' dir='ltr'>quando</span> <span class='ocrx_word' id='word_1_709' title='bbox 2196 1313 2336 1349; x_wconf 85' lang='lat' dir='ltr'>accipitur</span> <span class='ocrx_word' id='word_1_710' title='bbox 2363 1312 2434 1341; x_wconf 93' lang='lat' dir='ltr'>illud</span> <span class='ocrx_word' id='word_1_711' title='bbox 2461 1322 2555 1341; x_wconf 89' lang='lat' dir='ltr'>unum</span> 
     </span>
     <span class='ocr_line' id='line_1_108' title="bbox 1477 1352 2556 1390; baseline 0.001 -10"><span class='ocrx_word' id='word_1_712' title='bbox 1477 1353 1507 1381; x_wconf 94' lang='lat' dir='ltr'>in</span> <span class='ocrx_word' id='word_1_713' title='bbox 1529 1362 1589 1390; x_wconf 91' lang='lat' dir='ltr'>quo</span> <span class='ocrx_word' id='word_1_714' title='bbox 1611 1352 1767 1390; x_wconf 87' lang='lat' dir='ltr'>singularia</span> <span class='ocrx_word' id='word_1_715' title='bbox 1787 1362 1848 1381; x_wconf 89' lang='lat' dir='ltr'>non</span> <span class='ocrx_word' id='word_1_716' title='bbox 1870 1353 2016 1381; x_wconf 83' lang='lat' dir='ltr'>differunt.</span> <span class='ocrx_word' id='word_1_717' title='bbox 2032 1370 2050 1374; x_wconf 93' lang='lat'><em>—</em></span> <span class='ocrx_word' id='word_1_718' title='bbox 2075 1362 2118 1388; x_wconf 92' lang='lat'>14.</span> <span class='ocrx_word' id='word_1_719' title='bbox 2144 1354 2213 1381; x_wconf 92' lang='lat' dir='ltr'>Ideo</span> <span class='ocrx_word' id='word_1_720' title='bbox 2228 1359 2326 1382; x_wconf 80' lang='lat' dir='ltr'>autem</span> <span class='ocrx_word' id='word_1_721' title='bbox 2348 1354 2384 1381; x_wconf 94' lang='lat' dir='ltr'>ab</span> <span class='ocrx_word' id='word_1_722' title='bbox 2409 1353 2556 1381; x_wconf 84' lang='lat' dir='ltr'>intellectu</span> 
     </span>
     <span class='ocr_line' id='line_1_109' title="bbox 1478 1392 2555 1430; baseline 0.001 -10"><span class='ocrx_word' id='word_1_723' title='bbox 1478 1392 1617 1429; x_wconf 89' lang='lat' dir='ltr'>accipitur</span> <span class='ocrx_word' id='word_1_724' title='bbox 1637 1392 1799 1421; x_wconf 88' lang='lat' dir='ltr'>universale</span> <span class='ocrx_word' id='word_1_725' title='bbox 1826 1403 1860 1421; x_wconf 89' lang='lat' dir='ltr'>ex</span> <span class='ocrx_word' id='word_1_726' title='bbox 1893 1402 1998 1428; x_wconf 88' lang='lat' dir='ltr'>sensu,</span> <span class='ocrx_word' id='word_1_727' title='bbox 2028 1393 2097 1430; x_wconf 88' lang='lat' dir='ltr'>quia</span> <span class='ocrx_word' id='word_1_728' title='bbox 2127 1402 2228 1422; x_wconf 87' lang='lat' dir='ltr'>sensus</span> <span class='ocrx_word' id='word_1_729' title='bbox 2257 1400 2300 1421; x_wconf 88' lang='lat' dir='ltr'>est</span> <span class='ocrx_word' id='word_1_730' title='bbox 2331 1394 2555 1430; x_wconf 87' lang='lat' dir='ltr'>quodammodo</span> 
     </span>
    </p>
   </div>
   <div class='ocr_carea' id='block_1_19' title="bbox 1478 1432 2555 1501">
    <p class='ocr_par' dir='ltr' id='par_1_24' title="bbox 1478 1432 2555 1501">
     <span class='ocr_line' id='line_1_110' title="bbox 1478 1432 2555 1477; baseline 0.002 -17"><span class='ocrx_word' id='word_1_731' title='bbox 1478 1432 1568 1469; x_wconf 91' lang='lat' dir='ltr'>ipsius</span> <span class='ocrx_word' id='word_1_732' title='bbox 1587 1432 1764 1461; x_wconf 89' lang='lat' dir='ltr'>universalis.</span> <span class='ocrx_word' id='word_1_733' title='bbox 1779 1450 1799 1477; x_wconf 69' lang='lat'>.-</span> <span class='ocrx_word' id='word_1_734' title='bbox 1823 1434 1866 1461; x_wconf 81' lang='lat'>15.</span> <span class='ocrx_word' id='word_1_735' title='bbox 1893 1433 2059 1461; x_wconf 89' lang='lat' dir='ltr'>Primorum</span> <span class='ocrx_word' id='word_1_736' title='bbox 2083 1433 2294 1470; x_wconf 89' lang='lat' dir='ltr'>principiorum</span> <span class='ocrx_word' id='word_1_737' title='bbox 2318 1440 2361 1462; x_wconf 90' lang='lat' dir='ltr'>est</span> <span class='ocrx_word' id='word_1_738' title='bbox 2385 1433 2555 1469; x_wconf 83' lang='lat' dir='ltr'>intellectus,</span> 
     </span>
     <span class='ocr_line' id='line_1_111' title="bbox 1479 1479 1814 1501; baseline -0.003 0"><span class='ocrx_word' id='word_1_739' title='bbox 1479 1482 1540 1501; x_wconf 92' lang='lat' dir='ltr'>non</span> <span class='ocrx_word' id='word_1_740' title='bbox 1564 1479 1662 1501; x_wconf 86' lang='lat' dir='ltr'>autem</span> <span class='ocrx_word' id='word_1_741' title='bbox 1685 1479 1814 1501; x_wconf 80' lang='lat' dir='ltr'>scientia.</span> 
     </span>
    </p>
   </div>
   <div class='ocr_carea' id='block_1_20' title="bbox 1478 1570 2554 1620">
    <p class='ocr_par' dir='ltr' id='par_1_25' title="bbox 1478 1570 2554 1620">
     <span class='ocr_line' id='line_1_112' title="bbox 1478 1570 2554 1620; baseline 0.004 -12"><span class='ocrx_word' id='word_1_742' title='bbox 1478 1571 1523 1609; x_wconf 89' lang='lat' dir='ltr'>sit</span> <span class='ocrx_word' id='word_1_743' title='bbox 1565 1570 1703 1609; x_wconf 88' lang='lat' dir='ltr'>eadem</span> <span class='ocrx_word' id='word_1_744' title='bbox 1741 1572 1906 1620; x_wconf 89' lang='lat' dir='ltr'>cognitio</span> <span class='ocrx_word' id='word_1_745' title='bbox 1945 1574 2007 1611; x_wconf 86' lang='lat' dir='ltr'>vel</span> <span class='ocrx_word' id='word_1_746' title='bbox 2037 1586 2128 1611; x_wconf 93' lang='lat' dir='ltr'>non.</span> <span class='ocrx_word' id='word_1_747' title='bbox 2161 1575 2340 1611; x_wconf 87' lang='lat' dir='ltr'>Secunda</span> <span class='ocrx_word' id='word_1_748' title='bbox 2368 1573 2554 1612; x_wconf 85' lang='lat' dir='ltr'>dubitatio</span> 
     </span>
    </p>
   </div>
   <div class='ocr_carea' id='block_1_21' title="bbox 1478 1626 2592 1678">
    <p class='ocr_par' dir='ltr' id='par_1_26' title="bbox 1478 1626 2592 1678">
     <span class='ocr_line' id='line_1_113' title="bbox 1478 1626 2592 1678; baseline 0.003 -16"><span class='ocrx_word' id='word_1_749' title='bbox 1478 1633 1544 1674; x_wconf 91' lang='lat' dir='ltr'>est,</span> <span class='ocrx_word' id='word_1_750' title='bbox 1560 1633 1691 1663; x_wconf 90' lang='lat' dir='ltr'>utrum</span> <span class='ocrx_word' id='word_1_751' title='bbox 1711 1626 1888 1663; x_wconf 89' lang='lat' dir='ltr'>omnium</span> <span class='ocrx_word' id='word_1_752' title='bbox 1909 1627 2224 1665; x_wconf 90' lang='lat' dir='ltr'>immediatorum</span> <span class='ocrx_word' id='word_1_753' title='bbox 2241 1627 2520 1678; x_wconf 87' lang='lat' dir='ltr'>principiorum</span> <span class='ocrx_word' id='word_1_754' title='bbox 2534 1629 2554 1650; x_wconf 80' lang='lat'><strong>*</strong></span> <span class='ocrx_word' id='word_1_755' title='bbox 2580 1636 2592 1647; x_wconf 85' lang='lat'><strong>·</strong></span> 
     </span>
    </p>
   </div>
   <div class='ocr_carea' id='block_1_22' title="bbox 1477 1679 2561 3232">
    <p class='ocr_par' dir='ltr' id='par_1_27' title="bbox 1477 1679 2556 1943">
     <span class='ocr_line' id='line_1_114' title="bbox 1477 1679 2555 1730; baseline 0.003 -14"><span class='ocrx_word' id='word_1_756' title='bbox 1477 1679 1524 1716; x_wconf 91' lang='lat' dir='ltr'>sit</span> <span class='ocrx_word' id='word_1_757' title='bbox 1538 1679 1694 1716; x_wconf 90' lang='lat' dir='ltr'>scientia</span> <span class='ocrx_word' id='word_1_758' title='bbox 1707 1681 1770 1717; x_wconf 88' lang='lat' dir='ltr'>vel</span> <span class='ocrx_word' id='word_1_759' title='bbox 1790 1681 1995 1728; x_wconf 90' lang='lat' dir='ltr'>nullorum,</span> <span class='ocrx_word' id='word_1_760' title='bbox 2005 1688 2069 1717; x_wconf 92' lang='lat' dir='ltr'>aut</span> <span class='ocrx_word' id='word_1_761' title='bbox 2088 1681 2349 1730; x_wconf 87' lang='lat' dir='ltr'>quorumdam</span> <span class='ocrx_word' id='word_1_762' title='bbox 2369 1681 2416 1719; x_wconf 93' lang='lat' dir='ltr'>sit</span> <span class='ocrx_word' id='word_1_763' title='bbox 2434 1681 2555 1719; x_wconf 85' lang='lat' dir='ltr'>scien-</span> 
     </span>
     <span class='ocr_line' id='line_1_115' title="bbox 1478 1733 2555 1783; baseline 0.004 -14"><span class='ocrx_word' id='word_1_764' title='bbox 1478 1733 1540 1780; x_wconf 88' lang='lat' dir='ltr'>tia,</span> <span class='ocrx_word' id='word_1_765' title='bbox 1564 1733 1727 1770; x_wconf 91' lang='lat' dir='ltr'>aliorum</span> <span class='ocrx_word' id='word_1_766' title='bbox 1755 1746 1850 1771; x_wconf 89' lang='lat' dir='ltr'>vero</span> <span class='ocrx_word' id='word_1_767' title='bbox 1880 1734 1982 1772; x_wconf 89' lang='lat' dir='ltr'>aliud</span> <span class='ocrx_word' id='word_1_768' title='bbox 2010 1746 2131 1782; x_wconf 90' lang='lat' dir='ltr'>genus</span> <span class='ocrx_word' id='word_1_769' title='bbox 2156 1734 2393 1783; x_wconf 88' lang='lat' dir='ltr'>cognitionis.</span> <span class='ocrx_word' id='word_1_770' title='bbox 2424 1734 2555 1773; x_wconf 84' lang='lat' dir='ltr'>Tertia</span> 
     </span>
     <span class='ocr_line' id='line_1_116' title="bbox 1479 1786 2556 1838; baseline 0.003 -15"><span class='ocrx_word' id='word_1_771' title='bbox 1479 1786 1650 1835; x_wconf 90' lang='lat' dir='ltr'>quaestio</span> <span class='ocrx_word' id='word_1_772' title='bbox 1677 1788 1697 1808; x_wconf 60' lang='lat'>²¹*</span> <span class='ocrx_word' id='word_1_773' title='bbox 1723 1795 1794 1835; x_wconf 87' lang='lat' dir='ltr'>est,</span> <span class='ocrx_word' id='word_1_774' title='bbox 1823 1795 1953 1824; x_wconf 90' lang='lat' dir='ltr'>utrum</span> <span class='ocrx_word' id='word_1_775' title='bbox 1982 1788 2134 1825; x_wconf 91' lang='lat' dir='ltr'>habitus</span> <span class='ocrx_word' id='word_1_776' title='bbox 2162 1789 2323 1826; x_wconf 91' lang='lat' dir='ltr'>istorum</span> <span class='ocrx_word' id='word_1_777' title='bbox 2351 1788 2556 1838; x_wconf 87' lang='lat' dir='ltr'>principio-</span> 
     </span>
     <span class='ocr_line' id='line_1_117' title="bbox 1480 1840 2556 1891; baseline 0.004 -15"><span class='ocrx_word' id='word_1_778' title='bbox 1480 1852 1566 1877; x_wconf 92' lang='lat' dir='ltr'>rum</span> <span class='ocrx_word' id='word_1_779' title='bbox 1595 1841 1690 1877; x_wconf 89' lang='lat' dir='ltr'>fiant</span> <span class='ocrx_word' id='word_1_780' title='bbox 1717 1840 1756 1878; x_wconf 91' lang='lat' dir='ltr'>in</span> <span class='ocrx_word' id='word_1_781' title='bbox 1780 1841 1904 1889; x_wconf 90' lang='lat' dir='ltr'>nobis,</span> <span class='ocrx_word' id='word_1_782' title='bbox 1932 1854 2020 1878; x_wconf 91' lang='lat' dir='ltr'>cum</span> <span class='ocrx_word' id='word_1_783' title='bbox 2049 1841 2154 1891; x_wconf 91' lang='lat' dir='ltr'>prius</span> <span class='ocrx_word' id='word_1_784' title='bbox 2177 1854 2257 1879; x_wconf 91' lang='lat' dir='ltr'>non</span> <span class='ocrx_word' id='word_1_785' title='bbox 2285 1842 2435 1891; x_wconf 85' lang='lat' dir='ltr'>fuerint,</span> <span class='ocrx_word' id='word_1_786' title='bbox 2455 1847 2474 1864; x_wconf 68' lang='lat'><em>²</em></span> <span class='ocrx_word' id='word_1_787' title='bbox 2491 1843 2556 1880; x_wconf 88' lang='lat' dir='ltr'>vel</span> 
     </span>
     <span class='ocr_line' id='line_1_118' title="bbox 1481 1894 2524 1943; baseline 0.004 -13"><span class='ocrx_word' id='word_1_788' title='bbox 1481 1905 1635 1943; x_wconf 90' lang='lat' dir='ltr'>semper</span> <span class='ocrx_word' id='word_1_789' title='bbox 1653 1894 1692 1931; x_wconf 89' lang='lat' dir='ltr'>in</span> <span class='ocrx_word' id='word_1_790' title='bbox 1712 1894 1824 1932; x_wconf 92' lang='lat' dir='ltr'>nobis</span> <span class='ocrx_word' id='word_1_791' title='bbox 1850 1895 2016 1942; x_wconf 83' lang='lat' dir='ltr'>fuerunt,</span> <span class='ocrx_word' id='word_1_792' title='bbox 2038 1896 2106 1933; x_wconf 90' lang='lat' dir='ltr'>sed</span> <span class='ocrx_word' id='word_1_793' title='bbox 2131 1903 2262 1934; x_wconf 88' lang='lat' dir='ltr'>tamen</span> <span class='ocrx_word' id='word_1_794' title='bbox 2282 1909 2354 1934; x_wconf 91' lang='lat' dir='ltr'>nos</span> <span class='ocrx_word' id='word_1_795' title='bbox 2373 1896 2524 1934; x_wconf 86' lang='lat' dir='ltr'>latebat.</span> 
     </span>
    </p>

    <p class='ocr_par' dir='ltr' id='par_1_28' title="bbox 1481 1947 2560 2854">
     <span class='ocr_line' id='line_1_119' title="bbox 1533 1947 2556 2000; baseline 0.004 -17"><span class='ocrx_word' id='word_1_796' title='bbox 1533 1958 1572 1994; x_wconf 87' lang='lat'>4.</span> <span class='ocrx_word' id='word_1_797' title='bbox 1593 1947 1743 1986; x_wconf 90' lang='lat' dir='ltr'>Deinde</span> <span class='ocrx_word' id='word_1_798' title='bbox 1774 1960 1862 1985; x_wconf 92' lang='lat' dir='ltr'>cum</span> <span class='ocrx_word' id='word_1_799' title='bbox 1897 1948 2005 1986; x_wconf 90' lang='lat' dir='ltr'>dicit:</span> <span class='ocrx_word' id='word_1_800' title='bbox 2033 1949 2075 1986; x_wconf 90' lang='lat' dir='ltr'>Si</span> <span class='ocrx_word' id='word_1_801' title='bbox 2107 1949 2257 1998; x_wconf 84' lang='lat' dir='ltr'>quidem</span> <span class='ocrx_word' id='word_1_802' title='bbox 2292 1950 2410 2000; x_wconf 85' lang='lat' dir='ltr'>igitur</span> <span class='ocrx_word' id='word_1_803' title='bbox 2442 1950 2556 1988; x_wconf 84' lang='lat' dir='ltr'>habe-</span> 
     </span>
     <span class='ocr_line' id='line_1_120' title="bbox 1481 2001 2556 2052; baseline 0.004 -15"><span class='ocrx_word' id='word_1_804' title='bbox 1481 2012 1565 2037; x_wconf 85' lang='lat' dir='ltr'>mus</span> <span class='ocrx_word' id='word_1_805' title='bbox 1593 2001 1692 2049; x_wconf 84' lang='lat' dir='ltr'>ipsos</span> <span class='ocrx_word' id='word_1_806' title='bbox 1721 2009 1804 2049; x_wconf 69' lang='lat' dir='ltr'>etc„</span> <span class='ocrx_word' id='word_1_807' title='bbox 1826 2002 1955 2039; x_wconf 90' lang='lat' dir='ltr'>obiicit</span> <span class='ocrx_word' id='word_1_808' title='bbox 1983 2003 2032 2040; x_wconf 90' lang='lat' dir='ltr'>ad</span> <span class='ocrx_word' id='word_1_809' title='bbox 2061 2003 2329 2052; x_wconf 88' lang='lat' dir='ltr'>quaestionem</span> <span class='ocrx_word' id='word_1_810' title='bbox 2367 2003 2556 2051; x_wconf 86' lang='lat' dir='ltr'>ultimam,</span> 
     </span>
     <span class='ocr_line' id='line_1_121' title="bbox 1481 2054 2558 2106; baseline 0.003 -15"><span class='ocrx_word' id='word_1_811' title='bbox 1481 2054 1531 2092; x_wconf 91' lang='lat' dir='ltr'>ad</span> <span class='ocrx_word' id='word_1_812' title='bbox 1559 2066 1678 2103; x_wconf 88' lang='lat' dir='ltr'>quam</span> <span class='ocrx_word' id='word_1_813' title='bbox 1715 2055 1811 2092; x_wconf 89' lang='lat' dir='ltr'>aliae</span> <span class='ocrx_word' id='word_1_814' title='bbox 1840 2056 2075 2094; x_wconf 89' lang='lat' dir='ltr'>ordinantur.</span> <span class='ocrx_word' id='word_1_815' title='bbox 2107 2057 2156 2093; x_wconf 90' lang='lat' dir='ltr'>Et</span> <span class='ocrx_word' id='word_1_816' title='bbox 2193 2057 2319 2106; x_wconf 90' lang='lat' dir='ltr'>primo</span> <span class='ocrx_word' id='word_1_817' title='bbox 2349 2057 2480 2094; x_wconf 92' lang='lat' dir='ltr'>obiicit</span> <span class='ocrx_word' id='word_1_818' title='bbox 2506 2057 2558 2094; x_wconf 87' lang='lat' dir='ltr'>ad</span> 
     </span>
     <span class='ocr_line' id='line_1_122' title="bbox 1481 2110 2558 2159; baseline 0.004 -15"><span class='ocrx_word' id='word_1_819' title='bbox 1481 2120 1601 2145; x_wconf 90' lang='lat' dir='ltr'>unam</span> <span class='ocrx_word' id='word_1_820' title='bbox 1629 2116 1798 2157; x_wconf 90' lang='lat' dir='ltr'>partem;</span> <span class='ocrx_word' id='word_1_821' title='bbox 1829 2117 1866 2146; x_wconf 92' lang='lat' dir='ltr'>et</span> <span class='ocrx_word' id='word_1_822' title='bbox 1885 2110 1973 2147; x_wconf 90' lang='lat' dir='ltr'>dicit</span> <span class='ocrx_word' id='word_1_823' title='bbox 1991 2110 2098 2159; x_wconf 92' lang='lat' dir='ltr'>quod</span> <span class='ocrx_word' id='word_1_824' title='bbox 2122 2117 2179 2148; x_wconf 90' lang='lat' dir='ltr'>est</span> <span class='ocrx_word' id='word_1_825' title='bbox 2206 2111 2482 2148; x_wconf 88' lang='lat' dir='ltr'>inconveniens</span> <span class='ocrx_word' id='word_1_826' title='bbox 2503 2110 2558 2148; x_wconf 92' lang='lat' dir='ltr'>di·</span> 
     </span>
     <span class='ocr_line' id='line_1_123' title="bbox 1483 2163 2557 2214; baseline 0.003 -15"><span class='ocrx_word' id='word_1_827' title='bbox 1483 2174 1568 2199; x_wconf 91' lang='lat' dir='ltr'>cere</span> <span class='ocrx_word' id='word_1_828' title='bbox 1608 2164 1713 2212; x_wconf 92' lang='lat' dir='ltr'>quod</span> <span class='ocrx_word' id='word_1_829' title='bbox 1742 2163 1956 2201; x_wconf 88' lang='lat' dir='ltr'>habeamus</span> <span class='ocrx_word' id='word_1_830' title='bbox 1994 2164 2146 2200; x_wconf 88' lang='lat' dir='ltr'>habitus</span> <span class='ocrx_word' id='word_1_831' title='bbox 2174 2164 2315 2202; x_wconf 88' lang='lat' dir='ltr'>horum</span> <span class='ocrx_word' id='word_1_832' title='bbox 2349 2164 2557 2214; x_wconf 90' lang='lat' dir='ltr'>principio-</span> 
     </span>
     <span class='ocr_line' id='line_1_124' title="bbox 1483 2217 2558 2268; baseline 0.003 -16"><span class='ocrx_word' id='word_1_833' title='bbox 1483 2228 1590 2264; x_wconf 89' lang='lat' dir='ltr'>rum,</span> <span class='ocrx_word' id='word_1_834' title='bbox 1621 2224 1658 2253; x_wconf 91' lang='lat' dir='ltr'>et</span> <span class='ocrx_word' id='word_1_835' title='bbox 1685 2217 1798 2254; x_wconf 89' lang='lat' dir='ltr'>lateat</span> <span class='ocrx_word' id='word_1_836' title='bbox 1835 2229 1918 2254; x_wconf 92' lang='lat' dir='ltr'>nos.</span> <span class='ocrx_word' id='word_1_837' title='bbox 1950 2217 2199 2255; x_wconf 88' lang='lat' dir='ltr'>Manifestum</span> <span class='ocrx_word' id='word_1_838' title='bbox 2228 2225 2285 2255; x_wconf 92' lang='lat' dir='ltr'>est</span> <span class='ocrx_word' id='word_1_839' title='bbox 2319 2218 2423 2255; x_wconf 91' lang='lat' dir='ltr'>enim</span> <span class='ocrx_word' id='word_1_840' title='bbox 2452 2218 2558 2268; x_wconf 91' lang='lat' dir='ltr'>quod</span> 
     </span>
     <span class='ocr_line' id='line_1_125' title="bbox 1482 2269 2559 2321; baseline 0.004 -15"><span class='ocrx_word' id='word_1_841' title='bbox 1482 2269 1532 2306; x_wconf 91' lang='lat' dir='ltr'>illi</span> <span class='ocrx_word' id='word_1_842' title='bbox 1565 2269 1631 2319; x_wconf 89' lang='lat' dir='ltr'>qui</span> <span class='ocrx_word' id='word_1_843' title='bbox 1654 2270 1797 2308; x_wconf 90' lang='lat' dir='ltr'>habent</span> <span class='ocrx_word' id='word_1_844' title='bbox 1825 2270 2085 2319; x_wconf 88' lang='lat' dir='ltr'>cognitionem</span> <span class='ocrx_word' id='word_1_845' title='bbox 2103 2271 2395 2321; x_wconf 86' lang='lat' dir='ltr'>principiorum,</span> <span class='ocrx_word' id='word_1_846' title='bbox 2415 2271 2559 2310; x_wconf 86' lang='lat' dir='ltr'>habent</span> 
     </span>
     <span class='ocr_line' id='line_1_126' title="bbox 1483 2323 2559 2375; baseline 0.003 -15"><span class='ocrx_word' id='word_1_847' title='bbox 1483 2323 1684 2361; x_wconf 89' lang='lat' dir='ltr'>certiorem</span> <span class='ocrx_word' id='word_1_848' title='bbox 1719 2324 1977 2373; x_wconf 89' lang='lat' dir='ltr'>cognitionem</span> <span class='ocrx_word' id='word_1_849' title='bbox 2012 2325 2228 2373; x_wconf 87' lang='lat' dir='ltr'>cognitione</span> <span class='ocrx_word' id='word_1_850' title='bbox 2266 2338 2366 2375; x_wconf 89' lang='lat' dir='ltr'>quae</span> <span class='ocrx_word' id='word_1_851' title='bbox 2405 2333 2462 2363; x_wconf 92' lang='lat' dir='ltr'>est</span> <span class='ocrx_word' id='word_1_852' title='bbox 2488 2337 2559 2375; x_wconf 90' lang='lat' dir='ltr'>per</span> 
     </span>
     <span class='ocr_line' id='line_1_127' title="bbox 1484 2377 2557 2428; baseline 0.003 -14"><span class='ocrx_word' id='word_1_853' title='bbox 1484 2377 1863 2415; x_wconf 89' lang='lat' dir='ltr'>demonstrationem.</span> <span class='ocrx_word' id='word_1_854' title='bbox 1896 2378 1974 2415; x_wconf 89' lang='lat' dir='ltr'>Sed</span> <span class='ocrx_word' id='word_1_855' title='bbox 2003 2378 2168 2427; x_wconf 89' lang='lat' dir='ltr'>cognitio</span> <span class='ocrx_word' id='word_1_856' title='bbox 2197 2391 2298 2428; x_wconf 90' lang='lat' dir='ltr'>quae</span> <span class='ocrx_word' id='word_1_857' title='bbox 2327 2386 2384 2416; x_wconf 91' lang='lat' dir='ltr'>est</span> <span class='ocrx_word' id='word_1_858' title='bbox 2402 2391 2473 2428; x_wconf 90' lang='lat' dir='ltr'>per</span> <span class='ocrx_word' id='word_1_859' title='bbox 2493 2379 2557 2417; x_wconf 92' lang='lat' dir='ltr'>de-</span> 
     </span>
     <span class='ocr_line' id='line_1_128' title="bbox 1483 2430 2559 2482; baseline 0.003 -15"><span class='ocrx_word' id='word_1_860' title='bbox 1483 2431 1802 2469; x_wconf 89' lang='lat' dir='ltr'>monstrationem</span> <span class='ocrx_word' id='word_1_861' title='bbox 1812 2430 1842 2479; x_wconf 71' lang='grc' dir='ltr'>β,</span> <span class='ocrx_word' id='word_1_862' title='bbox 1859 2444 1938 2468; x_wconf 91' lang='lat' dir='ltr'>non</span> <span class='ocrx_word' id='word_1_863' title='bbox 1957 2440 2084 2482; x_wconf 88' lang='lat' dir='ltr'>potest</span> <span class='ocrx_word' id='word_1_864' title='bbox 2102 2432 2235 2471; x_wconf 89' lang='lat' dir='ltr'>haberi</span> <span class='ocrx_word' id='word_1_865' title='bbox 2255 2432 2306 2470; x_wconf 90' lang='lat' dir='ltr'>ita</span> <span class='ocrx_word' id='word_1_866' title='bbox 2325 2433 2431 2482; x_wconf 92' lang='lat' dir='ltr'>quod</span> <span class='ocrx_word' id='word_1_867' title='bbox 2445 2433 2559 2471; x_wconf 88' lang='lat' dir='ltr'>lateat</span> 
     </span>
     <span class='ocr_line' id='line_1_129' title="bbox 1483 2485 2558 2536; baseline 0.003 -15"><span class='ocrx_word' id='word_1_868' title='bbox 1483 2485 1702 2522; x_wconf 90' lang='lat' dir='ltr'>habentem.</span> <span class='ocrx_word' id='word_1_869' title='bbox 1733 2485 1889 2523; x_wconf 90' lang='lat' dir='ltr'>Dictum</span> <span class='ocrx_word' id='word_1_870' title='bbox 1910 2493 1967 2522; x_wconf 91' lang='lat' dir='ltr'>est</span> <span class='ocrx_word' id='word_1_871' title='bbox 1985 2486 2089 2525; x_wconf 88' lang='lat' dir='ltr'>enim</span> <span class='ocrx_word' id='word_1_872' title='bbox 2118 2486 2156 2524; x_wconf 93' lang='lat' dir='ltr'>in</span> <span class='ocrx_word' id='word_1_873' title='bbox 2177 2485 2364 2536; x_wconf 87' lang='lat' dir='ltr'>principio</span> <span class='ocrx_word' id='word_1_874' title='bbox 2385 2486 2498 2524; x_wconf 92' lang='lat' dir='ltr'>huius</span> <span class='ocrx_word' id='word_1_875' title='bbox 2517 2486 2558 2524; x_wconf 91' lang='lat' dir='ltr'>li-</span> 
     </span>
     <span class='ocr_line' id='line_1_130' title="bbox 1484 2537 2559 2590; baseline 0.004 -16"><span class='ocrx_word' id='word_1_876' title='bbox 1484 2537 1542 2575; x_wconf 94' lang='lat' dir='ltr'>bri</span> <span class='ocrx_word' id='word_1_877' title='bbox 1563 2539 1598 2586; x_wconf 71' lang='grc'>*,</span> <span class='ocrx_word' id='word_1_878' title='bbox 1630 2540 1736 2588; x_wconf 91' lang='lat' dir='ltr'>quod</span> <span class='ocrx_word' id='word_1_879' title='bbox 1764 2539 1824 2576; x_wconf 91' lang='lat' dir='ltr'>ille</span> <span class='ocrx_word' id='word_1_880' title='bbox 1854 2538 1918 2588; x_wconf 91' lang='lat' dir='ltr'>qui</span> <span class='ocrx_word' id='word_1_881' title='bbox 1947 2539 2064 2577; x_wconf 88' lang='lat' dir='ltr'>habet</span> <span class='ocrx_word' id='word_1_882' title='bbox 2101 2539 2320 2587; x_wconf 86' lang='lat' dir='ltr'>scientiam,</span> <span class='ocrx_word' id='word_1_883' title='bbox 2355 2540 2425 2578; x_wconf 90' lang='lat' dir='ltr'>scit</span> <span class='ocrx_word' id='word_1_884' title='bbox 2452 2541 2559 2590; x_wconf 90' lang='lat' dir='ltr'>quod</span> 
     </span>
     <span class='ocr_line' id='line_1_131' title="bbox 1483 2591 2558 2641; baseline 0.002 -13"><span class='ocrx_word' id='word_1_885' title='bbox 1483 2591 1719 2640; x_wconf 91' lang='lat' dir='ltr'>impossibile</span> <span class='ocrx_word' id='word_1_886' title='bbox 1749 2600 1805 2630; x_wconf 92' lang='lat' dir='ltr'>est</span> <span class='ocrx_word' id='word_1_887' title='bbox 1824 2593 1931 2630; x_wconf 90' lang='lat' dir='ltr'>aliter</span> <span class='ocrx_word' id='word_1_888' title='bbox 1959 2605 2000 2630; x_wconf 93' lang='lat' dir='ltr'>se</span> <span class='ocrx_word' id='word_1_889' title='bbox 2029 2594 2184 2631; x_wconf 88' lang='lat' dir='ltr'>habere.</span> <span class='ocrx_word' id='word_1_890' title='bbox 2213 2594 2316 2641; x_wconf 88' lang='lat' dir='ltr'>Ergo</span> <span class='ocrx_word' id='word_1_891' title='bbox 2337 2594 2459 2630; x_wconf 90' lang='lat' dir='ltr'>multo</span> <span class='ocrx_word' id='word_1_892' title='bbox 2487 2593 2558 2631; x_wconf 91' lang='lat' dir='ltr'>mi-</span> 
     </span>
     <span class='ocr_line' id='line_1_132' title="bbox 1484 2646 2558 2696; baseline 0.002 -14"><span class='ocrx_word' id='word_1_893' title='bbox 1484 2657 1556 2682; x_wconf 93' lang='lat' dir='ltr'>nus</span> <span class='ocrx_word' id='word_1_894' title='bbox 1573 2647 1593 2667; x_wconf 78' lang='grc'><em>*</em></span> <span class='ocrx_word' id='word_1_895' title='bbox 1612 2653 1738 2694; x_wconf 91' lang='lat' dir='ltr'>potest</span> <span class='ocrx_word' id='word_1_896' title='bbox 1757 2658 1840 2683; x_wconf 88' lang='lat' dir='ltr'>esse</span> <span class='ocrx_word' id='word_1_897' title='bbox 1861 2647 1966 2695; x_wconf 92' lang='lat' dir='ltr'>quod</span> <span class='ocrx_word' id='word_1_898' title='bbox 1987 2646 2120 2696; x_wconf 90' lang='lat' dir='ltr'>aliquis</span> <span class='ocrx_word' id='word_1_899' title='bbox 2139 2647 2280 2684; x_wconf 88' lang='lat' dir='ltr'>habeat</span> <span class='ocrx_word' id='word_1_900' title='bbox 2300 2647 2558 2695; x_wconf 88' lang='lat' dir='ltr'>cognitionem</span> 
     </span>
     <span class='ocr_line' id='line_1_133' title="bbox 1483 2698 2557 2750; baseline 0.003 -15"><span class='ocrx_word' id='word_1_901' title='bbox 1483 2698 1759 2748; x_wconf 89' lang='lat' dir='ltr'>principiorum</span> <span class='ocrx_word' id='word_1_902' title='bbox 1807 2699 2146 2747; x_wconf 89' lang='lat' dir='ltr'>immediatorum,</span> <span class='ocrx_word' id='word_1_903' title='bbox 2186 2707 2222 2737; x_wconf 89' lang='lat' dir='ltr'>et</span> <span class='ocrx_word' id='word_1_904' title='bbox 2259 2701 2372 2738; x_wconf 86' lang='lat' dir='ltr'>lateat</span> <span class='ocrx_word' id='word_1_905' title='bbox 2417 2700 2557 2750; x_wconf 89' lang='lat' dir='ltr'>ipsum.</span> 
     </span>
     <span class='ocr_line' id='line_1_134' title="bbox 1486 2752 2560 2803; baseline 0.004 -15"><span class='ocrx_word' id='word_1_906' title='bbox 1486 2752 1604 2799; x_wconf 90' lang='lat' dir='ltr'>Quod</span> <span class='ocrx_word' id='word_1_907' title='bbox 1624 2760 1753 2790; x_wconf 90' lang='lat' dir='ltr'>tamen</span> <span class='ocrx_word' id='word_1_908' title='bbox 1781 2752 2057 2790; x_wconf 91' lang='lat' dir='ltr'>inconveniens</span> <span class='ocrx_word' id='word_1_909' title='bbox 2086 2761 2329 2803; x_wconf 88' lang='lat' dir='ltr'>sequeretur,</span> <span class='ocrx_word' id='word_1_910' title='bbox 2357 2753 2388 2790; x_wconf 89' lang='lat' dir='ltr'>si</span> <span class='ocrx_word' id='word_1_911' title='bbox 2407 2754 2560 2792; x_wconf 86' lang='lat' dir='ltr'>habitus</span> 
     </span>
     <span class='ocr_line' id='line_1_135' title="bbox 1484 2805 2274 2854; baseline 0.003 -12"><span class='ocrx_word' id='word_1_912' title='bbox 1484 2805 1706 2843; x_wconf 90' lang='lat' dir='ltr'>huiusmodi</span> <span class='ocrx_word' id='word_1_913' title='bbox 1735 2806 1914 2854; x_wconf 90' lang='lat' dir='ltr'>inessent,</span> <span class='ocrx_word' id='word_1_914' title='bbox 1936 2814 1972 2843; x_wconf 91' lang='lat' dir='ltr'>et</span> <span class='ocrx_word' id='word_1_915' title='bbox 2000 2807 2170 2844; x_wconf 90' lang='lat' dir='ltr'>laterent.</span> <span class='ocrx_word' id='word_1_916' title='bbox 2271 2805 2274 2808; x_wconf 59' lang='grc'>“</span> 
     </span>
    </p>

    <p class='ocr_par' dir='ltr' id='par_1_29' title="bbox 1485 2859 2561 3232">
     <span class='ocr_line' id='line_1_136' title="bbox 1543 2859 2559 2909; baseline 0.002 -13"><span class='ocrx_word' id='word_1_917' title='bbox 1543 2860 1575 2896; x_wconf 92' lang='grc'>5.</span> <span class='ocrx_word' id='word_1_918' title='bbox 1598 2859 1797 2906; x_wconf 91' lang='lat' dir='ltr'>Secundo,</span> <span class='ocrx_word' id='word_1_919' title='bbox 1819 2859 1888 2896; x_wconf 89' lang='lat' dir='ltr'>ibi:</span> <span class='ocrx_word' id='word_1_920' title='bbox 1909 2860 1952 2896; x_wconf 87' lang='lat' dir='ltr'>Si</span> <span class='ocrx_word' id='word_1_921' title='bbox 1968 2866 2094 2898; x_wconf 88' lang='lat' dir='ltr'>autem</span> <span class='ocrx_word' id='word_1_922' title='bbox 2122 2860 2329 2909; x_wconf 83' lang='lat' dir='ltr'>accipimus</span> <span class='ocrx_word' id='word_1_923' title='bbox 2358 2868 2443 2909; x_wconf 68' lang='lat' dir='ltr'>etc„</span> <span class='ocrx_word' id='word_1_924' title='bbox 2464 2860 2559 2898; x_wconf 92' lang='lat' dir='ltr'>obii-</span> 
     </span>
     <span class='ocr_line' id='line_1_137' title="bbox 1486 2911 2560 2965; baseline 0.003 -16"><span class='ocrx_word' id='word_1_925' title='bbox 1486 2911 1534 2948; x_wconf 91' lang='lat' dir='ltr'>cit</span> <span class='ocrx_word' id='word_1_926' title='bbox 1562 2912 1611 2949; x_wconf 93' lang='lat' dir='ltr'>ad</span> <span class='ocrx_word' id='word_1_927' title='bbox 1649 2912 1894 2950; x_wconf 88' lang='lat' dir='ltr'>contrarium.</span> <span class='ocrx_word' id='word_1_928' title='bbox 1926 2913 1966 2950; x_wconf 92' lang='lat' dir='ltr'>Si</span> <span class='ocrx_word' id='word_1_929' title='bbox 2000 2913 2104 2951; x_wconf 93' lang='lat' dir='ltr'>enim</span> <span class='ocrx_word' id='word_1_930' title='bbox 2143 2914 2277 2963; x_wconf 91' lang='lat' dir='ltr'>aliquis</span> <span class='ocrx_word' id='word_1_931' title='bbox 2316 2914 2416 2952; x_wconf 89' lang='lat' dir='ltr'>dicat</span> <span class='ocrx_word' id='word_1_932' title='bbox 2452 2915 2560 2965; x_wconf 88' lang='lat' dir='ltr'>quod</span> 
     </span>
     <span class='ocr_line' id='line_1_138' title="bbox 1486 2965 2559 3017; baseline 0.004 -15"><span class='ocrx_word' id='word_1_933' title='bbox 1486 2965 1694 3015; x_wconf 88' lang='lat' dir='ltr'>accipimus</span> <span class='ocrx_word' id='word_1_934' title='bbox 1723 2967 1771 3004; x_wconf 93' lang='lat' dir='ltr'>de</span> <span class='ocrx_word' id='word_1_935' title='bbox 1811 2979 1915 3003; x_wconf 89' lang='lat' dir='ltr'>novo</span> <span class='ocrx_word' id='word_1_936' title='bbox 1954 2967 2105 3004; x_wconf 87' lang='lat' dir='ltr'>habitus</span> <span class='ocrx_word' id='word_1_937' title='bbox 2141 2967 2439 3017; x_wconf 87' lang='lat' dir='ltr'>principiorum,</span> <span class='ocrx_word' id='word_1_938' title='bbox 2469 2980 2559 3006; x_wconf 88' lang='lat' dir='ltr'>cum</span> 
     </span>
     <span class='ocr_line' id='line_1_139' title="bbox 1485 3019 2560 3071; baseline 0.003 -15"><span class='ocrx_word' id='word_1_939' title='bbox 1485 3019 1590 3068; x_wconf 90' lang='lat' dir='ltr'>prius</span> <span class='ocrx_word' id='word_1_940' title='bbox 1620 3032 1687 3057; x_wconf 91' lang='lat' dir='ltr'>eos</span> <span class='ocrx_word' id='word_1_941' title='bbox 1716 3032 1794 3057; x_wconf 91' lang='lat' dir='ltr'>non</span> <span class='ocrx_word' id='word_1_942' title='bbox 1822 3020 2072 3058; x_wconf 89' lang='lat' dir='ltr'>habuerimus</span> <span class='ocrx_word' id='word_1_943' title='bbox 2099 3026 2130 3067; x_wconf 79' lang='lat'>⁷,</span> <span class='ocrx_word' id='word_1_944' title='bbox 2153 3021 2376 3071; x_wconf 89' lang='lat' dir='ltr'>relinquitur</span> <span class='ocrx_word' id='word_1_945' title='bbox 2402 3021 2560 3059; x_wconf 87' lang='lat' dir='ltr'>ulterius</span> 
     </span>
     <span class='ocr_line' id='line_1_140' title="bbox 1487 3072 2560 3125; baseline 0.003 -16"><span class='ocrx_word' id='word_1_946' title='bbox 1487 3072 1671 3111; x_wconf 87' lang='lat' dir='ltr'>dubitatio</span> <span class='ocrx_word' id='word_1_947' title='bbox 1709 3072 1869 3123; x_wconf 88' lang='lat' dir='ltr'>qualiter</span> <span class='ocrx_word' id='word_1_948' title='bbox 1895 3074 2091 3123; x_wconf 87' lang='lat' dir='ltr'>possimus</span> <span class='ocrx_word' id='word_1_949' title='bbox 2123 3074 2346 3113; x_wconf 91' lang='lat' dir='ltr'>huiusmodi</span> <span class='ocrx_word' id='word_1_950' title='bbox 2374 3074 2560 3125; x_wconf 86' lang='lat' dir='ltr'>principia</span> 
     </span>
     <span class='ocr_line' id='line_1_141' title="bbox 1487 3126 2559 3176; baseline 0.003 -13"><span class='ocrx_word' id='word_1_951' title='bbox 1487 3126 1535 3163; x_wconf 91' lang='lat' dir='ltr'>de</span> <span class='ocrx_word' id='word_1_952' title='bbox 1563 3139 1669 3165; x_wconf 88' lang='lat' dir='ltr'>novo</span> <span class='ocrx_word' id='word_1_953' title='bbox 1690 3139 1922 3175; x_wconf 90' lang='lat' dir='ltr'>cognoscere</span> <span class='ocrx_word' id='word_1_954' title='bbox 1952 3135 1989 3165; x_wconf 90' lang='lat' dir='ltr'>et</span> <span class='ocrx_word' id='word_1_955' title='bbox 2017 3128 2226 3176; x_wconf 87' lang='lat' dir='ltr'>addiscere,</span> <span class='ocrx_word' id='word_1_956' title='bbox 2243 3136 2280 3166; x_wconf 88' lang='lat' dir='ltr'>et</span> <span class='ocrx_word' id='word_1_957' title='bbox 2299 3128 2374 3166; x_wconf 88' lang='lat' dir='ltr'>hoc</span> <span class='ocrx_word' id='word_1_958' title='bbox 2403 3141 2484 3168; x_wconf 90' lang='lat' dir='ltr'>non</span> <span class='ocrx_word' id='word_1_959' title='bbox 2512 3140 2559 3166; x_wconf 88' lang='lat' dir='ltr'>ex</span> 
     </span>
     <span class='ocr_line' id='line_1_142' title="bbox 1486 3180 2561 3232; baseline 0.003 -15"><span class='ocrx_word' id='word_1_960' title='bbox 1486 3180 1612 3229; x_wconf 83' lang='lat' dir='ltr'>aliqua</span> <span class='ocrx_word' id='word_1_961' title='bbox 1649 3181 1914 3230; x_wconf 87' lang='lat' dir='ltr'>praeexistenti</span> <span class='ocrx_word' id='word_1_962' title='bbox 1957 3182 2190 3230; x_wconf 84' lang='lat' dir='ltr'>cognitione;</span> <span class='ocrx_word' id='word_1_963' title='bbox 2227 3181 2463 3232; x_wconf 88' lang='lat' dir='ltr'>impossibile</span> <span class='ocrx_word' id='word_1_964' title='bbox 2505 3189 2561 3220; x_wconf 91' lang='lat' dir='ltr'>est</span> 
     </span>
    </p>
   </div>
   <div class='ocr_carea' id='block_1_23' title="bbox 1219 3268 1851 3277">
    <p class='ocr_par' dir='ltr' id='par_1_30' title="bbox 1219 3268 1851 3277">
     <span class='ocr_line' id='line_1_143' title="bbox 1219 3268 1851 3277; baseline 0 0"><span class='ocrx_word' id='word_1_965' title='bbox 1219 3268 1851 3277; x_wconf 95' lang='lat' dir='ltr'> </span> 
     </span>
    </p>
   </div>
   <div class='ocr_carea' id='block_1_24' title="bbox 370 3310 1433 3629">
    <p class='ocr_par' dir='ltr' id='par_1_31' title="bbox 370 3310 1432 3482">
     <span class='ocr_line' id='line_1_144' title="bbox 422 3310 1431 3347; baseline 0.004 -13"><span class='ocrx_word' id='word_1_966' title='bbox 422 3310 448 3343; x_wconf 85' lang='grc' dir='ltr'>α)</span> <span class='ocrx_word' id='word_1_967' title='bbox 471 3310 535 3335; x_wconf 83' lang='lat' dir='ltr'>Cum</span> <span class='ocrx_word' id='word_1_968' title='bbox 545 3311 623 3342; x_wconf 81' lang='lat' dir='ltr'>prius</span> <span class='ocrx_word' id='word_1_969' title='bbox 636 3318 686 3335; x_wconf 83' lang='lat' dir='ltr'>non</span> <span class='ocrx_word' id='word_1_970' title='bbox 699 3311 807 3344; x_wconf 82' lang='lat' dir='ltr'>suerint</span> <span class='ocrx_word' id='word_1_971' title='bbox 821 3317 895 3337; x_wconf 82' lang='lat' dir='ltr'>etc.-</span> <span class='ocrx_word' id='word_1_972' title='bbox 905 3312 950 3337; x_wconf 78' lang='lat' dir='ltr'>Est</span> <span class='ocrx_word' id='word_1_973' title='bbox 965 3312 1039 3337; x_wconf 87' lang='lat' dir='ltr'>lectio</span> <span class='ocrx_word' id='word_1_974' title='bbox 1052 3313 1233 3344; x_wconf 80' lang='lat' dir='ltr'>BDEKLOQ3</span> <span class='ocrx_word' id='word_1_975' title='bbox 1253 3314 1287 3338; x_wconf 82' lang='lat' dir='ltr'>P:</span> <span class='ocrx_word' id='word_1_976' title='bbox 1307 3321 1358 3339; x_wconf 82' lang='lat' dir='ltr'>non</span> <span class='ocrx_word' id='word_1_977' title='bbox 1368 3314 1431 3347; x_wconf 89' lang='lat' dir='ltr'>sue-</span> 
     </span>
     <span class='ocr_line' id='line_1_145' title="bbox 370 3346 1432 3379; baseline 0.005 -10"><span class='ocrx_word' id='word_1_978' title='bbox 370 3349 440 3370; x_wconf 84' lang='lat' dir='ltr'>runt.</span> <span class='ocrx_word' id='word_1_979' title='bbox 450 3359 468 3364; x_wconf 92' lang='lat'><em>-</em></span> <span class='ocrx_word' id='word_1_980' title='bbox 477 3346 516 3370; x_wconf 84' lang='lat' dir='ltr'>M:</span> <span class='ocrx_word' id='word_1_981' title='bbox 535 3349 583 3370; x_wconf 83' lang='lat' dir='ltr'>aut</span> <span class='ocrx_word' id='word_1_982' title='bbox 596 3353 714 3378; x_wconf 66' lang='lat' dir='ltr'>semper}</span> <span class='ocrx_word' id='word_1_983' title='bbox 727 3347 773 3376; x_wconf 82' lang='lat' dir='ltr'>PQ</span> <span class='ocrx_word' id='word_1_984' title='bbox 786 3355 838 3372; x_wconf 90' lang='lat' dir='ltr'>om.</span> <span class='ocrx_word' id='word_1_985' title='bbox 852 3355 990 3379; x_wconf 85' lang='lat' dir='ltr'>semper.-</span> <span class='ocrx_word' id='word_1_986' title='bbox 1000 3348 1090 3378; x_wconf 86' lang='lat' dir='ltr'>Codd.,</span> <span class='ocrx_word' id='word_1_987' title='bbox 1110 3356 1162 3373; x_wconf 88' lang='lat' dir='ltr'>exc.</span> <span class='ocrx_word' id='word_1_988' title='bbox 1176 3349 1220 3378; x_wconf 93' lang='lat' dir='ltr'>1Q,</span> <span class='ocrx_word' id='word_1_989' title='bbox 1235 3357 1288 3373; x_wconf 92' lang='lat' dir='ltr'>om.</span> <span class='ocrx_word' id='word_1_990' title='bbox 1302 3349 1329 3374; x_wconf 87' lang='lat' dir='ltr'>in</span> <span class='ocrx_word' id='word_1_991' title='bbox 1345 3349 1432 3377; x_wconf 80' lang='lat' dir='ltr'>nobis,-</span> 
     </span>
     <span class='ocr_line' id='line_1_146' title="bbox 371 3380 1431 3416; baseline 0.006 -12"><span class='ocrx_word' id='word_1_992' title='bbox 371 3380 633 3406; x_wconf 78' lang='lat' dir='ltr'>CDEFHKLNOST:</span> <span class='ocrx_word' id='word_1_993' title='bbox 660 3382 810 3414; x_wconf 81' lang='lat' dir='ltr'>insuerunt;</span> <span class='ocrx_word' id='word_1_994' title='bbox 836 3384 868 3407; x_wconf 84' lang='lat'>13:</span> <span class='ocrx_word' id='word_1_995' title='bbox 895 3383 1038 3416; x_wconf 81' lang='lat' dir='ltr'>insuerint,·</span> <span class='ocrx_word' id='word_1_996' title='bbox 1063 3383 1101 3408; x_wconf 87' lang='lat' dir='ltr'>G:</span> <span class='ocrx_word' id='word_1_997' title='bbox 1128 3384 1233 3412; x_wconf 62' lang='lat' dir='ltr'>insnum</span> <span class='ocrx_word' id='word_1_998' title='bbox 1258 3384 1296 3415; x_wconf 87' lang='lat' dir='ltr'>Q:</span> <span class='ocrx_word' id='word_1_999' title='bbox 1352 3385 1431 3410; x_wconf 84' lang='lat' dir='ltr'>erint.</span> 
     </span>
     <span class='ocr_line' id='line_1_147' title="bbox 372 3415 1432 3482; baseline 0.006 -43"><span class='ocrx_word' id='word_1_1000' title='bbox 372 3415 510 3482; x_wconf 43' lang='lat' dir='ltr'>gnsyerunt</span> <span class='ocrx_word' id='word_1_1001' title='bbox 529 3421 553 3440; x_wconf 92' lang='lat' dir='ltr'>et</span> <span class='ocrx_word' id='word_1_1002' title='bbox 572 3417 700 3450; x_wconf 84' lang='lat' dir='ltr'>insuerint</span> <span class='ocrx_word' id='word_1_1003' title='bbox 718 3417 783 3442; x_wconf 79' lang='lat' dir='ltr'>sorte</span> <span class='ocrx_word' id='word_1_1004' title='bbox 802 3424 862 3442; x_wconf 90' lang='lat' dir='ltr'>sunt</span> <span class='ocrx_word' id='word_1_1005' title='bbox 886 3419 1062 3451; x_wconf 84' lang='lat' dir='ltr'>corruptiones</span> <span class='ocrx_word' id='word_1_1006' title='bbox 1082 3419 1198 3444; x_wconf 86' lang='lat' dir='ltr'>lectionis</span> <span class='ocrx_word' id='word_1_1007' title='bbox 1217 3420 1245 3449; x_wconf 85' lang='grc' dir='ltr'>Ρ,</span> <span class='ocrx_word' id='word_1_1008' title='bbox 1259 3420 1284 3444; x_wconf 81' lang='lat' dir='ltr'>in</span> <span class='ocrx_word' id='word_1_1009' title='bbox 1316 3428 1370 3444; x_wconf 91' lang='lat' dir='ltr'>om.</span> <span class='ocrx_word' id='word_1_1010' title='bbox 1385 3428 1432 3445; x_wconf 83' lang='lat' dir='ltr'>no-</span> 
     </span>
    </p>

    <p class='ocr_par' dir='ltr' id='par_1_32' title="bbox 389 3452 564 3484">
     <span class='ocr_line' id='line_1_148' title="bbox 389 3452 564 3484; baseline 0.006 -9"><span class='ocrx_word' id='word_1_1011' title='bbox 389 3457 410 3475; x_wconf 78' lang='lat' dir='ltr'>is</span> <span class='ocrx_word' id='word_1_1012' title='bbox 441 3452 564 3484; x_wconf 86' lang='lat' dir='ltr'>fuerunt.</span> 
     </span>
    </p>

    <p class='ocr_par' dir='ltr' id='par_1_33' title="bbox 373 3484 1433 3629">
     <span class='ocr_line' id='line_1_149' title="bbox 425 3484 1432 3520; baseline 0.006 -10"><span class='ocrx_word' id='word_1_1013' title='bbox 425 3484 449 3517; x_wconf 84' lang='grc' dir='ltr'>β)</span> <span class='ocrx_word' id='word_1_1014' title='bbox 470 3486 523 3511; x_wconf 80' lang='lat' dir='ltr'>Sed</span> <span class='ocrx_word' id='word_1_1015' title='bbox 540 3487 657 3519; x_wconf 81' lang='lat' dir='ltr'>cognitio</span> <span class='ocrx_word' id='word_1_1016' title='bbox 675 3495 742 3520; x_wconf 81' lang='lat' dir='ltr'>quae</span> <span class='ocrx_word' id='word_1_1017' title='bbox 760 3491 799 3512; x_wconf 83' lang='lat' dir='ltr'>est</span> <span class='ocrx_word' id='word_1_1018' title='bbox 813 3495 865 3520; x_wconf 78' lang='lat' dir='ltr'>per·</span> <span class='ocrx_word' id='word_1_1019' title='bbox 883 3489 1172 3515; x_wconf 81' lang='lat' dir='ltr'>demonstrationem.—</span> <span class='ocrx_word' id='word_1_1020' title='bbox 1186 3491 1258 3515; x_wconf 80' lang='lat' dir='ltr'>Hanc</span> <span class='ocrx_word' id='word_1_1021' title='bbox 1277 3498 1300 3516; x_wconf 84' lang='lat' dir='ltr'>s.</span> <span class='ocrx_word' id='word_1_1022' title='bbox 1313 3490 1432 3516; x_wconf 75' lang='lat' dir='ltr'>’rhomae</span> 
     </span>
     <span class='ocr_line' id='line_1_150' title="bbox 373 3522 1432 3556; baseline 0.007 -12"><span class='ocrx_word' id='word_1_1023' title='bbox 373 3527 519 3551; x_wconf 83' lang='lat' dir='ltr'>germanam</span> <span class='ocrx_word' id='word_1_1024' title='bbox 541 3522 676 3546; x_wconf 86' lang='lat' dir='ltr'>lectionem</span> <span class='ocrx_word' id='word_1_1025' title='bbox 691 3523 849 3547; x_wconf 88' lang='lat' dir='ltr'>restituimus</span> <span class='ocrx_word' id='word_1_1026' title='bbox 873 3532 902 3548; x_wconf 88' lang='lat' dir='ltr'>ex</span> <span class='ocrx_word' id='word_1_1027' title='bbox 918 3525 1011 3549; x_wconf 82' lang='lat' dir='ltr'>nostris</span> <span class='ocrx_word' id='word_1_1028' title='bbox 1029 3526 1111 3551; x_wconf 87' lang='lat' dir='ltr'>codd..</span> <span class='ocrx_word' id='word_1_1029' title='bbox 1127 3533 1180 3550; x_wconf 88' lang='lat' dir='ltr'>exc.</span> <span class='ocrx_word' id='word_1_1030' title='bbox 1200 3526 1238 3556; x_wconf 90' lang='lat' dir='ltr'>Q,</span> <span class='ocrx_word' id='word_1_1031' title='bbox 1258 3532 1283 3551; x_wconf 93' lang='lat' dir='ltr'>et</span> <span class='ocrx_word' id='word_1_1032' title='bbox 1301 3534 1331 3551; x_wconf 85' lang='lat' dir='ltr'>ex</span> <span class='ocrx_word' id='word_1_1033' title='bbox 1351 3527 1391 3551; x_wconf 89' lang='lat' dir='ltr'>ed.</span> <span class='ocrx_word' id='word_1_1034' title='bbox 1406 3533 1432 3551; x_wconf 81' lang='grc' dir='ltr'>α.</span> 
     </span>
     <span class='ocr_line' id='line_1_151' title="bbox 373 3555 1432 3595; baseline 0.008 -17"><span class='ocrx_word' id='word_1_1035' title='bbox 373 3555 461 3580; x_wconf 85' lang='lat' dir='ltr'>Errata</span> <span class='ocrx_word' id='word_1_1036' title='bbox 475 3562 513 3580; x_wconf 84' lang='lat' dir='ltr'>est</span> <span class='ocrx_word' id='word_1_1037' title='bbox 528 3558 595 3581; x_wconf 73' lang='lat' dir='ltr'>enim</span> <span class='ocrx_word' id='word_1_1038' title='bbox 611 3558 684 3582; x_wconf 89' lang='lat' dir='ltr'>lectio</span> <span class='ocrx_word' id='word_1_1039' title='bbox 699 3558 718 3580; x_wconf 83' lang='grc' dir='ltr'>Ρ</span> <span class='ocrx_word' id='word_1_1040' title='bbox 733 3564 758 3582; x_wconf 91' lang='lat' dir='ltr'>et</span> <span class='ocrx_word' id='word_1_1041' title='bbox 772 3559 877 3583; x_wconf 82' lang='lat' dir='ltr'>aliarum</span> <span class='ocrx_word' id='word_1_1042' title='bbox 892 3559 974 3584; x_wconf 90' lang='lat' dir='ltr'>Venn.</span> <span class='ocrx_word' id='word_1_1043' title='bbox 989 3561 1055 3585; x_wconf 82' lang='lat' dir='ltr'>edd.:</span> <span class='ocrx_word' id='word_1_1044' title='bbox 1075 3560 1171 3586; x_wconf 76' lang='lat' dir='ltr'>habent</span> <span class='ocrx_word' id='word_1_1045' title='bbox 1186 3562 1326 3587; x_wconf 84' lang='lat' dir='ltr'>certiorem</span> <span class='ocrx_word' id='word_1_1046' title='bbox 1341 3562 1432 3595; x_wconf 78' lang='lat' dir='ltr'>cogni-</span> 
     </span>
     <span class='ocr_line' id='line_1_152' title="bbox 375 3590 1433 3629; baseline 0.009 -15"><span class='ocrx_word' id='word_1_1047' title='bbox 375 3590 470 3615; x_wconf 76' lang='lat' dir='ltr'>tionem</span> <span class='ocrx_word' id='word_1_1048' title='bbox 494 3592 641 3624; x_wconf 75' lang='lat' dir='ltr'>cognitione</span> <span class='ocrx_word' id='word_1_1049' title='bbox 666 3600 733 3625; x_wconf 82' lang='lat' dir='ltr'>quae</span> <span class='ocrx_word' id='word_1_1050' title='bbox 756 3597 795 3619; x_wconf 85' lang='lat' dir='ltr'>est</span> <span class='ocrx_word' id='word_1_1051' title='bbox 814 3602 866 3626; x_wconf 85' lang='lat' dir='ltr'>per</span> <span class='ocrx_word' id='word_1_1052' title='bbox 891 3595 1158 3621; x_wconf 81' lang='lat' dir='ltr'>demonstrationem:</span> <span class='ocrx_word' id='word_1_1053' title='bbox 1183 3604 1235 3622; x_wconf 83' lang='lat' dir='ltr'>non</span> <span class='ocrx_word' id='word_1_1054' title='bbox 1259 3597 1328 3622; x_wconf 84' lang='lat' dir='ltr'>enim</span> <span class='ocrx_word' id='word_1_1055' title='bbox 1343 3600 1433 3629; x_wconf 82' lang='lat' dir='ltr'>potest</span> 
     </span>
    </p>
   </div>
   <div class='ocr_carea' id='block_1_25' title="bbox 1486 3314 2560 3632">
    <p class='ocr_par' dir='ltr' id='par_1_34' title="bbox 1486 3314 2559 3383">
     <span class='ocr_line' id='line_1_153' title="bbox 1486 3314 2559 3347; baseline 0.002 -8"><span class='ocrx_word' id='word_1_1056' title='bbox 1486 3314 1579 3339; x_wconf 78' lang='lat' dir='ltr'>haberi</span> <span class='ocrx_word' id='word_1_1057' title='bbox 1597 3319 1675 3339; x_wconf 88' lang='lat' dir='ltr'>etc.-</span> <span class='ocrx_word' id='word_1_1058' title='bbox 1689 3314 1764 3339; x_wconf 81' lang='lat' dir='ltr'>lnfra.</span> <span class='ocrx_word' id='word_1_1059' title='bbox 1784 3314 1804 3338; x_wconf 88' lang='lat' dir='ltr'>L</span> <span class='ocrx_word' id='word_1_1060' title='bbox 1819 3321 1873 3339; x_wconf 87' lang='lat' dir='ltr'>om.</span> <span class='ocrx_word' id='word_1_1061' title='bbox 1888 3314 1914 3339; x_wconf 87' lang='lat' dir='ltr'>in</span> <span class='ocrx_word' id='word_1_1062' title='bbox 1929 3314 2067 3347; x_wconf 76' lang='lat' dir='ltr'>principio</span> <span class='ocrx_word' id='word_1_1063' title='bbox 2073 3322 2082 3345; x_wconf 83' lang='lat'>,¹</span> <span class='ocrx_word' id='word_1_1064' title='bbox 2101 3314 2132 3340; x_wconf 75' lang='lat' dir='ltr'>F!</span> <span class='ocrx_word' id='word_1_1065' title='bbox 2147 3322 2200 3340; x_wconf 86' lang='lat' dir='ltr'>om.</span> <span class='ocrx_word' id='word_1_1066' title='bbox 2214 3314 2291 3344; x_wconf 54' lang='lat' dir='ltr'>libri,-</span> <span class='ocrx_word' id='word_1_1067' title='bbox 2309 3314 2386 3340; x_wconf 85' lang='lat' dir='ltr'>PFIO</span> <span class='ocrx_word' id='word_1_1068' title='bbox 2405 3322 2459 3340; x_wconf 86' lang='lat' dir='ltr'>om.</span> <span class='ocrx_word' id='word_1_1069' title='bbox 2473 3315 2559 3345; x_wconf 73' lang='lat' dir='ltr'>huius.</span> 
     </span>
     <span class='ocr_line' id='line_1_154' title="bbox 1486 3349 1915 3383; baseline 0 -9"><span class='ocrx_word' id='word_1_1070' title='bbox 1486 3350 1558 3383; x_wconf 91' lang='lat' dir='ltr'>quod</span> <span class='ocrx_word' id='word_1_1071' title='bbox 1578 3350 1696 3374; x_wconf 79' lang='lat' dir='ltr'>addimus</span> <span class='ocrx_word' id='word_1_1072' title='bbox 1716 3357 1746 3375; x_wconf 82' lang='lat' dir='ltr'>ex</span> <span class='ocrx_word' id='word_1_1073' title='bbox 1765 3349 1820 3375; x_wconf 78' lang='lat' dir='ltr'>aliis</span> <span class='ocrx_word' id='word_1_1074' title='bbox 1839 3350 1915 3375; x_wconf 89' lang='lat' dir='ltr'>codd.</span> 
     </span>
    </p>

    <p class='ocr_par' dir='ltr' id='par_1_35' title="bbox 1486 3385 2560 3632">
     <span class='ocr_line' id='line_1_155' title="bbox 1539 3385 2560 3419; baseline 0.001 -9"><span class='ocrx_word' id='word_1_1075' title='bbox 1539 3385 1566 3419; x_wconf 81' lang='grc' dir='ltr'>γ)</span> <span class='ocrx_word' id='word_1_1076' title='bbox 1589 3386 1654 3410; x_wconf 87' lang='lat' dir='ltr'>Cum</span> <span class='ocrx_word' id='word_1_1077' title='bbox 1670 3385 1750 3417; x_wconf 74' lang='lat' dir='ltr'>prius</span> <span class='ocrx_word' id='word_1_1078' title='bbox 1768 3392 1812 3410; x_wconf 83' lang='lat' dir='ltr'>eos</span> <span class='ocrx_word' id='word_1_1079' title='bbox 1832 3393 1883 3411; x_wconf 88' lang='lat' dir='ltr'>non</span> <span class='ocrx_word' id='word_1_1080' title='bbox 1904 3385 2190 3411; x_wconf 76' lang='lat' dir='ltr'>habuerimus.-Hnec</span> <span class='ocrx_word' id='word_1_1081' title='bbox 2210 3385 2285 3411; x_wconf 84' lang='lat' dir='ltr'>lectio</span> <span class='ocrx_word' id='word_1_1082' title='bbox 2303 3386 2413 3412; x_wconf 85' lang='lat' dir='ltr'>omnino</span> <span class='ocrx_word' id='word_1_1083' title='bbox 2430 3393 2492 3411; x_wconf 75' lang='lat' dir='ltr'>vern</span> <span class='ocrx_word' id='word_1_1084' title='bbox 2511 3390 2560 3417; x_wconf 73' lang='lat' dir='ltr'>ent,</span> 
     </span>
     <span class='ocr_line' id='line_1_156' title="bbox 1486 3420 2559 3454; baseline 0.001 -9"><span class='ocrx_word' id='word_1_1085' title='bbox 1486 3425 1513 3445; x_wconf 86' lang='lat' dir='ltr'>ut</span> <span class='ocrx_word' id='word_1_1086' title='bbox 1533 3426 1602 3453; x_wconf 83' lang='lat' dir='ltr'>patet</span> <span class='ocrx_word' id='word_1_1087' title='bbox 1620 3429 1650 3445; x_wconf 92' lang='lat' dir='ltr'>ex</span> <span class='ocrx_word' id='word_1_1088' title='bbox 1669 3421 1748 3445; x_wconf 86' lang='lat' dir='ltr'>dubio</span> <span class='ocrx_word' id='word_1_1089' title='bbox 1767 3421 1839 3453; x_wconf 87' lang='lat' dir='ltr'>quod</span> <span class='ocrx_word' id='word_1_1090' title='bbox 1863 3421 2011 3446; x_wconf 76' lang='lat' dir='ltr'>immediate</span> <span class='ocrx_word' id='word_1_1091' title='bbox 2035 3421 2202 3454; x_wconf 85' lang='lat' dir='ltr'>proponitur.</span> <span class='ocrx_word' id='word_1_1092' title='bbox 2221 3421 2337 3454; x_wconf 77' lang='lat' dir='ltr'>qualiter</span> <span class='ocrx_word' id='word_1_1093' title='bbox 2357 3420 2492 3454; x_wconf 70' lang='lat' dir='ltr'>possimus</span> <span class='ocrx_word' id='word_1_1094' title='bbox 2510 3425 2559 3446; x_wconf 79' lang='lat' dir='ltr'>etc.</span> 
     </span>
     <span class='ocr_line' id='line_1_157' title="bbox 1486 3455 2559 3482; baseline 0.002 -2"><span class='ocrx_word' id='word_1_1095' title='bbox 1486 3456 1551 3481; x_wconf 83' lang='lat' dir='ltr'>Hinc</span> <span class='ocrx_word' id='word_1_1096' title='bbox 1564 3464 1673 3481; x_wconf 76' lang='lat' dir='ltr'>erronea</span> <span class='ocrx_word' id='word_1_1097' title='bbox 1687 3461 1727 3481; x_wconf 78' lang='lat' dir='ltr'>est</span> <span class='ocrx_word' id='word_1_1098' title='bbox 1743 3457 1818 3482; x_wconf 87' lang='lat' dir='ltr'>lectio</span> <span class='ocrx_word' id='word_1_1099' title='bbox 1833 3457 1909 3482; x_wconf 89' lang='lat' dir='ltr'>codd.</span> <span class='ocrx_word' id='word_1_1100' title='bbox 1927 3457 1981 3482; x_wconf 78' lang='lat' dir='ltr'>AFl</span> <span class='ocrx_word' id='word_1_1101' title='bbox 1995 3457 2172 3482; x_wconf 81' lang='lat' dir='ltr'>emittentium</span> <span class='ocrx_word' id='word_1_1102' title='bbox 2187 3463 2249 3482; x_wconf 79' lang='lat' dir='ltr'>non.</span> <span class='ocrx_word' id='word_1_1103' title='bbox 2262 3457 2293 3482; x_wconf 86' lang='lat' dir='ltr'>Fl</span> <span class='ocrx_word' id='word_1_1104' title='bbox 2305 3457 2362 3482; x_wconf 85' lang='lat' dir='ltr'>loco</span> <span class='ocrx_word' id='word_1_1105' title='bbox 2372 3464 2417 3482; x_wconf 71' lang='lat' dir='ltr'>eos</span> <span class='ocrx_word' id='word_1_1106' title='bbox 2427 3455 2479 3482; x_wconf 76' lang='lat' dir='ltr'>nori</span> <span class='ocrx_word' id='word_1_1107' title='bbox 2488 3455 2559 3482; x_wconf 61' lang='lat' dir='ltr'>reeh</span> 
     </span>
     <span class='ocr_line' id='line_1_158' title="bbox 1486 3491 2558 3528; baseline 0 -12"><span class='ocrx_word' id='word_1_1108' title='bbox 1486 3491 1576 3523; x_wconf 80' lang='lat' dir='ltr'>legunt</span> <span class='ocrx_word' id='word_1_1109' title='bbox 1595 3499 1650 3522; x_wconf 80' lang='lat' dir='ltr'>nos,</span> <span class='ocrx_word' id='word_1_1110' title='bbox 1671 3491 1737 3516; x_wconf 80' lang='lat' dir='ltr'>sorte</span> <span class='ocrx_word' id='word_1_1111' title='bbox 1751 3497 1871 3526; x_wconf 86' lang='lat' dir='ltr'>corrupte</span> <span class='ocrx_word' id='word_1_1112' title='bbox 1886 3499 1934 3524; x_wconf 85' lang='lat' dir='ltr'>pro</span> <span class='ocrx_word' id='word_1_1113' title='bbox 1949 3499 2036 3517; x_wconf 78' lang='lat' dir='ltr'>non.—</span> <span class='ocrx_word' id='word_1_1114' title='bbox 2046 3492 2111 3518; x_wconf 74' lang='lat' dir='ltr'>infra</span> <span class='ocrx_word' id='word_1_1115' title='bbox 2127 3493 2184 3517; x_wconf 84' lang='lat' dir='ltr'>loco</span> <span class='ocrx_word' id='word_1_1116' title='bbox 2198 3492 2313 3525; x_wconf 74' lang='lat' dir='ltr'>qualiter</span> <span class='ocrx_word' id='word_1_1117' title='bbox 2320 3499 2465 3528; x_wconf 71' lang='lat' dir='ltr'>possumus</span> <span class='ocrx_word' id='word_1_1118' title='bbox 2477 3492 2506 3523; x_wconf 81' lang='lat' dir='ltr'>P,</span> <span class='ocrx_word' id='word_1_1119' title='bbox 2521 3492 2558 3516; x_wconf 79' lang='lat' dir='ltr'>le-</span> 
     </span>
     <span class='ocr_line' id='line_1_159' title="bbox 1486 3526 2558 3561; baseline 0.001 -10"><span class='ocrx_word' id='word_1_1120' title='bbox 1486 3526 1572 3559; x_wconf 82' lang='lat' dir='ltr'>gimus</span> <span class='ocrx_word' id='word_1_1121' title='bbox 1582 3527 1717 3559; x_wconf 79' lang='lat' dir='ltr'>possimus</span> <span class='ocrx_word' id='word_1_1122' title='bbox 1732 3534 1791 3552; x_wconf 90' lang='lat' dir='ltr'>cum</span> <span class='ocrx_word' id='word_1_1123' title='bbox 1806 3527 2056 3558; x_wconf 80' lang='lat' dir='ltr'>ACDEFIKLNQS.</span> <span class='ocrx_word' id='word_1_1124' title='bbox 2065 3541 2084 3547; x_wconf 89' lang='lat'><em>-</em></span> <span class='ocrx_word' id='word_1_1125' title='bbox 2093 3527 2153 3552; x_wconf 77' lang='lat' dir='ltr'>AN:</span> <span class='ocrx_word' id='word_1_1126' title='bbox 2172 3535 2210 3553; x_wconf 82' lang='lat' dir='ltr'>ex</span> <span class='ocrx_word' id='word_1_1127' title='bbox 2223 3527 2314 3561; x_wconf 75' lang='lat' dir='ltr'>aliqua</span> <span class='ocrx_word' id='word_1_1128' title='bbox 2327 3527 2456 3554; x_wconf 73' lang='lat' dir='ltr'>existenti</span> <span class='ocrx_word' id='word_1_1129' title='bbox 2466 3526 2558 3560; x_wconf 72' lang='lat' dir='ltr'>cogni·</span> 
     </span>
     <span class='ocr_line' id='line_1_160' title="bbox 1487 3561 2558 3596; baseline 0.001 -9"><span class='ocrx_word' id='word_1_1130' title='bbox 1487 3562 1571 3589; x_wconf 85' lang='lat' dir='ltr'>tione:</span> <span class='ocrx_word' id='word_1_1131' title='bbox 1590 3563 1636 3587; x_wconf 75' lang='lat' dir='ltr'>sed</span> <span class='ocrx_word' id='word_1_1132' title='bbox 1648 3563 1846 3595; x_wconf 81' lang='lat' dir='ltr'>praeexistenti</span> <span class='ocrx_word' id='word_1_1133' title='bbox 1860 3571 1919 3588; x_wconf 79' lang='lat' dir='ltr'>esse</span> <span class='ocrx_word' id='word_1_1134' title='bbox 1935 3563 2074 3594; x_wconf 72' lang='lat' dir='ltr'>legendum</span> <span class='ocrx_word' id='word_1_1135' title='bbox 2090 3568 2161 3596; x_wconf 79' lang='lat' dir='ltr'>patet</span> <span class='ocrx_word' id='word_1_1136' title='bbox 2179 3569 2209 3588; x_wconf 85' lang='lat' dir='ltr'>ex</span> <span class='ocrx_word' id='word_1_1137' title='bbox 2227 3563 2326 3588; x_wconf 76' lang='lat' dir='ltr'>ratione</span> <span class='ocrx_word' id='word_1_1138' title='bbox 2343 3563 2428 3588; x_wconf 76' lang='lat' dir='ltr'>addita</span> <span class='ocrx_word' id='word_1_1139' title='bbox 2443 3561 2558 3596; x_wconf 72' lang='lat' dir='ltr'>(impos-</span> 
     </span>
     <span class='ocr_line' id='line_1_161' title="bbox 1486 3597 2557 3632; baseline -0.001 -9"><span class='ocrx_word' id='word_1_1140' title='bbox 1486 3597 1560 3623; x_wconf 76' lang='lat' dir='ltr'>sibile</span> <span class='ocrx_word' id='word_1_1141' title='bbox 1574 3597 1644 3632; x_wconf 88' lang='lat' dir='ltr'>etc.),</span> <span class='ocrx_word' id='word_1_1142' title='bbox 1655 3598 1680 3623; x_wconf 92' lang='lat' dir='ltr'>in</span> <span class='ocrx_word' id='word_1_1143' title='bbox 1694 3606 1745 3631; x_wconf 80' lang='lat' dir='ltr'>qua</span> <span class='ocrx_word' id='word_1_1144' title='bbox 1759 3599 1805 3623; x_wconf 83' lang='lat' dir='ltr'>AN</span> <span class='ocrx_word' id='word_1_1145' title='bbox 1819 3606 1879 3623; x_wconf 90' lang='lat' dir='ltr'>cum</span> <span class='ocrx_word' id='word_1_1146' title='bbox 1893 3599 1913 3623; x_wconf 83' lang='lat' dir='ltr'>P</span> <span class='ocrx_word' id='word_1_1147' title='bbox 1927 3598 2036 3632; x_wconf 75' lang='lat' dir='ltr'>aliisque</span> <span class='ocrx_word' id='word_1_1148' title='bbox 2051 3599 2126 3624; x_wconf 84' lang='lat' dir='ltr'>codd.</span> <span class='ocrx_word' id='word_1_1149' title='bbox 2140 3598 2297 3624; x_wconf 77' lang='lat' dir='ltr'>conveniunt</span> <span class='ocrx_word' id='word_1_1150' title='bbox 2312 3598 2363 3631; x_wconf 80' lang='lat' dir='ltr'>(ef.</span> <span class='ocrx_word' id='word_1_1151' title='bbox 2375 3598 2419 3624; x_wconf 83' lang='lat' dir='ltr'>lib.</span> <span class='ocrx_word' id='word_1_1152' title='bbox 2430 3597 2557 3630; x_wconf 79' lang='lat' dir='ltr'>1.iect.1).</span> 
     </span>
    </p>
   </div>
   <div class='ocr_carea' id='block_1_26' title="bbox 2581 1635 2711 1685">
    <p class='ocr_par' dir='ltr' id='par_1_36' title="bbox 2581 1635 2711 1685">
     <span class='ocr_line' id='line_1_162' title="bbox 2581 1635 2711 1685; baseline 0 0"><span class='ocrx_word' id='word_1_1153' title='bbox 2581 1635 2711 1685; x_wconf 47' lang='lat' dir='ltr'>com-&#39;clp-</span> 
     </span>
    </p>
   </div>
   <div class='ocr_carea' id='block_1_27' title="bbox 2582 1799 2788 1881">
    <p class='ocr_par' dir='ltr' id='par_1_37' title="bbox 2582 1799 2788 1881">
     <span class='ocr_line' id='line_1_163' title="bbox 2582 1799 2788 1823; baseline 0 -1"><span class='ocrx_word' id='word_1_1154' title='bbox 2582 1801 2594 1813; x_wconf 73' lang='lat'>⁸</span> <span class='ocrx_word' id='word_1_1155' title='bbox 2600 1799 2677 1823; x_wconf 83' lang='lat' dir='ltr'>Codd.</span> <span class='ocrx_word' id='word_1_1156' title='bbox 2684 1811 2695 1817; x_wconf 90' lang='lat'><em>—</em></span> <span class='ocrx_word' id='word_1_1157' title='bbox 2700 1806 2721 1822; x_wconf 67' lang='lat' dir='ltr'>r:</span> <span class='ocrx_word' id='word_1_1158' title='bbox 2731 1800 2788 1822; x_wconf 75' lang='lat' dir='ltr'>Ter!</span> 
     </span>
     <span class='ocr_line' id='line_1_164' title="bbox 2583 1829 2747 1855; baseline -0.006 -5"><span class='ocrx_word' id='word_1_1159' title='bbox 2583 1833 2641 1850; x_wconf 71' lang='lat' dir='ltr'>vem</span> <span class='ocrx_word' id='word_1_1160' title='bbox 2654 1829 2747 1855; x_wconf 67' lang='lat' dir='ltr'>quent.</span> 
     </span>
     <span class='ocr_line' id='line_1_165' title="bbox 2682 1863 2700 1881; baseline 0 0"><span class='ocrx_word' id='word_1_1161' title='bbox 2682 1863 2700 1881; x_wconf 77' lang='grc' dir='ltr'><strong>α</strong></span> 
     </span>
    </p>
   </div>
   <div class='ocr_carea' id='block_1_28' title="bbox 2585 2549 2788 2599">
    <p class='ocr_par' dir='ltr' id='par_1_38' title="bbox 2585 2549 2788 2599">
     <span class='ocr_line' id='line_1_166' title="bbox 2585 2549 2788 2574; baseline 0.01 -2"><span class='ocrx_word' id='word_1_1162' title='bbox 2585 2551 2596 2562; x_wconf 78' lang='grc'><strong><em>·</em></strong></span> <span class='ocrx_word' id='word_1_1163' title='bbox 2610 2549 2675 2572; x_wconf 76' lang='lat' dir='ltr'>Leet.</span> <span class='ocrx_word' id='word_1_1164' title='bbox 2690 2556 2743 2572; x_wconf 70' lang='grc' dir='ltr'>ιι·</span> <span class='ocrx_word' id='word_1_1165' title='bbox 2761 2549 2788 2574; x_wconf 69' lang='grc' dir='ltr'>α</span> 
     </span>
     <span class='ocr_line' id='line_1_167' title="bbox 2588 2578 2717 2599; baseline 0 0"><span class='ocrx_word' id='word_1_1166' title='bbox 2588 2578 2641 2599; x_wconf 75' lang='lat' dir='ltr'>leet.</span> <span class='ocrx_word' id='word_1_1167' title='bbox 2655 2583 2717 2599; x_wconf 72' lang='grc' dir='ltr'>ων.</span> 
     </span>
    </p>
   </div>
   <div class='ocr_carea' id='block_1_29' title="bbox 2587 2658 2788 2680">
    <p class='ocr_par' dir='ltr' id='par_1_39' title="bbox 2587 2658 2788 2680">
     <span class='ocr_line' id='line_1_168' title="bbox 2587 2658 2788 2680; baseline 0.005 -1"><span class='ocrx_word' id='word_1_1168' title='bbox 2587 2658 2788 2680; x_wconf 65' lang='lat' dir='ltr'>&#39;aenon-:na</span> 
     </span>
    </p>
   </div>
  </div>
 </body>
</html>
