2788 4204
55 1337 63 1345 ·
74 1335 109 1357 Cf.
120 1341 181 1362 sup..
190 1340 212 1355 n.
222 1334 244 1355 6.
254 1345 263 1349 -

113 1369 117 1383 ε
147 1360 263 1382 simitudi-

54 1388 155 1414 nem,sed
163 1394 263 1408 erronee.

54 1419 89 1441 Cf.
105 1422 154 1440 not.
170 1415 192 1449 β.

53 1498 114 1518 'net
144 1496 173 1517 de
190 1501 263 1523 prae-

53 1523 121 1548 senti,
137 1524 207 1543 antea
225 1528 263 1543 ve-

53 1556 103 1571 rum
111 1549 199 1578 fuerit.

57 1978 64 1985 ”
75 1976 150 1998 Codd.
167 1983 172 1997 t
208 1982 222 2003 q

55 2003 103 2024 iam
117 2003 191 2032 facta
206 2004 268 2024 sunt.

57 2084 65 2093 ·
77 2087 114 2104 sc.
125 2093 134 2098 -
145 2088 178 2103 2:
198 2081 269 2109 quod.

58 2190 66 2199 ·
81 2195 123 2210 An:
139 2188 271 2216 impossibi-

60 2215 100 2236 lia.
110 2227 119 2231 -
129 2221 155 2236 n:
166 2221 270 2242 compos-

60 2241 147 2262 sibilia.

58 2270 67 2277 “
86 2267 147 2289 Esse
165 2267 228 2289 deest
248 2267 270 2288 in

56 2300 106 2316 Aac:
118 2295 165 2315 imo
176 2294 218 2315 inA
232 2294 271 2314 de-

59 2324 111 2342 sunt
123 2321 190 2342 etism
200 2320 274 2348 signi-

52 2347 169 2375 ficatione
201 2347 253 2368 veri
264 2354 273 2372 ;

61 2374 100 2395 sed
109 2377 142 2395 est
153 2373 272 2395 mendum.

282 231 330 267 62

285 310 331 347 sit
357 321 467 355 vera,
498 315 647 357 oportet
680 308 784 357 quod
818 309 879 344 vel
907 308 965 344 ille
1001 307 1064 356 qui
1094 307 1257 343 affirmat
1293 307 1354 343 vel

284 364 343 400 ille
364 362 429 412 qui
457 370 568 409 negat
588 361 686 398 dicat
699 374 854 407 verum;
877 369 912 397 et
932 361 1006 397 sic*
1025 360 1164 396 tollitur
1192 359 1229 396 id
1250 359 1355 408 quod

288 424 343 453 est
371 416 419 453 ad
440 415 672 452 utrumlibet.-
693 414 792 463 quia,
814 414 844 450 si
865 422 962 450 esset
982 413 1120 461 aliquid
1141 412 1190 449 ad
1209 420 1355 449 utrum-

288 470 393 516 libet,
421 468 589 505 similiter
609 480 648 504 se
677 468 833 504 haberet
861 467 908 504 ad
937 468 1012 503 hoc
1041 465 1145 514 quod
1162 467 1280 513 fieret
1295 467 1357 502 vel

288 536 362 560 non
381 524 498 571 fieret
510 527 535 567 κ,
558 529 593 558 et
620 533 698 557 non
718 520 837 567 magis
857 520 906 557 ad
934 532 1055 556 unum
1082 531 1199 567 quam
1228 519 1276 556 ad
1306 520 1356 555 al-

287 584 422 613 terum.

342 630 410 665 Est
438 634 565 664 autem
603 625 922 662 considerandum
962 625 1066 674 quod
1101 624 1358 674 Philosophus

289 694 367 719 non
397 680 558 717 excludit
577 679 638 715 hic
668 690 842 727 expresse
864 679 1084 727 contingens
1109 678 1213 727 quod
1243 686 1359 715 estut

289 735 327 772 in
354 733 537 783 pluribus,
561 732 698 781 duplici
728 731 883 769 ratione.
912 733 1042 769 Primo
1072 731 1248 780 quidem,
1270 732 1359 780 quia

288 789 359 824 tale
390 786 610 833 contingens
639 798 717 822 non
747 785 908 822 excludit
937 786 1028 834 quin
1057 786 1171 821 altera
1205 785 1358 834 opposi-

285 848 409 877 tarum
439 839 748 876 enunciationum
777 839 1023 876 determinate
1053 838 1098 875 sit
1124 850 1217 875 vera
1246 845 1282 875 et
1310 839 1359 875 al-

49 907 58 916 ·
74 905 149 932 Supra
172 904 194 926 in
216 904 260 926 hoc
287 902 366 931 tera
387 893 488 939 falsa,
508 900 550 929 ut
570 892 712 930 dictum
734 900 789 929 est
799 892 1070 939 ²².-Secundo,
1093 892 1181 940 quia
1210 900 1358 929 remoto

47 933 100 960 ipso
115 938 178 953 num.

289 946 516 993 contingenti
541 946 645 995 quod
675 954 730 982 est
757 946 795 983 in
818 946 1073 995 paucioribus,
1095 946 1199 993 quod
1220 958 1242 982 a
1271 958 1360 982 casu

289 999 447 1046 accidit,
485 1006 705 1036 removetur
750 1012 819 1048 per
857 1012 1094 1048 consequens
1142 1000 1361 1049 contingens

290 1053 394 1103 quod
415 1060 469 1089 est
487 1061 529 1089 ut
548 1053 585 1089 in
599 1053 788 1101 pluribus:
804 1053 894 1090 nihil
911 1053 1012 1090 enirn
1034 1054 1158 1091 differt
1170 1051 1183 1074 ’-
1202 1053 1239 1090 id
1256 1053 1360 1102 quod

291 1115 346 1143 est
379 1106 417 1143 in
453 1106 624 1155 pluribus
653 1107 700 1143 ab
737 1119 782 1143 eo
813 1107 917 1155 quod
947 1114 1002 1143 est
1029 1107 1067 1144 in
1095 1107 1359 1156 paucioribus,

290 1160 361 1197 nisi
390 1160 495 1208 quod
525 1159 651 1197 deficit
678 1160 717 1196 in
745 1160 884 1197 minori
912 1168 1029 1209 parte.

350 1226 406 1250 10.
424 1213 572 1250 Deinde
595 1226 683 1250 cum
700 1213 803 1250 dicit:
824 1214 997 1262 Amplius
1011 1214 1045 1250 si
1058 1220 1111 1250 est
1128 1213 1255 1250 album
1277 1222 1359 1260 etc„

290 1267 399 1316 ponit
426 1267 635 1305 secundam
657 1267 843 1304 rationem
873 1267 921 1304 ad
946 1267 1226 1304 ostendendum
1254 1279 1362 1315 prae—

292 1320 432 1357 dictam
453 1320 794 1358 dissimilitudinem
809 1322 839 1367 ’ἢ
854 1320 1029 1358 ducendo
1046 1321 1094 1357 ad
1115 1321 1359 1368 impossibile.

293 1373 333 1410 Si
363 1374 464 1411 enim
503 1374 671 1411 similiter
708 1388 747 1412 se
776 1375 891 1411 habet
917 1374 1056 1411 veritas
1095 1381 1130 1410 et
1158 1373 1295 1410 falsitas
1324 1374 1362 1410 in

292 1428 554 1477 praesentibus
584 1436 620 1464 et
647 1428 795 1474 futuris,
818 1427 986 1477 sequitur
1013 1435 1055 1464 ut
1083 1426 1268 1476 quidquid
1295 1440 1361 1464 ve-

293 1494 379 1518 rum
409 1488 463 1518 est
483 1481 528 1518 de
557 1482 756 1530 praesenti,
780 1481 893 1518 etiam
913 1480 1023 1517 fuerit
1041 1492 1178 1517 verum
1196 1480 1216 1500 *
1235 1479 1282 1516 de
1307 1481 1361 1516 fu-

292 1542 389 1581 turo,
412 1547 457 1571 eo
487 1535 605 1572 modo
635 1547 711 1583 quo
743 1541 798 1571 est
824 1546 961 1571 verum
988 1534 1034 1571 de
1062 1533 1262 1582 praesenti.
1286 1533 1362 1570 Sed

295 1587 540 1624 determinate
561 1601 663 1625 nunc
692 1595 747 1625 est
764 1601 901 1624 verum
927 1587 1051 1624 dicere
1073 1587 1119 1624 de
1141 1586 1267 1635 aliquo
1289 1586 1362 1624 sin-

294 1641 412 1689 gulari
441 1641 545 1690 quod
575 1649 630 1678 est
658 1643 805 1688 album3
837 1654 925 1689 ergo
956 1642 1105 1690 primo,
1135 1640 1232 1677 idest
1260 1648 1361 1677 ante-

294 1706 410 1742 quam
431 1695 521 1732 illud
549 1695 657 1731 fieret
676 1696 818 1741 album,
841 1702 919 1732 erat
946 1707 1083 1731 verum
1110 1694 1234 1732 dicere
1269 1706 1362 1742 quo—

294 1747 397 1784 niam
432 1749 507 1785 hoc
536 1748 604 1785 erit
638 1749 779 1786 album.
812 1749 888 1786 Sed
918 1748 1053 1785 eadem
1087 1748 1180 1785 ratio
1214 1747 1364 1784 videtur

295 1813 376 1837 esse
393 1800 430 1838 in
445 1802 661 1851 propinquo
679 1810 715 1840 et
729 1802 767 1839 in
782 1809 949 1848 remoto3
972 1814 1061 1850 ergo
1091 1801 1121 1838 si
1136 1809 1221 1838 ante
1241 1813 1363 1838 unum

296 1854 398 1892 diem
426 1868 564 1893 verum
601 1856 669 1893 fuit
707 1856 830 1893 dicere
865 1855 970 1905 quod
1006 1856 1082 1892 hoc
1117 1855 1184 1892 erit
1212 1855 1363 1902 album,

297 1909 464 1956 sequitur
492 1909 596 1959 quod
626 1922 778 1959 semper
796 1910 864 1947 fuit
891 1922 1028 1946 verum
1049 1909 1173 1947 dicere
1203 1908 1249 1946 de
1271 1920 1365 1957 quo-

296 1961 385 1998 libet
401 1975 548 2010 eorum,
569 1976 666 2012 quae
681 1964 701 1984 ’¹‘
720 1964 817 2000 facta
832 1971 929 2010 sunt,
951 1963 1055 2011 quod
1080 1962 1158 1999 erit.
1181 1962 1220 1999 Si
1236 1970 1364 1999 autem

298 2028 450 2064 semper
466 2025 520 2054 est
533 2029 670 2054 verum
692 2017 815 2054 dicere
832 2017 878 2054 de
897 2016 1086 2066 praesenti
1102 2015 1285 2065 quoniam
1300 2021 1364 2061 est,

296 2070 359 2105 vel
389 2069 435 2106 de
464 2071 590 2108 futuro
611 2071 794 2119 quoniam
809 2071 829 2092 '¹‘
853 2071 933 2116 erit,
955 2083 1033 2107 non
1061 2077 1186 2119 potest
1200 2070 1275 2106 hoc
1290 2082 1364 2106 non

297 2134 375 2159 esse
405 2124 467 2160 vel
496 2136 569 2161 non
591 2125 774 2173 futurum
803 2137 891 2161 esse.
920 2124 1038 2161 Cuius
1074 2122 1366 2172 consequentiae

298 2176 392 2213 ratio
421 2185 534 2225 patet,
556 2177 645 2226 quia
673 2178 742 2214 ista
771 2177 848 2215 duo
880 2177 969 2214 'sunt
997 2176 1321 2226 incompossibilia
1334 2177 1365 2223 ²⁸,

299 2230 403 2277 quod
433 2231 572 2280 aliquid
600 2244 691 2268 vere
713 2231 858 2268 dicatur
876 2243 954 2268 esse
967 2232 1000 2277 *,
1022 2238 1058 2267 et
1086 2230 1190 2279 quod
1215 2243 1289 2267 non
1309 2231 1365 2267 sit.

300 2283 403 2320 Nam
432 2285 507 2321 hoc
535 2284 736 2322 includitur
764 2285 802 2321 in
831 2284 1103 2333 significatione
1131 2284 1233 2331 veri,
1262 2291 1305 2320 ut
1324 2284 1370 2320 sit

300 2335 338 2372 id
367 2338 471 2385 quod
501 2338 644 2375 dicitur.
678 2338 717 2375 Si
755 2350 843 2386 ergo
873 2338 1027 2387 ponitur
1052 2349 1190 2375 verum
1221 2350 1302 2374 esse
1331 2337 1369 2374 id

301 2390 406 2437 quod
435 2391 568 2428 dicitur
597 2392 643 2429 de
667 2392 855 2440 praesenti
881 2392 944 2428 vel
973 2391 1020 2428 de
1040 2391 1178 2437 futuro,
1200 2403 1278 2428 non
1300 2403 1369 2440 po-

301 2449 373 2479 test
401 2456 482 2480 esse
503 2445 594 2493 quin
623 2445 712 2482 illud
732 2444 777 2481 sit
804 2457 984 2493 praesens
1002 2445 1065 2481 vel
1093 2445 1274 2482 futurum.
1293 2444 1370 2481 Sed

1056 229 1175 264 PERI
1206 228 1554 282 HERMENEIAS
1594 228 1687 264 LIB.
1720 229 1732 264 I

1411 308 1515 357 quod
1543 320 1622 344 non
1650 315 1776 357 potest
1808 321 1886 345 non
1920 308 2004 344 fieri
2041 307 2144 344 idern
2182 307 2367 355 significat
2395 320 2484 344 cum

1412 374 1456 398 eo
1487 362 1591 410 quod
1621 370 1677 398 est
1704 361 1938 410 impossibile
1967 374 2046 398 non
2079 361 2173 398 fieri.
2201 362 2249 397 Et
2282 361 2386 409 quod
2415 360 2484 397 im-

1410 415 1589 463 possibile
1629 423 1684 452 est
1720 428 1799 451 non
1837 415 1920 452 fieri
1955 415 2058 452 idem
2088 414 2273 462 significat
2311 426 2398 450 cum
2438 426 2483 450 eo

1412 469 1516 517 quod
1547 476 1602 505 est
1629 481 1784 505 necesse
1813 468 1908 515 fieri,
1930 476 1972 505 ut
2000 468 2038 504 in
2064 468 2233 505 secundo
2262 467 2410 516 plenius
2431 466 2484 504 di-

1413 529 1517 558 cetur
1539 528 1568 558 μ.
1599 522 1779 571 Sequitur
1799 534 1887 569 ergo
1911 534 1955 558 ex
1973 521 2192 570 praemissis
2217 520 2322 569 quod
2342 520 2483 567 omnia,

1413 587 1510 623 quae
1540 575 1664 612 futura
1683 583 1780 621 sunt,
1802 587 1957 611 necesse
1978 582 2034 611 est
2052 574 2146 611 fieri.
2174 575 2232 610 Ex
2260 586 2336 622 quo
2362 573 2485 622 sequi-

1412 635 1472 664 tur
1499 628 1674 675 ulterius,
1710 628 1815 677 quod
1843 628 1934 664 nihil
1963 628 2009 664 sit
2036 640 2160 676 neque
2190 627 2238 664 ad
2266 627 2487 663 utrumlibet

1414 693 1539 730 neque
1568 694 1590 718 a
1619 694 1720 727 casu,
1742 681 1830 730 quia
1849 681 1941 717 illud
1961 681 2066 729 quod
2086 680 2220 717 accidit
2239 693 2262 717 a
2289 693 2379 716 casu
2408 692 2487 716 non

1415 742 1470 771 est
1499 747 1543 771 ex
1571 735 1805 780 necessitate,
1827 734 1894 771 sed
1913 742 1955 770 ut
1973 734 2011 770 in
2040 733 2301 782 paucioribus;
2322 734 2398 769 hoc
2421 746 2486 769 au-

1414 795 1491 824 tern
1508 787 1682 836 relinquit
1699 788 1718 809 '¹‘
1736 800 1806 836 pro
1827 787 2126 833 inconvenienti;
2149 799 2237 834 ergo
2269 794 2304 823 et
2318 786 2487 835 primum

1416 848 1471 877 est
1499 841 1646 887 falsum,
1668 841 1807 877 scilicet
1835 839 1940 888 quod
1974 852 2090 876 omne
2119 839 2225 888 quod
2261 847 2317 876 est
2348 852 2487 877 verum

1416 907 1518 941 esse,
1550 906 1687 931 verum
1725 894 1835 930 fuerit
1868 893 2115 930 determinate
2154 893 2278 929 dicere
2319 905 2400 929 esse
2433 893 2489 929 fu-

1415 955 1543 984 turum
1574 949 1604 984 ³¹⁶.

2516 792 2524 800 ·
2535 797 2549 812 s
2557 798 2562 812 z
2582 791 2730 819 relinquitur.

2517 950 2647 998 asieri-»iiia
2650 955 2731 998 iffi—⁸⁸:¹2⁸

1476 1014 1532 1038 ιι.
1567 1001 1628 1038 Ad
1667 1000 1773 1037 cuius
1809 999 2041 1037 evidentiam
2077 998 2399 1036 considerandum
2435 1007 2490 1037 est
2509 1003 2629 1032 summm·

1416 1055 1520 1104 quod
1542 1067 1629 1091 cum
1649 1066 1786 1091 verum
1806 1054 1881 1090 hoc
1915 1053 2099 1101 significet
2118 1061 2160 1090 ut
2179 1052 2324 1089 dicatur
2348 1053 2489 1102 aliquid

1417 1121 1498 1145 esse
1528 1108 1633 1157 quod
1663 1116 1728 1154 est,
1750 1108 1825 1144 hoc
1845 1107 1964 1144 modo
1995 1114 2050 1143 est
2069 1106 2211 1156 aliquid
2238 1119 2389 1154 verum,
2411 1119 2488 1155 quo

1415 1162 1530 1198 habet
1559 1174 1652 1198 esse.
1677 1162 1778 1198 Cum
1807 1168 1936 1197 autem
1976 1160 2116 1209 aliquid
2146 1167 2201 1197 est
2228 1160 2267 1197 in
2299 1160 2489 1209 praesenti

1416 1216 1531 1252 habet
1560 1228 1641 1252 esse
1670 1215 1708 1251 in
1737 1214 1875 1263 seipso,
1898 1222 1934 1250 et
1961 1214 2048 1251 ideo
2069 1226 2162 1251 vere
2195 1221 2321 1262 potest
2349 1214 2421 1251 dici
2442 1214 2488 1251 de

1417 1281 1463 1305 eo
1493 1269 1598 1318 quod
1628 1276 1699 1305 est:
1721 1267 1789 1305 sed
1819 1267 2003 1317 quamdiu
2038 1267 2179 1316 aliquid
2214 1275 2270 1304 est
2297 1267 2488 1315 futurum,

1416 1322 1590 1359 nondum
1620 1329 1676 1358 est
1708 1322 1747 1358 in
1780 1321 1917 1370 seipso,
1941 1329 1996 1358 est
2029 1321 2192 1357 tamen*
2218 1320 2426 1369 aliqualiter
2451 1322 2488 1358 in

1415 1387 1484 1412 sua
1500 1387 1634 1412 causa:
1659 1375 1764 1424 quod
1784 1375 1940 1423 quidem
1959 1374 2138 1422 contingit
2156 1374 2356 1423 tripliciter.
2369 1375 2489 1412 -Uno

1417 1428 1548 1474 modo,
1565 1436 1606 1465 ut
1634 1428 1687 1465 sic
1706 1428 1752 1465 sit
1766 1428 1804 1465 in
1820 1441 1889 1465 sua
1905 1440 2018 1464 causa
2032 1435 2074 1464 ut
2088 1440 2138 1464 ex
2153 1428 2367 1464 necessitate
2383 1440 2428 1464 ex
2444 1440 2488 1464 ea

1416 1481 1634 1529 proveniat;
1656 1489 1692 1518 et
1719 1488 1809 1517 tunc
1833 1481 2082 1518 determinate
2100 1481 2216 1517 habet
2244 1493 2327 1518 esse
2355 1481 2394 1518 in
2422 1493 2492 1518 sua

1418 1547 1549 1580 causa;
1569 1534 1672 1571 unde
1702 1534 1949 1571 determinate
1977 1541 2103 1582 potest
2131 1534 2203 1571 dici
2233 1534 2280 1571 de
2310 1547 2356 1571 eo
2386 1534 2491 1583 quod

1417 1588 1497 1624 erit.
1509 1609 1533 1615 -
1549 1587 1634 1624 Alio
1656 1587 1787 1634 modo,
1805 1586 1946 1635 aliquid
1967 1594 2022 1624 est
2040 1587 2079 1623 in
2099 1599 2168 1624 sua
2188 1600 2314 1635 causa,
2330 1595 2373 1624 ut
2392 1600 2489 1636 quae

1417 1642 1532 1678 habet
1560 1641 1838 1678 inclinationem
1868 1640 1916 1677 ad
1945 1653 2059 1677 suurn
2089 1640 2284 1687 effectum,
2313 1653 2410 1689 quae
2439 1648 2492 1678 ta-

1417 1707 1508 1731 men
1537 1695 1710 1743 impediri
1730 1699 1871 1743 potest,·
1895 1693 1998 1730 unde
2029 1701 2064 1731 et
2091 1695 2167 1731 hoc
2196 1694 2490 1731 determinatum

1419 1755 1474 1785 est
1501 1748 1539 1785 in
1568 1760 1637 1785 sua
1666 1759 1796 1794 causa,
1825 1747 1892 1784 sed
1921 1747 2167 1791 mutabiliter‚·
2195 1755 2231 1784 et
2259 1748 2313 1785 sic
2341 1748 2388 1785 de
2416 1748 2492 1784 hoc

1417 1814 1508 1838 vere
1538 1801 1610 1839 dici
1637 1808 1773 1850 potest,
1794 1801 1865 1837 hoc
1892 1801 1972 1846 erit,
2001 1801 2067 1838 sed
2096 1813 2175 1838 non
2202 1814 2272 1850 per
2301 1801 2491 1838 omnimo-

1420 1855 1510 1892 dam
1526 1854 1800 1892 certitudinem.
1813 1875 1827 1881 -
1838 1854 1981 1900 Tertio,
1993 1854 2134 1903 aliquid
2145 1862 2201 1891 est
2213 1856 2232 1876 ’¹‘
2246 1855 2284 1891 in
2299 1867 2369 1892 sua
2379 1867 2493 1892 causa

1413 1921 1513 1958 pure
1532 1909 1569 1946 in
1586 1909 1769 1957 potentia,
1791 1920 1890 1956 quae
1920 1907 2032 1944 etiam
2047 1909 2067 1929 *
2094 1920 2174 1944 non
2202 1908 2323 1956 magis
2353 1916 2408 1946 est
2428 1908 2491 1945 de-

1419 1962 1619 2000 terminata
1638 1962 1687 1999 ad
1705 1974 1827 1998 unum
1848 1973 1965 2010 quam
1985 1961 2035 1998 ad
2055 1961 2172 2008 aliud;
2193 1962 2295 1999 unde
2316 1961 2491 2011 relinqui—

1419 2024 1480 2053 tur
1508 2015 1613 2065 quod
1650 2016 1753 2053 nullo
1786 2015 1906 2052 modo
1944 2022 2069 2063 potest
2106 2015 2154 2052 de
2192 2015 2317 2064 aliquo
2356 2028 2491 2052 eorum

1421 2069 1668 2107 determinate
1699 2068 1771 2105 dici
1800 2068 1905 2117 quod
1933 2068 1979 2105 sit
2006 2068 2196 2116 futurum,
2222 2069 2290 2106 sed
2314 2069 2420 2118 quod
2447 2069 2494 2106 sit

1420 2123 1482 2160 vel
1510 2135 1588 2159 non
1617 2122 1663 2159 sit
1681 2128 1703 2159 ⁹.

1482 2188 1538 2213 12.
1555 2176 1704 2213 Deinde
1716 2187 1804 2212 cum
1817 2174 1915 2212 dicit:
1927 2175 2077 2212 Atvero
2089 2187 2208 2224 neque
2218 2176 2397 2224 quoniam
2409 2183 2491 2224 etc„

1423 2229 1588 2267 ostendit
1615 2229 1721 2279 quod
1748 2229 1888 2266 veritas
1916 2241 1995 2265 non
2030 2229 2189 2266 omnino
2220 2229 2325 2266 deest
2352 2229 2391 2266 in
2419 2229 2492 2267 sin-

1423 2283 1614 2332 gularibus
1642 2282 1775 2320 futuris
1802 2282 1951 2331 utrique
1981 2282 2265 2332 oppositorum3
2291 2290 2327 2320 et
2353 2283 2492 2332 primo,

1423 2336 1603 2386 proponit
1628 2336 1732 2385 quod
1761 2335 1919 2373 intendit
1947 2335 2076 2373 dicens
2096 2336 2201 2385 quod
2221 2336 2316 2373 sicut
2340 2349 2419 2373 non
2439 2343 2495 2374 est

1423 2403 1561 2428 verum
1582 2386 1730 2427 dicere*
1745 2389 1850 2438 quod
1877 2389 1916 2426 in
1944 2389 2080 2426 talibus
2109 2390 2270 2427 alterurn
2299 2389 2493 2439 opposito-

1426 2456 1511 2481 rum
1540 2443 1586 2480 sit
1613 2455 1751 2481 verum
1787 2442 2056 2491 determinate,
2086 2443 2139 2480 sic
2166 2455 2246 2480 non
2274 2451 2330 2480 est
2356 2446 2493 2480 verum

356 2555 375 2590 ι)
399 2556 510 2589 Oportet
524 2556 595 2589 quod
609 2557 649 2581 vel
663 2556 706 2581 ille
719 2556 765 2588 qui
778 2556 899 2590 affirmat
913 2557 952 2582 ve!
967 2557 1010 2582 ille
1024 2557 1069 2590 qui
1083 2561 1165 2590 negat
1179 2558 1252 2583 dicat
1265 2566 1370 2587 ver-unu

303 2595 329 2617 et
347 2592 385 2617 sic
409 2598 456 2617 etc.
482 2592 591 2625 Exponit
616 2591 656 2616 hic
680 2591 811 2616 s.Doctor
834 2592 913 2616 verba
938 2592 980 2617 illa
999 2593 1159 2618 Aristotelis:
1183 2590 1198 2625 ἢ
1218 2591 1266 2627 γὰρ
1289 2592 1302 2618 ὁ
1322 2591 1370 2628 φὰς

304 2622 448 2659 ἀληθεύσει,
467 2624 482 2659 ἢ
503 2625 516 2652 ὁ
533 2621 646 2661 ἄποφάς·
667 2624 762 2661 ὁμοίως
780 2624 829 2660 γὰρ
849 2632 896 2652 etc.
916 2627 997 2652 Porro
1011 2628 1095 2652 Waitz
1114 2628 1216 2653 lectioni
1236 2624 1370 2661 ἀληθεύσει

305 2661 408 2701 (verum
422 2662 498 2698 dicet)
513 2663 623 2695 praefert
642 2657 757 2694 ἀληθεύει
772 2661 874 2695 (verum
893 2662 972 2696 dicit).
993 2673 1005 2685 ‹
1018 2663 1149 2695 Namque,
1164 2664 1211 2693 ait,
1227 2664 1248 2688 si
1259 2664 1370 2696 legimus

305 2707 319 2722 ι
336 2696 478 2730 αληῦεύσει,
498 2706 550 2722 non
570 2705 600 2723 ex
619 2698 706 2722 animo
724 2698 878 2722 Aristoteles
903 2698 1039 2723 defendere
1057 2699 1186 2723 videbitur
1205 2699 1368 2730 sententiam,

305 2742 320 2757 ι
336 2741 415 2775 quam
434 2739 463 2758 ut
481 2733 604 2758 refutaret
620 2741 709 2758 veram
728 2741 788 2758 esse
806 2733 893 2765 posuit
907 2738 933 2758 et
947 2741 1022 2758 suam
1037 2733 1103 2758 fecit.
1123 2734 1250 2759 Futurum
1265 2740 1370 2767 tempus

306 2778 321 2794 ›
337 2768 471 2802 αληθεύσει
486 2777 538 2794 non
557 2769 629 2793 aliter
638 2769 739 2793 videtur
749 2769 867 2802 explicari
882 2776 962 2801 posse
976 2777 1055 2801 quam
1070 2769 1112 2799 ita,
1122 2774 1151 2794 ut
1162 2770 1315 2795 Aristoteles
1335 2770 1371 2795 di-

307 2815 320 2828 »
337 2805 435 2831 can-Si
446 2805 523 2837 igitur
537 2805 660 2837 ponimus
674 2805 855 2836 praestitutum
875 2812 935 2829 esse
949 2804 1011 2837 quid
1026 2812 1117 2829 verum
1132 2805 1199 2829 sitin
1210 2805 1287 2830 rebus
1302 2805 1371 2830 futu-

307 2851 320 2864 »
336 2841 380 2872 ris,
391 2840 454 2873 quid
469 2840 564 2865 salsum
580 2838 663 2873 (quod
677 2840 799 2872 equidem
813 2847 866 2864 non
881 2839 1016 2874 concedo),
1027 2845 1071 2864 aut
1083 2840 1127 2872 qui
1142 2839 1259 2871 affirmat,
1273 2845 1316 2865 aut
1327 2841 1372 2874 qui

307 2886 320 2899 2
337 2881 413 2909 negat
431 2881 499 2900 recte
519 2876 592 2906 dicet,
611 2875 661 2900 hoc
680 2881 720 2900 est
739 2880 783 2900 aut
801 2874 971 2900 affirmantem
991 2880 1034 2900 aut
1048 2880 1186 2908 negantem
1204 2881 1273 2901 recte
1288 2876 1372 2901 dicere

308 2922 320 2934 »
335 2911 530 2937 concedendum
550 2911 605 2936 erit.
615 2924 634 2928 -
644 2911 775 2941 Quoniam
795 2915 881 2935 autem
895 2910 1034 2935 habuimus
1049 2915 1153 2944 tempus
1167 2919 1290 2944 praesens
1305 2919 1344 2936 vs.
1357 2911 1371 2936 3

307 2956 321 2971 ιι
337 2952 363 2972 ct
374 2947 476 2980 5,quod
492 2947 567 2978 longe
577 2947 701 2971 maiorem
716 2946 769 2971 vim
779 2945 864 2977 habet,
875 2946 944 2971 idem
959 2946 999 2971 hic
1014 2954 1121 2979 quoque
1135 2947 1244 2972 retinere
1258 2955 1311 2972 non
1326 2947 1372 2972 du-

307 2991 322 3006 »
338 2983 475 3007 bitavirnus
485 2991 498 3005 »
510 2981 672 3014 (Aristotelis
694 2981 822 3015 Organon
836 2989 940 3014 graece,
955 2982 1003 3006 Ed.
1022 2982 1070 3012 cit.,
1085 2990 1144 3014 pag.
1161 2982 1231 3014 340).
1246 2983 1280 3008 Ut
1293 2987 1321 3007 ut
1340 2983 1373 3007 sit

307 3018 340 3043 de
358 3018 405 3042 hac
424 3018 511 3042 subtili
531 3018 739 3050 interpretatione
757 3017 850 3047 Waiu,
870 3024 945 3041 mens
964 3016 1112 3042 Aristotelis
1131 3017 1264 3042 manifesta
1288 3022 1328 3043 est
1346 3018 1372 3043 in

306 3058 417 3086 utraque
443 3053 565 3084 lectione,
591 3052 768 3077 consentiente
793 3053 886 3077 eodem
908 3053 1031 3077 Auctore.
1045 3067 1066 3072 —
1080 3052 1150 3078 Tum
1169 3053 1293 3078 Boethius
1316 3058 1372 3078 tum

308 3096 329 3113 s.
340 3088 456 3113 Thomas
476 3089 566 3120 legunt
585 3083 709 3119 ἀληθεύει.

361 3122 386 3158 κ)
405 3124 449 3148 Ad
467 3123 516 3148 hoc
534 3124 605 3156 quod
616 3123 698 3156 fieret
716 3123 757 3148 vel
776 3131 826 3148 non
840 3122 930 3155 fieret.
950 3123 985 3148 lta
1004 3123 1078 3148 codd.
1093 3124 1279 3149 omnes.—Ed.
1295 3124 1373 3149 Pinna

308 3167 367 3184 cum
386 3158 491 3183 Venetis
516 3159 588 3183 edd.:
608 3159 645 3183 ad
663 3158 725 3189 hoc,
742 3158 808 3191 fleri
830 3159 871 3183 ve!
895 3166 945 3183 non
963 3158 1037 3191 fleri.
1061 3160 1131 3184 Haec
1155 3159 1230 3184 lectio
1253 3159 1372 3185 sustineri

307 3200 406 3228 potest3
422 3194 468 3219 sed
487 3194 547 3227 quia
565 3194 648 3227 prima
666 3198 692 3219 et
709 3194 792 3226 magis
811 3193 928 3226 expedita
946 3199 985 3219 est
1000 3195 1085 3227 quoad
1105 3195 1224 3226 formam,
1244 3200 1269 3220 et
1287 3200 1373 3220 aucto-

307 3230 380 3255 ritate
399 3229 486 3254 nititur
504 3229 577 3254 codd.
593 3228 716 3254 sufficitur
730 3229 934 3254 Pinnae-eod.
949 3230 971 3254 A
989 3229 1082 3255 omittit
1100 3230 1143 3255 illa
1157 3230 1250 3255 verba:
1269 3230 1332 3263 quia
1350 3231 1374 3256 si

308 3269 375 3290 esset
393 3264 496 3297 aliquid
513 3265 551 3289 ad
569 3264 729 3290 utrumlibet.
749 3265 799 3289 Sed
818 3269 857 3289 est
876 3265 999 3290 mendum
1020 3265 1195 3291 manifestum.

362 3298 388 3335 λ)
408 3300 483 3325 Nihil
506 3300 576 3325 enim
600 3300 689 3334 differt
712 3304 792 3325 etc.-
807 3300 889 3325 Codd.
907 3300 988 3325 ABC:
1011 3301 1036 3325 in
1062 3301 1111 3326 hoc
1134 3301 1203 3326 enim
1230 3298 1283 3335 (Az
1308 3301 1374 3326 nihil

310 3335 389 3360 etiam
395 3342 404 3364 ‚·
423 3336 443 3360 C
458 3341 592 3368 corrupte:
612 3335 638 3360 in
658 3334 708 3370 hic)
730 3335 820 3369 differt
834 3335 863 3360 id
875 3335 946 3368 quod
963 3339 1003 3361 est
1021 3336 1047 3360 in
1062 3336 1186 3368 pluribus
1199 3336 1233 3362 ab
1253 3344 1284 3362 eo
1302 3336 1374 3370 quod

310 3374 350 3395 est
367 3378 469 3403 semper
487 3374 513 3396 et
531 3378 568 3396 ex
587 3369 635 3404 (A,
660 3370 703 3405 de)
727 3371 893 3400 necessitate,
918 3371 989 3404 quod
1008 3371 1095 3405 deficit
1114 3372 1140 3396 in
1160 3372 1258 3397 minori
1276 3370 1326 3405 (A,
1345 3371 1371 3397 in

310 3406 407 3431 minori
426 3406 559 3438 corrigitur
578 3406 604 3431 in
624 3405 731 3441 maiori)
742 3410 831 3438 parte.
848 3407 920 3437 Quae
936 3406 1010 3431 lectio
1025 3415 1078 3432 non
1093 3412 1133 3432 est
1146 3408 1310 3440 acceptanda.
1324 3407 1373 3432 As-

311 3441 426 3472 signatur
444 3441 512 3466 enim
532 3449 546 3466 a
565 3449 587 3466 s.
601 3441 704 3466 Thon-ia
722 3442 786 3466 ratio
805 3449 858 3472 cur,
873 3447 974 3467 remoto
989 3443 1145 3475 contingenti
1164 3443 1236 3476 quod
1254 3447 1295 3468 est
1305 3448 1335 3468 ut
1348 3443 1374 3467 in

312 3476 483 3508 paucioribus,
498 3482 662 3502 removeatur
681 3477 832 3509 contingens
856 3478 927 3510 quod
946 3482 987 3503 est
1004 3482 1033 3502 ut
1051 3477 1077 3502 in
1096 3478 1228 3511 pluribus:
1249 3486 1317 3512 quae
1335 3486 1374 3503 ra-

312 3510 347 3534 tio
367 3515 406 3535 est
425 3512 600 3536 convenientia
615 3512 681 3537 inter
692 3517 833 3545 utrumque
852 3513 1013 3545 contingens.
1026 3513 1102 3538 Extra
1120 3513 1196 3545 igitur
1214 3521 1270 3539 rem
1285 3518 1325 3539 est
1339 3514 1374 3539 le-

313 3545 363 3570 ctio
382 3546 456 3571 codd.
470 3547 549 3577 ABC,
570 3555 616 3580 per
636 3555 715 3580 quam
740 3548 891 3580 contingens
911 3556 963 3573 non
983 3556 1042 3573 cum
1066 3548 1230 3582 contingenti,
1250 3550 1296 3574 sed
1315 3556 1374 3574 cum

313 3581 458 3605 necessario
477 3587 647 3614 comparatur.

1478 2557 1506 2593 μ)
1530 2559 1565 2584 Ut
1583 2559 1609 2583 in
1628 2559 1743 2584 secundo
1757 2559 1863 2591 plenius
1882 2558 1993 2584 dicetur.
2012 2558 2079 2583 Cum
2097 2558 2288 2583 Commenta-ia
2302 2566 2348 2583 sua
2366 2559 2392 2583 in
2411 2559 2431 2584 11
2450 2559 2494 2585 lib.

1424 2602 1475 2619 non
1494 2594 1663 2626 compleverit
1688 2602 1709 2618 s.
1720 2593 1850 2625 Thomas,
1875 2594 1955 2618 lector
1979 2594 2091 2618 inveniet
2114 2594 2139 2618 in
2164 2594 2347 2626 supplemento
2366 2594 2492 2626 Caietam,

1424 2630 1482 2654 lect.
1495 2637 1519 2660 x,
1533 2636 1600 2662 quae
1615 2629 1640 2653 in
1655 2637 1676 2653 s.
1687 2629 1798 2654 Doctore
1811 2630 1911 2654 desunt.
1921 2629 2013 2653 -Post
2027 2629 2069 2653 illa
2089 2629 2176 2659 verba,
2192 2629 2254 2661 quin
2277 2628 2344 2653 illud
2362 2629 2398 2654 sit
2412 2636 2493 2661 prae-

1423 2671 1483 2689 sens
1501 2665 1541 2689 vel
1554 2664 1695 2697 futurum,
1711 2665 1769 2689 cod.
1787 2665 1808 2688 Β
1829 2664 2007 2697 prosequitur:
2030 2664 2078 2689 sed
2097 2664 2160 2696 quia
2180 2671 2231 2689 non
2250 2667 2341 2696 potest
2359 2671 2410 2689 non
2428 2665 2495 2697 fleri

1425 2699 1582 2732 impossibile
1597 2699 1665 2724 idem
1680 2699 1814 2732 significat
1831 2703 1879 2724 etc.
1895 2699 1927 2724 Et
1941 2699 1997 2723 cod.
2008 2699 2041 2724 C:
2056 2699 2104 2724 sed
2117 2699 2188 2732 quod
2202 2706 2253 2724 non
2264 2702 2355 2731 potest
2369 2706 2419 2724 non
2427 2700 2495 2732 fieri

1424 2738 1451 2759 et
1468 2734 1540 2767 quod
1551 2734 1709 2766 impossibile
1727 2737 1766 2759 est
1780 2742 1831 2759 non
1839 2734 1913 2767 fieri.
1928 2734 2067 2759 Evidenter
2081 2734 2107 2759 in
2127 2734 2175 2759 hnc
2195 2735 2308 2759 secunda
2322 2735 2431 2759 lectione
2450 2736 2494 2761 de-

1425 2770 1571 2794 siderantur
1593 2769 1671 2794 verba
1690 2769 1759 2795 idem
1778 2769 1920 2803 significat.
1944 2769 2033 2794 Lectio
2053 2774 2139 2794 autem
2158 2770 2215 2795 cod.
2231 2770 2252 2795 B
2271 2774 2312 2795 est
2331 2770 2446 2795 intricata
2468 2776 2495 2796 et

1425 2805 1546 2830 absurda.

1477 2840 1501 2875 ν)
1522 2840 1578 2866 Sed
1595 2840 1667 2873 quod
1688 2840 1724 2865 sit
1742 2840 1783 2865 vel
1801 2847 1853 2865 non
1872 2840 1915 2865 sit.
1939 2840 2014 2865 Hanc
2041 2839 2178 2866 lectionem
2202 2840 2320 2866 omnium
2345 2846 2494 2867 nostrorum

1425 2876 1499 2901 codd.
1518 2881 1545 2901 et
1563 2876 1603 2900 ed.
1617 2883 1635 2900 a
1653 2874 1796 2900 sufficimus
1819 2875 1921 2901 lectioni
1940 2875 2045 2900 Pianae:
2071 2883 2154 2909 neque
2172 2876 2244 2909 quod
2261 2877 2298 2902 sit
2316 2877 2357 2902 vel
2375 2884 2427 2902 non
2446 2877 2493 2906 sit,

1425 2919 1528 2944 nempe,
1543 2911 1668 2936 futurum.
1688 2911 1785 2936 Sensus
1805 2911 1922 2936 editionis
1937 2910 2031 2936 Pinnae
2044 2916 2083 2936 est
2102 2912 2173 2944 quod
2192 2911 2316 2943 futurum,
2331 2912 2364 2937 de
2387 2919 2440 2945 quo
2454 2917 2495 2938 est

1425 2954 1521 2977 sermo,
1537 2954 1622 2979 neque
1636 2951 1676 2971 est
1690 2946 1857 2972 determinate
1875 2946 1997 2977 futurum,
2017 2954 2103 2979 neque
2117 2952 2157 2972 est
2171 2947 2338 2972 determinate
2356 2955 2408 2972 non
2426 2947 2495 2973 fum-

1425 2990 1491 3007 rum.
1507 2983 1604 3007 Sensus
1621 2982 1694 3007 codd.
1710 2987 1750 3007 est
1763 2983 1834 3015 quod
1848 2981 1962 3007 futurum
1976 2982 2062 3015 ipsum
2076 2986 2125 3008 aut
2139 2987 2178 3007 est
2189 2982 2312 3014 futurum,
2327 2986 2376 3008 aut
2389 2991 2441 3008 non
2455 2988 2496 3011 eet

1425 3017 1546 3042 futurum.
1567 3018 1643 3048 Quod
1660 3017 1685 3042 in
1704 3025 1782 3042 sensu
1797 3017 1992 3042 indeterminato
2006 3025 2053 3043 seu
2066 3017 2218 3043 disiunctivo
2232 3023 2258 3043 et
2271 3018 2296 3043 vi
2310 3018 2494 3052 propositionis

1426 3058 1466 3078 est
1483 3053 1658 3084 verissimum,
1677 3053 1737 3086 quia
1755 3053 1821 3078 inter
1838 3056 1879 3078 est
1890 3053 2017 3088 suturam
2035 3056 2062 3078 et
2080 3061 2132 3079 non
2151 3057 2191 3079 est
2204 3053 2332 3087 futurum
2351 3061 2403 3079 non
2420 3054 2496 3080 detur

1426 3088 1550 3113 medium.
1565 3088 1736 3113 Nihilominus
1751 3089 1773 3114 si
1787 3088 1905 3113 membra
1920 3088 2094 3114 disiunctionis
2109 3089 2225 3114 absolute
2236 3094 2372 3114 sumantur
2387 3089 2435 3114 dici
2449 3096 2494 3118 ne-

1426 3124 1482 3157 quit
1500 3124 1570 3157 quod
1589 3124 1739 3149 alterutrum
1758 3124 1791 3149 sit
1809 3122 2115 3155 deterrninate'futurum,
2130 3125 2171 3149 vel
2186 3125 2257 3158 quod
2276 3125 2309 3149 sit
2327 3124 2495 3150 detenninnoe

1426 3167 1478 3184 non
1497 3159 1619 3191 futurum,
1629 3164 1658 3184 ut
1671 3159 1748 3184 editio
1763 3159 1841 3184 Pinna
1856 3158 1981 3192 significat
1995 3157 2045 3194 (Cf.
2059 3160 2116 3184 lect.
2125 3167 2170 3191 xv,
2185 3168 2210 3185 n.
2224 3159 2262 3195 4).
2271 3174 2291 3179 -
2300 3160 2389 3185 Lectio
2407 3165 2494 3187 nmen

1426 3195 1499 3219 codd.
1513 3195 1596 3227 magis
1610 3195 1694 3228 placet
1711 3195 1809 3220 ratione
1825 3199 1957 3220 contextus
1963 3202 1971 3225 3
1991 3194 2050 3228 quia
2069 3202 2158 3220 revera
2181 3203 2241 3220 cum
2255 3195 2307 3220 iam
2320 3195 2494 3228 praemissum

1425 3230 1573 3255 immediate
1591 3230 1667 3256 fuerit
1685 3231 1755 3263 quod
1774 3230 1846 3256 nullo
1865 3230 1944 3255 modo
1957 3233 2048 3263 potest
2067 3230 2099 3256 de
2113 3230 2203 3263 aliquo
2216 3237 2308 3256 eorum
2319 3230 2494 3257 detemimu

1426 3266 1479 3291 dici
1498 3266 1570 3299 quod
1587 3266 1622 3291 sit
1634 3266 1775 3300 futurum,
1795 3265 1884 3291 inutile
1902 3271 1943 3290 est
1956 3271 2072 3299 repetere
2091 3273 2173 3299 neque
2191 3266 2263 3299 quod
2279 3266 2331 3296 ἐἰη
2348 3266 2395 3298 uqi
2413 3265 2493 3291 incul-

1426 3301 1506 3326 canda
1519 3306 1559 3326 est
1571 3301 1665 3326 veritas
1681 3301 1864 3334 propositionis
1878 3300 2058 3334 hypotheticae
2072 3301 2238 3326 disiunctivae
2252 3301 2324 3334 quod
2337 3301 2373 3328 sie
2386 3301 2427 3326 ve!
2439 3301 2502 3326 non*

1425 3336 1472 3366 sit,
1492 3344 1571 3370 quam
1590 3336 1616 3361 in
1634 3345 1661 3361 n.
1675 3344 1731 3370 seq.
1751 3344 1810 3362 cum
1828 3336 1965 3361 Aristotele
1980 3337 2030 3362 late
2043 3336 2136 3370 probat
2153 3345 2175 3362 s.
2185 3336 2311 3362 Thomas.

1481 3370 1504 3406 ξ)
1517 3372 1596 3402 Quod
1609 3372 1677 3398 sicut
1691 3379 1742 3397 non
1757 3375 1797 3397 est
1811 3379 1902 3397 verum
1917 3372 2003 3398 dicere
2017 3377 2064 3397 etc.
2079 3372 2115 3397 lta
2130 3372 2218 3405 legunt
2230 3372 2304 3398 codd.
2314 3371 2386 3398 DE—
2395 3370 2459 3396 Cod.
2468 3371 2492 3396 A

1426 3407 1499 3439 legit:
1519 3407 1591 3440 quod
1607 3407 1676 3433 sicut
1694 3415 1745 3432 non
1760 3410 1800 3433 est
1822 3414 1913 3432 verum
1928 3407 2016 3433 dicere
2034 3407 2105 3440 quod
2123 3407 2149 3432 in
2167 3407 2264 3433 talibus
2281 3407 2395 3437 alterum
2411 3413 2491 3438 oppo-

1426 3443 1552 3472 sitorum,
1572 3450 1619 3468 nec
1639 3443 1663 3468 si
1681 3442 1801 3468 dicamus
1819 3447 1867 3468 etc.
1879 3457 1900 3463 —
1912 3442 1994 3468 Codd.
2013 3442 2069 3467 BC:
2087 3442 2160 3476 quod
2176 3442 2245 3468 sicut
2262 3449 2314 3468 non
2337 3444 2378 3467 est
2401 3447 2492 3466 verum

1428 3475 1463 3512 (Β
1478 3485 1530 3503 non
1545 3476 1650 3514 verum)
1667 3478 1754 3504 dic-ere
1772 3478 1843 3511 quod
1856 3478 1882 3503 in
1898 3478 1994 3504 talibus
2007 3478 2122 3503 alterum
2141 3477 2321 3510 oppositorum
2335 3476 2372 3502 sit
2385 3483 2492 3506 verum,

1428 3517 1458 3539 ut
1475 3513 1499 3539 si
1517 3513 1636 3539 dicamus
1655 3518 1702 3539 etc.
1722 3513 1835 3538 Vitiosae
1853 3513 1989 3544 lectiones,
2009 3521 2076 3546 quae
2094 3517 2181 3538 tamen
2199 3512 2308 3539 innuunt
2326 3519 2392 3542 eam,
2411 3519 2491 3544 quam

1428 3549 1526 3581 integre
1550 3549 1670 3574 exhibent
1693 3549 1768 3574 codd.
1786 3549 1840 3574 DE.
1854 3563 1873 3569 —-
1892 3549 1920 3574 P.
1939 3554 1966 3574 et
1983 3548 2048 3573 Ven.
2067 3548 2143 3574 edd.:
2167 3547 2239 3581 quod
2262 3554 2313 3572 non
2337 3549 2377 3572 est
2400 3553 2491 3572 verum

1429 3584 1516 3610 dicere
1534 3584 1606 3617 quod
1623 3584 1650 3610 in
1670 3584 1766 3610 talibus
1783 3584 1897 3610 alterum
1916 3583 2096 3616 oppositorum
2115 3589 2168 3609 non
2185 3582 2222 3611 eit
2236 3587 2343 3612 verum,
2363 3585 2393 3607 ut
2409 3582 2434 3608 si
2451 3582 2491 3607 di-

2517 1272 2631 1294 Futurum
2639 1278 2686 1294 non
2697 1276 2732 1295 eet

2519 1299 2541 1320 in
2555 1299 2634 1330 seipso
2645 1299 2686 1321 sed
2694 1299 2732 1321 ali-

2518 1326 2617 1353 qualiter
2641 1326 2664 1348 in
2690 1332 2733 1348 sun

2519 1359 2597 1374 causa.

2518 1381 2527 1388 '¹
2534 1385 2618 1401 Ana—1².
2626 1386 2632 1401 t
2643 1380 2730 1401 autem.

2520 1861 2530 1870 ⁶
2540 1866 2576 1882 sc:
2587 1860 2681 1889 aliquid
2688 1866 2732 1883 ακ-

2521 1889 2565 1908 tem
2578 1889 2616 1909 est
2628 1891 2650 1909 et
2664 1888 2735 1910 omit-
2753 1913 2756 1916 Δ

2520 1917 2571 1936 tunt
2585 1914 2663 1936 tertio.

2520 1942 2528 1950 ·
2540 1940 2735 1963 Codd.omittunt

2519 1967 2598 1988 etiam.
2608 1979 2617 1984 -
2626 1973 2685 1989 ABG!
2699 1967 2735 1989 in-

2519 1993 2560 2015 fra:
2580 1993 2690 2022 quemad
2697 1994 2735 2016 al-

2520 2022 2603 2042 terum.
