<?xml version="1.0" encoding="UTF-8"?>
<!DOCTYPE html PUBLIC "-//W3C//DTD XHTML 1.0 Transitional//EN"
    "http://www.w3.org/TR/xhtml1/DTD/xhtml1-transitional.dtd">
<html xmlns="http://www.w3.org/1999/xhtml" xml:lang="en" lang="en">
 <head>
  <title>
</title>
<meta http-equiv="Content-Type" content="text/html;charset=utf-8" />
  <meta name='ocr-system' content='tesseract 3.04.00' />
  <meta name='ocr-capabilities' content='ocr_page ocr_carea ocr_par ocr_line ocrx_word'/>
</head>
<body>
  <div class='ocr_page' id='page_1' title='image "./operaomniaiussui01thom/operaomniaiussui01thom_0589.png"; bbox 0 0 2788 4204; ppageno 0'>
   <div class='ocr_carea' id='block_1_1' title="bbox 1125 277 1655 324">
    <p class='ocr_par' dir='ltr' id='par_1_1' title="bbox 1125 277 1655 324">
     <span class='ocr_line' id='line_1_1' title="bbox 1125 277 1655 324; baseline 0.006 -12"><span class='ocrx_word' id='word_1_1' title='bbox 1125 277 1237 313; x_wconf 87' lang='lat' dir='ltr'>CAP.</span> <span class='ocrx_word' id='word_1_2' title='bbox 1267 277 1354 324; x_wconf 85' lang='lat' dir='ltr'>XII,</span> <span class='ocrx_word' id='word_1_3' title='bbox 1384 278 1535 315; x_wconf 90' lang='lat' dir='ltr'>LECT.</span> <span class='ocrx_word' id='word_1_4' title='bbox 1565 280 1655 315; x_wconf 93' lang='lat' dir='ltr'>XXI</span> 
     </span>
    </p>
   </div>
   <div class='ocr_carea' id='block_1_2' title="bbox 2410 294 2486 329">
    <p class='ocr_par' dir='ltr' id='par_1_2' title="bbox 2410 294 2486 329">
     <span class='ocr_line' id='line_1_2' title="bbox 2410 294 2486 329; baseline 0 -11"><span class='ocrx_word' id='word_1_5' title='bbox 2410 294 2486 329; x_wconf 84' lang='lat'>219</span> 
     </span>
    </p>
   </div>
   <div class='ocr_carea' id='block_1_3' title="bbox 896 517 1908 578">
    <p class='ocr_par' dir='ltr' id='par_1_3' title="bbox 896 517 1908 578">
     <span class='ocr_line' id='line_1_3' title="bbox 896 517 1908 578; baseline 0.006 -6"><span class='ocrx_word' id='word_1_6' title='bbox 896 517 1198 573; x_wconf 92' lang='lat' dir='ltr'><strong>LECTIO</strong></span> <span class='ocrx_word' id='word_1_7' title='bbox 1236 519 1908 578; x_wconf 88' lang='lat' dir='ltr'>VIGESIMAPRIMA</span> 
     </span>
    </p>
   </div>
   <div class='ocr_carea' id='block_1_4' title="bbox 385 679 2413 814">
    <p class='ocr_par' dir='ltr' id='par_1_4' title="bbox 385 679 2413 814">
     <span class='ocr_line' id='line_1_4' title="bbox 385 679 2413 729; baseline 0.003 -10"><span class='ocrx_word' id='word_1_8' title='bbox 385 679 470 720; x_wconf 90' lang='lat' dir='ltr'>DE</span> <span class='ocrx_word' id='word_1_9' title='bbox 502 679 1164 729; x_wconf 87' lang='lat' dir='ltr'>INTERROGATIONIBUS‚</span> <span class='ocrx_word' id='word_1_10' title='bbox 1199 681 1718 724; x_wconf 88' lang='lat' dir='ltr'>RESPONSIONIBUS</span> <span class='ocrx_word' id='word_1_11' title='bbox 1752 684 1831 724; x_wconf 83' lang='lat' dir='ltr'>ET</span> <span class='ocrx_word' id='word_1_12' title='bbox 1864 684 2413 726; x_wconf 86' lang='lat' dir='ltr'>DISPUTATIONIBUS</span> 
     </span>
     <span class='ocr_line' id='line_1_5' title="bbox 877 761 1908 814; baseline 0.004 -13"><span class='ocrx_word' id='word_1_13' title='bbox 877 761 938 801; x_wconf 95' lang='lat' dir='ltr'>IN</span> <span class='ocrx_word' id='word_1_14' title='bbox 975 761 1284 814; x_wconf 76' lang='lat' dir='ltr'><strong>QUALIBET</strong></span> <span class='ocrx_word' id='word_1_15' title='bbox 1320 762 1601 804; x_wconf 86' lang='lat' dir='ltr'>SCIENTIA</span> <span class='ocrx_word' id='word_1_16' title='bbox 1636 764 1908 806; x_wconf 88' lang='lat' dir='ltr'>PROPRIIS</span> 
     </span>
    </p>
   </div>
   <div class='ocr_carea' id='block_1_5' title="bbox 300 909 1370 1213">
    <p class='ocr_par' dir='ltr' id='par_1_5' title="bbox 300 909 1370 1213">
     <span class='ocr_line' id='line_1_6' title="bbox 300 909 1368 961; baseline 0.002 -15"><span class='ocrx_word' id='word_1_17' title='bbox 300 915 339 947; x_wconf 79' lang='lat' dir='ltr'>Ei</span> <span class='ocrx_word' id='word_1_18' title='bbox 363 909 403 946; x_wconf 77' lang='grc' dir='ltr'>δὲ</span> <span class='ocrx_word' id='word_1_19' title='bbox 426 914 467 947; x_wconf 82' lang='grc' dir='ltr'><strong><em>τό</em></strong></span> <span class='ocrx_word' id='word_1_20' title='bbox 493 913 582 947; x_wconf 82' lang='grc' dir='ltr'>αὑτό</span> <span class='ocrx_word' id='word_1_21' title='bbox 616 914 710 947; x_wconf 77' lang='grc' dir='ltr'>ἐστιν</span> <span class='ocrx_word' id='word_1_22' title='bbox 736 913 895 958; x_wconf 77' lang='grc' dir='ltr'>ἐρώτημα</span> <span class='ocrx_word' id='word_1_23' title='bbox 924 915 1181 961; x_wconf 75' lang='grc' dir='ltr'>συλλογιστικὸν</span> <span class='ocrx_word' id='word_1_24' title='bbox 1205 918 1263 947; x_wconf 82' lang='grc' dir='ltr'>καὶ</span> <span class='ocrx_word' id='word_1_25' title='bbox 1289 915 1368 961; x_wconf 85' lang='grc' dir='ltr'>πρό-</span> 
     </span>
     <span class='ocr_line' id='line_1_7' title="bbox 368 955 1370 1003; baseline -0.001 -11"><span class='ocrx_word' id='word_1_26' title='bbox 368 971 466 997; x_wconf 86' lang='grc' dir='ltr'>τασις</span> <span class='ocrx_word' id='word_1_27' title='bbox 493 958 716 1003; x_wconf 80' lang='grc' dir='ltr'>ἀντιφάσεως,</span> <span class='ocrx_word' id='word_1_28' title='bbox 743 958 925 1001; x_wconf 72' lang='grc' dir='ltr'>προτάσεις</span> <span class='ocrx_word' id='word_1_29' title='bbox 951 955 988 991; x_wconf 81' lang='grc' dir='ltr'>δὲ</span> <span class='ocrx_word' id='word_1_30' title='bbox 1011 959 1088 991; x_wconf 84' lang='grc' dir='ltr'>καθ’</span> <span class='ocrx_word' id='word_1_31' title='bbox 1118 959 1267 997; x_wconf 73' lang='grc' dir='ltr'>ἑκάστην</span> <span class='ocrx_word' id='word_1_32' title='bbox 1296 961 1370 992; x_wconf 83' lang='grc' dir='ltr'>ἐπι-</span> 
     </span>
     <span class='ocr_line' id='line_1_8' title="bbox 367 1002 1366 1049; baseline 0 -14"><span class='ocrx_word' id='word_1_33' title='bbox 367 1003 503 1048; x_wconf 78' lang='grc' dir='ltr'>στῆμην</span> <span class='ocrx_word' id='word_1_34' title='bbox 535 1002 570 1044; x_wconf 79' lang='grc' dir='ltr'>ἐξ</span> <span class='ocrx_word' id='word_1_35' title='bbox 602 1004 645 1035; x_wconf 81' lang='grc' dir='ltr'>ὠν</span> <span class='ocrx_word' id='word_1_36' title='bbox 672 1005 688 1035; x_wconf 81' lang='grc' dir='ltr'>ὁ</span> <span class='ocrx_word' id='word_1_37' title='bbox 713 1004 937 1049; x_wconf 80' lang='grc' dir='ltr'>συλλογισμὸς</span> <span class='ocrx_word' id='word_1_38' title='bbox 963 1005 979 1035; x_wconf 87' lang='grc' dir='ltr'><strong>ὀ</strong></span> <span class='ocrx_word' id='word_1_39' title='bbox 1003 1002 1080 1035; x_wconf 83' lang='grc' dir='ltr'>καθ’</span> <span class='ocrx_word' id='word_1_40' title='bbox 1118 1003 1285 1044; x_wconf 72' lang='grc' dir='ltr'>ἑκάστην,</span> <span class='ocrx_word' id='word_1_41' title='bbox 1317 1006 1366 1041; x_wconf 83' lang='grc' dir='ltr'>εἴη</span> 
     </span>
     <span class='ocr_line' id='line_1_9' title="bbox 369 1047 1367 1093; baseline -0.001 -13"><span class='ocrx_word' id='word_1_42' title='bbox 369 1049 408 1081; x_wconf 82' lang='grc' dir='ltr'>ἄν</span> <span class='ocrx_word' id='word_1_43' title='bbox 434 1059 468 1080; x_wconf 88' lang='grc' dir='ltr'>τι</span> <span class='ocrx_word' id='word_1_44' title='bbox 494 1047 652 1093; x_wconf 80' lang='grc' dir='ltr'>ἐρώτημα</span> <span class='ocrx_word' id='word_1_45' title='bbox 678 1047 954 1092; x_wconf 76' lang='grc' dir='ltr'>ἐπιστημονικόν,</span> <span class='ocrx_word' id='word_1_46' title='bbox 974 1047 1009 1088; x_wconf 80' lang='grc' dir='ltr'>ἐξ</span> <span class='ocrx_word' id='word_1_47' title='bbox 1026 1047 1069 1079; x_wconf 80' lang='grc' dir='ltr'>ὧν</span> <span class='ocrx_word' id='word_1_48' title='bbox 1089 1049 1104 1079; x_wconf 81' lang='grc' dir='ltr'>ὁ</span> <span class='ocrx_word' id='word_1_49' title='bbox 1121 1047 1196 1079; x_wconf 82' lang='grc' dir='ltr'>καθ’</span> <span class='ocrx_word' id='word_1_50' title='bbox 1218 1047 1367 1085; x_wconf 78' lang='grc' dir='ltr'>ἑκοίστην</span> 
     </span>
     <span class='ocr_line' id='line_1_10' title="bbox 367 1091 1367 1138; baseline -0.001 -14"><span class='ocrx_word' id='word_1_51' title='bbox 367 1093 486 1131; x_wconf 76' lang='grc' dir='ltr'>οἰκεῖος</span> <span class='ocrx_word' id='word_1_52' title='bbox 510 1094 645 1138; x_wconf 80' lang='grc' dir='ltr'>γίνεται</span> <span class='ocrx_word' id='word_1_53' title='bbox 668 1091 904 1138; x_wconf 81' lang='grc' dir='ltr'>συλλογισμός.</span> <span class='ocrx_word' id='word_1_54' title='bbox 938 1093 1045 1128; x_wconf 82' lang='grc' dir='ltr'>Δῆλον</span> <span class='ocrx_word' id='word_1_55' title='bbox 1073 1091 1137 1136; x_wconf 82' lang='grc' dir='ltr'>ἄρα</span> <span class='ocrx_word' id='word_1_56' title='bbox 1163 1091 1217 1125; x_wconf 79' lang='grc' dir='ltr'>ὅτι</span> <span class='ocrx_word' id='word_1_57' title='bbox 1244 1092 1281 1124; x_wconf 84' lang='grc' dir='ltr'>οὗ</span> <span class='ocrx_word' id='word_1_58' title='bbox 1299 1093 1367 1125; x_wconf 76' lang='grc' dir='ltr'>πᾶν</span> 
     </span>
     <span class='ocr_line' id='line_1_11' title="bbox 368 1131 1368 1182; baseline -0.002 -13"><span class='ocrx_word' id='word_1_59' title='bbox 368 1137 527 1182; x_wconf 78' lang='grc' dir='ltr'>ἐρώτημα</span> <span class='ocrx_word' id='word_1_60' title='bbox 558 1136 784 1182; x_wconf 73' lang='grc' dir='ltr'>γεωμετρικὸν</span> <span class='ocrx_word' id='word_1_61' title='bbox 812 1135 850 1169; x_wconf 74' lang='grc' dir='ltr'>ἂν</span> <span class='ocrx_word' id='word_1_62' title='bbox 876 1139 926 1174; x_wconf 82' lang='grc' dir='ltr'>εἴη</span> <span class='ocrx_word' id='word_1_63' title='bbox 952 1131 1024 1168; x_wconf 74' lang='grc' dir='ltr'>οὐδ’</span> <span class='ocrx_word' id='word_1_64' title='bbox 1053 1136 1220 1179; x_wconf 77' lang='grc' dir='ltr'>ἰατρικόν,</span> <span class='ocrx_word' id='word_1_65' title='bbox 1248 1138 1368 1181; x_wconf 79' lang='grc' dir='ltr'>ὁμοίως</span> 
     </span>
     <span class='ocr_line' id='line_1_12' title="bbox 366 1177 811 1213; baseline -0.004 0"><span class='ocrx_word' id='word_1_66' title='bbox 366 1177 405 1213; x_wconf 77' lang='grc' dir='ltr'>δὲ</span> <span class='ocrx_word' id='word_1_67' title='bbox 427 1183 486 1212; x_wconf 84' lang='grc' dir='ltr'>καὶ</span> <span class='ocrx_word' id='word_1_68' title='bbox 511 1181 567 1213; x_wconf 73' lang='grc' dir='ltr'>ἐπὶ</span> <span class='ocrx_word' id='word_1_69' title='bbox 593 1182 660 1212; x_wconf 79' lang='grc' dir='ltr'>τῶν</span> <span class='ocrx_word' id='word_1_70' title='bbox 687 1181 811 1213; x_wconf 84' lang='grc' dir='ltr'>ἄλλων·</span> 
     </span>
    </p>
   </div>
   <div class='ocr_carea' id='block_1_6' title="bbox 301 1258 1370 1396">
    <p class='ocr_par' dir='ltr' id='par_1_6' title="bbox 301 1258 1370 1396">
     <span class='ocr_line' id='line_1_13' title="bbox 301 1258 1366 1307; baseline -0.003 -11"><span class='ocrx_word' id='word_1_71' title='bbox 301 1264 377 1298; x_wconf 81' lang='grc' dir='ltr'>ἀλλ’</span> <span class='ocrx_word' id='word_1_72' title='bbox 407 1262 443 1304; x_wconf 79' lang='grc' dir='ltr'>ἐξ</span> <span class='ocrx_word' id='word_1_73' title='bbox 468 1262 510 1295; x_wconf 82' lang='grc' dir='ltr'>ὧν</span> <span class='ocrx_word' id='word_1_74' title='bbox 536 1261 556 1300; x_wconf 79' lang='grc' dir='ltr'>ἦ</span> <span class='ocrx_word' id='word_1_75' title='bbox 581 1258 755 1294; x_wconf 83' lang='grc' dir='ltr'>δείκνυταί</span> <span class='ocrx_word' id='word_1_76' title='bbox 779 1274 814 1294; x_wconf 82' lang='grc' dir='ltr'>τι</span> <span class='ocrx_word' id='word_1_77' title='bbox 839 1264 912 1305; x_wconf 81' lang='grc' dir='ltr'>περὶ</span> <span class='ocrx_word' id='word_1_78' title='bbox 937 1262 980 1293; x_wconf 81' lang='grc' dir='ltr'>ὦν</span> <span class='ocrx_word' id='word_1_79' title='bbox 1006 1263 1027 1298; x_wconf 73' lang='grc' dir='ltr'>ἡ</span> <span class='ocrx_word' id='word_1_80' title='bbox 1052 1264 1243 1307; x_wconf 81' lang='grc' dir='ltr'>γεωμετρία</span> <span class='ocrx_word' id='word_1_81' title='bbox 1261 1262 1366 1301; x_wconf 81' lang='grc' dir='ltr'>ἐστίν,</span> 
     </span>
     <span class='ocr_line' id='line_1_14' title="bbox 366 1302 1370 1352; baseline 0 -13"><span class='ocrx_word' id='word_1_82' title='bbox 366 1306 388 1345; x_wconf 72' lang='grc' dir='ltr'>ἦ</span> <span class='ocrx_word' id='word_1_83' title='bbox 416 1308 454 1340; x_wconf 82' lang='grc' dir='ltr'>ἐκ</span> <span class='ocrx_word' id='word_1_84' title='bbox 479 1309 546 1339; x_wconf 83' lang='grc' dir='ltr'>τῶν</span> <span class='ocrx_word' id='word_1_85' title='bbox 564 1308 678 1339; x_wconf 79' lang='grc' dir='ltr'>αὐτῶν</span> <span class='ocrx_word' id='word_1_86' title='bbox 701 1302 875 1340; x_wconf 75' lang='grc' dir='ltr'>δείκνυται</span> <span class='ocrx_word' id='word_1_87' title='bbox 899 1308 945 1348; x_wconf 85' lang='grc' dir='ltr'>τῇ</span> <span class='ocrx_word' id='word_1_88' title='bbox 963 1308 1168 1352; x_wconf 78' lang='grc' dir='ltr'>γεωμετρίᾳ,</span> <span class='ocrx_word' id='word_1_89' title='bbox 1194 1305 1304 1351; x_wconf 77' lang='grc' dir='ltr'>ὥσπερ</span> <span class='ocrx_word' id='word_1_90' title='bbox 1322 1307 1370 1339; x_wconf 82' lang='grc' dir='ltr'>τοὶ</span> 
     </span>
     <span class='ocr_line' id='line_1_15' title="bbox 367 1347 1310 1396; baseline -0.005 -10"><span class='ocrx_word' id='word_1_91' title='bbox 367 1351 509 1388; x_wconf 76' lang='grc' dir='ltr'>ὄπτικοί.</span> <span class='ocrx_word' id='word_1_92' title='bbox 532 1353 673 1396; x_wconf 76' lang='grc' dir='ltr'>Ὁμοίως</span> <span class='ocrx_word' id='word_1_93' title='bbox 698 1347 736 1383; x_wconf 79' lang='grc' dir='ltr'>δὲ</span> <span class='ocrx_word' id='word_1_94' title='bbox 759 1354 816 1383; x_wconf 86' lang='grc' dir='ltr'>καὶ</span> <span class='ocrx_word' id='word_1_95' title='bbox 843 1352 897 1383; x_wconf 81' lang='grc' dir='ltr'>ἐπὶ</span> <span class='ocrx_word' id='word_1_96' title='bbox 924 1353 990 1383; x_wconf 85' lang='grc' dir='ltr'>τῶν</span> <span class='ocrx_word' id='word_1_97' title='bbox 1017 1351 1140 1383; x_wconf 80' lang='grc' dir='ltr'>ἄλλων.</span> <span class='ocrx_word' id='word_1_98' title='bbox 1306 1373 1310 1375; x_wconf 92' lang='grc'>-</span> 
     </span>
    </p>
   </div>
   <div class='ocr_carea' id='block_1_7' title="bbox 251 1394 1369 1449">
    <p class='ocr_par' dir='ltr' id='par_1_7' title="bbox 251 1394 1369 1449">
     <span class='ocr_line' id='line_1_16' title="bbox 251 1394 1369 1449; baseline -0.003 -20"><span class='ocrx_word' id='word_1_99' title='bbox 251 1415 258 1417; x_wconf 85' lang='grc'>-</span> <span class='ocrx_word' id='word_1_100' title='bbox 298 1399 366 1431; x_wconf 78' lang='grc' dir='ltr'>Καὶ</span> <span class='ocrx_word' id='word_1_101' title='bbox 391 1399 465 1441; x_wconf 83' lang='grc' dir='ltr'>περὶ</span> <span class='ocrx_word' id='word_1_102' title='bbox 490 1397 550 1440; x_wconf 81' lang='grc' dir='ltr'>μὲν</span> <span class='ocrx_word' id='word_1_103' title='bbox 576 1395 709 1429; x_wconf 78' lang='grc' dir='ltr'>τούτων</span> <span class='ocrx_word' id='word_1_104' title='bbox 733 1398 792 1427; x_wconf 79' lang='grc' dir='ltr'>καὶ</span> <span class='ocrx_word' id='word_1_105' title='bbox 814 1395 917 1441; x_wconf 84' lang='grc' dir='ltr'>λόγον</span> <span class='ocrx_word' id='word_1_106' title='bbox 945 1395 1106 1449; x_wconf 43' lang='grc' dir='ltr'>ὑφεΙκτεόν</span> <span class='ocrx_word' id='word_1_107' title='bbox 1132 1395 1169 1427; x_wconf 81' lang='grc' dir='ltr'>ἐκ</span> <span class='ocrx_word' id='word_1_108' title='bbox 1195 1394 1261 1427; x_wconf 80' lang='grc' dir='ltr'>τῶν</span> <span class='ocrx_word' id='word_1_109' title='bbox 1286 1407 1369 1438; x_wconf 85' lang='grc' dir='ltr'>γεω-</span> 
     </span>
    </p>
   </div>
   <div class='ocr_carea' id='block_1_8' title="bbox 57 2608 278 2717">
    <p class='ocr_par' dir='ltr' id='par_1_8' title="bbox 57 2608 278 2717">
     <span class='ocr_line' id='line_1_17' title="bbox 57 2608 278 2632; baseline -0.018 0"><span class='ocrx_word' id='word_1_110' title='bbox 57 2609 70 2623; x_wconf 72' lang='lat'>⁴</span> <span class='ocrx_word' id='word_1_111' title='bbox 77 2608 211 2632; x_wconf 54' lang='lat' dir='ltr'>Coddaeae:</span> <span class='ocrx_word' id='word_1_112' title='bbox 267 2620 278 2628; x_wconf 86' lang='lat'>.</span> 
     </span>
     <span class='ocr_line' id='line_1_18' title="bbox 59 2635 276 2688; baseline 0.014 -3"><span class='ocrx_word' id='word_1_113' title='bbox 59 2636 156 2685; x_wconf 44' lang='lat' dir='ltr'>&#39;tat</span> <span class='ocrx_word' id='word_1_114' title='bbox 164 2635 229 2688; x_wconf 61' lang='lat'>{22³3</span> <span class='ocrx_word' id='word_1_115' title='bbox 236 2651 276 2688; x_wconf 51' lang='grc' dir='ltr'>ω’)</span> 
     </span>
     <span class='ocr_line' id='line_1_19' title="bbox 60 2688 274 2717; baseline -0.005 -6"><span class='ocrx_word' id='word_1_116' title='bbox 60 2689 137 2711; x_wconf 77' lang='lat' dir='ltr'>omitt.</span> <span class='ocrx_word' id='word_1_117' title='bbox 143 2688 274 2717; x_wconf 67' lang='lat' dir='ltr'>principia.</span> 
     </span>
    </p>
   </div>
   <div class='ocr_carea' id='block_1_9' title="bbox 55 2766 274 2823">
    <p class='ocr_par' dir='ltr' id='par_1_9' title="bbox 55 2766 274 2823">
     <span class='ocr_line' id='line_1_20' title="bbox 59 2766 274 2795; baseline -0.009 -5"><span class='ocrx_word' id='word_1_118' title='bbox 59 2769 70 2779; x_wconf 84' lang='lat'>&#39;</span> <span class='ocrx_word' id='word_1_119' title='bbox 93 2773 122 2790; x_wconf 82' lang='lat' dir='ltr'>c:</span> <span class='ocrx_word' id='word_1_120' title='bbox 153 2766 274 2795; x_wconf 70' lang='lat' dir='ltr'>principia</span> 
     </span>
     <span class='ocr_line' id='line_1_21' title="bbox 55 2799 142 2823; baseline 0 -7"><span class='ocrx_word' id='word_1_121' title='bbox 55 2799 142 2823; x_wconf 75' lang='lat' dir='ltr'>propr.</span> 
     </span>
    </p>
   </div>
   <div class='ocr_carea' id='block_1_10' title="bbox 59 2924 274 2954">
    <p class='ocr_par' dir='ltr' id='par_1_10' title="bbox 59 2924 274 2954">
     <span class='ocr_line' id='line_1_22' title="bbox 59 2924 274 2954; baseline -0.009 -6"><span class='ocrx_word' id='word_1_122' title='bbox 59 2926 72 2938; x_wconf 67' lang='lat'>⁸</span> <span class='ocrx_word' id='word_1_123' title='bbox 85 2932 128 2948; x_wconf 77' lang='lat' dir='ltr'>no:</span> <span class='ocrx_word' id='word_1_124' title='bbox 158 2924 274 2954; x_wconf 72' lang='lat' dir='ltr'>quomodo</span> 
     </span>
    </p>
   </div>
   <div class='ocr_carea' id='block_1_11' title="bbox 1 2949 140 2975">
    <p class='ocr_par' dir='ltr' id='par_1_11' title="bbox 1 2949 140 2975">
     <span class='ocr_line' id='line_1_23' title="bbox 1 2949 140 2975; baseline 0 -1"><span class='ocrx_word' id='word_1_125' title='bbox 1 2949 5 2953; x_wconf 84' lang='grc'><strong>”</strong></span> <span class='ocrx_word' id='word_1_126' title='bbox 61 2952 140 2975; x_wconf 62' lang='lat' dir='ltr'>ettam.</span> 
     </span>
    </p>
   </div>
   <div class='ocr_carea' id='block_1_12' title="bbox 59 3030 214 3053">
    <p class='ocr_par' dir='ltr' id='par_1_12' title="bbox 59 3030 214 3053">
     <span class='ocr_line' id='line_1_24' title="bbox 59 3030 214 3053; baseline -0.006 0"><span class='ocrx_word' id='word_1_127' title='bbox 59 3031 70 3042; x_wconf 84' lang='lat'>&#39;</span> <span class='ocrx_word' id='word_1_128' title='bbox 78 3030 143 3053; x_wconf 75' lang='lat' dir='ltr'>Leet.</span> <span class='ocrx_word' id='word_1_129' title='bbox 157 3036 214 3052; x_wconf 78' lang='lat' dir='ltr'>xxii.</span> 
     </span>
    </p>
   </div>
   <div class='ocr_carea' id='block_1_13' title="bbox 297 1433 1368 1764">
    <p class='ocr_par' dir='ltr' id='par_1_13' title="bbox 366 1433 1368 1576">
     <span class='ocr_line' id='line_1_25' title="bbox 366 1433 1366 1487; baseline -0.002 -14"><span class='ocrx_word' id='word_1_130' title='bbox 366 1442 529 1487; x_wconf 80' lang='grc' dir='ltr'>μετρικῶν</span> <span class='ocrx_word' id='word_1_131' title='bbox 557 1441 666 1485; x_wconf 82' lang='grc' dir='ltr'>ἀρχῶν</span> <span class='ocrx_word' id='word_1_132' title='bbox 691 1441 750 1472; x_wconf 84' lang='grc' dir='ltr'>καὶ</span> <span class='ocrx_word' id='word_1_133' title='bbox 781 1452 1101 1484; x_wconf 86' lang='grc' dir='ltr'>συμπερασμοιτων,</span> <span class='ocrx_word' id='word_1_134' title='bbox 1137 1441 1212 1484; x_wconf 83' lang='grc' dir='ltr'>περὶ</span> <span class='ocrx_word' id='word_1_135' title='bbox 1236 1433 1273 1469; x_wconf 79' lang='grc' dir='ltr'>δὲ</span> <span class='ocrx_word' id='word_1_136' title='bbox 1299 1441 1366 1472; x_wconf 81' lang='grc' dir='ltr'>τῶν</span> 
     </span>
     <span class='ocr_line' id='line_1_26' title="bbox 369 1483 1368 1531; baseline -0.003 -12"><span class='ocrx_word' id='word_1_137' title='bbox 369 1486 477 1531; x_wconf 85' lang='grc' dir='ltr'>ἀρχῶν</span> <span class='ocrx_word' id='word_1_138' title='bbox 507 1484 610 1531; x_wconf 82' lang='grc' dir='ltr'>λόγον</span> <span class='ocrx_word' id='word_1_139' title='bbox 643 1485 707 1529; x_wconf 83' lang='grc' dir='ltr'>οὐχ</span> <span class='ocrx_word' id='word_1_140' title='bbox 732 1484 893 1529; x_wconf 79' lang='grc' dir='ltr'>ὑφεκτέον</span> <span class='ocrx_word' id='word_1_141' title='bbox 919 1487 967 1527; x_wconf 82' lang='grc' dir='ltr'>τῷ</span> <span class='ocrx_word' id='word_1_142' title='bbox 1016 1484 1168 1529; x_wconf 84' lang='grc' dir='ltr'>εωμέτρῃ</span> <span class='ocrx_word' id='word_1_143' title='bbox 1195 1483 1217 1526; x_wconf 78' lang='grc' dir='ltr'><em>ᾗ</em></span> <span class='ocrx_word' id='word_1_144' title='bbox 1241 1483 1368 1528; x_wconf 85' lang='grc' dir='ltr'>γεωμέ-</span> 
     </span>
     <span class='ocr_line' id='line_1_27' title="bbox 366 1529 1296 1576; baseline -0.002 -13"><span class='ocrx_word' id='word_1_145' title='bbox 366 1542 460 1576; x_wconf 84' lang='grc' dir='ltr'>τρης·</span> <span class='ocrx_word' id='word_1_146' title='bbox 487 1531 607 1573; x_wconf 77' lang='grc' dir='ltr'>ὁμοίως</span> <span class='ocrx_word' id='word_1_147' title='bbox 631 1530 669 1561; x_wconf 83' lang='grc' dir='ltr'>δὲ</span> <span class='ocrx_word' id='word_1_148' title='bbox 692 1531 751 1561; x_wconf 83' lang='grc' dir='ltr'>καὶ</span> <span class='ocrx_word' id='word_1_149' title='bbox 777 1530 834 1562; x_wconf 80' lang='grc' dir='ltr'>ἐπὶ</span> <span class='ocrx_word' id='word_1_150' title='bbox 859 1531 925 1563; x_wconf 82' lang='grc' dir='ltr'>τῶν</span> <span class='ocrx_word' id='word_1_151' title='bbox 953 1529 995 1562; x_wconf 83' lang='grc' dir='ltr'>ἄλ</span> <span class='ocrx_word' id='word_1_152' title='bbox 1019 1542 1063 1560; x_wconf 88' lang='grc' dir='ltr'>ων</span> <span class='ocrx_word' id='word_1_153' title='bbox 1089 1529 1296 1572; x_wconf 77' lang='grc' dir='ltr'>ἐπιστημῶν.</span> 
     </span>
    </p>

    <p class='ocr_par' dir='ltr' id='par_1_14' title="bbox 297 1573 1366 1762">
     <span class='ocr_line' id='line_1_28' title="bbox 297 1573 1365 1619; baseline -0.003 -11"><span class='ocrx_word' id='word_1_154' title='bbox 297 1575 385 1608; x_wconf 78' lang='grc' dir='ltr'>Οὔτε</span> <span class='ocrx_word' id='word_1_155' title='bbox 411 1575 480 1607; x_wconf 79' lang='grc' dir='ltr'>πᾶν</span> <span class='ocrx_word' id='word_1_156' title='bbox 499 1575 565 1618; x_wconf 84' lang='grc' dir='ltr'>ἄρα</span> <span class='ocrx_word' id='word_1_157' title='bbox 583 1573 729 1607; x_wconf 82' lang='grc' dir='ltr'>ἕκαστον</span> <span class='ocrx_word' id='word_1_158' title='bbox 743 1574 962 1619; x_wconf 76' lang='grc' dir='ltr'>ἐπιστήμονα</span> <span class='ocrx_word' id='word_1_159' title='bbox 980 1574 1143 1618; x_wconf 72' lang='grc' dir='ltr'>ἐρώτημα</span> <span class='ocrx_word' id='word_1_160' title='bbox 1161 1573 1365 1617; x_wconf 81' lang='grc' dir='ltr'>ἑρωτητέον,</span> 
     </span>
     <span class='ocr_line' id='line_1_29' title="bbox 366 1618 1364 1664; baseline -0.001 -12"><span class='ocrx_word' id='word_1_161' title='bbox 366 1619 436 1652; x_wconf 85' lang='grc' dir='ltr'>οὔθ’</span> <span class='ocrx_word' id='word_1_162' title='bbox 468 1618 560 1652; x_wconf 82' lang='grc' dir='ltr'>ἅπαν</span> <span class='ocrx_word' id='word_1_163' title='bbox 587 1618 628 1651; x_wconf 75' lang='grc' dir='ltr'>τὰ</span> <span class='ocrx_word' id='word_1_164' title='bbox 655 1618 868 1663; x_wconf 78' lang='grc' dir='ltr'>ἐρωτώμενον</span> <span class='ocrx_word' id='word_1_165' title='bbox 889 1618 1091 1664; x_wconf 80' lang='grc' dir='ltr'>ἀποκριτέον</span> <span class='ocrx_word' id='word_1_166' title='bbox 1110 1621 1183 1663; x_wconf 82' lang='grc' dir='ltr'>περὶ</span> <span class='ocrx_word' id='word_1_167' title='bbox 1203 1618 1364 1659; x_wconf 74' lang='grc' dir='ltr'>ἑκάστου,</span> 
     </span>
     <span class='ocr_line' id='line_1_30' title="bbox 369 1660 1366 1707; baseline -0.001 -11"><span class='ocrx_word' id='word_1_168' title='bbox 369 1664 461 1696; x_wconf 62' lang='lat' dir='ltr'>ome</span> <span class='ocrx_word' id='word_1_169' title='bbox 485 1664 532 1696; x_wconf 82' lang='grc' dir='ltr'>τοὶ</span> <span class='ocrx_word' id='word_1_170' title='bbox 554 1663 651 1696; x_wconf 69' lang='grc' dir='ltr'>κατὰ</span> <span class='ocrx_word' id='word_1_171' title='bbox 679 1663 743 1700; x_wconf 76' lang='grc' dir='ltr'>τήν</span> <span class='ocrx_word' id='word_1_172' title='bbox 777 1665 971 1707; x_wconf 69' lang='grc' dir='ltr'>ἐπιστήμην</span> <span class='ocrx_word' id='word_1_173' title='bbox 1003 1660 1229 1706; x_wconf 82' lang='grc' dir='ltr'>διορισθέντα.</span> <span class='ocrx_word' id='word_1_174' title='bbox 1267 1664 1304 1694; x_wconf 86' lang='lat' dir='ltr'>Ei.</span> <span class='ocrx_word' id='word_1_175' title='bbox 1328 1662 1366 1695; x_wconf 78' lang='grc' dir='ltr'>δὲ</span> 
     </span>
     <span class='ocr_line' id='line_1_31' title="bbox 365 1704 1366 1762; baseline -0.001 -22"><span class='ocrx_word' id='word_1_176' title='bbox 365 1704 564 1749; x_wconf 77' lang='grc' dir='ltr'>διαλέξεται</span> <span class='ocrx_word' id='word_1_177' title='bbox 588 1707 764 1754; x_wconf 83' lang='grc' dir='ltr'>γεωμέτρῃ</span> <span class='ocrx_word' id='word_1_178' title='bbox 791 1708 813 1751; x_wconf 76' lang='grc' dir='ltr'>ᾖ</span> <span class='ocrx_word' id='word_1_179' title='bbox 837 1708 1031 1754; x_wconf 83' lang='grc' dir='ltr'>γεωμέτρης</span> <span class='ocrx_word' id='word_1_180' title='bbox 1063 1707 1191 1749; x_wconf 79' lang='grc' dir='ltr'>οὕτως,</span> <span class='ocrx_word' id='word_1_181' title='bbox 1224 1708 1366 1762; x_wconf 43' lang='grc' dir='ltr'>φανερόιν</span> 
     </span>
    </p>

    <p class='ocr_par' dir='ltr' id='par_1_15' title="bbox 683 1753 888 1764">
     <span class='ocr_line' id='line_1_32' title="bbox 683 1753 888 1764; baseline -0.005 0"><span class='ocrx_word' id='word_1_182' title='bbox 683 1753 690 1764; x_wconf 68' lang='lat' dir='ltr'>D</span> <span class='ocrx_word' id='word_1_183' title='bbox 711 1753 718 1763; x_wconf 58' lang='grc' dir='ltr'>ἲ</span> <span class='ocrx_word' id='word_1_184' title='bbox 767 1753 775 1763; x_wconf 75' lang='grc' dir='ltr'>Ι</span> <span class='ocrx_word' id='word_1_185' title='bbox 880 1753 888 1763; x_wconf 93' lang='grc' dir='ltr'><strong><em>Ι</em></strong></span> 
     </span>
    </p>
   </div>
   <div class='ocr_carea' id='block_1_14' title="bbox 315 1747 1413 1806">
    <p class='ocr_par' dir='ltr' id='par_1_16' title="bbox 315 1747 1413 1806">
     <span class='ocr_line' id='line_1_33' title="bbox 315 1747 1413 1806; baseline -0.003 -20"><span class='ocrx_word' id='word_1_186' title='bbox 315 1753 318 1756; x_wconf 74' lang='grc'><strong><em>’</em></strong></span> <span class='ocrx_word' id='word_1_187' title='bbox 368 1752 423 1786; x_wconf 80' lang='grc' dir='ltr'>ὅτι</span> <span class='ocrx_word' id='word_1_188' title='bbox 446 1755 504 1784; x_wconf 79' lang='grc' dir='ltr'>καὶ</span> <span class='ocrx_word' id='word_1_189' title='bbox 528 1753 653 1794; x_wconf 82' lang='grc' dir='ltr'>καλῶς,</span> <span class='ocrx_word' id='word_1_190' title='bbox 680 1765 738 1786; x_wconf 88' lang='grc' dir='ltr'>εαν</span> <span class='ocrx_word' id='word_1_191' title='bbox 763 1765 800 1785; x_wconf 89' lang='grc' dir='ltr'>εκ</span> <span class='ocrx_word' id='word_1_192' title='bbox 825 1765 958 1786; x_wconf 83' lang='grc' dir='ltr'>τουτων</span> <span class='ocrx_word' id='word_1_193' title='bbox 977 1765 1010 1785; x_wconf 89' lang='grc' dir='ltr'>τι</span> <span class='ocrx_word' id='word_1_194' title='bbox 1035 1748 1184 1795; x_wconf 77' lang='grc' dir='ltr'>δεικνύῃ,</span> <span class='ocrx_word' id='word_1_195' title='bbox 1203 1753 1230 1784; x_wconf 80' lang='grc' dir='ltr'>εἰ</span> <span class='ocrx_word' id='word_1_196' title='bbox 1248 1747 1286 1806; x_wconf 69' lang='grc' dir='ltr'>δὲ</span> <span class='ocrx_word' id='word_1_197' title='bbox 1303 1764 1364 1794; x_wconf 78' lang='grc' dir='ltr'>μη,</span> <span class='ocrx_word' id='word_1_198' title='bbox 1410 1774 1413 1776; x_wconf 89' lang='grc'>-</span> 
     </span>
    </p>
   </div>
   <div class='ocr_carea' id='block_1_15' title="bbox 365 1794 1368 2022">
    <p class='ocr_par' dir='ltr' id='par_1_17' title="bbox 365 1794 1368 2022">
     <span class='ocr_line' id='line_1_34' title="bbox 368 1794 1365 1843; baseline -0.001 -14"><span class='ocrx_word' id='word_1_199' title='bbox 368 1798 406 1830; x_wconf 80' lang='grc' dir='ltr'>οὐ</span> <span class='ocrx_word' id='word_1_200' title='bbox 429 1798 556 1835; x_wconf 76' lang='grc' dir='ltr'>καλῶς.</span> <span class='ocrx_word' id='word_1_201' title='bbox 595 1798 703 1834; x_wconf 79' lang='grc' dir='ltr'>Δῆλον</span> <span class='ocrx_word' id='word_1_202' title='bbox 739 1797 767 1828; x_wconf 85' lang='grc' dir='ltr'>δ’</span> <span class='ocrx_word' id='word_1_203' title='bbox 799 1797 853 1830; x_wconf 78' lang='grc' dir='ltr'>ὅτι</span> <span class='ocrx_word' id='word_1_204' title='bbox 886 1794 957 1830; x_wconf 80' lang='grc' dir='ltr'>οὐδ’</span> <span class='ocrx_word' id='word_1_205' title='bbox 989 1798 1123 1843; x_wconf 80' lang='grc' dir='ltr'>ἐλέγχει</span> <span class='ocrx_word' id='word_1_206' title='bbox 1156 1809 1365 1842; x_wconf 82' lang='grc' dir='ltr'>γεωμετρην,</span> 
     </span>
     <span class='ocr_line' id='line_1_35' title="bbox 368 1841 1368 1886; baseline -0.001 -12"><span class='ocrx_word' id='word_1_207' title='bbox 368 1843 441 1876; x_wconf 84' lang='grc' dir='ltr'>ἀλλ’</span> <span class='ocrx_word' id='word_1_208' title='bbox 471 1841 493 1878; x_wconf 75' lang='grc' dir='ltr'>ἦ</span> <span class='ocrx_word' id='word_1_209' title='bbox 517 1841 614 1874; x_wconf 61' lang='lat' dir='ltr'>aare</span> <span class='ocrx_word' id='word_1_210' title='bbox 636 1842 860 1886; x_wconf 82' lang='grc' dir='ltr'>συμβεβηκός·</span> <span class='ocrx_word' id='word_1_211' title='bbox 886 1842 966 1874; x_wconf 75' lang='grc' dir='ltr'>ὥστ’</span> <span class='ocrx_word' id='word_1_212' title='bbox 999 1842 1058 1874; x_wconf 86' lang='grc' dir='ltr'>οὐκ</span> <span class='ocrx_word' id='word_1_213' title='bbox 1081 1841 1120 1874; x_wconf 81' lang='grc' dir='ltr'>ἆὶν</span> <span class='ocrx_word' id='word_1_214' title='bbox 1138 1845 1187 1879; x_wconf 73' lang='grc' dir='ltr'>εἴη</span> <span class='ocrx_word' id='word_1_215' title='bbox 1207 1842 1241 1874; x_wconf 77' lang='grc' dir='ltr'>ἐν</span> <span class='ocrx_word' id='word_1_216' title='bbox 1261 1841 1368 1886; x_wconf 80' lang='grc' dir='ltr'>ἀγεω-</span> 
     </span>
     <span class='ocr_line' id='line_1_36' title="bbox 366 1881 1367 1933; baseline -0.001 -14"><span class='ocrx_word' id='word_1_217' title='bbox 366 1886 550 1932; x_wconf 73' lang='grc' dir='ltr'>μετρῆτοις</span> <span class='ocrx_word' id='word_1_218' title='bbox 576 1888 650 1930; x_wconf 76' lang='grc' dir='ltr'>περὶ</span> <span class='ocrx_word' id='word_1_219' title='bbox 674 1889 883 1933; x_wconf 74' lang='grc' dir='ltr'>γεωμετρίας</span> <span class='ocrx_word' id='word_1_220' title='bbox 907 1881 1121 1919; x_wconf 81' lang='grc' dir='ltr'>διαλεκτέον·</span> <span class='ocrx_word' id='word_1_221' title='bbox 1142 1886 1241 1923; x_wconf 79' lang='grc' dir='ltr'>λήσει</span> <span class='ocrx_word' id='word_1_222' title='bbox 1266 1886 1331 1930; x_wconf 70' lang='grc' dir='ltr'>γὰρ</span> <span class='ocrx_word' id='word_1_223' title='bbox 1350 1887 1367 1918; x_wconf 83' lang='grc' dir='ltr'>ὁ</span> 
     </span>
     <span class='ocr_line' id='line_1_37' title="bbox 365 1926 1366 1984; baseline -0.003 -20"><span class='ocrx_word' id='word_1_224' title='bbox 365 1931 501 1976; x_wconf 82' lang='grc' dir='ltr'>φαύλως</span> <span class='ocrx_word' id='word_1_225' title='bbox 526 1926 777 1984; x_wconf 52' lang='grc' dir='ltr'>διαλεχόμενος.</span> <span class='ocrx_word' id='word_1_226' title='bbox 801 1932 941 1975; x_wconf 86' lang='grc' dir='ltr'>Ὁμοίως</span> <span class='ocrx_word' id='word_1_227' title='bbox 965 1926 1003 1963; x_wconf 84' lang='grc' dir='ltr'>δὲ</span> <span class='ocrx_word' id='word_1_228' title='bbox 1020 1933 1078 1963; x_wconf 88' lang='grc' dir='ltr'>καὶ</span> <span class='ocrx_word' id='word_1_229' title='bbox 1096 1931 1152 1963; x_wconf 81' lang='grc' dir='ltr'>ἐπὶ</span> <span class='ocrx_word' id='word_1_230' title='bbox 1171 1932 1236 1963; x_wconf 78' lang='grc' dir='ltr'>τῶν</span> <span class='ocrx_word' id='word_1_231' title='bbox 1256 1931 1366 1963; x_wconf 80' lang='grc' dir='ltr'>ἄλλων</span> 
     </span>
     <span class='ocr_line' id='line_1_38' title="bbox 366 1976 670 2022; baseline 0 -14"><span class='ocrx_word' id='word_1_232' title='bbox 366 1976 436 2022; x_wconf 81' lang='grc' dir='ltr'>ἔχει</span> <span class='ocrx_word' id='word_1_233' title='bbox 461 1976 670 2019; x_wconf 79' lang='grc' dir='ltr'>ἑπιστημων.</span> 
     </span>
    </p>
   </div>
   <div class='ocr_carea' id='block_1_16' title="bbox 299 2118 1370 2476">
    <p class='ocr_par' dir='ltr' id='par_1_18' title="bbox 299 2118 1370 2476">
     <span class='ocr_line' id='line_1_39' title="bbox 360 2118 1370 2155; baseline -0.002 -7"><span class='ocrx_word' id='word_1_234' title='bbox 360 2121 510 2148; x_wconf 68' lang='lat' dir='ltr'>swopsxs.</span> <span class='ocrx_word' id='word_1_235' title='bbox 523 2135 558 2139; x_wconf 91' lang='lat'>—</span> <span class='ocrx_word' id='word_1_236' title='bbox 575 2128 599 2146; x_wconf 92' lang='lat'>1.</span> <span class='ocrx_word' id='word_1_237' title='bbox 620 2119 833 2155; x_wconf 86' lang='lat' dir='ltr'>Argumentum</span> <span class='ocrx_word' id='word_1_238' title='bbox 847 2125 876 2146; x_wconf 87' lang='lat' dir='ltr'>et</span> <span class='ocrx_word' id='word_1_239' title='bbox 889 2118 992 2146; x_wconf 88' lang='lat' dir='ltr'>divisio</span> <span class='ocrx_word' id='word_1_240' title='bbox 1011 2125 1113 2147; x_wconf 84' lang='lat' dir='ltr'>textus.</span> <span class='ocrx_word' id='word_1_241' title='bbox 1124 2135 1143 2140; x_wconf 82' lang='lat'>-</span> <span class='ocrx_word' id='word_1_242' title='bbox 1153 2126 1179 2146; x_wconf 92' lang='lat'>2.</span> <span class='ocrx_word' id='word_1_243' title='bbox 1195 2119 1227 2146; x_wconf 90' lang='lat' dir='ltr'>In</span> <span class='ocrx_word' id='word_1_244' title='bbox 1242 2118 1370 2155; x_wconf 84' lang='lat' dir='ltr'>qualibet</span> 
     </span>
     <span class='ocr_line' id='line_1_40' title="bbox 299 2158 1368 2195; baseline -0.003 -6"><span class='ocrx_word' id='word_1_245' title='bbox 299 2160 418 2189; x_wconf 84' lang='lat' dir='ltr'>scientia</span> <span class='ocrx_word' id='word_1_246' title='bbox 437 2165 505 2188; x_wconf 86' lang='lat' dir='ltr'>sunt</span> <span class='ocrx_word' id='word_1_247' title='bbox 518 2158 758 2195; x_wconf 83' lang='lat' dir='ltr'>interrogationes</span> <span class='ocrx_word' id='word_1_248' title='bbox 779 2168 830 2186; x_wconf 93' lang='lat' dir='ltr'>seu</span> <span class='ocrx_word' id='word_1_249' title='bbox 847 2159 1031 2195; x_wconf 87' lang='lat' dir='ltr'>quaestiones</span> <span class='ocrx_word' id='word_1_250' title='bbox 1046 2158 1192 2195; x_wconf 89' lang='lat' dir='ltr'>propriae,</span> <span class='ocrx_word' id='word_1_251' title='bbox 1208 2158 1277 2195; x_wconf 90' lang='lat' dir='ltr'>quia</span> <span class='ocrx_word' id='word_1_252' title='bbox 1290 2158 1368 2186; x_wconf 91' lang='lat' dir='ltr'>idem</span> 
     </span>
     <span class='ocr_line' id='line_1_41' title="bbox 300 2198 1368 2235; baseline -0.003 -5"><span class='ocrx_word' id='word_1_253' title='bbox 300 2207 343 2230; x_wconf 84' lang='lat' dir='ltr'>est</span> <span class='ocrx_word' id='word_1_254' title='bbox 363 2200 523 2228; x_wconf 88' lang='lat' dir='ltr'>secundum</span> <span class='ocrx_word' id='word_1_255' title='bbox 544 2198 735 2227; x_wconf 87' lang='lat' dir='ltr'>substantiam</span> <span class='ocrx_word' id='word_1_256' title='bbox 756 2198 943 2235; x_wconf 85' lang='lat' dir='ltr'>interrogatio</span> <span class='ocrx_word' id='word_1_257' title='bbox 965 2198 1137 2235; x_wconf 89' lang='lat' dir='ltr'>syllogistica</span> <span class='ocrx_word' id='word_1_258' title='bbox 1156 2205 1184 2226; x_wconf 91' lang='lat' dir='ltr'>et</span> <span class='ocrx_word' id='word_1_259' title='bbox 1198 2198 1368 2235; x_wconf 87' lang='lat' dir='ltr'>propositio,</span> 
     </span>
     <span class='ocr_line' id='line_1_42' title="bbox 299 2238 1369 2276; baseline -0.002 -8"><span class='ocrx_word' id='word_1_260' title='bbox 299 2246 328 2268; x_wconf 89' lang='lat' dir='ltr'>et</span> <span class='ocrx_word' id='word_1_261' title='bbox 347 2239 378 2268; x_wconf 89' lang='lat' dir='ltr'>in</span> <span class='ocrx_word' id='word_1_262' title='bbox 399 2239 526 2276; x_wconf 91' lang='lat' dir='ltr'>qualibet</span> <span class='ocrx_word' id='word_1_263' title='bbox 547 2238 666 2267; x_wconf 90' lang='lat' dir='ltr'>scientia</span> <span class='ocrx_word' id='word_1_264' title='bbox 686 2244 753 2266; x_wconf 88' lang='lat' dir='ltr'>sunt</span> <span class='ocrx_word' id='word_1_265' title='bbox 774 2238 988 2274; x_wconf 86' lang='lat' dir='ltr'>propositiones</span> <span class='ocrx_word' id='word_1_266' title='bbox 1010 2238 1153 2275; x_wconf 89' lang='lat' dir='ltr'>propriae,</span> <span class='ocrx_word' id='word_1_267' title='bbox 1169 2247 1203 2266; x_wconf 91' lang='lat' dir='ltr'>ex</span> <span class='ocrx_word' id='word_1_268' title='bbox 1218 2238 1323 2274; x_wconf 89' lang='lat' dir='ltr'>quibus</span> <span class='ocrx_word' id='word_1_269' title='bbox 1338 2238 1369 2266; x_wconf 84' lang='lat' dir='ltr'>fit</span> 
     </span>
     <span class='ocr_line' id='line_1_43' title="bbox 300 2277 1369 2316; baseline -0.003 -8"><span class='ocrx_word' id='word_1_270' title='bbox 300 2279 491 2316; x_wconf 59' lang='lat' dir='ltr'>syllogismus</span> <span class='ocrx_word' id='word_1_271' title='bbox 508 2295 527 2300; x_wconf 91' lang='lat'><em>-</em></span> <span class='ocrx_word' id='word_1_272' title='bbox 543 2278 568 2306; x_wconf 85' lang='lat'>3.</span> <span class='ocrx_word' id='word_1_273' title='bbox 583 2279 720 2306; x_wconf 84' lang='lat' dir='ltr'>Attamen</span> <span class='ocrx_word' id='word_1_274' title='bbox 735 2278 765 2305; x_wconf 90' lang='lat' dir='ltr'>in</span> <span class='ocrx_word' id='word_1_275' title='bbox 780 2277 927 2306; x_wconf 90' lang='lat' dir='ltr'>dialectica</span> <span class='ocrx_word' id='word_1_276' title='bbox 942 2287 1002 2306; x_wconf 93' lang='lat' dir='ltr'>non</span> <span class='ocrx_word' id='word_1_277' title='bbox 1017 2278 1112 2306; x_wconf 90' lang='lat' dir='ltr'>solum</span> <span class='ocrx_word' id='word_1_278' title='bbox 1127 2277 1319 2315; x_wconf 84' lang='lat' dir='ltr'>interrogatur</span> <span class='ocrx_word' id='word_1_279' title='bbox 1332 2278 1369 2306; x_wconf 89' lang='lat' dir='ltr'>de</span> 
     </span>
     <span class='ocr_line' id='line_1_44' title="bbox 301 2317 1368 2354; baseline -0.003 -6"><span class='ocrx_word' id='word_1_280' title='bbox 301 2319 500 2354; x_wconf 89' lang='lat' dir='ltr'>conclusione,</span> <span class='ocrx_word' id='word_1_281' title='bbox 520 2319 571 2346; x_wconf 92' lang='lat' dir='ltr'>sed</span> <span class='ocrx_word' id='word_1_282' title='bbox 591 2318 677 2346; x_wconf 87' lang='lat' dir='ltr'>etiam</span> <span class='ocrx_word' id='word_1_283' title='bbox 693 2318 729 2345; x_wconf 91' lang='lat' dir='ltr'>de</span> <span class='ocrx_word' id='word_1_284' title='bbox 743 2317 923 2354; x_wconf 88' lang='lat' dir='ltr'>praemissis;</span> <span class='ocrx_word' id='word_1_285' title='bbox 944 2317 974 2345; x_wconf 93' lang='lat' dir='ltr'>in</span> <span class='ocrx_word' id='word_1_286' title='bbox 991 2317 1115 2346; x_wconf 89' lang='lat' dir='ltr'>scientiis</span> <span class='ocrx_word' id='word_1_287' title='bbox 1134 2324 1231 2345; x_wconf 89' lang='lat' dir='ltr'>autem</span> <span class='ocrx_word' id='word_1_288' title='bbox 1246 2318 1368 2345; x_wconf 90' lang='lat' dir='ltr'>demon-</span> 
     </span>
     <span class='ocr_line' id='line_1_45' title="bbox 300 2357 1369 2395; baseline -0.003 -8"><span class='ocrx_word' id='word_1_289' title='bbox 300 2358 422 2388; x_wconf 86' lang='lat' dir='ltr'>strativis</span> <span class='ocrx_word' id='word_1_290' title='bbox 436 2357 623 2395; x_wconf 84' lang='lat' dir='ltr'>interrogatio</span> <span class='ocrx_word' id='word_1_291' title='bbox 638 2367 688 2386; x_wconf 91' lang='lat' dir='ltr'>seu</span> <span class='ocrx_word' id='word_1_292' title='bbox 698 2357 829 2394; x_wconf 87' lang='lat' dir='ltr'>quaestio</span> <span class='ocrx_word' id='word_1_293' title='bbox 844 2367 904 2385; x_wconf 92' lang='lat' dir='ltr'>non</span> <span class='ocrx_word' id='word_1_294' title='bbox 919 2364 962 2385; x_wconf 90' lang='lat' dir='ltr'>est</span> <span class='ocrx_word' id='word_1_295' title='bbox 976 2358 1012 2385; x_wconf 90' lang='lat' dir='ltr'>de</span> <span class='ocrx_word' id='word_1_296' title='bbox 1026 2366 1125 2385; x_wconf 89' lang='lat' dir='ltr'>earum</span> <span class='ocrx_word' id='word_1_297' title='bbox 1140 2357 1286 2394; x_wconf 86' lang='lat' dir='ltr'>principiis</span> <span class='ocrx_word' id='word_1_298' title='bbox 1295 2379 1302 2392; x_wconf 92' lang='lat'>,</span> <span class='ocrx_word' id='word_1_299' title='bbox 1318 2358 1369 2385; x_wconf 91' lang='lat' dir='ltr'>sed</span> 
     </span>
     <span class='ocr_line' id='line_1_46' title="bbox 300 2396 1369 2434; baseline -0.003 -7"><span class='ocrx_word' id='word_1_300' title='bbox 300 2399 396 2428; x_wconf 83' lang='lat' dir='ltr'>solum</span> <span class='ocrx_word' id='word_1_301' title='bbox 406 2398 442 2426; x_wconf 91' lang='lat' dir='ltr'>de</span> <span class='ocrx_word' id='word_1_302' title='bbox 453 2397 757 2432; x_wconf 90' lang='lat' dir='ltr'>conclusionibus.-4.</span> <span class='ocrx_word' id='word_1_303' title='bbox 768 2397 957 2434; x_wconf 89' lang='lat' dir='ltr'>Interrogatio</span> <span class='ocrx_word' id='word_1_304' title='bbox 972 2403 1087 2433; x_wconf 87' lang='lat' dir='ltr'>sumpta</span> <span class='ocrx_word' id='word_1_305' title='bbox 1101 2403 1133 2424; x_wconf 92' lang='lat' dir='ltr'>ut</span> <span class='ocrx_word' id='word_1_306' title='bbox 1147 2396 1319 2433; x_wconf 81' lang='lat' dir='ltr'>propositio,</span> <span class='ocrx_word' id='word_1_307' title='bbox 1335 2406 1369 2424; x_wconf 90' lang='lat' dir='ltr'>ex</span> 
     </span>
     <span class='ocr_line' id='line_1_47' title="bbox 301 2436 1368 2476; baseline -0.002 -10"><span class='ocrx_word' id='word_1_308' title='bbox 301 2447 360 2476; x_wconf 86' lang='lat' dir='ltr'>qua</span> <span class='ocrx_word' id='word_1_309' title='bbox 374 2439 589 2466; x_wconf 85' lang='lat' dir='ltr'>demonstrator</span> <span class='ocrx_word' id='word_1_310' title='bbox 603 2437 742 2474; x_wconf 86' lang='lat' dir='ltr'>procedit,</span> <span class='ocrx_word' id='word_1_311' title='bbox 757 2443 826 2465; x_wconf 89' lang='lat' dir='ltr'>tunc</span> <span class='ocrx_word' id='word_1_312' title='bbox 841 2436 944 2465; x_wconf 91' lang='lat' dir='ltr'>dieitur</span> <span class='ocrx_word' id='word_1_313' title='bbox 957 2436 1074 2473; x_wconf 89' lang='lat' dir='ltr'>proprie</span> <span class='ocrx_word' id='word_1_314' title='bbox 1088 2436 1208 2465; x_wconf 90' lang='lat' dir='ltr'>alicuius</span> <span class='ocrx_word' id='word_1_315' title='bbox 1223 2436 1368 2471; x_wconf 86' lang='lat' dir='ltr'>scientiae,</span> 
     </span>
    </p>
   </div>
   <div class='ocr_carea' id='block_1_17' title="bbox 300 2537 1370 3170">
    <p class='ocr_par' dir='ltr' id='par_1_19' title="bbox 430 2537 1367 2640">
     <span class='ocr_line' id='line_1_48' title="bbox 568 2537 1366 2587; baseline 0 -13"><span class='ocrx_word' id='word_1_316' title='bbox 568 2545 744 2587; x_wconf 89' lang='lat' dir='ltr'>ostquam</span> <span class='ocrx_word' id='word_1_317' title='bbox 773 2537 1029 2586; x_wconf 92' lang='lat' dir='ltr'>Philosophus</span> <span class='ocrx_word' id='word_1_318' title='bbox 1067 2537 1231 2574; x_wconf 86' lang='lat' dir='ltr'>ostendit</span> <span class='ocrx_word' id='word_1_319' title='bbox 1272 2550 1366 2586; x_wconf 91' lang='lat' dir='ltr'>quo-</span> 
     </span>
     <span class='ocr_line' id='line_1_49' title="bbox 430 2590 1367 2640; baseline -0.003 -11"><span class='ocrx_word' id='word_1_320' title='bbox 430 2619 453 2640; x_wconf 22' lang='grc' dir='ltr'>ς</span> <span class='ocrx_word' id='word_1_321' title='bbox 534 2594 543 2605; x_wconf 66' lang='grc'><em>“</em></span> <span class='ocrx_word' id='word_1_322' title='bbox 567 2591 686 2628; x_wconf 89' lang='lat' dir='ltr'>modo</span> <span class='ocrx_word' id='word_1_323' title='bbox 705 2591 725 2612; x_wconf 83' lang='grc'>*</span> <span class='ocrx_word' id='word_1_324' title='bbox 758 2590 935 2627; x_wconf 87' lang='lat' dir='ltr'>scientiae</span> <span class='ocrx_word' id='word_1_325' title='bbox 971 2590 1292 2627; x_wconf 88' lang='lat' dir='ltr'>demonstrativae</span> <span class='ocrx_word' id='word_1_326' title='bbox 1326 2603 1367 2627; x_wconf 93' lang='lat' dir='ltr'>se</span> 
     </span>
    </p>

    <p class='ocr_par' dir='ltr' id='par_1_20' title="bbox 367 2638 1365 2693">
     <span class='ocr_line' id='line_1_50' title="bbox 367 2638 1365 2693; baseline 0 -13"><span class='ocrx_word' id='word_1_327' title='bbox 367 2670 395 2687; x_wconf 38' lang='lat'>,¹</span> <span class='ocrx_word' id='word_1_328' title='bbox 422 2638 479 2675; x_wconf 51' lang='lat' dir='ltr'>L*</span> <span class='ocrx_word' id='word_1_329' title='bbox 512 2644 733 2693; x_wconf 88' lang='lat' dir='ltr'>habeant</span> <span class='ocrx_word' id='word_1_330' title='bbox 762 2644 859 2680; x_wconf 90' lang='lat' dir='ltr'>circa</span> <span class='ocrx_word' id='word_1_331' title='bbox 885 2643 1104 2692; x_wconf 80' lang='lat' dir='ltr'>principia*</span> <span class='ocrx_word' id='word_1_332' title='bbox 1132 2643 1365 2690; x_wconf 90' lang='lat' dir='ltr'>communia,</span> 
     </span>
    </p>

    <p class='ocr_par' dir='ltr' id='par_1_21' title="bbox 300 2688 1370 3170">
     <span class='ocr_line' id='line_1_51' title="bbox 380 2697 1368 2746; baseline -0.004 -9"><span class='ocrx_word' id='word_1_333' title='bbox 380 2722 388 2726; x_wconf 93' lang='lat'><em>-</em></span> <span class='ocrx_word' id='word_1_334' title='bbox 509 2714 534 2726; x_wconf 59' lang='lat' dir='ltr'>a</span> <span class='ocrx_word' id='word_1_335' title='bbox 567 2697 628 2734; x_wconf 91' lang='lat' dir='ltr'>hic</span> <span class='ocrx_word' id='word_1_336' title='bbox 643 2697 806 2734; x_wconf 89' lang='lat' dir='ltr'>ostendit</span> <span class='ocrx_word' id='word_1_337' title='bbox 818 2697 1017 2746; x_wconf 89' lang='lat' dir='ltr'>quomodo</span> <span class='ocrx_word' id='word_1_338' title='bbox 1033 2709 1074 2733; x_wconf 93' lang='lat' dir='ltr'>se</span> <span class='ocrx_word' id='word_1_339' title='bbox 1089 2697 1255 2733; x_wconf 87' lang='lat' dir='ltr'>habeant</span> <span class='ocrx_word' id='word_1_340' title='bbox 1269 2697 1368 2733; x_wconf 92' lang='lat' dir='ltr'>circa</span> 
     </span>
     <span class='ocr_line' id='line_1_52' title="bbox 300 2749 1366 2800; baseline -0.002 -12"><span class='ocrx_word' id='word_1_341' title='bbox 300 2750 455 2800; x_wconf 90' lang='lat' dir='ltr'>propria</span> <span class='ocrx_word' id='word_1_342' title='bbox 474 2751 506 2788; x_wconf 72' lang='lat'>²⁸.</span> <span class='ocrx_word' id='word_1_343' title='bbox 536 2751 586 2787; x_wconf 92' lang='lat' dir='ltr'>Et</span> <span class='ocrx_word' id='word_1_344' title='bbox 614 2749 793 2787; x_wconf 89' lang='lat' dir='ltr'>dividitur</span> <span class='ocrx_word' id='word_1_345' title='bbox 811 2750 850 2787; x_wconf 90' lang='lat' dir='ltr'>in</span> <span class='ocrx_word' id='word_1_346' title='bbox 870 2750 964 2787; x_wconf 91' lang='lat' dir='ltr'>duas</span> <span class='ocrx_word' id='word_1_347' title='bbox 991 2756 1135 2798; x_wconf 90' lang='lat' dir='ltr'>partes:</span> <span class='ocrx_word' id='word_1_348' title='bbox 1165 2750 1203 2786; x_wconf 93' lang='lat' dir='ltr'>in</span> <span class='ocrx_word' id='word_1_349' title='bbox 1230 2750 1366 2798; x_wconf 88' lang='lat' dir='ltr'>prima,</span> 
     </span>
     <span class='ocr_line' id='line_1_53' title="bbox 302 2803 1368 2852; baseline -0.001 -12"><span class='ocrx_word' id='word_1_350' title='bbox 302 2803 466 2840; x_wconf 91' lang='lat' dir='ltr'>ostendit</span> <span class='ocrx_word' id='word_1_351' title='bbox 492 2803 598 2852; x_wconf 91' lang='lat' dir='ltr'>quod</span> <span class='ocrx_word' id='word_1_352' title='bbox 630 2803 668 2840; x_wconf 89' lang='lat' dir='ltr'>in</span> <span class='ocrx_word' id='word_1_353' title='bbox 697 2803 864 2852; x_wconf 88' lang='lat' dir='ltr'>qualibet</span> <span class='ocrx_word' id='word_1_354' title='bbox 895 2803 1049 2840; x_wconf 89' lang='lat' dir='ltr'>scientia</span> <span class='ocrx_word' id='word_1_355' title='bbox 1077 2810 1164 2839; x_wconf 92' lang='lat' dir='ltr'>sunt</span> <span class='ocrx_word' id='word_1_356' title='bbox 1189 2803 1368 2852; x_wconf 90' lang='lat' dir='ltr'>propriae</span> 
     </span>
     <span class='ocr_line' id='line_1_54' title="bbox 301 2856 1368 2905; baseline 0 -13"><span class='ocrx_word' id='word_1_357' title='bbox 301 2856 624 2904; x_wconf 86' lang='lat' dir='ltr'>interrogationes,</span> <span class='ocrx_word' id='word_1_358' title='bbox 646 2856 914 2905; x_wconf 91' lang='lat' dir='ltr'>responsiones</span> <span class='ocrx_word' id='word_1_359' title='bbox 945 2863 980 2893; x_wconf 88' lang='lat' dir='ltr'>et</span> <span class='ocrx_word' id='word_1_360' title='bbox 1013 2856 1300 2904; x_wconf 80' lang='lat' dir='ltr'>disputationes3</span> <span class='ocrx_word' id='word_1_361' title='bbox 1330 2856 1368 2892; x_wconf 91' lang='lat' dir='ltr'>in</span> 
     </span>
     <span class='ocr_line' id='line_1_55' title="bbox 301 2909 1368 2958; baseline -0.001 -12"><span class='ocrx_word' id='word_1_362' title='bbox 301 2909 489 2956; x_wconf 87' lang='lat' dir='ltr'>secunda,</span> <span class='ocrx_word' id='word_1_363' title='bbox 519 2909 683 2946; x_wconf 89' lang='lat' dir='ltr'>ostendit</span> <span class='ocrx_word' id='word_1_364' title='bbox 710 2909 910 2958; x_wconf 89' lang='lat' dir='ltr'>quomodo</span> <span class='ocrx_word' id='word_1_365' title='bbox 942 2910 962 2930; x_wconf 90' lang='lat'>*</span> <span class='ocrx_word' id='word_1_366' title='bbox 988 2909 1026 2945; x_wconf 91' lang='lat' dir='ltr'>in</span> <span class='ocrx_word' id='word_1_367' title='bbox 1055 2909 1222 2957; x_wconf 91' lang='lat' dir='ltr'>qualibet</span> <span class='ocrx_word' id='word_1_368' title='bbox 1249 2909 1368 2946; x_wconf 89' lang='lat' dir='ltr'>scien-</span> 
     </span>
     <span class='ocr_line' id='line_1_56' title="bbox 301 2961 1369 3011; baseline 0.001 -13"><span class='ocrx_word' id='word_1_369' title='bbox 301 2962 352 2998; x_wconf 90' lang='lat' dir='ltr'>tia</span> <span class='ocrx_word' id='word_1_370' title='bbox 377 2968 463 2998; x_wconf 92' lang='lat' dir='ltr'>sunt</span> <span class='ocrx_word' id='word_1_371' title='bbox 489 2961 664 3011; x_wconf 89' lang='lat' dir='ltr'>propriae</span> <span class='ocrx_word' id='word_1_372' title='bbox 694 2961 955 3010; x_wconf 83' lang='lat' dir='ltr'>deceptiones3</span> <span class='ocrx_word' id='word_1_373' title='bbox 985 2962 1052 2998; x_wconf 88' lang='lat' dir='ltr'>ibi:</span> <span class='ocrx_word' id='word_1_374' title='bbox 1087 2962 1274 3004; x_wconf 88' lang='lat' dir='ltr'>Quoniam</span> <span class='ocrx_word' id='word_1_375' title='bbox 1302 2974 1369 2999; x_wconf 88' lang='lat' dir='ltr'>au-</span> 
     </span>
     <span class='ocr_line' id='line_1_57' title="bbox 301 3014 1368 3064; baseline 0 -13"><span class='ocrx_word' id='word_1_376' title='bbox 301 3020 375 3051; x_wconf 86' lang='lat' dir='ltr'>tem</span> <span class='ocrx_word' id='word_1_377' title='bbox 402 3020 490 3051; x_wconf 85' lang='lat' dir='ltr'>sunt</span> <span class='ocrx_word' id='word_1_378' title='bbox 505 3015 757 3064; x_wconf 83' lang='lat' dir='ltr'>geometricae</span> <span class='ocrx_word' id='word_1_379' title='bbox 771 3015 792 3036; x_wconf 88' lang='lat'><strong>*</strong></span> <span class='ocrx_word' id='word_1_380' title='bbox 812 3023 880 3052; x_wconf 91' lang='lat' dir='ltr'>etc.</span> <span class='ocrx_word' id='word_1_381' title='bbox 903 3015 1013 3051; x_wconf 91' lang='lat' dir='ltr'>Circa</span> <span class='ocrx_word' id='word_1_382' title='bbox 1030 3014 1198 3062; x_wconf 90' lang='lat' dir='ltr'>primum</span> <span class='ocrx_word' id='word_1_383' title='bbox 1219 3015 1296 3052; x_wconf 94' lang='lat' dir='ltr'>duo</span> <span class='ocrx_word' id='word_1_384' title='bbox 1316 3015 1368 3051; x_wconf 86' lang='lat' dir='ltr'>fa—</span> 
     </span>
     <span class='ocr_line' id='line_1_58' title="bbox 303 3067 1370 3116; baseline 0 -12"><span class='ocrx_word' id='word_1_385' title='bbox 303 3067 367 3104; x_wconf 88' lang='lat' dir='ltr'>cit:</span> <span class='ocrx_word' id='word_1_386' title='bbox 387 3067 529 3116; x_wconf 80' lang='lat' dir='ltr'>prime,</span> <span class='ocrx_word' id='word_1_387' title='bbox 551 3067 714 3104; x_wconf 90' lang='lat' dir='ltr'>ostendit</span> <span class='ocrx_word' id='word_1_388' title='bbox 738 3068 842 3116; x_wconf 92' lang='lat' dir='ltr'>quod</span> <span class='ocrx_word' id='word_1_389' title='bbox 860 3068 899 3104; x_wconf 90' lang='lat' dir='ltr'>in</span> <span class='ocrx_word' id='word_1_390' title='bbox 919 3067 1085 3116; x_wconf 83' lang='lat' dir='ltr'>qualibet</span> <span class='ocrx_word' id='word_1_391' title='bbox 1105 3068 1259 3104; x_wconf 89' lang='lat' dir='ltr'>scientia</span> <span class='ocrx_word' id='word_1_392' title='bbox 1283 3075 1370 3104; x_wconf 92' lang='lat' dir='ltr'>sunt</span> 
     </span>
     <span class='ocr_line' id='line_1_59' title="bbox 301 3119 1369 3170; baseline 0.001 -14"><span class='ocrx_word' id='word_1_393' title='bbox 301 3119 478 3169; x_wconf 85' lang='lat' dir='ltr'>propriae</span> <span class='ocrx_word' id='word_1_394' title='bbox 497 3119 827 3168; x_wconf 81' lang='lat' dir='ltr'>interrogationes3</span> <span class='ocrx_word' id='word_1_395' title='bbox 848 3120 1029 3168; x_wconf 92' lang='lat' dir='ltr'>secundo,</span> <span class='ocrx_word' id='word_1_396' title='bbox 1050 3121 1244 3158; x_wconf 61' lang='lat' dir='ltr'>ostendit*</span> <span class='ocrx_word' id='word_1_397' title='bbox 1264 3121 1369 3170; x_wconf 92' lang='lat' dir='ltr'>quod</span> 
     </span>
    </p>
   </div>
   <div class='ocr_carea' id='block_1_18' title="bbox 351 2542 566 2747">
    <p class='ocr_par' dir='ltr' id='par_1_22' title="bbox 351 2542 566 2747">
     <span class='ocr_line' id='line_1_60' title="bbox 351 2542 566 2747; baseline 0 -128"><span class='ocrx_word' id='word_1_398' title='bbox 351 2542 566 2747; x_wconf 95' lang='lat' dir='ltr'>   </span> 
     </span>
    </p>
   </div>
   <div class='ocr_carea' id='block_1_19' title="bbox 296 3284 1371 3635">
    <p class='ocr_par' dir='ltr' id='par_1_23' title="bbox 301 3284 1370 3495">
     <span class='ocr_line' id='line_1_61' title="bbox 356 3284 1370 3319; baseline 0.001 -9"><span class='ocrx_word' id='word_1_399' title='bbox 356 3284 383 3319; x_wconf 87' lang='grc' dir='ltr'>α)</span> <span class='ocrx_word' id='word_1_400' title='bbox 404 3285 528 3311; x_wconf 86' lang='lat' dir='ltr'>Secundo</span> <span class='ocrx_word' id='word_1_401' title='bbox 547 3285 664 3311; x_wconf 77' lang='lat' dir='ltr'>ostendit</span> <span class='ocrx_word' id='word_1_402' title='bbox 684 3290 731 3310; x_wconf 89' lang='lat' dir='ltr'>etc.</span> <span class='ocrx_word' id='word_1_403' title='bbox 748 3299 768 3304; x_wconf 91' lang='lat'>—</span> <span class='ocrx_word' id='word_1_404' title='bbox 783 3286 854 3310; x_wconf 83' lang='lat' dir='ltr'>Haec</span> <span class='ocrx_word' id='word_1_405' title='bbox 875 3286 964 3317; x_wconf 81' lang='lat' dir='ltr'>lectio,</span> <span class='ocrx_word' id='word_1_406' title='bbox 984 3294 1051 3319; x_wconf 86' lang='lat' dir='ltr'>quae</span> <span class='ocrx_word' id='word_1_407' title='bbox 1074 3287 1211 3319; x_wconf 88' lang='lat' dir='ltr'>requiritur</span> <span class='ocrx_word' id='word_1_408' title='bbox 1232 3294 1263 3311; x_wconf 87' lang='lat' dir='ltr'>ex</span> <span class='ocrx_word' id='word_1_409' title='bbox 1286 3287 1370 3318; x_wconf 87' lang='lat' dir='ltr'>prima</span> 
     </span>
     <span class='ocr_line' id='line_1_62' title="bbox 302 3319 1369 3355; baseline 0.001 -10"><span class='ocrx_word' id='word_1_410' title='bbox 302 3326 375 3355; x_wconf 87' lang='lat' dir='ltr'>parte</span> <span class='ocrx_word' id='word_1_411' title='bbox 390 3321 534 3354; x_wconf 86' lang='lat' dir='ltr'>praemissa</span> <span class='ocrx_word' id='word_1_412' title='bbox 548 3319 651 3352; x_wconf 76' lang='lat' dir='ltr'>(pr-imo</span> <span class='ocrx_word' id='word_1_413' title='bbox 667 3320 802 3355; x_wconf 83' lang='lat' dir='ltr'>ostendit),</span> <span class='ocrx_word' id='word_1_414' title='bbox 822 3326 862 3345; x_wconf 91' lang='lat' dir='ltr'>est</span> <span class='ocrx_word' id='word_1_415' title='bbox 875 3321 950 3346; x_wconf 85' lang='lat' dir='ltr'>lectio</span> <span class='ocrx_word' id='word_1_416' title='bbox 963 3322 1080 3346; x_wconf 87' lang='lat' dir='ltr'>omnium</span> <span class='ocrx_word' id='word_1_417' title='bbox 1093 3322 1175 3346; x_wconf 87' lang='lat' dir='ltr'>ferme</span> <span class='ocrx_word' id='word_1_418' title='bbox 1190 3322 1274 3350; x_wconf 73' lang='lat' dir='ltr'>codd,</span> <span class='ocrx_word' id='word_1_419' title='bbox 1289 3329 1369 3353; x_wconf 89' lang='lat' dir='ltr'>quam</span> 
     </span>
     <span class='ocr_line' id='line_1_63' title="bbox 302 3356 1368 3389; baseline -0.002 -7"><span class='ocrx_word' id='word_1_420' title='bbox 302 3357 464 3389; x_wconf 81' lang='lat' dir='ltr'>adoptamus.</span> <span class='ocrx_word' id='word_1_421' title='bbox 477 3370 497 3374; x_wconf 90' lang='lat'><em>-</em></span> <span class='ocrx_word' id='word_1_422' title='bbox 510 3356 595 3381; x_wconf 84' lang='lat' dir='ltr'>PGH:</span> <span class='ocrx_word' id='word_1_423' title='bbox 615 3356 706 3388; x_wconf 81' lang='lat' dir='ltr'>primo</span> <span class='ocrx_word' id='word_1_424' title='bbox 730 3356 890 3385; x_wconf 71' lang='lat' dir='ltr'>ostendit-..5</span> <span class='ocrx_word' id='word_1_425' title='bbox 908 3357 935 3381; x_wconf 90' lang='lat' dir='ltr'>in</span> <span class='ocrx_word' id='word_1_426' title='bbox 954 3357 1077 3382; x_wconf 85' lang='lat' dir='ltr'>secunda.</span> <span class='ocrx_word' id='word_1_427' title='bbox 1094 3370 1112 3375; x_wconf 90' lang='lat'>·-</span> <span class='ocrx_word' id='word_1_428' title='bbox 1127 3357 1148 3380; x_wconf 90' lang='lat' dir='ltr'>L</span> <span class='ocrx_word' id='word_1_429' title='bbox 1167 3361 1227 3388; x_wconf 90' lang='lat' dir='ltr'>post</span> <span class='ocrx_word' id='word_1_430' title='bbox 1245 3356 1368 3385; x_wconf 83' lang='lat' dir='ltr'>secundo,</span> 
     </span>
     <span class='ocr_line' id='line_1_64' title="bbox 301 3391 1369 3424; baseline -0.001 -8"><span class='ocrx_word' id='word_1_431' title='bbox 301 3392 396 3416; x_wconf 83' lang='lat' dir='ltr'>omittit</span> <span class='ocrx_word' id='word_1_432' title='bbox 414 3399 474 3416; x_wconf 87' lang='lat' dir='ltr'>cum</span> <span class='ocrx_word' id='word_1_433' title='bbox 488 3391 521 3422; x_wconf 84' lang='lat' dir='ltr'>P,</span> <span class='ocrx_word' id='word_1_434' title='bbox 536 3391 660 3416; x_wconf 79' lang='lat' dir='ltr'>ostendit.</span> <span class='ocrx_word' id='word_1_435' title='bbox 669 3404 687 3410; x_wconf 82' lang='lat'>—-</span> <span class='ocrx_word' id='word_1_436' title='bbox 697 3391 761 3415; x_wconf 87' lang='lat' dir='ltr'>Cod.</span> <span class='ocrx_word' id='word_1_437' title='bbox 774 3391 800 3421; x_wconf 92' lang='lat' dir='ltr'><strong>Q</strong></span> <span class='ocrx_word' id='word_1_438' title='bbox 813 3391 890 3416; x_wconf 85' lang='lat' dir='ltr'>habet</span> <span class='ocrx_word' id='word_1_439' title='bbox 905 3391 1035 3416; x_wconf 78' lang='lat' dir='ltr'>lacunam:</span> <span class='ocrx_word' id='word_1_440' title='bbox 1050 3397 1110 3424; x_wconf 86' lang='lat' dir='ltr'>post</span> <span class='ocrx_word' id='word_1_441' title='bbox 1124 3392 1193 3415; x_wconf 90' lang='lat' dir='ltr'>enim</span> <span class='ocrx_word' id='word_1_442' title='bbox 1206 3391 1294 3422; x_wconf 82' lang='lat' dir='ltr'>verba,</span> <span class='ocrx_word' id='word_1_443' title='bbox 1304 3399 1369 3423; x_wconf 84' lang='lat' dir='ltr'>quo-</span> 
     </span>
     <span class='ocr_line' id='line_1_65' title="bbox 303 3426 1368 3459; baseline -0.002 -7"><span class='ocrx_word' id='word_1_444' title='bbox 303 3427 375 3452; x_wconf 81' lang='lat' dir='ltr'>niam</span> <span class='ocrx_word' id='word_1_445' title='bbox 388 3430 477 3452; x_wconf 83' lang='lat' dir='ltr'>autem</span> <span class='ocrx_word' id='word_1_446' title='bbox 492 3430 556 3452; x_wconf 83' lang='lat' dir='ltr'>sunt</span> <span class='ocrx_word' id='word_1_447' title='bbox 570 3426 761 3459; x_wconf 80' lang='lat' dir='ltr'>geometricae,</span> <span class='ocrx_word' id='word_1_448' title='bbox 781 3427 875 3451; x_wconf 88' lang='lat' dir='ltr'>omittit</span> <span class='ocrx_word' id='word_1_449' title='bbox 892 3427 987 3457; x_wconf 85' lang='lat' dir='ltr'>omnia,</span> <span class='ocrx_word' id='word_1_450' title='bbox 1001 3434 1069 3458; x_wconf 91' lang='lat' dir='ltr'>quae</span> <span class='ocrx_word' id='word_1_451' title='bbox 1087 3426 1234 3451; x_wconf 87' lang='lat' dir='ltr'>immediate</span> <span class='ocrx_word' id='word_1_452' title='bbox 1253 3434 1368 3458; x_wconf 88' lang='lat' dir='ltr'>sequun—</span> 
     </span>
     <span class='ocr_line' id='line_1_66' title="bbox 301 3461 819 3495; baseline -0.004 -8"><span class='ocrx_word' id='word_1_453' title='bbox 301 3467 344 3487; x_wconf 88' lang='lat' dir='ltr'>tur</span> <span class='ocrx_word' id='word_1_454' title='bbox 361 3470 447 3495; x_wconf 89' lang='lat' dir='ltr'>usque</span> <span class='ocrx_word' id='word_1_455' title='bbox 466 3462 497 3486; x_wconf 87' lang='lat' dir='ltr'>ad</span> <span class='ocrx_word' id='word_1_456' title='bbox 516 3461 595 3486; x_wconf 84' lang='lat' dir='ltr'>finem</span> <span class='ocrx_word' id='word_1_457' title='bbox 614 3461 690 3486; x_wconf 91' lang='lat' dir='ltr'>huius</span> <span class='ocrx_word' id='word_1_458' title='bbox 708 3462 819 3486; x_wconf 86' lang='lat' dir='ltr'>numeri.</span> 
     </span>
    </p>

    <p class='ocr_par' dir='ltr' id='par_1_24' title="bbox 296 3495 1371 3635">
     <span class='ocr_line' id='line_1_67' title="bbox 355 3495 1367 3530; baseline -0.002 -8"><span class='ocrx_word' id='word_1_459' title='bbox 355 3496 380 3530; x_wconf 84' lang='grc' dir='ltr'>β)</span> <span class='ocrx_word' id='word_1_460' title='bbox 401 3497 521 3522; x_wconf 74' lang='lat' dir='ltr'>Primum</span> <span class='ocrx_word' id='word_1_461' title='bbox 535 3497 573 3522; x_wconf 83' lang='lat' dir='ltr'>sic</span> <span class='ocrx_word' id='word_1_462' title='bbox 591 3496 714 3522; x_wconf 75' lang='lat' dir='ltr'>ostendit.</span> <span class='ocrx_word' id='word_1_463' title='bbox 726 3511 747 3515; x_wconf 90' lang='lat'><em>-</em></span> <span class='ocrx_word' id='word_1_464' title='bbox 760 3496 794 3521; x_wconf 84' lang='lat' dir='ltr'>P:</span> <span class='ocrx_word' id='word_1_465' title='bbox 814 3495 906 3521; x_wconf 57' lang='lat' dir='ltr'>himo</span> <span class='ocrx_word' id='word_1_466' title='bbox 919 3496 958 3521; x_wconf 82' lang='lat' dir='ltr'>sic</span> <span class='ocrx_word' id='word_1_467' title='bbox 971 3495 1087 3521; x_wconf 85' lang='lat' dir='ltr'>ostendit</span> <span class='ocrx_word' id='word_1_468' title='bbox 1092 3503 1101 3524; x_wconf 90' lang='lat'>;</span> <span class='ocrx_word' id='word_1_469' title='bbox 1120 3496 1194 3520; x_wconf 79' lang='lat' dir='ltr'>codd.</span> <span class='ocrx_word' id='word_1_470' title='bbox 1208 3495 1367 3520; x_wconf 85' lang='lat' dir='ltr'>ABDGNT:</span> 
     </span>
     <span class='ocr_line' id='line_1_68' title="bbox 302 3531 1368 3563; baseline -0.002 -6"><span class='ocrx_word' id='word_1_471' title='bbox 302 3533 422 3557; x_wconf 82' lang='lat' dir='ltr'>Primum</span> <span class='ocrx_word' id='word_1_472' title='bbox 437 3533 475 3557; x_wconf 89' lang='lat' dir='ltr'>sic</span> <span class='ocrx_word' id='word_1_473' title='bbox 489 3532 617 3561; x_wconf 79' lang='lat' dir='ltr'>ostendit;</span> <span class='ocrx_word' id='word_1_474' title='bbox 632 3531 792 3561; x_wconf 84' lang='lat' dir='ltr'>CEIKQRS:</span> <span class='ocrx_word' id='word_1_475' title='bbox 810 3532 888 3556; x_wconf 86' lang='lat' dir='ltr'>Circa</span> <span class='ocrx_word' id='word_1_476' title='bbox 900 3531 1021 3563; x_wconf 82' lang='lat' dir='ltr'>primum</span> <span class='ocrx_word' id='word_1_477' title='bbox 1035 3531 1072 3556; x_wconf 88' lang='lat' dir='ltr'>sic</span> <span class='ocrx_word' id='word_1_478' title='bbox 1084 3531 1199 3556; x_wconf 84' lang='lat' dir='ltr'>ostendit</span> <span class='ocrx_word' id='word_1_479' title='bbox 1203 3538 1213 3560; x_wconf 91' lang='lat'>,·</span> <span class='ocrx_word' id='word_1_480' title='bbox 1227 3531 1302 3555; x_wconf 86' lang='lat' dir='ltr'>lectio</span> <span class='ocrx_word' id='word_1_481' title='bbox 1316 3538 1368 3555; x_wconf 89' lang='lat' dir='ltr'>non</span> 
     </span>
     <span class='ocr_line' id='line_1_69' title="bbox 302 3566 1368 3601; baseline -0.003 -8"><span class='ocrx_word' id='word_1_482' title='bbox 302 3568 460 3601; x_wconf 78' lang='lat' dir='ltr'>adoptanda;</span> <span class='ocrx_word' id='word_1_483' title='bbox 480 3568 519 3592; x_wconf 79' lang='lat' dir='ltr'>H:</span> <span class='ocrx_word' id='word_1_484' title='bbox 538 3567 659 3592; x_wconf 84' lang='lat' dir='ltr'>Primum</span> <span class='ocrx_word' id='word_1_485' title='bbox 678 3570 767 3592; x_wconf 85' lang='lat' dir='ltr'>autem</span> <span class='ocrx_word' id='word_1_486' title='bbox 786 3566 824 3592; x_wconf 86' lang='lat' dir='ltr'>sic</span> <span class='ocrx_word' id='word_1_487' title='bbox 838 3566 975 3599; x_wconf 82' lang='lat' dir='ltr'>procedit;</span> <span class='ocrx_word' id='word_1_488' title='bbox 990 3567 1064 3591; x_wconf 84' lang='lat' dir='ltr'>lectio</span> <span class='ocrx_word' id='word_1_489' title='bbox 1077 3574 1129 3591; x_wconf 91' lang='lat' dir='ltr'>non</span> <span class='ocrx_word' id='word_1_490' title='bbox 1141 3566 1222 3596; x_wconf 80' lang='lat' dir='ltr'>bona3</span> <span class='ocrx_word' id='word_1_491' title='bbox 1238 3566 1271 3590; x_wconf 90' lang='lat' dir='ltr'>L:</span> <span class='ocrx_word' id='word_1_492' title='bbox 1290 3566 1368 3591; x_wconf 83' lang='lat' dir='ltr'>Circa</span> 
     </span>
     <span class='ocr_line' id='line_1_70' title="bbox 296 3601 1371 3635; baseline -0.002 -7"><span class='ocrx_word' id='word_1_493' title='bbox 296 3603 418 3635; x_wconf 82' lang='lat' dir='ltr'>primum</span> <span class='ocrx_word' id='word_1_494' title='bbox 441 3603 479 3628; x_wconf 84' lang='lat' dir='ltr'>sic</span> <span class='ocrx_word' id='word_1_495' title='bbox 508 3602 590 3632; x_wconf 66' lang='lat' dir='ltr'>diest,-</span> <span class='ocrx_word' id='word_1_496' title='bbox 613 3603 656 3627; x_wconf 84' lang='lat' dir='ltr'>M:</span> <span class='ocrx_word' id='word_1_497' title='bbox 683 3602 762 3628; x_wconf 85' lang='lat' dir='ltr'>Circa</span> <span class='ocrx_word' id='word_1_498' title='bbox 780 3602 901 3635; x_wconf 79' lang='lat' dir='ltr'>primum</span> <span class='ocrx_word' id='word_1_499' title='bbox 922 3601 961 3627; x_wconf 80' lang='lat' dir='ltr'>sic</span> <span class='ocrx_word' id='word_1_500' title='bbox 981 3601 1106 3634; x_wconf 80' lang='lat' dir='ltr'>procedit</span> <span class='ocrx_word' id='word_1_501' title='bbox 1133 3601 1272 3627; x_wconf 83' lang='lat' dir='ltr'>ostendens</span> <span class='ocrx_word' id='word_1_502' title='bbox 1298 3601 1371 3634; x_wconf 80' lang='lat' dir='ltr'>quod</span> 
     </span>
    </p>
   </div>
   <div class='ocr_carea' id='block_1_20' title="bbox 1421 917 2490 2052">
    <p class='ocr_par' dir='ltr' id='par_1_25' title="bbox 1424 917 2489 1264">
     <span class='ocr_line' id='line_1_71' title="bbox 1424 917 2488 962; baseline 0.004 -14"><span class='ocrx_word' id='word_1_503' title='bbox 1424 917 1484 949; x_wconf 87' lang='lat' dir='ltr'>*Si</span> <span class='ocrx_word' id='word_1_504' title='bbox 1508 924 1616 948; x_wconf 90' lang='lat' dir='ltr'>autern</span> <span class='ocrx_word' id='word_1_505' title='bbox 1639 918 1724 948; x_wconf 90' lang='lat' dir='ltr'>idem</span> <span class='ocrx_word' id='word_1_506' title='bbox 1747 925 1794 949; x_wconf 87' lang='lat' dir='ltr'>est</span> <span class='ocrx_word' id='word_1_507' title='bbox 1815 919 2019 958; x_wconf 85' lang='lat' dir='ltr'>interrogatio</span> <span class='ocrx_word' id='word_1_508' title='bbox 2049 920 2238 960; x_wconf 88' lang='lat' dir='ltr'>syllogistica</span> <span class='ocrx_word' id='word_1_509' title='bbox 2263 927 2294 951; x_wconf 92' lang='lat' dir='ltr'>et</span> <span class='ocrx_word' id='word_1_510' title='bbox 2311 922 2488 962; x_wconf 91' lang='lat' dir='ltr'>propositio</span> 
     </span>
     <span class='ocr_line' id='line_1_72' title="bbox 1492 961 2489 1002; baseline 0.005 -11"><span class='ocrx_word' id='word_1_511' title='bbox 1492 961 1768 1000; x_wconf 77' lang='lat' dir='ltr'>contradictionis,</span> <span class='ocrx_word' id='word_1_512' title='bbox 1801 963 2034 1002; x_wconf 87' lang='lat' dir='ltr'>propositiones</span> <span class='ocrx_word' id='word_1_513' title='bbox 2068 971 2174 994; x_wconf 90' lang='lat' dir='ltr'>autem</span> <span class='ocrx_word' id='word_1_514' title='bbox 2206 971 2280 995; x_wconf 91' lang='lat' dir='ltr'>sunt</span> <span class='ocrx_word' id='word_1_515' title='bbox 2313 966 2489 996; x_wconf 89' lang='lat' dir='ltr'>secundum</span> 
     </span>
     <span class='ocr_line' id='line_1_73' title="bbox 1490 1006 2489 1050; baseline 0.006 -15"><span class='ocrx_word' id='word_1_516' title='bbox 1490 1016 1751 1046; x_wconf 84' lang='lat' dir='ltr'>unamquamque</span> <span class='ocrx_word' id='word_1_517' title='bbox 1771 1006 1950 1044; x_wconf 66' lang='lat' dir='ltr'>scientiam,</span> <span class='ocrx_word' id='word_1_518' title='bbox 1962 1017 1998 1037; x_wconf 84' lang='lat' dir='ltr'>ex</span> <span class='ocrx_word' id='word_1_519' title='bbox 2015 1007 2130 1047; x_wconf 91' lang='lat' dir='ltr'>quibus</span> <span class='ocrx_word' id='word_1_520' title='bbox 2147 1015 2192 1039; x_wconf 91' lang='lat' dir='ltr'>est</span> <span class='ocrx_word' id='word_1_521' title='bbox 2208 1009 2426 1050; x_wconf 86' lang='lat' dir='ltr'>syllogismus,</span> <span class='ocrx_word' id='word_1_522' title='bbox 2443 1021 2489 1041; x_wconf 92' lang='lat' dir='ltr'>se-</span> 
     </span>
     <span class='ocr_line' id='line_1_74' title="bbox 1491 1050 2489 1094; baseline 0.006 -15"><span class='ocrx_word' id='word_1_523' title='bbox 1491 1050 1633 1079; x_wconf 88' lang='lat' dir='ltr'>cundum</span> <span class='ocrx_word' id='word_1_524' title='bbox 1664 1059 1926 1091; x_wconf 85' lang='lat' dir='ltr'>unamquamque</span> <span class='ocrx_word' id='word_1_525' title='bbox 1960 1058 2051 1081; x_wconf 89' lang='lat' dir='ltr'>erunt</span> <span class='ocrx_word' id='word_1_526' title='bbox 2085 1052 2194 1092; x_wconf 88' lang='lat' dir='ltr'>utique</span> <span class='ocrx_word' id='word_1_527' title='bbox 2227 1053 2489 1094; x_wconf 84' lang='lat' dir='ltr'>interrogationes</span> 
     </span>
     <span class='ocr_line' id='line_1_75' title="bbox 1491 1093 2489 1139; baseline 0.007 -17"><span class='ocrx_word' id='word_1_528' title='bbox 1491 1093 1676 1131; x_wconf 81' lang='lat' dir='ltr'>scientiales,</span> <span class='ocrx_word' id='word_1_529' title='bbox 1693 1103 1730 1123; x_wconf 83' lang='lat' dir='ltr'>ex</span> <span class='ocrx_word' id='word_1_530' title='bbox 1744 1093 1860 1133; x_wconf 89' lang='lat' dir='ltr'>quibus</span> <span class='ocrx_word' id='word_1_531' title='bbox 1876 1094 2007 1134; x_wconf 89' lang='lat' dir='ltr'>quidem</span> <span class='ocrx_word' id='word_1_532' title='bbox 2030 1097 2206 1126; x_wconf 88' lang='lat' dir='ltr'>secundum</span> <span class='ocrx_word' id='word_1_533' title='bbox 2229 1107 2489 1139; x_wconf 82' lang='lat' dir='ltr'>unamquamque</span> 
     </span>
     <span class='ocr_line' id='line_1_76' title="bbox 1491 1137 2489 1183; baseline 0.007 -17"><span class='ocrx_word' id='word_1_534' title='bbox 1491 1137 1654 1167; x_wconf 90' lang='lat' dir='ltr'>scientiam</span> <span class='ocrx_word' id='word_1_535' title='bbox 1683 1137 1830 1176; x_wconf 90' lang='lat' dir='ltr'>proprius</span> <span class='ocrx_word' id='word_1_536' title='bbox 1854 1137 1889 1168; x_wconf 91' lang='lat' dir='ltr'>fit</span> <span class='ocrx_word' id='word_1_537' title='bbox 1912 1138 2125 1178; x_wconf 82' lang='lat' dir='ltr'>syllogismus,</span> <span class='ocrx_word' id='word_1_538' title='bbox 2152 1140 2356 1171; x_wconf 88' lang='lat' dir='ltr'>Manifestum</span> <span class='ocrx_word' id='word_1_539' title='bbox 2383 1143 2489 1183; x_wconf 87' lang='lat' dir='ltr'>itaque</span> 
     </span>
     <span class='ocr_line' id='line_1_77' title="bbox 1490 1180 2489 1225; baseline 0.008 -16"><span class='ocrx_word' id='word_1_540' title='bbox 1490 1180 1579 1221; x_wconf 92' lang='lat' dir='ltr'>quod</span> <span class='ocrx_word' id='word_1_541' title='bbox 1598 1190 1664 1210; x_wconf 92' lang='lat' dir='ltr'>non</span> <span class='ocrx_word' id='word_1_542' title='bbox 1683 1181 1789 1210; x_wconf 86' lang='lat' dir='ltr'>omnis</span> <span class='ocrx_word' id='word_1_543' title='bbox 1807 1181 2011 1221; x_wconf 89' lang='lat' dir='ltr'>interrogatio</span> <span class='ocrx_word' id='word_1_544' title='bbox 2030 1184 2220 1222; x_wconf 87' lang='lat' dir='ltr'>geometrica</span> <span class='ocrx_word' id='word_1_545' title='bbox 2236 1185 2345 1225; x_wconf 90' lang='lat' dir='ltr'>utique</span> <span class='ocrx_word' id='word_1_546' title='bbox 2361 1186 2418 1217; x_wconf 91' lang='lat' dir='ltr'>erit</span> <span class='ocrx_word' id='word_1_547' title='bbox 2436 1197 2489 1217; x_wconf 91' lang='lat' dir='ltr'>ne-</span> 
     </span>
     <span class='ocr_line' id='line_1_78' title="bbox 1491 1224 2367 1264; baseline 0.007 -11"><span class='ocrx_word' id='word_1_548' title='bbox 1491 1234 1554 1264; x_wconf 91' lang='lat' dir='ltr'>que</span> <span class='ocrx_word' id='word_1_549' title='bbox 1577 1224 1787 1262; x_wconf 86' lang='lat' dir='ltr'>medicinalis;</span> <span class='ocrx_word' id='word_1_550' title='bbox 1812 1225 1954 1256; x_wconf 90' lang='lat' dir='ltr'>similiter</span> <span class='ocrx_word' id='word_1_551' title='bbox 1977 1233 2084 1256; x_wconf 89' lang='lat' dir='ltr'>autem</span> <span class='ocrx_word' id='word_1_552' title='bbox 2107 1234 2153 1257; x_wconf 92' lang='lat' dir='ltr'>est</span> <span class='ocrx_word' id='word_1_553' title='bbox 2176 1234 2206 1258; x_wconf 87' lang='lat' dir='ltr'>et</span> <span class='ocrx_word' id='word_1_554' title='bbox 2229 1228 2262 1258; x_wconf 91' lang='lat' dir='ltr'>in</span> <span class='ocrx_word' id='word_1_555' title='bbox 2285 1229 2367 1260; x_wconf 86' lang='lat' dir='ltr'>aliis:</span> 
     </span>
    </p>

    <p class='ocr_par' dir='ltr' id='par_1_26' title="bbox 1424 1268 2488 1396">
     <span class='ocr_line' id='line_1_79' title="bbox 1424 1268 2487 1313; baseline 0.007 -16"><span class='ocrx_word' id='word_1_556' title='bbox 1424 1268 1479 1298; x_wconf 91' lang='lat' dir='ltr'>sed</span> <span class='ocrx_word' id='word_1_557' title='bbox 1503 1278 1539 1298; x_wconf 87' lang='lat' dir='ltr'>ex</span> <span class='ocrx_word' id='word_1_558' title='bbox 1563 1268 1679 1308; x_wconf 90' lang='lat' dir='ltr'>quibus</span> <span class='ocrx_word' id='word_1_559' title='bbox 1699 1274 1754 1299; x_wconf 86' lang='lat' dir='ltr'>aut</span> <span class='ocrx_word' id='word_1_560' title='bbox 1770 1269 2004 1300; x_wconf 89' lang='lat' dir='ltr'>demonstratur</span> <span class='ocrx_word' id='word_1_561' title='bbox 2027 1271 2146 1311; x_wconf 90' lang='lat' dir='ltr'>aliquid</span> <span class='ocrx_word' id='word_1_562' title='bbox 2174 1282 2297 1310; x_wconf 89' lang='lat' dir='ltr'>eorum,</span> <span class='ocrx_word' id='word_1_563' title='bbox 2314 1273 2352 1302; x_wconf 87' lang='lat' dir='ltr'>de</span> <span class='ocrx_word' id='word_1_564' title='bbox 2371 1274 2487 1313; x_wconf 93' lang='lat' dir='ltr'>quibus</span> 
     </span>
     <span class='ocr_line' id='line_1_80' title="bbox 1490 1312 2488 1357; baseline 0.008 -16"><span class='ocrx_word' id='word_1_565' title='bbox 1490 1312 1662 1351; x_wconf 84' lang='lat' dir='ltr'>geometria</span> <span class='ocrx_word' id='word_1_566' title='bbox 1685 1319 1746 1350; x_wconf 83' lang='lat' dir='ltr'>est,</span> <span class='ocrx_word' id='word_1_567' title='bbox 1769 1319 1823 1343; x_wconf 88' lang='lat' dir='ltr'>aut</span> <span class='ocrx_word' id='word_1_568' title='bbox 1839 1323 1876 1343; x_wconf 81' lang='lat' dir='ltr'>ex</span> <span class='ocrx_word' id='word_1_569' title='bbox 1899 1314 2018 1344; x_wconf 92' lang='lat' dir='ltr'>eisdem</span> <span class='ocrx_word' id='word_1_570' title='bbox 2034 1315 2268 1346; x_wconf 88' lang='lat' dir='ltr'>demonstratur</span> <span class='ocrx_word' id='word_1_571' title='bbox 2289 1318 2488 1357; x_wconf 85' lang='lat' dir='ltr'>geometrice,</span> 
     </span>
     <span class='ocr_line' id='line_1_81' title="bbox 1490 1356 2355 1396; baseline 0.005 -10"><span class='ocrx_word' id='word_1_572' title='bbox 1490 1357 1571 1387; x_wconf 91' lang='lat' dir='ltr'>sicut</span> <span class='ocrx_word' id='word_1_573' title='bbox 1593 1356 1626 1386; x_wconf 92' lang='lat' dir='ltr'>in</span> <span class='ocrx_word' id='word_1_574' title='bbox 1650 1357 1849 1396; x_wconf 86' lang='lat' dir='ltr'>speculativa.</span> <span class='ocrx_word' id='word_1_575' title='bbox 1868 1357 2016 1388; x_wconf 89' lang='lat' dir='ltr'>Similiter</span> <span class='ocrx_word' id='word_1_576' title='bbox 2038 1366 2145 1389; x_wconf 87' lang='lat' dir='ltr'>autem</span> <span class='ocrx_word' id='word_1_577' title='bbox 2169 1366 2199 1389; x_wconf 90' lang='lat' dir='ltr'>et</span> <span class='ocrx_word' id='word_1_578' title='bbox 2221 1360 2253 1389; x_wconf 91' lang='lat' dir='ltr'>in</span> <span class='ocrx_word' id='word_1_579' title='bbox 2278 1360 2355 1392; x_wconf 85' lang='lat' dir='ltr'>aliis.</span> 
     </span>
    </p>

    <p class='ocr_par' dir='ltr' id='par_1_27' title="bbox 1422 1401 2490 1573">
     <span class='ocr_line' id='line_1_82' title="bbox 1422 1401 2489 1445; baseline 0.007 -15"><span class='ocrx_word' id='word_1_580' title='bbox 1422 1401 1463 1431; x_wconf 91' lang='lat' dir='ltr'>Et</span> <span class='ocrx_word' id='word_1_581' title='bbox 1487 1401 1525 1431; x_wconf 90' lang='lat' dir='ltr'>de</span> <span class='ocrx_word' id='word_1_582' title='bbox 1548 1401 1597 1443; x_wconf 81' lang='lat' dir='ltr'>his</span> <span class='ocrx_word' id='word_1_583' title='bbox 1621 1401 1752 1441; x_wconf 90' lang='lat' dir='ltr'>quidem</span> <span class='ocrx_word' id='word_1_584' title='bbox 1775 1401 1930 1432; x_wconf 89' lang='lat' dir='ltr'>rationem</span> <span class='ocrx_word' id='word_1_585' title='bbox 1954 1403 2136 1442; x_wconf 86' lang='lat' dir='ltr'>ponendam</span> <span class='ocrx_word' id='word_1_586' title='bbox 2164 1413 2230 1434; x_wconf 87' lang='lat' dir='ltr'>esse</span> <span class='ocrx_word' id='word_1_587' title='bbox 2258 1414 2296 1434; x_wconf 83' lang='lat' dir='ltr'>ex</span> <span class='ocrx_word' id='word_1_588' title='bbox 2322 1407 2489 1445; x_wconf 89' lang='lat' dir='ltr'>geometri-</span> 
     </span>
     <span class='ocr_line' id='line_1_83' title="bbox 1491 1445 2490 1488; baseline 0.007 -14"><span class='ocrx_word' id='word_1_589' title='bbox 1491 1445 1533 1475; x_wconf 89' lang='lat' dir='ltr'>cis</span> <span class='ocrx_word' id='word_1_590' title='bbox 1556 1445 1717 1485; x_wconf 89' lang='lat' dir='ltr'>principiis</span> <span class='ocrx_word' id='word_1_591' title='bbox 1741 1452 1771 1476; x_wconf 92' lang='lat' dir='ltr'>et</span> <span class='ocrx_word' id='word_1_592' title='bbox 1804 1446 2077 1477; x_wconf 89' lang='lat' dir='ltr'>conclusionibus:</span> <span class='ocrx_word' id='word_1_593' title='bbox 2098 1447 2153 1477; x_wconf 90' lang='lat' dir='ltr'>sed</span> <span class='ocrx_word' id='word_1_594' title='bbox 2185 1448 2415 1488; x_wconf 87' lang='lat' dir='ltr'>principiorum</span> <span class='ocrx_word' id='word_1_595' title='bbox 2443 1461 2490 1481; x_wconf 89' lang='lat' dir='ltr'>ra-</span> 
     </span>
     <span class='ocr_line' id='line_1_84' title="bbox 1490 1489 2490 1535; baseline 0.006 -16"><span class='ocrx_word' id='word_1_596' title='bbox 1490 1489 1611 1520; x_wconf 91' lang='lat' dir='ltr'>tionem</span> <span class='ocrx_word' id='word_1_597' title='bbox 1628 1499 1693 1519; x_wconf 92' lang='lat' dir='ltr'>non</span> <span class='ocrx_word' id='word_1_598' title='bbox 1710 1490 1892 1530; x_wconf 85' lang='lat' dir='ltr'>ponendam</span> <span class='ocrx_word' id='word_1_599' title='bbox 1915 1500 1981 1520; x_wconf 89' lang='lat' dir='ltr'>esse</span> <span class='ocrx_word' id='word_1_600' title='bbox 2005 1498 2184 1530; x_wconf 86' lang='lat' dir='ltr'>geometrae</span> <span class='ocrx_word' id='word_1_601' title='bbox 2204 1493 2381 1523; x_wconf 88' lang='lat' dir='ltr'>secundum</span> <span class='ocrx_word' id='word_1_602' title='bbox 2401 1495 2490 1535; x_wconf 91' lang='lat' dir='ltr'>quod</span> 
     </span>
     <span class='ocr_line' id='line_1_85' title="bbox 1490 1534 2400 1573; baseline 0.005 -10"><span class='ocrx_word' id='word_1_603' title='bbox 1490 1541 1536 1564; x_wconf 90' lang='lat' dir='ltr'>est</span> <span class='ocrx_word' id='word_1_604' title='bbox 1558 1540 1735 1573; x_wconf 82' lang='lat' dir='ltr'>geometra;</span> <span class='ocrx_word' id='word_1_605' title='bbox 1759 1534 1902 1564; x_wconf 90' lang='lat' dir='ltr'>similiter</span> <span class='ocrx_word' id='word_1_606' title='bbox 1925 1541 2031 1565; x_wconf 88' lang='lat' dir='ltr'>autem</span> <span class='ocrx_word' id='word_1_607' title='bbox 2055 1542 2085 1565; x_wconf 90' lang='lat' dir='ltr'>et</span> <span class='ocrx_word' id='word_1_608' title='bbox 2108 1536 2141 1565; x_wconf 93' lang='lat' dir='ltr'>in</span> <span class='ocrx_word' id='word_1_609' title='bbox 2162 1536 2230 1566; x_wconf 88' lang='lat' dir='ltr'>aliis</span> <span class='ocrx_word' id='word_1_610' title='bbox 2254 1537 2400 1569; x_wconf 87' lang='lat' dir='ltr'>scientiis.</span> 
     </span>
    </p>

    <p class='ocr_par' dir='ltr' id='par_1_28' title="bbox 1421 1578 2490 2052">
     <span class='ocr_line' id='line_1_86' title="bbox 1421 1578 2489 1623; baseline 0.006 -16"><span class='ocrx_word' id='word_1_611' title='bbox 1421 1579 1534 1619; x_wconf 90' lang='lat' dir='ltr'>Neque</span> <span class='ocrx_word' id='word_1_612' title='bbox 1558 1587 1689 1608; x_wconf 90' lang='lat' dir='ltr'>omnem</span> <span class='ocrx_word' id='word_1_613' title='bbox 1712 1578 1991 1617; x_wconf 87' lang='lat' dir='ltr'>interrogationem</span> <span class='ocrx_word' id='word_1_614' title='bbox 2015 1580 2125 1620; x_wconf 88' lang='lat' dir='ltr'>utique</span> <span class='ocrx_word' id='word_1_615' title='bbox 2149 1587 2195 1610; x_wconf 90' lang='lat' dir='ltr'>est</span> <span class='ocrx_word' id='word_1_616' title='bbox 2225 1591 2489 1623; x_wconf 89' lang='lat' dir='ltr'>unumquemque</span> 
     </span>
     <span class='ocr_line' id='line_1_87' title="bbox 1490 1622 2490 1667; baseline 0.007 -16"><span class='ocrx_word' id='word_1_617' title='bbox 1490 1622 1640 1652; x_wconf 89' lang='lat' dir='ltr'>scientem</span> <span class='ocrx_word' id='word_1_618' title='bbox 1662 1622 1864 1662; x_wconf 86' lang='lat' dir='ltr'>interrogare,</span> <span class='ocrx_word' id='word_1_619' title='bbox 1882 1633 1984 1663; x_wconf 91' lang='lat' dir='ltr'>neque</span> <span class='ocrx_word' id='word_1_620' title='bbox 2009 1625 2183 1654; x_wconf 91' lang='lat' dir='ltr'>secundum</span> <span class='ocrx_word' id='word_1_621' title='bbox 2201 1635 2297 1656; x_wconf 91' lang='lat' dir='ltr'>omne</span> <span class='ocrx_word' id='word_1_622' title='bbox 2320 1626 2490 1667; x_wconf 83' lang='lat' dir='ltr'>interroga-</span> 
     </span>
     <span class='ocr_line' id='line_1_88' title="bbox 1489 1667 2489 1709; baseline 0.006 -13"><span class='ocrx_word' id='word_1_623' title='bbox 1489 1673 1560 1697; x_wconf 91' lang='lat' dir='ltr'>tum</span> <span class='ocrx_word' id='word_1_624' title='bbox 1582 1667 1772 1706; x_wconf 89' lang='lat' dir='ltr'>respondere</span> <span class='ocrx_word' id='word_1_625' title='bbox 1796 1667 1834 1697; x_wconf 89' lang='lat' dir='ltr'>de</span> <span class='ocrx_word' id='word_1_626' title='bbox 1859 1676 2074 1709; x_wconf 83' lang='lat' dir='ltr'>unoquoque:</span> <span class='ocrx_word' id='word_1_627' title='bbox 2095 1669 2149 1698; x_wconf 92' lang='lat' dir='ltr'>sed</span> <span class='ocrx_word' id='word_1_628' title='bbox 2172 1679 2254 1709; x_wconf 88' lang='lat' dir='ltr'>quae</span> <span class='ocrx_word' id='word_1_629' title='bbox 2282 1677 2357 1701; x_wconf 91' lang='lat' dir='ltr'>sunt</span> <span class='ocrx_word' id='word_1_630' title='bbox 2379 1681 2489 1702; x_wconf 91' lang='lat' dir='ltr'>secun-</span> 
     </span>
     <span class='ocr_line' id='line_1_89' title="bbox 1490 1710 2490 1755; baseline 0.006 -15"><span class='ocrx_word' id='word_1_631' title='bbox 1490 1711 1569 1741; x_wconf 91' lang='lat' dir='ltr'>dum</span> <span class='ocrx_word' id='word_1_632' title='bbox 1588 1710 1750 1741; x_wconf 88' lang='lat' dir='ltr'>scientiam</span> <span class='ocrx_word' id='word_1_633' title='bbox 1765 1711 1978 1742; x_wconf 87' lang='lat' dir='ltr'>determinata.</span> <span class='ocrx_word' id='word_1_634' title='bbox 1996 1713 2028 1743; x_wconf 92' lang='lat' dir='ltr'>Si</span> <span class='ocrx_word' id='word_1_635' title='bbox 2048 1720 2155 1743; x_wconf 88' lang='lat' dir='ltr'>autern</span> <span class='ocrx_word' id='word_1_636' title='bbox 2177 1713 2315 1754; x_wconf 90' lang='lat' dir='ltr'>disputat</span> <span class='ocrx_word' id='word_1_637' title='bbox 2327 1725 2401 1745; x_wconf 92' lang='lat' dir='ltr'>cum</span> <span class='ocrx_word' id='word_1_638' title='bbox 2417 1725 2490 1755; x_wconf 87' lang='lat' dir='ltr'>geo-</span> 
     </span>
     <span class='ocr_line' id='line_1_90' title="bbox 1490 1755 2489 1796; baseline 0.006 -12"><span class='ocrx_word' id='word_1_639' title='bbox 1490 1762 1606 1792; x_wconf 87' lang='lat' dir='ltr'>metra,</span> <span class='ocrx_word' id='word_1_640' title='bbox 1638 1755 1814 1786; x_wconf 91' lang='lat' dir='ltr'>secundum</span> <span class='ocrx_word' id='word_1_641' title='bbox 1839 1756 1927 1796; x_wconf 92' lang='lat' dir='ltr'>quod</span> <span class='ocrx_word' id='word_1_642' title='bbox 1951 1763 1997 1787; x_wconf 90' lang='lat' dir='ltr'>est</span> <span class='ocrx_word' id='word_1_643' title='bbox 2019 1764 2194 1796; x_wconf 87' lang='lat' dir='ltr'>geometra,</span> <span class='ocrx_word' id='word_1_644' title='bbox 2217 1758 2259 1788; x_wconf 91' lang='lat' dir='ltr'>sic</span> <span class='ocrx_word' id='word_1_645' title='bbox 2283 1759 2489 1790; x_wconf 85' lang='lat' dir='ltr'>manifestum</span> 
     </span>
     <span class='ocr_line' id='line_1_91' title="bbox 1491 1799 2489 1842; baseline 0.005 -13"><span class='ocrx_word' id='word_1_646' title='bbox 1491 1806 1537 1829; x_wconf 91' lang='lat' dir='ltr'>est</span> <span class='ocrx_word' id='word_1_647' title='bbox 1560 1799 1715 1839; x_wconf 89' lang='lat' dir='ltr'>quoniam</span> <span class='ocrx_word' id='word_1_648' title='bbox 1739 1800 1828 1837; x_wconf 89' lang='lat' dir='ltr'>bene,</span> <span class='ocrx_word' id='word_1_649' title='bbox 1845 1800 1870 1830; x_wconf 92' lang='lat' dir='ltr'>si</span> <span class='ocrx_word' id='word_1_650' title='bbox 1895 1811 1931 1830; x_wconf 84' lang='lat' dir='ltr'>ex</span> <span class='ocrx_word' id='word_1_651' title='bbox 1947 1800 1984 1830; x_wconf 93' lang='lat' dir='ltr'>iis</span> <span class='ocrx_word' id='word_1_652' title='bbox 2009 1801 2128 1842; x_wconf 88' lang='lat' dir='ltr'>aliquid</span> <span class='ocrx_word' id='word_1_653' title='bbox 2145 1802 2353 1841; x_wconf 88' lang='lat' dir='ltr'>demonstret;</span> <span class='ocrx_word' id='word_1_654' title='bbox 2372 1803 2397 1833; x_wconf 91' lang='lat' dir='ltr'>si</span> <span class='ocrx_word' id='word_1_655' title='bbox 2413 1814 2489 1834; x_wconf 90' lang='lat' dir='ltr'>vero</span> 
     </span>
     <span class='ocr_line' id='line_1_92' title="bbox 1490 1844 2490 1888; baseline 0.005 -15"><span class='ocrx_word' id='word_1_656' title='bbox 1490 1853 1568 1881; x_wconf 90' lang='lat' dir='ltr'>non,</span> <span class='ocrx_word' id='word_1_657' title='bbox 1585 1853 1651 1874; x_wconf 91' lang='lat' dir='ltr'>non</span> <span class='ocrx_word' id='word_1_658' title='bbox 1667 1844 1756 1874; x_wconf 88' lang='lat' dir='ltr'>bene.</span> <span class='ocrx_word' id='word_1_659' title='bbox 1774 1845 1978 1875; x_wconf 89' lang='lat' dir='ltr'>Manifestum</span> <span class='ocrx_word' id='word_1_660' title='bbox 1994 1852 2039 1875; x_wconf 93' lang='lat' dir='ltr'>est</span> <span class='ocrx_word' id='word_1_661' title='bbox 2062 1852 2168 1876; x_wconf 89' lang='lat' dir='ltr'>autem</span> <span class='ocrx_word' id='word_1_662' title='bbox 2187 1847 2276 1886; x_wconf 90' lang='lat' dir='ltr'>quod</span> <span class='ocrx_word' id='word_1_663' title='bbox 2298 1858 2365 1877; x_wconf 90' lang='lat' dir='ltr'>non</span> <span class='ocrx_word' id='word_1_664' title='bbox 2388 1848 2490 1888; x_wconf 89' lang='lat' dir='ltr'>arguit</span> 
     </span>
     <span class='ocr_line' id='line_1_93' title="bbox 1490 1889 2488 1928; baseline 0.006 -11"><span class='ocrx_word' id='word_1_665' title='bbox 1490 1895 1703 1927; x_wconf 84' lang='lat' dir='ltr'>geometram,</span> <span class='ocrx_word' id='word_1_666' title='bbox 1724 1889 1778 1919; x_wconf 90' lang='lat' dir='ltr'>sed</span> <span class='ocrx_word' id='word_1_667' title='bbox 1793 1895 1847 1919; x_wconf 87' lang='lat' dir='ltr'>aut</span> <span class='ocrx_word' id='word_1_668' title='bbox 1862 1889 2038 1919; x_wconf 89' lang='lat' dir='ltr'>secundum</span> <span class='ocrx_word' id='word_1_669' title='bbox 2054 1890 2206 1920; x_wconf 91' lang='lat' dir='ltr'>accidens.</span> <span class='ocrx_word' id='word_1_670' title='bbox 2225 1891 2330 1928; x_wconf 86' lang='lat' dir='ltr'>Quare</span> <span class='ocrx_word' id='word_1_671' title='bbox 2347 1902 2412 1922; x_wconf 92' lang='lat' dir='ltr'>non</span> <span class='ocrx_word' id='word_1_672' title='bbox 2428 1892 2488 1923; x_wconf 89' lang='lat' dir='ltr'>uti-</span> 
     </span>
     <span class='ocr_line' id='line_1_94' title="bbox 1491 1932 2487 1975; baseline 0.006 -14"><span class='ocrx_word' id='word_1_673' title='bbox 1491 1942 1554 1972; x_wconf 90' lang='lat' dir='ltr'>que</span> <span class='ocrx_word' id='word_1_674' title='bbox 1570 1932 1627 1962; x_wconf 88' lang='lat' dir='ltr'>erit</span> <span class='ocrx_word' id='word_1_675' title='bbox 1641 1932 1674 1962; x_wconf 93' lang='lat' dir='ltr'>in</span> <span class='ocrx_word' id='word_1_676' title='bbox 1699 1942 1764 1962; x_wconf 92' lang='lat' dir='ltr'>non</span> <span class='ocrx_word' id='word_1_677' title='bbox 1780 1933 1978 1972; x_wconf 88' lang='lat' dir='ltr'>geometricis</span> <span class='ocrx_word' id='word_1_678' title='bbox 2002 1934 2040 1964; x_wconf 93' lang='lat' dir='ltr'>de</span> <span class='ocrx_word' id='word_1_679' title='bbox 2056 1935 2228 1974; x_wconf 88' lang='lat' dir='ltr'>geometria</span> <span class='ocrx_word' id='word_1_680' title='bbox 2243 1936 2487 1975; x_wconf 86' lang='lat' dir='ltr'>disputandum:</span> 
     </span>
     <span class='ocr_line' id='line_1_95' title="bbox 1490 1976 2488 2018; baseline 0.004 -12"><span class='ocrx_word' id='word_1_681' title='bbox 1490 1976 1597 2006; x_wconf 89' lang='lat' dir='ltr'>latebit</span> <span class='ocrx_word' id='word_1_682' title='bbox 1621 1977 1706 2006; x_wconf 90' lang='lat' dir='ltr'>enim</span> <span class='ocrx_word' id='word_1_683' title='bbox 1721 1987 1815 2017; x_wconf 88' lang='lat' dir='ltr'>prave</span> <span class='ocrx_word' id='word_1_684' title='bbox 1836 1977 2009 2018; x_wconf 87' lang='lat' dir='ltr'>disputans.</span> <span class='ocrx_word' id='word_1_685' title='bbox 2026 1978 2174 2009; x_wconf 89' lang='lat' dir='ltr'>Similiter</span> <span class='ocrx_word' id='word_1_686' title='bbox 2193 1986 2300 2010; x_wconf 84' lang='lat' dir='ltr'>autem</span> <span class='ocrx_word' id='word_1_687' title='bbox 2319 1987 2349 2010; x_wconf 92' lang='lat' dir='ltr'>et</span> <span class='ocrx_word' id='word_1_688' title='bbox 2367 1980 2400 2010; x_wconf 95' lang='lat' dir='ltr'>in</span> <span class='ocrx_word' id='word_1_689' title='bbox 2420 1980 2488 2010; x_wconf 90' lang='lat' dir='ltr'>aliis</span> 
     </span>
     <span class='ocr_line' id='line_1_96' title="bbox 1491 2019 2184 2052; baseline 0.004 -2"><span class='ocrx_word' id='word_1_690' title='bbox 1491 2030 1524 2050; x_wconf 89' lang='lat' dir='ltr'>se</span> <span class='ocrx_word' id='word_1_691' title='bbox 1547 2020 1641 2051; x_wconf 86' lang='lat' dir='ltr'>habet</span> <span class='ocrx_word' id='word_1_692' title='bbox 1664 2021 1808 2052; x_wconf 90' lang='lat' dir='ltr'>scientiis.</span> <span class='ocrx_word' id='word_1_693' title='bbox 2180 2019 2184 2022; x_wconf 68' lang='grc'><strong>”</strong></span> 
     </span>
    </p>
   </div>
   <div class='ocr_carea' id='block_1_21' title="bbox 1422 2119 2490 2474">
    <p class='ocr_par' dir='ltr' id='par_1_29' title="bbox 1422 2119 2490 2474">
     <span class='ocr_line' id='line_1_97' title="bbox 1425 2119 2489 2157; baseline 0.005 -11"><span class='ocrx_word' id='word_1_694' title='bbox 1425 2119 1544 2156; x_wconf 91' lang='lat' dir='ltr'>quando</span> <span class='ocrx_word' id='word_1_695' title='bbox 1566 2128 1599 2147; x_wconf 88' lang='lat' dir='ltr'>ex</span> <span class='ocrx_word' id='word_1_696' title='bbox 1621 2128 1656 2147; x_wconf 88' lang='lat' dir='ltr'>ea</span> <span class='ocrx_word' id='word_1_697' title='bbox 1681 2120 1896 2148; x_wconf 89' lang='lat' dir='ltr'>demonstratur</span> <span class='ocrx_word' id='word_1_698' title='bbox 1923 2119 2031 2156; x_wconf 89' lang='lat' dir='ltr'>aliquid</span> <span class='ocrx_word' id='word_1_699' title='bbox 2051 2121 2095 2148; x_wconf 93' lang='lat' dir='ltr'>vel</span> <span class='ocrx_word' id='word_1_700' title='bbox 2117 2121 2146 2148; x_wconf 93' lang='lat' dir='ltr'>in</span> <span class='ocrx_word' id='word_1_701' title='bbox 2168 2121 2230 2157; x_wconf 90' lang='lat' dir='ltr'>ipsa</span> <span class='ocrx_word' id='word_1_702' title='bbox 2251 2122 2368 2150; x_wconf 90' lang='lat' dir='ltr'>scientia</span> <span class='ocrx_word' id='word_1_703' title='bbox 2388 2123 2432 2150; x_wconf 91' lang='lat' dir='ltr'>vel</span> <span class='ocrx_word' id='word_1_704' title='bbox 2459 2123 2489 2151; x_wconf 87' lang='lat' dir='ltr'>in</span> 
     </span>
     <span class='ocr_line' id='line_1_98' title="bbox 1424 2159 2488 2199; baseline 0.005 -13"><span class='ocrx_word' id='word_1_705' title='bbox 1424 2159 1542 2193; x_wconf 81' lang='lat' dir='ltr'>scientia</span> <span class='ocrx_word' id='word_1_706' title='bbox 1563 2159 1589 2187; x_wconf 92' lang='lat' dir='ltr'>ei</span> <span class='ocrx_word' id='word_1_707' title='bbox 1610 2159 1812 2187; x_wconf 74' lang='lat' dir='ltr'>subalternam.</span> <span class='ocrx_word' id='word_1_708' title='bbox 1830 2176 1849 2180; x_wconf 92' lang='lat'>—-</span> <span class='ocrx_word' id='word_1_709' title='bbox 1869 2160 1894 2187; x_wconf 83' lang='lat'>5.</span> <span class='ocrx_word' id='word_1_710' title='bbox 1916 2160 2037 2196; x_wconf 90' lang='lat' dir='ltr'>Sumpta</span> <span class='ocrx_word' id='word_1_711' title='bbox 2058 2160 2243 2197; x_wconf 90' lang='lat' dir='ltr'>interrogatio</span> <span class='ocrx_word' id='word_1_712' title='bbox 2270 2168 2302 2189; x_wconf 93' lang='lat' dir='ltr'>ut</span> <span class='ocrx_word' id='word_1_713' title='bbox 2323 2163 2488 2199; x_wconf 86' lang='lat' dir='ltr'>conclusio,</span> 
     </span>
     <span class='ocr_line' id='line_1_99' title="bbox 1424 2199 2489 2238; baseline 0.005 -13"><span class='ocrx_word' id='word_1_714' title='bbox 1424 2205 1512 2235; x_wconf 90' lang='lat' dir='ltr'>prout</span> <span class='ocrx_word' id='word_1_715' title='bbox 1526 2208 1640 2234; x_wconf 88' lang='lat' dir='ltr'>semper</span> <span class='ocrx_word' id='word_1_716' title='bbox 1661 2199 1783 2226; x_wconf 90' lang='lat' dir='ltr'>sumitur</span> <span class='ocrx_word' id='word_1_717' title='bbox 1803 2199 1833 2226; x_wconf 91' lang='lat' dir='ltr'>in</span> <span class='ocrx_word' id='word_1_718' title='bbox 1854 2199 1979 2227; x_wconf 88' lang='lat' dir='ltr'>scientiis</span> <span class='ocrx_word' id='word_1_719' title='bbox 1994 2201 2234 2236; x_wconf 88' lang='lat' dir='ltr'>demonstrativis,</span> <span class='ocrx_word' id='word_1_720' title='bbox 2245 2208 2288 2229; x_wconf 89' lang='lat' dir='ltr'>est</span> <span class='ocrx_word' id='word_1_721' title='bbox 2308 2202 2424 2238; x_wconf 89' lang='lat' dir='ltr'>proprie</span> <span class='ocrx_word' id='word_1_722' title='bbox 2438 2203 2489 2231; x_wconf 90' lang='lat' dir='ltr'>ali-</span> 
     </span>
     <span class='ocr_line' id='line_1_100' title="bbox 1424 2238 2490 2275; baseline 0.005 -10"><span class='ocrx_word' id='word_1_723' title='bbox 1424 2238 1505 2266; x_wconf 91' lang='lat' dir='ltr'>cuius</span> <span class='ocrx_word' id='word_1_724' title='bbox 1520 2238 1654 2266; x_wconf 90' lang='lat' dir='ltr'>scientiae</span> <span class='ocrx_word' id='word_1_725' title='bbox 1669 2238 1729 2273; x_wconf 93' lang='lat' dir='ltr'>illa,</span> <span class='ocrx_word' id='word_1_726' title='bbox 1745 2240 1780 2266; x_wconf 91' lang='lat' dir='ltr'>de</span> <span class='ocrx_word' id='word_1_727' title='bbox 1795 2248 1853 2275; x_wconf 90' lang='lat' dir='ltr'>qua</span> <span class='ocrx_word' id='word_1_728' title='bbox 1867 2238 1948 2266; x_wconf 86' lang='lat' dir='ltr'>reddi</span> <span class='ocrx_word' id='word_1_729' title='bbox 1969 2246 2063 2275; x_wconf 88' lang='lat' dir='ltr'>potest</span> <span class='ocrx_word' id='word_1_730' title='bbox 2077 2240 2150 2268; x_wconf 90' lang='lat' dir='ltr'>ratio</span> <span class='ocrx_word' id='word_1_731' title='bbox 2166 2241 2195 2268; x_wconf 93' lang='lat' dir='ltr'>in</span> <span class='ocrx_word' id='word_1_732' title='bbox 2210 2242 2312 2268; x_wconf 90' lang='lat' dir='ltr'>eadem</span> <span class='ocrx_word' id='word_1_733' title='bbox 2334 2241 2458 2270; x_wconf 90' lang='lat' dir='ltr'>scientia.</span> <span class='ocrx_word' id='word_1_734' title='bbox 2471 2259 2490 2263; x_wconf 87' lang='lat'>—</span> 
     </span>
     <span class='ocr_line' id='line_1_101' title="bbox 1425 2278 2489 2315; baseline 0.004 -10"><span class='ocrx_word' id='word_1_735' title='bbox 1425 2279 1452 2306; x_wconf 90' lang='lat'>6.</span> <span class='ocrx_word' id='word_1_736' title='bbox 1468 2279 1499 2306; x_wconf 87' lang='lat' dir='ltr'>In</span> <span class='ocrx_word' id='word_1_737' title='bbox 1520 2278 1647 2314; x_wconf 88' lang='lat' dir='ltr'>qualibet</span> <span class='ocrx_word' id='word_1_738' title='bbox 1668 2287 1736 2314; x_wconf 88' lang='lat' dir='ltr'>ergo</span> <span class='ocrx_word' id='word_1_739' title='bbox 1758 2278 1876 2306; x_wconf 83' lang='lat' dir='ltr'>scientia</span> <span class='ocrx_word' id='word_1_740' title='bbox 1897 2286 1963 2306; x_wconf 87' lang='lat' dir='ltr'>sunt</span> <span class='ocrx_word' id='word_1_741' title='bbox 1978 2280 2195 2315; x_wconf 87' lang='lat' dir='ltr'>responsiones:</span> <span class='ocrx_word' id='word_1_742' title='bbox 2219 2281 2268 2308; x_wconf 91' lang='lat' dir='ltr'>sed</span> <span class='ocrx_word' id='word_1_743' title='bbox 2283 2282 2319 2308; x_wconf 93' lang='lat' dir='ltr'>de</span> <span class='ocrx_word' id='word_1_744' title='bbox 2334 2281 2378 2308; x_wconf 89' lang='lat' dir='ltr'>his</span> <span class='ocrx_word' id='word_1_745' title='bbox 2391 2288 2489 2309; x_wconf 88' lang='lat' dir='ltr'>tamen</span> 
     </span>
     <span class='ocr_line' id='line_1_102' title="bbox 1425 2318 2490 2357; baseline 0.004 -12"><span class='ocrx_word' id='word_1_746' title='bbox 1425 2327 1499 2354; x_wconf 90' lang='lat' dir='ltr'>quae</span> <span class='ocrx_word' id='word_1_747' title='bbox 1520 2324 1587 2345; x_wconf 93' lang='lat' dir='ltr'>sunt</span> <span class='ocrx_word' id='word_1_748' title='bbox 1612 2318 1771 2345; x_wconf 89' lang='lat' dir='ltr'>secundum</span> <span class='ocrx_word' id='word_1_749' title='bbox 1797 2318 1874 2345; x_wconf 87' lang='lat' dir='ltr'>illam</span> <span class='ocrx_word' id='word_1_750' title='bbox 1904 2318 2060 2346; x_wconf 89' lang='lat' dir='ltr'>scientiam.</span> <span class='ocrx_word' id='word_1_751' title='bbox 2078 2336 2096 2340; x_wconf 84' lang='lat'><em>—</em></span> <span class='ocrx_word' id='word_1_752' title='bbox 2117 2329 2143 2355; x_wconf 89' lang='lat'>7.</span> <span class='ocrx_word' id='word_1_753' title='bbox 2166 2321 2242 2356; x_wconf 88' lang='lat' dir='ltr'>Ergo</span> <span class='ocrx_word' id='word_1_754' title='bbox 2265 2327 2292 2348; x_wconf 90' lang='lat' dir='ltr'>et</span> <span class='ocrx_word' id='word_1_755' title='bbox 2313 2320 2342 2348; x_wconf 91' lang='lat' dir='ltr'>in</span> <span class='ocrx_word' id='word_1_756' title='bbox 2364 2321 2490 2357; x_wconf 89' lang='lat' dir='ltr'>qualibet</span> 
     </span>
     <span class='ocr_line' id='line_1_103' title="bbox 1423 2357 2490 2397; baseline 0.004 -13"><span class='ocrx_word' id='word_1_757' title='bbox 1423 2357 1541 2385; x_wconf 89' lang='lat' dir='ltr'>scientia</span> <span class='ocrx_word' id='word_1_758' title='bbox 1562 2364 1628 2385; x_wconf 87' lang='lat' dir='ltr'>sunt</span> <span class='ocrx_word' id='word_1_759' title='bbox 1647 2357 1780 2393; x_wconf 91' lang='lat' dir='ltr'>propriae</span> <span class='ocrx_word' id='word_1_760' title='bbox 1795 2357 2012 2393; x_wconf 88' lang='lat' dir='ltr'>disputationes,</span> <span class='ocrx_word' id='word_1_761' title='bbox 2029 2368 2103 2395; x_wconf 89' lang='lat' dir='ltr'>quae</span> <span class='ocrx_word' id='word_1_762' title='bbox 2118 2359 2190 2387; x_wconf 88' lang='lat' dir='ltr'>fiunt</span> <span class='ocrx_word' id='word_1_763' title='bbox 2204 2369 2237 2387; x_wconf 90' lang='lat' dir='ltr'>ex</span> <span class='ocrx_word' id='word_1_764' title='bbox 2258 2360 2490 2397; x_wconf 85' lang='lat' dir='ltr'>interrogationi·</span> 
     </span>
     <span class='ocr_line' id='line_1_104' title="bbox 1422 2397 2490 2434; baseline 0.004 -10"><span class='ocrx_word' id='word_1_765' title='bbox 1422 2397 1476 2425; x_wconf 91' lang='lat' dir='ltr'>bus</span> <span class='ocrx_word' id='word_1_766' title='bbox 1498 2403 1526 2425; x_wconf 89' lang='lat' dir='ltr'>et</span> <span class='ocrx_word' id='word_1_767' title='bbox 1546 2397 1800 2433; x_wconf 86' lang='lat' dir='ltr'>responsionibus;</span> <span class='ocrx_word' id='word_1_768' title='bbox 1822 2404 1850 2425; x_wconf 88' lang='lat' dir='ltr'>et</span> <span class='ocrx_word' id='word_1_769' title='bbox 1871 2407 1945 2434; x_wconf 90' lang='lat' dir='ltr'>quae</span> <span class='ocrx_word' id='word_1_770' title='bbox 1961 2397 2026 2426; x_wconf 91' lang='lat' dir='ltr'>ideo</span> <span class='ocrx_word' id='word_1_771' title='bbox 2047 2398 2107 2426; x_wconf 91' lang='lat' dir='ltr'>fieri</span> <span class='ocrx_word' id='word_1_772' title='bbox 2122 2399 2228 2427; x_wconf 91' lang='lat' dir='ltr'>debent</span> <span class='ocrx_word' id='word_1_773' title='bbox 2248 2400 2284 2427; x_wconf 93' lang='lat' dir='ltr'>de</span> <span class='ocrx_word' id='word_1_774' title='bbox 2306 2399 2439 2428; x_wconf 87' lang='lat' dir='ltr'>subiectis</span> <span class='ocrx_word' id='word_1_775' title='bbox 2460 2406 2490 2428; x_wconf 88' lang='lat' dir='ltr'>et</span> 
     </span>
     <span class='ocr_line' id='line_1_105' title="bbox 1423 2436 2212 2474; baseline 0.004 -10"><span class='ocrx_word' id='word_1_776' title='bbox 1423 2446 1457 2464; x_wconf 86' lang='lat' dir='ltr'>ex</span> <span class='ocrx_word' id='word_1_777' title='bbox 1477 2436 1624 2473; x_wconf 91' lang='lat' dir='ltr'>principiis</span> <span class='ocrx_word' id='word_1_778' title='bbox 1645 2437 1719 2465; x_wconf 92' lang='lat' dir='ltr'>illius</span> <span class='ocrx_word' id='word_1_779' title='bbox 1741 2437 1891 2472; x_wconf 88' lang='lat' dir='ltr'>scientiae,</span> <span class='ocrx_word' id='word_1_780' title='bbox 1913 2437 1943 2465; x_wconf 92' lang='lat' dir='ltr'>in</span> <span class='ocrx_word' id='word_1_781' title='bbox 1965 2447 2023 2474; x_wconf 90' lang='lat' dir='ltr'>qua</span> <span class='ocrx_word' id='word_1_782' title='bbox 2043 2438 2212 2474; x_wconf 89' lang='lat' dir='ltr'>disputatur.</span> 
     </span>
    </p>
   </div>
   <div class='ocr_carea' id='block_1_22' title="bbox 1422 2536 2491 3170">
    <p class='ocr_par' dir='ltr' id='par_1_30' title="bbox 1422 2536 2491 2851">
     <span class='ocr_line' id='line_1_106' title="bbox 1422 2536 2491 2587; baseline 0.003 -13"><span class='ocrx_word' id='word_1_783' title='bbox 1422 2537 1461 2574; x_wconf 91' lang='lat' dir='ltr'>in</span> <span class='ocrx_word' id='word_1_784' title='bbox 1490 2537 1657 2586; x_wconf 87' lang='lat' dir='ltr'>qualibet</span> <span class='ocrx_word' id='word_1_785' title='bbox 1676 2538 1830 2575; x_wconf 91' lang='lat' dir='ltr'>scientia</span> <span class='ocrx_word' id='word_1_786' title='bbox 1849 2546 1935 2575; x_wconf 91' lang='lat' dir='ltr'>sunt</span> <span class='ocrx_word' id='word_1_787' title='bbox 1961 2539 2137 2587; x_wconf 90' lang='lat' dir='ltr'>propriae</span> <span class='ocrx_word' id='word_1_788' title='bbox 2167 2536 2434 2587; x_wconf 90' lang='lat' dir='ltr'>responsiones</span> <span class='ocrx_word' id='word_1_789' title='bbox 2454 2548 2491 2577; x_wconf 88' lang='lat' dir='ltr'>et</span> 
     </span>
     <span class='ocr_line' id='line_1_107' title="bbox 1424 2590 2490 2642; baseline 0.004 -16"><span class='ocrx_word' id='word_1_790' title='bbox 1424 2590 1710 2639; x_wconf 80' lang='lat' dir='ltr'>disputationes3</span> <span class='ocrx_word' id='word_1_791' title='bbox 1740 2591 1808 2627; x_wconf 91' lang='lat' dir='ltr'>ibi:</span> <span class='ocrx_word' id='word_1_792' title='bbox 1829 2592 1966 2639; x_wconf 84' lang='lat' dir='ltr'>Neque</span> <span class='ocrx_word' id='word_1_793' title='bbox 1984 2603 2133 2628; x_wconf 87' lang='lat' dir='ltr'>omnem</span> <span class='ocrx_word' id='word_1_794' title='bbox 2158 2592 2490 2642; x_wconf 83' lang='lat' dir='ltr'>interrogationem</span> 
     </span>
     <span class='ocr_line' id='line_1_108' title="bbox 1424 2644 2488 2694; baseline 0.004 -15"><span class='ocrx_word' id='word_1_795' title='bbox 1424 2644 1549 2692; x_wconf 85' lang='lat' dir='ltr'>utique</span> <span class='ocrx_word' id='word_1_796' title='bbox 1571 2645 1591 2663; x_wconf 75' lang='lat'>⁴*</span> <span class='ocrx_word' id='word_1_797' title='bbox 1630 2651 1698 2680; x_wconf 91' lang='lat' dir='ltr'>etc.</span> <span class='ocrx_word' id='word_1_798' title='bbox 1739 2644 1849 2680; x_wconf 91' lang='lat' dir='ltr'>Circa</span> <span class='ocrx_word' id='word_1_799' title='bbox 1884 2644 2052 2694; x_wconf 82' lang='lat' dir='ltr'>primum</span> <span class='ocrx_word' id='word_1_800' title='bbox 2089 2644 2165 2681; x_wconf 93' lang='lat' dir='ltr'>duo</span> <span class='ocrx_word' id='word_1_801' title='bbox 2199 2645 2308 2682; x_wconf 85' lang='lat' dir='ltr'>facit:</span> <span class='ocrx_word' id='word_1_802' title='bbox 2341 2646 2488 2694; x_wconf 89' lang='lat' dir='ltr'>primo,</span> 
     </span>
     <span class='ocr_line' id='line_1_109' title="bbox 1424 2696 2488 2747; baseline 0.004 -15"><span class='ocrx_word' id='word_1_803' title='bbox 1424 2697 1587 2734; x_wconf 90' lang='lat' dir='ltr'>ostendit</span> <span class='ocrx_word' id='word_1_804' title='bbox 1605 2697 1711 2745; x_wconf 89' lang='lat' dir='ltr'>quod</span> <span class='ocrx_word' id='word_1_805' title='bbox 1731 2696 1769 2733; x_wconf 91' lang='lat' dir='ltr'>in</span> <span class='ocrx_word' id='word_1_806' title='bbox 1797 2697 1965 2745; x_wconf 89' lang='lat' dir='ltr'>qualibet</span> <span class='ocrx_word' id='word_1_807' title='bbox 1992 2697 2146 2734; x_wconf 90' lang='lat' dir='ltr'>scientia</span> <span class='ocrx_word' id='word_1_808' title='bbox 2174 2707 2260 2735; x_wconf 92' lang='lat' dir='ltr'>sunt</span> <span class='ocrx_word' id='word_1_809' title='bbox 2287 2699 2488 2747; x_wconf 87' lang='lat' dir='ltr'>interroga-</span> 
     </span>
     <span class='ocr_line' id='line_1_110' title="bbox 1423 2749 2487 2799; baseline 0.002 -13"><span class='ocrx_word' id='word_1_810' title='bbox 1423 2749 1544 2786; x_wconf 91' lang='lat' dir='ltr'>tiones</span> <span class='ocrx_word' id='word_1_811' title='bbox 1571 2749 1769 2798; x_wconf 83' lang='lat' dir='ltr'>propriae3</span> <span class='ocrx_word' id='word_1_812' title='bbox 1800 2750 1981 2798; x_wconf 91' lang='lat' dir='ltr'>secundo,</span> <span class='ocrx_word' id='word_1_813' title='bbox 2011 2763 2109 2799; x_wconf 90' lang='lat' dir='ltr'>quae</span> <span class='ocrx_word' id='word_1_814' title='bbox 2138 2759 2224 2788; x_wconf 91' lang='lat' dir='ltr'>sunt</span> <span class='ocrx_word' id='word_1_815' title='bbox 2252 2751 2334 2788; x_wconf 89' lang='lat' dir='ltr'>illae</span> <span class='ocrx_word' id='word_1_816' title='bbox 2351 2752 2389 2798; x_wconf 82' lang='lat'>*3</span> <span class='ocrx_word' id='word_1_817' title='bbox 2418 2752 2487 2789; x_wconf 90' lang='lat' dir='ltr'>ibi:</span> 
     </span>
     <span class='ocr_line' id='line_1_111' title="bbox 1424 2803 2266 2851; baseline 0.001 -12"><span class='ocrx_word' id='word_1_818' title='bbox 1424 2803 1498 2839; x_wconf 85' lang='lat' dir='ltr'>Sed</span> <span class='ocrx_word' id='word_1_819' title='bbox 1524 2815 1574 2839; x_wconf 90' lang='lat' dir='ltr'>ex</span> <span class='ocrx_word' id='word_1_820' title='bbox 1601 2803 1734 2851; x_wconf 84' lang='lat' dir='ltr'>quihus</span> <span class='ocrx_word' id='word_1_821' title='bbox 1761 2809 1829 2839; x_wconf 88' lang='lat' dir='ltr'>aut</span> <span class='ocrx_word' id='word_1_822' title='bbox 1853 2804 2130 2840; x_wconf 85' lang='lat' dir='ltr'>demonstratur</span> <span class='ocrx_word' id='word_1_823' title='bbox 2148 2804 2168 2825; x_wconf 83' lang='lat'><strong>*</strong></span> <span class='ocrx_word' id='word_1_824' title='bbox 2198 2811 2266 2840; x_wconf 91' lang='lat' dir='ltr'>etc.</span> 
     </span>
    </p>

    <p class='ocr_par' dir='ltr' id='par_1_31' title="bbox 1423 2855 2489 3170">
     <span class='ocr_line' id='line_1_112' title="bbox 1478 2855 2487 2894; baseline 0.002 -2"><span class='ocrx_word' id='word_1_825' title='bbox 1478 2867 1513 2892; x_wconf 86' lang='lat'>2.</span> <span class='ocrx_word' id='word_1_826' title='bbox 1543 2856 1717 2892; x_wconf 91' lang='lat' dir='ltr'>Primum</span> <span class='ocrx_word' id='word_1_827' title='bbox 1738 2856 1791 2892; x_wconf 90' lang='lat' dir='ltr'>sic</span> <span class='ocrx_word' id='word_1_828' title='bbox 1820 2856 1983 2893; x_wconf 89' lang='lat' dir='ltr'>ostendit</span> <span class='ocrx_word' id='word_1_829' title='bbox 1996 2855 2024 2893; x_wconf 67' lang='grc' dir='ltr'>β.</span> <span class='ocrx_word' id='word_1_830' title='bbox 2056 2856 2163 2893; x_wconf 93' lang='lat' dir='ltr'>Idem</span> <span class='ocrx_word' id='word_1_831' title='bbox 2192 2864 2247 2893; x_wconf 92' lang='lat' dir='ltr'>est</span> <span class='ocrx_word' id='word_1_832' title='bbox 2275 2857 2487 2894; x_wconf 89' lang='lat' dir='ltr'>secundum</span> 
     </span>
     <span class='ocr_line' id='line_1_113' title="bbox 1424 2909 2487 2958; baseline 0.001 -13"><span class='ocrx_word' id='word_1_833' title='bbox 1424 2909 1672 2946; x_wconf 89' lang='lat' dir='ltr'>substantiam</span> <span class='ocrx_word' id='word_1_834' title='bbox 1692 2909 1932 2957; x_wconf 89' lang='lat' dir='ltr'>interrogatio</span> <span class='ocrx_word' id='word_1_835' title='bbox 1962 2909 2186 2957; x_wconf 88' lang='lat' dir='ltr'>syllogistica</span> <span class='ocrx_word' id='word_1_836' title='bbox 2207 2917 2243 2946; x_wconf 88' lang='lat' dir='ltr'>et</span> <span class='ocrx_word' id='word_1_837' title='bbox 2265 2910 2487 2958; x_wconf 86' lang='lat' dir='ltr'>propositio,</span> 
     </span>
     <span class='ocr_line' id='line_1_114' title="bbox 1425 2962 2486 3010; baseline 0.001 -12"><span class='ocrx_word' id='word_1_838' title='bbox 1425 2974 1522 3010; x_wconf 92' lang='lat' dir='ltr'>quae</span> <span class='ocrx_word' id='word_1_839' title='bbox 1552 2962 1686 3010; x_wconf 92' lang='lat' dir='ltr'>accipit</span> <span class='ocrx_word' id='word_1_840' title='bbox 1723 2963 1914 2998; x_wconf 79' lang='lat' dir='ltr'>alteram*</span> <span class='ocrx_word' id='word_1_841' title='bbox 1941 2970 2089 3010; x_wconf 90' lang='lat' dir='ltr'>partem</span> <span class='ocrx_word' id='word_1_842' title='bbox 2127 2962 2430 2999; x_wconf 85' lang='lat' dir='ltr'>contradictionis</span> <span class='ocrx_word' id='word_1_843' title='bbox 2455 2968 2486 3010; x_wconf 79' lang='lat'>⁷,</span> 
     </span>
     <span class='ocr_line' id='line_1_115' title="bbox 1424 3015 2486 3063; baseline 0.001 -12"><span class='ocrx_word' id='word_1_844' title='bbox 1424 3015 1509 3051; x_wconf 92' lang='lat' dir='ltr'>licet</span> <span class='ocrx_word' id='word_1_845' title='bbox 1541 3015 1579 3051; x_wconf 91' lang='lat' dir='ltr'>in</span> <span class='ocrx_word' id='word_1_846' title='bbox 1613 3015 1732 3051; x_wconf 90' lang='lat' dir='ltr'>modo</span> <span class='ocrx_word' id='word_1_847' title='bbox 1765 3015 1980 3063; x_wconf 89' lang='lat' dir='ltr'>proferendi</span> <span class='ocrx_word' id='word_1_848' title='bbox 2019 3015 2192 3051; x_wconf 89' lang='lat' dir='ltr'>differant</span> <span class='ocrx_word' id='word_1_849' title='bbox 2233 3016 2326 3062; x_wconf 86' lang='lat' dir='ltr'>(hoc</span> <span class='ocrx_word' id='word_1_850' title='bbox 2363 3016 2486 3062; x_wconf 91' lang='lat' dir='ltr'>enim,</span> 
     </span>
     <span class='ocr_line' id='line_1_116' title="bbox 1425 3066 2489 3116; baseline 0.001 -12"><span class='ocrx_word' id='word_1_851' title='bbox 1425 3067 1530 3116; x_wconf 93' lang='lat' dir='ltr'>quod</span> <span class='ocrx_word' id='word_1_852' title='bbox 1558 3067 1607 3104; x_wconf 88' lang='lat' dir='ltr'>ad</span> <span class='ocrx_word' id='word_1_853' title='bbox 1630 3068 1963 3115; x_wconf 88' lang='lat' dir='ltr'>interrogationem</span> <span class='ocrx_word' id='word_1_854' title='bbox 1988 3068 2256 3116; x_wconf 89' lang='lat' dir='ltr'>respondetur,</span> <span class='ocrx_word' id='word_1_855' title='bbox 2286 3066 2489 3105; x_wconf 87' lang='lat' dir='ltr'>assumitur</span> 
     </span>
     <span class='ocr_line' id='line_1_117' title="bbox 1423 3120 2488 3170; baseline 0.002 -14"><span class='ocrx_word' id='word_1_856' title='bbox 1423 3128 1466 3157; x_wconf 92' lang='lat' dir='ltr'>ut</span> <span class='ocrx_word' id='word_1_857' title='bbox 1487 3121 1697 3169; x_wconf 90' lang='lat' dir='ltr'>propositio</span> <span class='ocrx_word' id='word_1_858' title='bbox 1726 3120 1765 3157; x_wconf 93' lang='lat' dir='ltr'>in</span> <span class='ocrx_word' id='word_1_859' title='bbox 1788 3121 1915 3169; x_wconf 90' lang='lat' dir='ltr'>aliquo</span> <span class='ocrx_word' id='word_1_860' title='bbox 1931 3121 2190 3168; x_wconf 88' lang='lat' dir='ltr'>syllogismo);</span> <span class='ocrx_word' id='word_1_861' title='bbox 2207 3121 2245 3157; x_wconf 90' lang='lat' dir='ltr'>in</span> <span class='ocrx_word' id='word_1_862' title='bbox 2259 3133 2488 3170; x_wconf 89' lang='lat' dir='ltr'>unaquaque</span> 
     </span>
    </p>
   </div>
   <div class='ocr_carea' id='block_1_23' title="bbox 1421 3286 2489 3636">
    <p class='ocr_par' dir='ltr' id='par_1_32' title="bbox 1421 3286 2488 3450">
     <span class='ocr_line' id='line_1_118' title="bbox 1423 3286 2486 3319; baseline 0.001 -9"><span class='ocrx_word' id='word_1_863' title='bbox 1423 3286 1492 3311; x_wconf 86' lang='lat' dir='ltr'>idem</span> <span class='ocrx_word' id='word_1_864' title='bbox 1507 3291 1571 3316; x_wconf 87' lang='lat' dir='ltr'>etc.;</span> <span class='ocrx_word' id='word_1_865' title='bbox 1586 3286 1623 3311; x_wconf 92' lang='lat' dir='ltr'>O:</span> <span class='ocrx_word' id='word_1_866' title='bbox 1642 3286 1719 3311; x_wconf 87' lang='lat' dir='ltr'>Circa</span> <span class='ocrx_word' id='word_1_867' title='bbox 1733 3286 1854 3318; x_wconf 80' lang='lat' dir='ltr'>primum</span> <span class='ocrx_word' id='word_1_868' title='bbox 1868 3287 1906 3311; x_wconf 87' lang='lat' dir='ltr'>sic</span> <span class='ocrx_word' id='word_1_869' title='bbox 1919 3287 2052 3318; x_wconf 82' lang='lat' dir='ltr'>procedit.</span> <span class='ocrx_word' id='word_1_870' title='bbox 2062 3287 2254 3319; x_wconf 85' lang='lat' dir='ltr'>—Adoptamus</span> <span class='ocrx_word' id='word_1_871' title='bbox 2273 3294 2343 3319; x_wconf 88' lang='lat' dir='ltr'>ergo,</span> <span class='ocrx_word' id='word_1_872' title='bbox 2358 3287 2486 3319; x_wconf 80' lang='lat' dir='ltr'>primum,</span> 
     </span>
     <span class='ocr_line' id='line_1_119' title="bbox 1423 3321 2486 3354; baseline 0.002 -9"><span class='ocrx_word' id='word_1_873' title='bbox 1423 3322 1493 3353; x_wconf 92' lang='lat' dir='ltr'>quod</span> <span class='ocrx_word' id='word_1_874' title='bbox 1507 3329 1600 3345; x_wconf 89' lang='lat' dir='ltr'>omnes</span> <span class='ocrx_word' id='word_1_875' title='bbox 1619 3321 1719 3346; x_wconf 88' lang='lat' dir='ltr'>codices</span> <span class='ocrx_word' id='word_1_876' title='bbox 1739 3321 1846 3352; x_wconf 71' lang='lat' dir='ltr'>habent,</span> <span class='ocrx_word' id='word_1_877' title='bbox 1862 3322 2011 3352; x_wconf 87' lang='lat' dir='ltr'>retinemus,</span> <span class='ocrx_word' id='word_1_878' title='bbox 2025 3322 2063 3347; x_wconf 79' lang='lat' dir='ltr'>sic</span> <span class='ocrx_word' id='word_1_879' title='bbox 2080 3322 2202 3350; x_wconf 83' lang='lat' dir='ltr'>ostendit,</span> <span class='ocrx_word' id='word_1_880' title='bbox 2216 3322 2235 3346; x_wconf 88' lang='lat' dir='ltr'>P</span> <span class='ocrx_word' id='word_1_881' title='bbox 2249 3327 2275 3346; x_wconf 89' lang='lat' dir='ltr'>et</span> <span class='ocrx_word' id='word_1_882' title='bbox 2288 3322 2391 3347; x_wconf 88' lang='lat' dir='ltr'>maioris</span> <span class='ocrx_word' id='word_1_883' title='bbox 2406 3323 2486 3354; x_wconf 82' lang='lat' dir='ltr'>partis</span> 
     </span>
     <span class='ocr_line' id='line_1_120' title="bbox 1423 3356 2488 3389; baseline 0.002 -9"><span class='ocrx_word' id='word_1_884' title='bbox 1423 3357 1558 3380; x_wconf 86' lang='lat' dir='ltr'>codicum:</span> <span class='ocrx_word' id='word_1_885' title='bbox 1584 3363 1615 3380; x_wconf 88' lang='lat' dir='ltr'>eo</span> <span class='ocrx_word' id='word_1_886' title='bbox 1634 3357 1675 3380; x_wconf 91' lang='lat' dir='ltr'>vel</span> <span class='ocrx_word' id='word_1_887' title='bbox 1694 3356 1776 3388; x_wconf 82' lang='lat' dir='ltr'>magis</span> <span class='ocrx_word' id='word_1_888' title='bbox 1795 3357 1866 3388; x_wconf 90' lang='lat' dir='ltr'>quod</span> <span class='ocrx_word' id='word_1_889' title='bbox 1890 3357 1930 3380; x_wconf 91' lang='lat' dir='ltr'>alii</span> <span class='ocrx_word' id='word_1_890' title='bbox 1955 3357 2056 3381; x_wconf 87' lang='lat' dir='ltr'>codices</span> <span class='ocrx_word' id='word_1_891' title='bbox 2082 3365 2133 3381; x_wconf 89' lang='lat' dir='ltr'>non</span> <span class='ocrx_word' id='word_1_892' title='bbox 2151 3365 2230 3381; x_wconf 90' lang='lat' dir='ltr'>unam</span> <span class='ocrx_word' id='word_1_893' title='bbox 2249 3357 2379 3389; x_wconf 85' lang='lat' dir='ltr'>proferant</span> <span class='ocrx_word' id='word_1_894' title='bbox 2401 3357 2488 3382; x_wconf 82' lang='lat' dir='ltr'>lectio-</span> 
     </span>
     <span class='ocr_line' id='line_1_121' title="bbox 1422 3389 2487 3425; baseline 0.002 -10"><span class='ocrx_word' id='word_1_895' title='bbox 1422 3399 1492 3415; x_wconf 88' lang='lat' dir='ltr'>nem.</span> <span class='ocrx_word' id='word_1_896' title='bbox 1509 3405 1529 3410; x_wconf 90' lang='lat'><em>-</em></span> <span class='ocrx_word' id='word_1_897' title='bbox 1546 3391 1645 3415; x_wconf 88' lang='lat' dir='ltr'>Deinde</span> <span class='ocrx_word' id='word_1_898' title='bbox 1664 3389 1691 3415; x_wconf 90' lang='lat' dir='ltr'>A</span> <span class='ocrx_word' id='word_1_899' title='bbox 1709 3392 1887 3424; x_wconf 87' lang='lat' dir='ltr'>prosequitur:</span> <span class='ocrx_word' id='word_1_900' title='bbox 1909 3391 1982 3416; x_wconf 89' lang='lat' dir='ltr'>Idem</span> <span class='ocrx_word' id='word_1_901' title='bbox 2001 3395 2041 3417; x_wconf 82' lang='lat' dir='ltr'>est</span> <span class='ocrx_word' id='word_1_902' title='bbox 2059 3392 2130 3424; x_wconf 86' lang='lat' dir='ltr'>quod</span> <span class='ocrx_word' id='word_1_903' title='bbox 2156 3391 2292 3424; x_wconf 89' lang='lat' dir='ltr'>(corrupte</span> <span class='ocrx_word' id='word_1_904' title='bbox 2310 3400 2358 3425; x_wconf 90' lang='lat' dir='ltr'>pro</span> <span class='ocrx_word' id='word_1_905' title='bbox 2381 3393 2487 3425; x_wconf 82' lang='lat' dir='ltr'>quoad)</span> 
     </span>
     <span class='ocr_line' id='line_1_122' title="bbox 1421 3426 1665 3450; baseline 0 0"><span class='ocrx_word' id='word_1_906' title='bbox 1421 3426 1597 3450; x_wconf 84' lang='lat' dir='ltr'>substantiam</span> <span class='ocrx_word' id='word_1_907' title='bbox 1618 3431 1665 3450; x_wconf 88' lang='lat' dir='ltr'>etc.</span> 
     </span>
    </p>

    <p class='ocr_par' dir='ltr' id='par_1_33' title="bbox 1424 3460 2489 3636">
     <span class='ocr_line' id='line_1_123' title="bbox 1475 3460 2487 3494; baseline 0.004 -10"><span class='ocrx_word' id='word_1_908' title='bbox 1475 3460 1502 3494; x_wconf 88' lang='grc' dir='ltr'>γ)</span> <span class='ocrx_word' id='word_1_909' title='bbox 1518 3461 1554 3485; x_wconf 84' lang='lat' dir='ltr'>Et</span> <span class='ocrx_word' id='word_1_910' title='bbox 1563 3461 1721 3492; x_wconf 82' lang='lat' dir='ltr'>propositio,</span> <span class='ocrx_word' id='word_1_911' title='bbox 1732 3468 1800 3492; x_wconf 82' lang='lat' dir='ltr'>quae</span> <span class='ocrx_word' id='word_1_912' title='bbox 1814 3466 1886 3485; x_wconf 91' lang='lat' dir='ltr'>etc.-</span> <span class='ocrx_word' id='word_1_913' title='bbox 1895 3462 1968 3486; x_wconf 87' lang='lat' dir='ltr'>Hanc</span> <span class='ocrx_word' id='word_1_914' title='bbox 1982 3462 2099 3486; x_wconf 89' lang='lat' dir='ltr'>omnium</span> <span class='ocrx_word' id='word_1_915' title='bbox 2109 3462 2183 3486; x_wconf 89' lang='lat' dir='ltr'>codd.</span> <span class='ocrx_word' id='word_1_916' title='bbox 2194 3462 2329 3487; x_wconf 88' lang='lat' dir='ltr'>lectionem</span> <span class='ocrx_word' id='word_1_917' title='bbox 2345 3462 2487 3488; x_wconf 87' lang='lat' dir='ltr'>sufficimus</span> 
     </span>
     <span class='ocr_line' id='line_1_124' title="bbox 1424 3496 2489 3529; baseline 0.003 -9"><span class='ocrx_word' id='word_1_918' title='bbox 1424 3496 1528 3520; x_wconf 85' lang='lat' dir='ltr'>Pianae:</span> <span class='ocrx_word' id='word_1_919' title='bbox 1543 3499 1570 3520; x_wconf 89' lang='lat' dir='ltr'>et</span> <span class='ocrx_word' id='word_1_920' title='bbox 1574 3496 1733 3528; x_wconf 77' lang='lat' dir='ltr'>propositio.</span> <span class='ocrx_word' id='word_1_921' title='bbox 1743 3496 1895 3528; x_wconf 78' lang='lat' dir='ltr'>Propositio</span> <span class='ocrx_word' id='word_1_922' title='bbox 1904 3500 1992 3521; x_wconf 81' lang='lat' dir='ltr'>autem</span> <span class='ocrx_word' id='word_1_923' title='bbox 2007 3497 2103 3529; x_wconf 79' lang='lat' dir='ltr'>accipit</span> <span class='ocrx_word' id='word_1_924' title='bbox 2112 3498 2224 3522; x_wconf 84' lang='lat' dir='ltr'>alteram</span> <span class='ocrx_word' id='word_1_925' title='bbox 2230 3501 2339 3529; x_wconf 82' lang='lat' dir='ltr'>partem</span> <span class='ocrx_word' id='word_1_926' title='bbox 2353 3498 2489 3523; x_wconf 83' lang='lat' dir='ltr'>contradi-</span> 
     </span>
     <span class='ocr_line' id='line_1_125' title="bbox 1424 3531 2487 3566; baseline 0.002 -10"><span class='ocrx_word' id='word_1_927' title='bbox 1424 3531 1525 3559; x_wconf 85' lang='lat' dir='ltr'>ctionis,</span> <span class='ocrx_word' id='word_1_928' title='bbox 1541 3531 1602 3556; x_wconf 87' lang='lat' dir='ltr'>licet</span> <span class='ocrx_word' id='word_1_929' title='bbox 1620 3536 1667 3555; x_wconf 90' lang='lat' dir='ltr'>etc.</span> <span class='ocrx_word' id='word_1_930' title='bbox 1688 3531 1761 3561; x_wconf 90' lang='lat' dir='ltr'>Quae</span> <span class='ocrx_word' id='word_1_931' title='bbox 1780 3531 1855 3556; x_wconf 91' lang='lat' dir='ltr'>lectio</span> <span class='ocrx_word' id='word_1_932' title='bbox 1874 3531 1986 3556; x_wconf 88' lang='lat' dir='ltr'>intricata</span> <span class='ocrx_word' id='word_1_933' title='bbox 2001 3537 2054 3556; x_wconf 88' lang='lat' dir='ltr'>est:</span> <span class='ocrx_word' id='word_1_934' title='bbox 2073 3532 2152 3556; x_wconf 89' lang='lat' dir='ltr'>verba</span> <span class='ocrx_word' id='word_1_935' title='bbox 2171 3532 2239 3556; x_wconf 84' lang='lat' dir='ltr'>enim</span> <span class='ocrx_word' id='word_1_936' title='bbox 2254 3540 2321 3565; x_wconf 84' lang='lat' dir='ltr'>quae</span> <span class='ocrx_word' id='word_1_937' title='bbox 2335 3538 2487 3566; x_wconf 89' lang='lat' dir='ltr'>sequuntur,</span> 
     </span>
     <span class='ocr_line' id='line_1_126' title="bbox 1424 3566 2488 3600; baseline 0.003 -10"><span class='ocrx_word' id='word_1_938' title='bbox 1424 3566 1485 3591; x_wconf 85' lang='lat' dir='ltr'>licet</span> <span class='ocrx_word' id='word_1_939' title='bbox 1503 3566 1529 3590; x_wconf 90' lang='lat' dir='ltr'>in</span> <span class='ocrx_word' id='word_1_940' title='bbox 1545 3566 1623 3591; x_wconf 84' lang='lat' dir='ltr'>modo</span> <span class='ocrx_word' id='word_1_941' title='bbox 1632 3566 1791 3600; x_wconf 80' lang='lat' dir='ltr'>proferendi</span> <span class='ocrx_word' id='word_1_942' title='bbox 1806 3566 1943 3600; x_wconf 74' lang='lat' dir='ltr'>differant,</span> <span class='ocrx_word' id='word_1_943' title='bbox 1958 3566 2027 3591; x_wconf 76' lang='lat' dir='ltr'>haud</span> <span class='ocrx_word' id='word_1_944' title='bbox 2044 3567 2153 3592; x_wconf 88' lang='lat' dir='ltr'>dilucide</span> <span class='ocrx_word' id='word_1_945' title='bbox 2167 3567 2193 3592; x_wconf 87' lang='lat' dir='ltr'>in</span> <span class='ocrx_word' id='word_1_946' title='bbox 2206 3567 2225 3592; x_wconf 82' lang='lat' dir='ltr'>P</span> <span class='ocrx_word' id='word_1_947' title='bbox 2239 3573 2427 3593; x_wconf 85' lang='lat' dir='ltr'>connectuntur</span> <span class='ocrx_word' id='word_1_948' title='bbox 2440 3569 2488 3594; x_wconf 90' lang='lat' dir='ltr'>im-</span> 
     </span>
     <span class='ocr_line' id='line_1_127' title="bbox 1425 3601 2372 3636; baseline 0.003 -10"><span class='ocrx_word' id='word_1_949' title='bbox 1425 3601 1536 3626; x_wconf 83' lang='lat' dir='ltr'>mediate</span> <span class='ocrx_word' id='word_1_950' title='bbox 1555 3601 1775 3634; x_wconf 84' lang='lat' dir='ltr'>praecedentibus,</span> <span class='ocrx_word' id='word_1_951' title='bbox 1795 3602 1972 3635; x_wconf 85' lang='lat' dir='ltr'>interrogatio</span> <span class='ocrx_word' id='word_1_952' title='bbox 1989 3602 2156 3636; x_wconf 78' lang='lat' dir='ltr'>syllogistica</span> <span class='ocrx_word' id='word_1_953' title='bbox 2174 3606 2201 3628; x_wconf 86' lang='lat' dir='ltr'>et</span> <span class='ocrx_word' id='word_1_954' title='bbox 2213 3603 2372 3636; x_wconf 78' lang='lat' dir='ltr'>propositio.</span> 
     </span>
    </p>
   </div>
   <div class='ocr_carea' id='block_1_24' title="bbox 2516 929 2695 983">
    <p class='ocr_par' dir='ltr' id='par_1_34' title="bbox 2516 929 2695 983">
     <span class='ocr_line' id='line_1_128' title="bbox 2516 929 2650 956; baseline -0.015 -4"><span class='ocrx_word' id='word_1_955' title='bbox 2516 930 2527 940; x_wconf 82' lang='lat'>‘</span> <span class='ocrx_word' id='word_1_956' title='bbox 2542 929 2599 956; x_wconf 81' lang='lat' dir='ltr'>cap.</span> <span class='ocrx_word' id='word_1_957' title='bbox 2610 935 2650 950; x_wconf 84' lang='lat' dir='ltr'>xn.</span> 
     </span>
     <span class='ocr_line' id='line_1_129' title="bbox 2517 955 2695 983; baseline -0.006 -6"><span class='ocrx_word' id='word_1_958' title='bbox 2517 955 2570 983; x_wconf 88' lang='lat' dir='ltr'>Seq.</span> <span class='ocrx_word' id='word_1_959' title='bbox 2587 959 2643 977; x_wconf 80' lang='lat' dir='ltr'>text.</span> <span class='ocrx_word' id='word_1_960' title='bbox 2659 961 2695 983; x_wconf 87' lang='lat'>27.</span> 
     </span>
    </p>
   </div>
   <div class='ocr_carea' id='block_1_25' title="bbox 2526 996 2745 1052">
    <p class='ocr_par' dir='ltr' id='par_1_35' title="bbox 2526 996 2745 1052">
     <span class='ocr_line' id='line_1_130' title="bbox 2526 996 2745 1052; baseline 0.009 -4"><span class='ocrx_word' id='word_1_961' title='bbox 2526 996 2745 1052; x_wconf 47' lang='lat' dir='ltr'>77⁷0?ss</span> 
     </span>
    </p>
   </div>
   <div class='ocr_carea' id='block_1_26' title="bbox 2537 1039 2641 1060">
    <p class='ocr_par' dir='ltr' id='par_1_36' title="bbox 2537 1039 2641 1060">
     <span class='ocr_line' id='line_1_131' title="bbox 2537 1039 2641 1060; baseline -0.019 -3"><span class='ocrx_word' id='word_1_962' title='bbox 2537 1039 2641 1060; x_wconf 55' lang='lat' dir='ltr'>vlit*-</span> 
     </span>
    </p>
   </div>
   <div class='ocr_carea' id='block_1_27' title="bbox 2518 2665 2645 2687">
    <p class='ocr_par' dir='ltr' id='par_1_37' title="bbox 2518 2665 2645 2687">
     <span class='ocr_line' id='line_1_132' title="bbox 2518 2665 2645 2687; baseline 0 -1"><span class='ocrx_word' id='word_1_963' title='bbox 2518 2666 2526 2674; x_wconf 86' lang='grc'><em>·</em></span> <span class='ocrx_word' id='word_1_964' title='bbox 2536 2665 2608 2687; x_wconf 88' lang='lat' dir='ltr'>Num.</span> <span class='ocrx_word' id='word_1_965' title='bbox 2622 2665 2645 2686; x_wconf 88' lang='lat'>6.</span> 
     </span>
    </p>
   </div>
   <div class='ocr_carea' id='block_1_28' title="bbox 2516 2771 2715 2851">
    <p class='ocr_par' dir='ltr' id='par_1_38' title="bbox 2516 2771 2715 2851">
     <span class='ocr_line' id='line_1_133' title="bbox 2516 2771 2715 2796; baseline 0.015 -6"><span class='ocrx_word' id='word_1_966' title='bbox 2516 2771 2525 2782; x_wconf 66' lang='lat'>⁸</span> <span class='ocrx_word' id='word_1_967' title='bbox 2539 2777 2631 2796; x_wconf 71' lang='lat' dir='ltr'>annqx</span> <span class='ocrx_word' id='word_1_968' title='bbox 2646 2771 2715 2793; x_wconf 72' lang='lat' dir='ltr'>istae.</span> 
     </span>
     <span class='ocr_line' id='line_1_134' title="bbox 2516 2824 2649 2851; baseline 0.008 -6"><span class='ocrx_word' id='word_1_969' title='bbox 2516 2824 2526 2834; x_wconf 74' lang='lat'>⁴⁵</span> <span class='ocrx_word' id='word_1_970' title='bbox 2538 2824 2607 2845; x_wconf 89' lang='lat' dir='ltr'>Num.</span> <span class='ocrx_word' id='word_1_971' title='bbox 2624 2831 2649 2851; x_wconf 83' lang='lat'>4.</span> 
     </span>
    </p>
   </div>
   <div class='ocr_carea' id='block_1_29' title="bbox 2614 2873 2629 2906">
    <p class='ocr_par' dir='ltr' id='par_1_39' title="bbox 2614 2873 2629 2906">
     <span class='ocr_line' id='line_1_135' title="bbox 2614 2873 2629 2906; baseline 0 0"><span class='ocrx_word' id='word_1_972' title='bbox 2614 2873 2629 2906; x_wconf 81' lang='grc' dir='ltr'><strong>β</strong></span> 
     </span>
    </p>
   </div>
   <div class='ocr_carea' id='block_1_30' title="bbox 2516 2980 2728 3032">
    <p class='ocr_par' dir='ltr' id='par_1_40' title="bbox 2516 2980 2728 3032">
     <span class='ocr_line' id='line_1_136' title="bbox 2516 2980 2728 3009; baseline 0.009 -8"><span class='ocrx_word' id='word_1_973' title='bbox 2516 2982 2525 2990; x_wconf 82' lang='grc'>·’</span> <span class='ocrx_word' id='word_1_974' title='bbox 2534 2980 2569 3002; x_wconf 84' lang='lat' dir='ltr'>Cf.</span> <span class='ocrx_word' id='word_1_975' title='bbox 2581 2981 2632 3002; x_wconf 89' lang='lat' dir='ltr'>lect.</span> <span class='ocrx_word' id='word_1_976' title='bbox 2640 2987 2662 3007; x_wconf 87' lang='lat' dir='ltr'>v,</span> <span class='ocrx_word' id='word_1_977' title='bbox 2671 2987 2728 3009; x_wconf 83' lang='lat' dir='ltr'>n.3.-</span> 
     </span>
     <span class='ocr_line' id='line_1_137' title="bbox 2516 3007 2728 3032; baseline 0.005 -4"><span class='ocrx_word' id='word_1_978' title='bbox 2516 3013 2634 3032; x_wconf 67' lang='lat' dir='ltr'>maros-r:</span> <span class='ocrx_word' id='word_1_979' title='bbox 2647 3007 2728 3029; x_wconf 83' lang='lat' dir='ltr'>aliam.</span> 
     </span>
    </p>
   </div>
   <div class='ocr_carea' id='block_1_31' title="bbox 2618 3044 2634 3069">
    <p class='ocr_par' dir='ltr' id='par_1_41' title="bbox 2618 3044 2634 3069">
     <span class='ocr_line' id='line_1_138' title="bbox 2618 3044 2634 3069; baseline 0 0"><span class='ocrx_word' id='word_1_980' title='bbox 2618 3044 2634 3069; x_wconf 82' lang='grc' dir='ltr'>Υ</span> 
     </span>
    </p>
   </div>
  </div>
 </body>
</html>
