2788 4204
61 461 145 489 Codd.,
155 467 204 483 exc.
213 467 251 487 Q.-

37 495 63 511 r:
79 494 148 516 quae.

38 569 50 580 ⁸
65 567 141 590 Codd.
150 579 160 584 -
170 574 195 589 νς
215 569 253 593 et,-

38 601 53 616 τ
67 600 116 616 om.

1105 270 1217 307 CAP.
1247 271 1338 318 XII,
1370 270 1522 307 LECT.
1553 269 1642 306 XVI

2398 271 2472 308 385

280 347 408 384 minus
428 359 649 395 commune,
670 359 787 396 quam
811 347 1040 395 universale,
1062 348 1168 396 quod
1192 356 1248 385 est
1271 361 1351 385 ma·
1385 347 1539 394 coloris3
1561 347 1696 385 dicitur
1715 354 1845 384 autem
1865 347 1988 384 simile
2007 347 2047 385 in
2066 348 2201 396 figuris
2223 361 2267 386 ex
2289 362 2335 386 eo
2362 363 2439 399 quo
2454 350 2479 387 d

280 400 335 449 gis
364 413 594 447 commune;
621 401 660 437 in
680 408 867 449 quantum
896 400 1037 437 scilicet
1064 402 1103 438 in
1131 402 1352 438 universali-

280 454 369 502 bus,
399 454 522 503 quia*
541 461 628 491 sunt
655 454 783 490 minus
814 453 1075 502 determinata,
1098 455 1217 502 magis
1238 456 1352 492 latent

280 507 618 556 aequivocationes
652 519 769 555 quam
798 506 837 543 in
865 507 935 544 illis
963 520 1062 556 quae
1091 516 1178 545 sunt
1206 509 1285 545 indi
1315 522 1351 546 e-

280 562 419 608 remia,
449 561 545 598 idest
565 562 585 582 *
613 572 713 609 quae
741 572 820 596 non
841 560 1062 598 dividuntur
1079 574 1150 610 per
1174 562 1350 599 differen-

280 614 350 651 tias
369 614 579 663 specificas.
600 614 650 650 Et
668 613 756 649 ideo
775 621 925 662 oportet
944 627 966 650 a
985 615 1237 663 singularibus
1258 616 1350 653 defi-

279 667 422 705 niendo
451 666 659 704 ascendere
689 666 738 703 ad
765 667 1007 705 universalia.

334 733 370 769 7.
393 720 586 767 Secundo,
606 720 675 756 ibi:
700 720 805 756 Sicut
821 727 946 758 autem
967 722 1004 759 in
1028 722 1351 759 demonstrationi-

279 774 348 811 bus
362 780 446 821 etc„
467 773 631 810 ostendit
648 773 752 810 idem
774 786 819 810 ex
835 775 981 811 ratione
1001 775 1225 812 evidentiae.
1248 776 1353 812 Sicut

280 826 432 874 enimin
444 827 834 864 demonstrationibus
850 836 1001 877 oportet
1015 829 1227 877 syllogizari
1241 842 1350 878 prae-

279 881 536 929 supponendo
557 880 714 930 aliquid,
740 882 846 930 quod
875 890 932 919 est
960 882 1118 920 evidens
1138 890 1175 919 et
1193 883 1351 920 manife-

235 964 250 975 .‚
280 941 394 981 stum,
415 934 469 971 sic
488 934 602 971 etiam
624 942 660 971 et
681 934 754 971 *in
774 936 958 982 terminis,
979 936 1076 973 idest
1096 936 1135 973 in
1159 936 1348 973 definitio-

279 987 402 1024 nibus.
421 988 512 1024 Non
529 987 632 1024 enim
646 995 773 1036 potest
787 989 921 1037 aliquis
942 989 1120 1026 devenire
1137 989 1176 1026 in
1188 990 1208 1011 *
1224 989 1350 1038 cogni-

278 1040 423 1078 tionem
439 1040 596 1078 alicuius
609 1043 628 1061 ⁴*
640 1041 757 1089 ignoti
773 1042 843 1079 nisi
853 1054 923 1092 per
942 1042 1098 1091 aliquod
1117 1050 1252 1079 notum
1269 1043 1349 1080 sive

229 1123 236 1129 .
278 1093 413 1143 aliquis
432 1093 603 1131 intendat
623 1107 855 1143 cognoscere
870 1096 959 1144 quia
974 1102 1037 1142 est,
1059 1096 1165 1144 quod
1184 1096 1226 1133 fit
1243 1097 1262 1117 '¹‘
1281 1109 1351 1144 per

279 1147 661 1195 demonstrationem,
683 1149 764 1186 sive
789 1149 880 1198 quid
896 1155 960 1195 est,
981 1149 1087 1198 quod
1106 1149 1149 1185 fit
1166 1161 1236 1197 per
1255 1149 1348 1186 defi-

277 1200 475 1238 nitionem.
497 1202 584 1238 Hoc
604 1210 733 1239 autern
755 1202 946 1251 contingit,
961 1210 1004 1239 ut
1023 1201 1163 1239 scilicet
1179 1202 1349 1250 praeexi-

179 1274 209 1304 ,-
239 1271 250 1307 3
277 1261 350 1291 stat
378 1254 520 1304 aliquid
541 1256 561 1276 *²
591 1255 766 1303 evidens,
792 1255 823 1293 si
848 1256 909 1302 sit,
939 1255 1037 1292 idest
1065 1255 1267 1303 contingat,
1293 1267 1350 1291 se-

276 1307 458 1357 paratim,
487 1308 585 1346 idest
613 1309 816 1346 distinctim
839 1314 870 1356 ”,
901 1307 1050 1345 definiri
1077 1320 1148 1357 per
1176 1321 1222 1345 ea
1249 1321 1348 1357 quae

277 1360 515 1410 singulariter
543 1361 738 1409 dicuntur,
768 1361 864 1399 idest
891 1373 991 1411 quae
1019 1361 1174 1410 proprie
1208 1374 1348 1399 conve-

277 1413 388 1452 niunt
421 1422 458 1452 et
489 1414 661 1452 distincte
696 1415 786 1452 huic
817 1415 880 1451 vel
914 1414 985 1461 illi;
1021 1415 1117 1452 sicut
1151 1414 1181 1451 si
1214 1415 1348 1464 aliquis

276 1467 368 1504 velit
395 1467 592 1505 notificare
621 1468 714 1517 quid
742 1475 799 1505 est
824 1468 965 1514 simile,
986 1481 1064 1506 non
1094 1468 1348 1506 considerabit

277 1519 327 1558 ad
355 1532 473 1558 omne
500 1522 520 1543 *
549 1521 588 1559 id
613 1521 723 1571 quod
754 1529 881 1570 potest
914 1521 1036 1559 simile
1071 1522 1166 1569 dici,
1202 1522 1271 1559 sed
1300 1522 1347 1559 de

276 1572 508 1623 quibusdam
524 1573 725 1621 similibus;
740 1582 833 1624 puta
845 1575 1048 1624 quomodo
1065 1575 1210 1613 dicatur
1225 1575 1346 1613 simile

212 1651 220 1659 ·
275 1626 316 1665 in
334 1627 540 1676 coloribus,
562 1635 598 1665 et
626 1628 826 1677 quomodo
854 1628 1000 1666 dicatur
1018 1629 1140 1666 simile
1155 1630 1175 1649 ⁴*
1195 1629 1234 1666 in
1253 1629 1349 1677 figu-

275 1680 338 1718 ris.
371 1680 519 1718 Dicitur
553 1681 656 1719 enim
691 1682 813 1719 simile
842 1682 881 1720 in
908 1682 1101 1719 coloribus
1134 1694 1180 1719 ex
1206 1682 1349 1720 unitate

274 1838 406 1872 singulare
419 1837 518 1864 definiri
533 1846 548 1864 a
561 1838 638 1864 nobis
650 1846 744 1871 posse,
763 1839 811 1864 sed
823 1838 971 1864 universale
989 1839 1037 1871 (cf.
1051 1840 1108 1864 loca
1124 1847 1192 1872 quae
1207 1840 1317 1865 citantur
1337 1847 1352 1865 a

275 1874 354 1900 Petro
367 1882 382 1899 a
400 1875 542 1908 Bet-gamo,
557 1882 615 1900 voc.
630 1874 771 1908 Definitio,
789 1883 833 1899 nn.
846 1873 892 1905 38,
905 1874 963 1908 39).
977 1875 1135 1908 Oppositum
1150 1881 1236 1900 autem
1250 1876 1351 1900 videtur

273 1909 317 1936 hic
334 1910 430 1935 doceri.

328 1945 488 1979 Respondeo
506 1945 579 1978 quod
596 1945 760 1975 Aristoteles,
779 1950 809 1970 ut
827 1953 849 1970 s.
864 1945 982 1971 Thomas
1002 1946 1113 1979 exponit,
1132 1954 1185 1971 non
1204 1947 1284 1971 sumit
1298 1947 1351 1970 sin-

274 1981 365 2014 gulare
383 1981 499 2014 proprie,
519 1981 566 2006 sed
585 1985 664 2014 prout
683 1979 810 2014 significat
833 1981 920 2006 minus
944 1982 1090 2006 universale
1113 1982 1139 2006 in
1159 1982 1351 2014 comparatione

274 2017 359 2049 magis
372 2017 527 2041 universalis
542 2016 641 2049 (cfilib.
651 2017 670 2046 1,
685 2017 744 2042 lect.
753 2024 796 2046 xn,
811 2024 838 2044 n.
853 2016 893 2049 3),
908 2018 980 2050 quod
993 2022 1033 2042 est
1047 2017 1133 2042 minus
1152 2017 1351 2042 determinatum

274 2051 302 2077 in
315 2053 508 2084 comparatione
523 2052 707 2085 indifferentis,
723 2052 773 2077 hoc
787 2057 827 2077 est
841 2053 924 2085 magis
943 2053 1103 2078 determinati
1124 2054 1195 2086 quod
1214 2061 1267 2078 non
1288 2053 1351 2077 divi-

275 2087 344 2112 ditur
352 2095 400 2121 per
414 2087 569 2113 differendas
584 2087 726 2120 specificas.
742 2087 869 2118 Quamvis
884 2093 972 2113 autem
986 2089 1116 2121 singulare
1127 2090 1229 2121 proprie
1244 2089 1349 2119 dictum,

273 2122 325 2148 hoc
334 2128 376 2148 est
384 2123 553 2154 individuum,
566 2131 619 2148 non
629 2124 712 2156 possit
724 2131 739 2148 a
748 2123 824 2148 nobis
836 2122 942 2154 definiri,
953 2124 1108 2149 universalia
1122 2129 1210 2149 tamen
1225 2123 1350 2149 definiun-

274 2162 330 2190 ταῖς
351 2163 378 2184 et
396 2166 428 2184 eo
447 2159 531 2192 magis
550 2167 643 2184 eorum
662 2157 824 2184 definitiones
838 2165 899 2184 sunt
912 2159 988 2185 nobis
1003 2159 1139 2190 faciliores,
1154 2165 1252 2193 quanto
1267 2159 1350 2192 magis

274 2198 336 2219 sunt
348 2194 525 2220 determinata.
539 2195 581 2219 Ad
594 2202 650 2219 rem
663 2194 761 2219 Waitz:
773 2191 833 2219 «Τό
849 2193 907 2219 καθ’
924 2193 1033 2220 ἕκαστον
1048 2195 1089 2220 hic
1102 2203 1153 2220 non
1167 2195 1226 2220 dicit
1241 2195 1265 2220 id
1279 2195 1350 2228 quod

275 2238 291 2253 ι
310 2229 360 2254 sub
379 2237 474 2255 sensus
493 2230 561 2255 cadit
579 2229 644 2263 (hoc
663 2231 732 2255 enim
751 2229 850 2255 definiri
869 2230 977 2255 omnino
996 2230 1132 2271 nequit)..
1140 2249 1147 2256 .
1168 2231 1216 2256 sed
1235 2231 1350 2273 speciem

275 2274 290 2288 ›
310 2265 484 2307 individuam,
505 2273 586 2298 quam
600 2273 641 2292 vs.
659 2265 687 2291 31
705 2266 765 2290 dicit
784 2262 814 2290 τὸ
837 2260 995 2300 ἀδιάφορον,
1018 2264 1059 2291 διὰ
1079 2263 1110 2291 τὸ
1130 2268 1178 2291 τοῦ
1195 2263 1347 2291 τελευταίου

273 2293 876 2370 atatis„“'032123“³1‘;⁹{:p‘23„⁸p³.⁸g21⁶5:
890 2302 1056 2370 ἒῖξὲἰ).”““
1071 2302 1349 2336 vs-9)»‹111>0ster

329 2371 426 2397 Notat
419 2380 527 2405 insuper
545 2372 683 2397 Caietanus
699 2373 736 2405 (in
750 2373 770 2397 11
783 2372 886 2397 [bster.
897 2380 952 2405 cap.
962 2381 986 2399 x
1000 2373 1016 2406 §
1034 2373 1113 2398 Circa
1131 2373 1270 2406 septimam
1286 2380 1350 2398 con-

274 2407 418 2432 elusionem
437 2412 485 2433 etc.
492 2427 499 2439 ,
518 2407 563 2432 fol.
573 2407 621 2441 89,
641 2408 692 2433 col.
704 2408 751 2441 2),
770 2408 842 2440 quod
861 2409 1006 2433 seeundum
1026 2409 1156 2441 duplicem
1174 2409 1293 2433 ordinem
1311 2409 1349 2433 in-

274 2443 428 2468 tellectualis
447 2443 609 2476 cognitionis,
629 2444 726 2468 scilicet
740 2443 827 2476 quoad
840 2451 869 2468 se
881 2449 907 2469 et
921 2445 1009 2476 quoad
1022 2452 1071 2469 nos
1086 2444 1133 2476 (cf.
1149 2444 1192 2469 lib.
1207 2444 1225 2475 1,
1241 2445 1298 2468 lect.
1313 2451 1348 2474 iv,

273 2486 301 2503 ιι.
319 2477 349 2503 ι5
369 2478 455 2512 seq.),
476 2479 611 2511 dupliciter
630 2479 702 2512 loqui
721 2486 864 2512 possumus
883 2479 916 2504 de
934 2480 1025 2504 ordine
1043 2480 1209 2512 procedendi.
1233 2480 1259 2504 Si
1278 2479 1348 2504 enim

274 2513 415 2547 loquamur
429 2515 575 2540 secundum
588 2514 708 2540 ordinem
722 2519 828 2540 naturae
842 2519 868 2539 et
882 2515 1028 2546 doctrinae,
1046 2520 1150 2549 oportet
1163 2515 1195 2540 ab
1214 2516 1346 2540 universa-

2505 407 2513 415 ·
2535 412 2631 428 Ευκιετ.
2650 419 2660 424 -
2675 415 2718 430 nco

1406 401 1532 449 anguli
1567 409 1655 438 sunt
1682 402 1878 461 aequales,
1918 409 1954 437 et
1981 402 2097 438 latera
2124 403 2422 451 proportionalia
2443 405 2474 441 ³².
2504 439 2545 457 „Q
2550 435 2719 461 propomm·

1407 454 1586 491 Similiter
1616 454 1729 491 etiarn
1758 455 1798 491 in
1826 454 1927 502 aliis,
1957 454 1988 491 si
2015 455 2107 492 velit
2136 456 2294 493 definire
2323 463 2475 494 acutum
2504 459 2606 507 2225-
2601 467 2674 513 fggg
2676 468 2719 510 gg

1405 520 1485 545 non
1504 508 1678 556 respiciet
1703 508 1752 545 ad
1781 520 1899 545 omne
1918 484 2033 557 >quod
2063 508 2135 545 dici
2163 517 2288 557 potest
2307 518 2473 558 acutum,
2503 512 2543 534 ¹³¹¹·

1405 561 1473 598 sed
1493 561 1666 610 respiciet
1686 562 1706 582 ²¹²
1735 561 1784 598 ad
1804 569 1959 598 acutum
1983 564 2196 600 secundum
2217 563 2322 611 quod
2343 564 2477 601 dicitur
2503 570 2612 617 ng0dd
2628 578 2678 593 exc
2688 578 2718 594 ¹³0

2519 602 2580 621 }{.—Q
2591 600 2715 630 P.resp1-

1404 615 1443 651 in
1471 627 1581 652 voce.
1613 615 1662 651 Et
1687 627 1757 663 per
1776 615 1879 651 hunc
1898 616 2062 652 modurn
2089 624 2194 665 patet
2218 618 2323 665 quod
2343 617 2475 666 aliquis
2502 623 2548 670 εἰς
2558 630 2717 674 gflggbpltge-

1406 668 1565 706 definire
1590 667 1790 705 intendens
1819 669 1953 716 refugit
1981 669 2105 706 statim
2132 682 2180 707 ne
2201 671 2393 718 contingat
2412 671 2475 707 ali·
2690 659 2703 674 c

1406 723 1518 770 qua*
1512 721 1816 770 aequivocatio.
1846 723 1896 759 Et
1914 735 1982 771 per
2000 723 2040 744 ’⁸²¹‘
2058 723 2133 760 hoc
2157 731 2262 773 patet
2281 737 2363 761 esse
2384 737 2474 761 con·
2500 736 2717 768 Aliquaexcodd.

1405 775 1625 812 venientem
1645 776 1808 812 modum
1832 775 2049 823 definiendi,
2071 789 2148 825 quo
2170 789 2214 814 ex
2234 777 2474 815 inferioribus
2503 770 2605 812 ῗχὲοὲὲ.
2610 798 2673 818 exc.
2683 799 2713 818 Q

1403 828 1624 877 proceditur
1648 828 1698 865 ad
1718 841 1944 874 commune;
1975 829 2013 866 in
2033 838 2218 878 quantum
2241 832 2260 852 ’¹‘
2279 831 2445 868 scilicet
2436 844 2474 868 1n
2498 819 2657 871 Ριιιοῖἷιῗυὶτιυη
2666 851 2714 867 οιιι

1405 881 1632 930 specialibus
1658 881 1835 930 specialia
1864 882 2021 919 definire
2046 884 2189 921 facilius
2210 892 2276 933 est,
2298 892 2334 922 et
2353 885 2474 933 magis
2501 876 2531 891 Π

1405 935 1444 972 in
1472 935 1608 972 talibus
1636 942 1762 983 potest
1790 947 1873 971 esse
1901 943 1991 972 nota
2019 936 2251 975 univocatio.

1460 989 1495 1025 8.
1517 988 1668 1025 Deinde
1689 1000 1778 1024 cum
1799 988 1904 1024 dicit:
1926 989 1969 1025 Si
1985 995 2110 1026 autem
2131 1003 2205 1027 non
2228 997 2373 1039 oportet
2390 999 2473 1039 etc„

1406 1042 1569 1078 excludit
1596 1042 1841 1090 quemdam*
1860 1042 2023 1079 modurn
2050 1044 2285 1092 procedendi
2314 1044 2352 1081 in
2382 1044 2511 1081 defi--

1405 1094 1623 1131 nitionibus.
1654 1095 1703 1131 Et
1723 1094 1811 1131 dicit
1829 1095 1935 1154 quod
1955 1096 2050 1132 sicut
2078 1109 2157 1134 non
2177 1105 2326 1146 oportet
2346 1098 2473 1147 dispu-

1404 1154 1483 1184 tare
1510 1160 1581 1196 per
1609 1148 1872 1196 metaphoras,
1901 1148 1952 1185 ita
1981 1149 2094 1186 etiam
2122 1163 2202 1187 non
2230 1158 2381 1199 oportet
2409 1152 2473 1188 de-

1404 1200 1513 1237 finire
1540 1213 1610 1249 per
1642 1201 1904 1260 metaphora53
1938 1209 2069 1250 utpote
2103 1203 2132 1239 si
2169 1204 2340 1241 dicamus
2369 1206 2474 1253 quod

1402 1254 1516 1290 homo
1536 1260 1591 1290 est
1606 1255 1724 1290 arbor
1743 1255 1892 1291 in‘versa
1910 1252 1942 1292 ⁰:
1967 1268 2039 1292 nec
2058 1263 2207 1304 oportet
2226 1257 2263 1294 in
2288 1258 2473 1295 definitio·
2600 1270 2613 1295 ο

1403 1306 1515 1344 nibus
1535 1319 1730 1344 assumere
1745 1320 1996 1356 quaecunque
2012 1310 2270 1358 metaphorice
2287 1311 2472 1348 dicuntur.

1404 1361 1505 1397 Cum
1535 1361 1637 1398 enim
1659 1361 1901 1398 definitiones
1930 1362 2002 1398 sint
2024 1363 2231 1412 praecipua
2251 1365 2270 1384 ⁵
2292 1372 2328 1401 et
2347 1365 2472 1401 effica-

1403 1414 1554 1451 cissima
1582 1414 1711 1451 media
1739 1414 1777 1451 in
1807 1415 2144 1463 disputationibus,
2175 1417 2205 1453 si
2234 1417 2473 1455 definitiones

1402 1468 1582 1505 darentur
1598 1480 1668 1517 per
1687 1469 1943 1516 metaphoras,
1965 1477 2186 1518 sequeretur
2205 1471 2309 1519 quod
2325 1479 2474 1520 oporte-

1402 1529 1458 1558 ret
1486 1533 1532 1558 ex
1551 1521 1785 1570 metaphoris
1806 1522 2008 1571 disputare.
2031 1524 2117 1559 Hoc
2136 1531 2265 1561 autem
2289 1524 2372 1561 fieri
2396 1537 2475 1561 non

1403 1574 1528 1622 debet,
1547 1575 1635 1624 quia
1654 1576 1880 1623 metaphora
1900 1576 2082 1625 accipitur
2100 1577 2313 1614 secundum
2333 1578 2475 1627 aliquid

1403 1628 1536 1676 simile,
1558 1641 1637 1665 non
1657 1636 1786 1665 autem
1805 1629 1825 1650 *
1844 1637 1994 1677 oportet
2012 1638 2054 1666 ut
2076 1629 2115 1667 id
2141 1631 2246 1679 quod
2271 1638 2327 1667 est
2353 1631 2512 1669 simile·

1403 1681 1617 1719 secundum
1636 1694 1772 1730 unum,
1788 1682 1834 1719 sit
1853 1683 1973 1720 simile
1993 1691 2179 1732 quantum
2198 1685 2248 1722 ad
2267 1685 2409 1722 omnia.

2550 1057 2657 1079 uemdam
2672 1064 2701 1080 ex

2501 1089 2529 1104 co
2548 1084 2570 1105 d.

2502 1374 2623 1396 ·.·Codd
2612 1382 2689 1398 ·:1³nn

2496 1402 2624 1429 principia.

2500 1653 2554 1673 'zm
2564 1658 2611 1674 non
2621 1655 2716 1680 oportet

2501 1681 2528 1700 ut
2551 1679 2613 1700 idem
2637 1680 2714 1701 simile

2501 1706 2626 1728 secundum
2636 1712 2713 1728 unum.

1406 1840 1513 1865 lioribus
1533 1840 1667 1865 inchoare:
1687 1841 1733 1865 sed
1747 1841 1768 1865 si
1783 1848 1872 1865 sermo
1885 1840 1919 1866 sit
1933 1841 1965 1865 de
1979 1841 2058 1866 modo
2072 1841 2226 1874 procedendi
2242 1842 2328 1874 quoad
2343 1849 2405 1872 nos,
2424 1843 2473 1867 sci-

1405 1875 1465 1900 licet
1479 1876 1623 1901 secundum
1641 1876 1759 1901 ordinem
1778 1881 1882 1901 nostrae
1897 1877 2108 1909 investigationis,
2123 1877 2159 1902 sic
2174 1882 2277 1910 oportet
2289 1885 2304 1902 a
2318 1878 2404 1902 minus
2416 1878 2473 1903 uni-

1404 1911 1550 1936 versalibus
1570 1912 1602 1936 ad
1621 1912 1704 1943 magis
1723 1912 1877 1936 universalia
1899 1913 2038 1937 ascendere
2045 1920 2052 1943 ;
2077 1913 2137 1945 quia
2159 1913 2245 1937 unitas
2264 1914 2351 1937 minus
2370 1914 2473 1938 univer-

1405 1947 1499 1971 salium
1514 1947 1564 1979 (uti
1580 1947 1655 1972 docet
1669 1947 1719 1972 hoc
1733 1948 1791 1972 loco
1810 1955 1833 1973 s.
1845 1947 1962 1972 Thomas
1977 1955 2036 1972 cum
2049 1948 2203 1980 Aristotele)
2223 1948 2322 1973 facilius
2336 1949 2472 1980 invenitur,

1405 1990 1463 2007 cum
1479 1990 1531 2007 non
1546 1988 1663 2015 oporteat
1677 1983 1763 2015 vagari
1783 1990 1829 2015 per
1847 1984 1929 2008 multa
1947 1984 2002 2014 illa,
2017 1991 2086 2016 quae
2099 1984 2148 2008 sub
2163 1984 2339 2008 universaliori
2354 1992 2473 2017 compre-

1405 2017 1560 2048 henduntur,
1575 2023 1604 2042 ut
1617 2018 1714 2042 sciatur
1728 2019 1753 2042 in
1767 2018 1862 2051 quibus
1877 2018 2003 2049 differant,
2014 2024 2039 2043 et
2053 2019 2079 2043 in
2092 2027 2143 2052 qua
2154 2019 2251 2044 unitate
2265 2021 2397 2044 communi
2412 2027 2473 2044 con-

1404 2054 1515 2078 veniant.
1529 2054 1603 2079 Unde
1618 2054 1718 2086 primus
1733 2054 1799 2078 ordo
1814 2052 1863 2087 (de
1882 2062 1936 2086 quo
1950 2055 2047 2079 dictum
2061 2060 2101 2079 est
2115 2054 2141 2079 in
2160 2055 2311 2079 lectionibus
2327 2056 2474 2080 immediate

1404 2088 1633 2123 praecedentibus)
1649 2097 1679 2114 ex
1697 2088 1882 2114 difficilioribus
1897 2090 2026 2122 procedit;
2044 2090 2109 2114 ordo
2124 2091 2254 2115 secundus
2274 2089 2323 2124 (de
2336 2098 2390 2123 quo
2405 2099 2473 2115 nunc

1404 2125 1500 2157 agitur)
1515 2133 1546 2149 ex
1559 2124 1725 2150 facilioribus.
1740 2125 1806 2149 Hinc
1821 2125 1913 2158 collige
1926 2126 1997 2158 quod
2010 2133 2062 2150 non
2076 2125 2246 2158 prohibemur
2259 2134 2274 2150 a
2289 2125 2473 2151 difficilioribus

1404 2160 1454 2185 illis
1470 2161 1618 2193 procedere,
1634 2161 1686 2185 imo
1701 2160 1764 2185 haec
1777 2160 1819 2185 via
1833 2161 1969 2192 perfectior
1988 2166 2041 2186 est:
2062 2162 2108 2186 sed
2126 2161 2167 2185 via
2186 2161 2284 2186 facilior
2302 2162 2437 2187 indicatur.

1457 2196 1483 2227 η)
1504 2195 1671 2228 Separatim,
1692 2196 1761 2221 idest
1780 2196 1963 2221 distinctim.—
1977 2197 2017 2221 Sic
2034 2197 2144 2228 legimus
2163 2204 2222 2221 cum
2238 2197 2258 2221 B
2274 2195 2322 2230 (cf.
2336 2196 2418 2231 text.).
2437 2197 2472 2222 P:

1403 2231 1549 2263 separatim
1569 2231 1749 2263 definitionem
1770 2232 1877 2264 definiri
1883 2239 1892 2260 ;
1911 2231 1948 2256 0:
1967 2232 2114 2263 separatim
2127 2235 2154 2257 et
2165 2232 2312 2257 distinctim
2319 2239 2329 2261 ;
2348 2232 2382 2257 C:
2396 2240 2472 2264 sepa-

1404 2267 1494 2296 ratim,
1508 2267 1577 2292 idest
1596 2266 1682 2300 (idest
1696 2266 1818 2301 expung.)
1834 2265 1930 2300 disfdm
1938 2276 1947 2297 ;
1961 2268 1983 2292 D
1997 2275 2019 2292 s.
2034 2275 2079 2293 m.:
2093 2268 2247 2299 separatim,
2264 2268 2332 2293 idest
2352 2268 2455 2293 divisim
2463 2275 2473 2297 ,·

1404 2307 1451 2326 cet.
1471 2302 1554 2327 codd.:
1573 2302 1732 2334 separatim,
1754 2302 1822 2327 idest
1841 2302 2033 2335 definitionem,
2058 2303 2102 2327 ubi
2126 2303 2306 2336 definitionem
2326 2308 2395 2335 patet
2413 2311 2472 2328 esse

1403 2338 1610 2370 corruptionem;
1630 2338 1677 2362 sed
1696 2346 1783 2370 neque
1802 2338 1979 2371 definitionem
2000 2339 2107 2372 definiri
2125 2339 2218 2363 Pianae
2237 2339 2336 2363 admitti
2355 2343 2473 2371 potest.-

1403 2373 1454 2397 Pro
1473 2373 1586 2406 definiri,
1606 2373 1643 2398 G:
1663 2373 1811 2406 definibilis,
1832 2373 1868 2403 Q:
1888 2374 1950 2399 dici.

1456 2407 1481 2441 Θ)
1500 2409 1589 2433 Arbor
1602 2409 1709 2434 inversa
1722 2414 1770 2434 etc.
1784 2424 1803 2428 -
1816 2409 1925 2435 ALNT:
1941 2416 2033 2434 eversa
2038 2417 2047 2438 ,·
2059 2410 2095 2434 D:
2115 2416 2257 2438 conversa,·
2269 2410 2293 2435 G
2308 2417 2393 2435 versa.
2406 2423 2425 2428 ·-
2437 2410 2472 2434 B:

1402 2451 1485 2477 neque
1499 2445 1568 2469 enim
1584 2448 1702 2476 oportet;
1722 2445 1789 2469 ELN
1805 2450 1831 2469 et
1842 2453 1868 2477 p.
1879 2453 1914 2469 m.
1929 2445 1966 2469 D:
1982 2452 2065 2478 neque
2078 2453 2138 2470 cum
2153 2449 2271 2477 oportet,·
2283 2445 2375 2470 HMO:
2389 2452 2473 2477 neque

1402 2480 1484 2505 etiam
1508 2483 1614 2512 oportet
1619 2488 1628 2510 ‚·
1653 2479 1691 2510 Q:
1717 2487 1769 2505 non
1794 2484 1882 2506 tamen
1908 2483 2033 2513 oportet;
2058 2481 2090 2506 S:
2115 2488 2197 2513 neque
2221 2484 2327 2513 oportet
2351 2479 2475 2514 (oportet

1402 2515 1531 2550 expung.)
1551 2523 1611 2541 cum
1629 2519 1743 2548 oportet.

419 3663 489 3696 Opp.
507 3663 539 3688 D.
554 3663 669 3688 Tuomn
687 3663 720 3688 T.
739 3662 757 3688 1.

2267 3662 2324 3696 49*
