2788 4204
1134 270 1245 306 CAP.
1276 271 1421 317 XXIX,
1451 270 1602 307 LECT.
1632 271 1717 307 XLI

81 359 299 388 *nozsr'ntfuefianc
327 348 432 398 cipiis
460 349 581 386 fluant
599 349 630 395 *,
652 348 746 385 sicut
768 347 952 397 principia
971 347 1143 395 trianguli
1163 354 1198 383 et
1217 348 1387 396 quadrati
1412 348 1416 374 ¹

79 393 96 409 Α
109 393 133 414 p.
144 393 176 408 m.
186 393 238 412 om;
254 389 298 407 cet.

85 413 164 435 codd.:
173 413 245 440 fiunt.

83 441 95 451 ⁸
101 446 126 465 q:
135 439 298 461 demonstran-

84 468 129 492 tur,
146 469 167 487 et
181 467 213 487 ita
232 465 299 486 infra.

83 493 94 504 ⁸
105 498 246 514 annm-rost.
254 503 264 507 -
273 497 301 512 rc
329 506 336 513 .

83 525 147 540 num
160 526 166 545 ς
187 518 299 539 derivan-

84 547 130 566 tur.
138 556 148 561 -
158 550 299 576 naci->equo

84 578 124 593 rr:
139 577 155 592 a
166 577 268 598 princip.

85 725 269 748 'mcumoqsr
277 728 300 745 et

87 756 110 777 ρ.
119 756 151 772 m.
159 757 187 772 x:
200 750 298 771 scibilis.

86 887 96 897 ⁸
105 886 182 914 Defin.
190 893 218 908 ex
228 886 297 908 codd.

82 1307 94 1319 ‘
103 1313 132 1330 o:
138 1307 297 1335 praedictam.

85 1361 96 1370 ·
109 1365 173 1386 κιαι
188 1362 252 1382 sunt.

83 1411 299 1435 ’coda-nu.-

85 1438 254 1467 nomprtna.

85 1620 97 1631 ⁸
110 1619 223 1642 laetu.

90 1890 148 1914 ‘CC
164 1892 216 1913 lect.
232 1896 301 1919 xvm,

89 1927 113 1943 n.
124 1927 132 1944 ι
143 1925 170 1952 ,et
182 1925 232 1944 not.
244 1928 269 1949 α,

92 2426 104 2437 ⁸
117 2425 193 2465 qodd.
207 2427 266 2451 (exc.
276 2432 304 2447 cu

89 2530 168 2554 'Dm
175 2536 306 2554 acc-omn..

70 2568 72 2573 ’
90 2580 102 2592 ⁸
110 2585 155 2602 u:
164 2579 200 2602 ad
211 2580 304 2602 concu-

91 2605 192 2628 aenum
206 2606 280 2628 conci.

90 2637 103 2649 ⁸
115 2643 131 2660 υ
145 2643 195 2660 om.
209 2639 242 2660 ut.

91 2673 102 2682 ''
118 2672 194 2695 Codd.
209 2685 219 2690 -
234 2679 276 2695 PK:

90 2701 154 2722 mt-

327 401 573 439 derivantur*
584 414 629 438 ex
639 400 830 450 principiis
845 401 999 448 figurae;
1007 401 1069 437 vel
1079 400 1263 449 principia
1276 401 1387 438 unius

328 454 546 491 deriventur
569 456 590 476 ‘¹‘
610 466 655 491 ex
682 453 873 502 principiis
901 453 1066 499 alterius,
1092 453 1186 489 sicut
1204 453 1388 502 principia

327 507 493 544 1soscelis
522 507 740 557 dependent
758 519 781 543 a
798 505 991 554 principiis
1019 506 1202 553 trianguli.
1233 507 1316 543 Nec
1335 514 1387 543 ta-

328 571 419 597 men
449 560 731 608 intelligendum
752 566 806 595 est
833 560 939 607 quod
958 559 1118 595 sufficiat
1138 561 1186 597 ad
1204 559 1387 596 unitatem

327 613 505 650 scientiae
532 613 657 650 unitas
680 611 953 660 principiorum
980 612 1193 660 primorum
1213 612 1389 661 simplici-

326 673 393 713 ter,
423 666 490 703 sed
516 665 641 702 unitas
667 665 940 713 principiorum
959 665 1172 713 primorum
1200 667 1238 703 in
1263 666 1388 715 aliquo

326 730 464 766 genere
484 718 602 755 scibili
616 719 647 755 *.
669 717 957 765 Distinguuntur
975 725 1103 755 autem
1123 731 1261 766 genera
1281 719 1388 755 scibi-

325 771 419 807 lium
448 771 661 808 secundum
695 771 888 808 diversum
926 772 1087 808 modum
1121 772 1387 820 cognoscendi.

327 823 432 860 Sicut
445 823 519 861 alio
540 826 658 862 modo
679 831 960 872 cognoscuntur
981 836 1025 860 ea
1044 837 1142 874 quae
1158 825 1391 862 definiuntur

327 888 418 913 cum
431 877 599 925 materia,
617 885 652 914 et
668 890 712 914 ea
727 888 825 926 quae
845 877 1107 914 definiuntur*
1117 877 1197 914 sine
1217 878 1386 914 materia.

326 929 438 966 Unde
467 929 568 967 aliud
600 943 719 979 genus
752 929 937 967 scibilium
967 937 1022 967 est
1055 943 1192 979 corpus
1220 931 1388 968 naturale

327 989 364 1018 et
378 994 515 1031 corpus
530 983 854 1020 mathematicum.
866 984 977 1020 Unde
993 985 1079 1020 sunt
1098 983 1247 1021 diversa
1265 984 1389 1032 prima

325 1035 509 1084 principia
545 1036 739 1085 utriusque
773 1036 941 1084 generis,
978 1043 1014 1072 et
1045 1049 1114 1085 per
1151 1048 1390 1085 consequens

327 1087 500 1130 diversae
523 1089 712 1126 scientiae.
739 1090 788 1125 Et
812 1096 1016 1137 utrumque
1039 1090 1179 1125 horum
1204 1101 1388 1136 generum

283 1146 299 1162 ’-
327 1140 564 1189 distinguitur
582 1143 602 1163 *
621 1142 660 1178 in
681 1142 849 1179 diversas
869 1142 1014 1189 species
1033 1141 1236 1187 scibilium,
1256 1153 1389 1178 secun-

327 1193 420 1230 dum
449 1194 620 1231 diversos
641 1195 779 1231 modos
800 1201 835 1230 et
860 1193 1023 1230 rationes
1048 1193 1387 1241 cognoscibilitatis.

385 1247 442 1283 13.
476 1246 625 1284 Deinde
659 1259 748 1283 curn
781 1246 889 1283 dicit:
922 1246 1156 1283 Huiusmodi
1184 1252 1308 1283 autem
1342 1247 1389 1283 si-

324 1309 446 1348 gnum
465 1305 520 1336 est
537 1306 624 1347 etc.‚
650 1299 864 1336 manifestat
890 1299 1055 1347 positam
1075 1299 1096 1320 *
1115 1299 1312 1336 rationem.
1343 1300 1392 1335 Et

326 1351 415 1389 dicit
441 1352 548 1401 quod
566 1353 717 1400 signum
742 1352 855 1388 huius
879 1358 944 1398 est,
965 1352 1071 1400 quod
1094 1351 1271 1388 scientiae
1291 1352 1393 1389 sint*

324 1404 463 1441 alterae
493 1406 705 1442 secundum
732 1404 928 1453 principia,
959 1417 1047 1446 cum
1075 1405 1318 1454 perveniatur
1335 1418 1391 1442 re-

327 1458 514 1494 solvendo
542 1457 592 1495 ad
623 1458 643 1479 *
669 1457 852 1507 principia
878 1457 1018 1505 prima,
1048 1470 1145 1506 quae
1172 1465 1258 1494 sunt
1286 1458 1391 1496 inde-

326 1510 596 1558 monstrabilia,
626 1523 724 1560 quae
753 1517 902 1559 oportet
930 1522 1011 1547 esse
1041 1511 1213 1548 eiusdem
1245 1512 1392 1560 generis

327 1574 416 1599 cum
444 1563 503 1600 his
535 1576 634 1613 quae
663 1565 988 1610 demonstrantur;
1017 1564 1127 1613 quia,
1156 1564 1251 1601 sicut
1278 1576 1392 1613 supra

327 1622 525 1654 ostensum
554 1624 609 1653 est
626 1618 658 1664 ⁴²,
678 1629 758 1654 non
779 1617 958 1665 contingit
977 1629 1022 1653 ex
1041 1617 1115 1653 alio
1139 1629 1276 1665 genere
1303 1629 1390 1666 pro-

328 1669 528 1707 cedentem
547 1670 819 1707 demonstrare.
844 1671 906 1707 Ad
924 1671 998 1707 hoc
1018 1677 1146 1707 autem
1166 1672 1271 1719 quod
1289 1670 1390 1719 prin-

329 1721 426 1771 cipia
441 1722 820 1760 indemonstrabilia⁷=
835 1723 907 1760 sint
920 1723 1033 1760 unius
1048 1723 1206 1771 generis,
1215 1723 1395 1772 accipitur

327 1782 370 1812 ut
397 1774 560 1823 signum,
586 1788 676 1813 cum
700 1789 745 1814 ea
763 1788 863 1826 quae
884 1776 1192 1813 demonstrantur
1209 1789 1278 1825 per
1296 1777 1389 1825 ipsa,

329 1827 403 1864 sint
429 1828 468 1865 in
497 1829 636 1867 eodem
664 1841 801 1877 genere
831 1835 866 1865 et
895 1841 1100 1877 congenea,
1128 1829 1224 1866 idest
1253 1842 1392 1866 conna-

328 1882 463 1919 turalia
487 1882 550 1918 vel
576 1882 751 1930 proxima
770 1882 983 1919 secundum
1011 1893 1131 1929 genus
1150 1882 1220 1919 sibi
1247 1882 1337 1931 ipsis
1355 1883 1392 1928 *;

329 1934 550 1972 huiusmodi
579 1935 682 1972 enim
711 1935 852 1972 habent
881 1935 1017 1972 eadem
1044 1935 1238 1984 principia.
1270 1937 1318 1972 Et
1342 1935 1394 1972 sic

328 1994 433 2037 patet
451 1988 557 2037 quod
579 1988 703 2025 unitas
730 1988 877 2036 generis
905 1987 1054 2034 scibilis,
1075 1988 1113 2025 in
1133 1995 1319 2037 quantum
1340 1996 1395 2025 est

330 2041 474 2088 scibile,
510 2053 555 2078 ex
588 2053 667 2091 quo
695 2042 949 2090 accipiebatur
974 2041 1098 2078 unitas
1136 2042 1329 2088 scientiae,
1361 2049 1397 2078 et

329 2093 455 2131 unitas
482 2093 768 2143 principiorum,
788 2096 1001 2133 secundum
1025 2107 1122 2142 quae
1142 2095 1396 2143 accipiebatur

331 2147 508 2184 scientiae
538 2148 746 2194 diversitas,
776 2147 846 2184 sibi
873 2155 1007 2185 mutuo
1033 2148 1340 2197 correspondent.

390 2211 448 2247 14.
469 2200 618 2238 Deinde
638 2213 727 2238 cum
747 2201 851 2238 dicit:
871 2201 1003 2238 Plures
1022 2206 1147 2238 autem
1166 2201 1396 2238 demonstra-

332 2253 448 2290 tiones
477 2260 559 2301 etc.,
590 2253 754 2291 ostendit
781 2254 980 2304 quomodo
1008 2267 1086 2291 una
1115 2254 1307 2291 conclusio
1326 2266 1396 2303 per

330 2307 441 2356 plura
453 2306 638 2356 principia
658 2307 909 2345 demonstrari
927 2315 1062 2357 potest.
1083 2308 1133 2344 Et
1145 2308 1220 2344 hoc
1240 2307 1396 2356 quidem

333 2359 513 2407 contingit
541 2360 748 2409 dupliciter.
777 2362 865 2398 Uno
895 2361 1050 2410 quidem
1080 2361 1211 2407 modo,
1241 2360 1396 2409 quando

330 2420 526 2461 ponuntur
538 2414 648 2462 plura
662 2414 682 2435 ²¹⁸
698 2414 826 2451 media
839 2414 878 2451 in
894 2415 1029 2451 eadem
1049 2413 1345 2459 coordinatione,
1363 2420 1399 2449 et

332 2465 370 2502 in
402 2477 480 2502 una
513 2467 836 2504 demonstratione
878 2467 1058 2516 accipitur
1084 2479 1206 2503 unum
1248 2466 1398 2503 illorum

332 2518 566 2566 mediorum,
598 2527 634 2557 et
661 2520 699 2557 in
727 2520 800 2557 alia
828 2520 1150 2558 demonstratione
1179 2519 1360 2568 accipitur
1378 2519 1398 2539 '¹‘

333 2571 435 2608 aliud
463 2573 512 2610 ad
540 2574 718 2610 eamdem
738 2575 758 2593 ⁴⁵
779 2573 1083 2610 conclusionem:
1105 2580 1142 2609 et
1169 2573 1222 2609 sic
1250 2579 1400 2621 oportet

333 2625 438 2673 quod
466 2625 670 2675 accipiatur
697 2626 868 2664 medium
897 2639 976 2663 non
1005 2626 1246 2672 continuum;
1276 2626 1350 2662 ut*
1369 2624 1400 2661 si

333 2677 446 2714 sint*
475 2678 553 2715 duo
583 2685 750 2716 extrema
778 2682 812 2715 A
837 2681 880 2726 B,
908 2686 950 2716 ut
976 2687 1068 2728 puta
1096 2680 1234 2716 habere
1263 2684 1335 2715 tres
1365 2686 1402 2714 et

386 2830 417 2866 π)
437 2832 574 2864 Pn’ncipia
589 2832 837 2857 indemonstrabilia
851 2837 898 2857 etc.
909 2847 927 2851 -
941 2831 1108 2862 CEGKNQT
1121 2837 1147 2857 et
1164 2841 1189 2865 p.
1210 2841 1245 2856 m.
1259 2833 1301 2857 DS
1315 2832 1404 2864 legunt

333 2866 567 2898 demonstrabilia3
581 2868 628 2892 sed
642 2873 683 2892 est
701 2875 781 2898 error,
800 2873 829 2892 ut
843 2868 955 2901 quisque
969 2876 1016 2900 per
1030 2876 1059 2893 se
1072 2868 1142 2893 videt
1147 2876 1154 2899 ;
1169 2868 1238 2892 unde
1250 2868 1275 2892 in
1289 2868 1331 2892 DS
1346 2875 1402 2892 cor-

332 2902 424 2934 rigitur
432 2903 458 2927 in
468 2903 724 2928 indemonstrabilia.
731 2917 749 2921 —
759 2903 822 2928 ltem
832 2903 880 2928 ΑΟ
892 2911 944 2927 non
954 2908 1037 2928 recte:
1050 2904 1219 2935 accipiuntur
1230 2906 1259 2927 ut
1268 2903 1403 2936 signum.—

333 2937 552 2962 ABCDEHNST:
575 2940 638 2962 sunt
663 2938 690 2962 in
720 2938 811 2963 eodem
829 2945 927 2971 genere
934 2946 943 2967 ,·
965 2939 1000 2963 L:
1025 2939 1094 2963 idest
1115 2938 1267 2966 essentialia
1292 2938 1402 2967 ve150:

334 2971 403 2997 idest
419 2973 558 3005 generalia
563 2981 573 3002 ‚·
592 2972 630 3003 Q:
651 2973 719 2998 idest
735 2974 934 2998 convertibilia.-
953 2974 999 2998 sed
1018 2981 1133 2998 erronee.

388 3007 412 3040 ρ)
431 3007 537 3032 Scilicet
559 3008 587 3032 D
605 3010 632 3032 et
652 3008 894 3038 C—CDEOQST:
913 3009 1012 3034 scilicet
1033 3010 1056 3034 C
1071 3012 1097 3033 et
1114 3009 1154 3039 D‚·
1172 3009 1281 3034 KLMN:
1304 3008 1404 3037 scillcet

335 3042 363 3066 D
381 3045 408 3067 et
428 3043 513 3067 C.·-P
532 3050 586 3067 om.
600 3043 751 3074 particulam
770 3046 804 3068 et.

388 3077 415 3109 σ)
439 3077 484 3102 Vel
501 3078 573 3110 quod
593 3078 658 3103 dicit
680 3078 802 3103 etc-Ex
827 3078 857 3103 iis
877 3086 944 3111 quae
962 3083 1054 3111 postea
1079 3079 1207 3110 dicuntur,
1225 3079 1308 3103 Aliud
1331 3078 1403 3111 quod

335 3112 400 3138 dicit
419 3117 475 3143 etc.‚
489 3113 581 3137 melior
598 3113 699 3137 videtur
718 3113 793 3138 lectio
819 3114 876 3138 cod.
895 3114 931 3138 B:
954 3114 990 3138 Et
1003 3114 1123 3146 primum
1143 3114 1215 3147 quod
1239 3113 1402 3139 dicit.-Alii

335 3147 437 3173 codices
456 3148 552 3172 habent
569 3148 706 3173 lectionem
726 3149 760 3173 P:
784 3149 829 3173 Vel
847 3149 919 3181 quod
937 3149 1016 3174 dicit:
1035 3157 1102 3182 quae
1121 3150 1207 3174 minus
1226 3150 1319 3181 placet.

388 3184 414 3215 τ)
430 3183 460 3208 In
475 3183 691 3208 delectationibus
705 3183 921 3216 intelligibilibus.
930 3198 950 3202 -
959 3185 1027 3209 Ante
1036 3185 1115 3209 verba
1130 3182 1332 3217 Ἐπισκέψασθαι
1343 3189 1401 3213 etc.‚

335 3226 402 3252 quae
420 3226 435 3243 a
454 3226 475 3243 s.
486 3218 589 3243 Thema
605 3219 631 3243 in
650 3219 769 3251 sequenti
786 3227 895 3244 numero
909 3224 1078 3251 exponuntur,
1093 3220 1246 3244 Aristoteles
1260 3219 1344 3248 habet,
1359 3216 1400 3244 Οὔ

335 3251 383 3288 μὴν
401 3251 467 3279 ὥστε
487 3259 548 3278 etc.:
574 3261 641 3286 quae
659 3254 746 3283 verba,
765 3254 847 3286 inquit
870 3254 1021 3283 Caietanus.
1040 3255 1066 3279 in
1085 3255 1157 3279 litera
1176 3262 1198 3279 s.
1212 3253 1330 3278 Thomae
1349 3261 1402 3277 non

334 3289 463 3314 habentur
481 3287 507 3322 (1
522 3289 632 3318 Foster„
648 3296 704 3321 cap.
716 3296 779 3319 xxn,
797 3289 842 3314 fol.
855 3297 897 3322 70,
913 3290 962 3314 col.
975 3289 997 3320 3,
1011 3290 1027 3322 g
1044 3290 1122 3315 Circa
1141 3289 1187 3314 illa
1205 3289 1285 3313 verba
1300 3287 1370 3322 etc.).
1384 3302 1402 3306 -

334 3325 450 3349 Praefata
467 3324 547 3348 verba
565 3332 618 3348 non
637 3324 752 3357 explicite
770 3325 862 3356 exponi
881 3332 896 3349 a
914 3324 1049 3350 &Thema
1062 3330 1160 3350 certum
1175 3329 1222 3354 est,
1242 3329 1268 3348 at
1281 3324 1402 3355 implicite

336 3359 458 3384 contineri
478 3360 503 3383 in
521 3359 682 3391 praecedenti
706 3360 938 3392 argumentatione,
958 3367 1043 3393 neque
1066 3360 1202 3385 Caietanus
1222 3363 1298 3391 negat
1317 3366 1402 3391 neque

336 3395 483 3428 negandum
499 3394 626 3419 existimo.
638 3395 818 3427 Argyropolus
832 3395 907 3419 vertit
920 3395 998 3419 verba
1012 3395 1124 3419 omissa:
1140 3404 1153 3417 κ
1165 3395 1222 3419 Non
1237 3399 1323 3418 tamen
1338 3394 1403 3418 adeo

338 3441 351 3453 ι
366 3431 475 3460 diversa,
489 3435 518 3454 ut
536 3435 656 3454 neutrum
675 3430 772 3454 dicatur
785 3431 817 3454 de
830 3430 926 3454 altero:
945 3437 1052 3454 necesse
1066 3435 1106 3454 est
1120 3430 1188 3454 enim
1201 3429 1278 3453 ambo
1291 3429 1402 3462 cuipiam

337 3474 352 3490 ι
368 3466 452 3490 eidem
477 3466 571 3490 inesse.
589 3474 602 3488 ι
622 3465 728 3489 Pacius:
750 3474 762 3487 ι
780 3466 879 3490 Verum
903 3465 1098 3497 intelligendum
1124 3470 1163 3489 est
1186 3472 1217 3489 ea
1241 3464 1326 3488 media
1349 3472 1400 3488 non

339 3511 352 3524 ι
366 3506 419 3526 tam
445 3508 525 3533 posse
549 3507 608 3525 esse
631 3500 746 3530 diversa,
771 3505 800 3525 ut
821 3500 931 3525 alterum
956 3500 1028 3524 alteri
1058 3500 1131 3524 nullo
1162 3500 1241 3524 modo
1266 3500 1402 3524 convenire

339 3546 352 3559 ι
368 3536 465 3569 possit:
485 3535 696 3568 quandoquidem
721 3535 805 3560 eidem
824 3536 896 3560 alicui
922 3535 1000 3560 ambo
1023 3535 1159 3560 convenire
1182 3535 1374 3567 conspiciuntur
1388 3544 1401 3557 ›

337 3570 364 3605 (Ι
378 3572 488 3600 Foster„
503 3579 558 3603 cap.
572 3578 638 3602 xxw,
657 3578 716 3603 pag.
732 3578 792 3595 221.
805 3570 851 3595 Ed.
866 3570 928 3603 cit.).
942 3584 962 3589 —
976 3570 1060 3595 Wm'tz
1080 3570 1183 3602 exponit
1201 3570 1244 3594 illa
1257 3569 1402 3594 Aristotelis

337 3607 424 3637 verba,
444 3601 542 3640 ἀνάγκη
560 3603 609 3640 γὰρ
629 3611 686 3634 etc..
699 3606 748 3631 hoc
767 3606 860 3630 modo:
876 3615 889 3628 ι
906 3606 931 3630 Si
951 3605 1111 3638 praedicatur
1125 3603 1151 3630 A
1165 3605 1197 3629 de
1216 3603 1238 3629 Δ
1251 3610 1277 3630 et
1291 3603 1313 3629 Δ
1326 3604 1359 3629 de
1371 3603 1402 3635 B,

2428 270 2501 316 307

1444 349 1622 394 isosceles,
1651 356 1686 385 et
1713 349 1785 386 sint
1814 361 1947 386 eorum
1978 349 2054 386 duo
2076 350 2095 370 *
2122 349 2249 385 media
2273 348 2502 394 coordinata,

1443 402 1582 439 scilicet
1600 403 1635 438 D
1657 409 1692 438 et
1712 403 1742 438 C
1762 409 1794 448 P,
1814 410 1856 438 ut
1872 409 1963 451 puta
1982 402 2194 451 triangulus
2214 409 2250 438 et
2256 403 2394 450 figura
2410 401 2502 437 talis.

1444 455 1577 491 Posset
1597 456 1616 476 ‘¹‘
1633 467 1721 503 ergo
1737 455 1986 492 demonstrari
2001 457 2035 491 A
2060 455 2106 492 de
2126 455 2157 490 B
2179 455 2327 492 duabus
2347 454 2504 490 demon-

1445 507 1702 554 strationibus,
1723 507 1761 544 in
1790 505 1951 556 quarum
1979 520 2056 544 una
2075 507 2279 555 accipietur
2296 507 2316 528 *
2334 519 2404 555 pro
2425 518 2504 542 me-

1446 561 1508 597 dio
1530 562 1572 607 C,
1601 568 1636 597 et
1663 560 1701 597 in
1730 561 1801 597 alia
1820 562 1868 607 D,
1891 561 1963 596 et*
1987 560 2026 597 in
2051 568 2183 596 neutra
2204 559 2407 609 accipietur
2426 571 2504 595 me-

1446 613 1551 650 dium
1572 613 1794 650 continuum
1824 613 2009 660 extremis,
2030 613 2120 661 quia
2143 613 2181 650 in
2200 625 2277 649 una
2305 611 2507 660 accipietur

1445 666 1616 703 medium
1638 666 1890 703 continuum*
1903 666 1968 702 uni
1984 673 2152 702 extremo
2170 673 2205 702 et
2224 665 2505 703 discontinuum

1445 719 1493 755 ab
1523 720 1650 764 altero,
1671 719 1709 755 in
1729 719 1749 740 *
1776 719 1848 755 alia
1874 731 1967 755 vero
1998 731 2016 755 e
2047 731 2246 755 converSO.

1504 773 1561 808 15.
1591 771 1677 808 Alio
1697 773 1816 808 modo
1836 773 1910 808 hoc
1930 771 2119 819 contingit,
2142 770 2505 820 quandobaccipiun—

1445 831 1504 861 tur
1531 825 1681 861 diversa
1714 825 1841 861 media
1870 837 1914 861 ex
1947 824 2096 860 diversa
2133 823 2438 870 coordinatione,
2466 830 2507 859 ut

1444 885 1536 925 puta
1555 877 1585 913 si
1604 879 1650 924 A,
1671 877 1776 926 quod
1801 884 1856 913 est
1874 877 1997 913 maior
2016 877 2238 924 extremitas,
2257 877 2302 913 sit
2321 882 2506 913 transmu-

1445 930 1529 975 tari,
1546 937 1582 966 et
1596 931 1639 976 B,
1661 929 1766 978 quod
1791 936 1845 966 est
1863 929 1989 966 minor
2013 929 2236 976 extremitas,
2258 929 2302 966 sit
2320 929 2506 974 delectari,

1446 990 1482 1019 et
1497 982 1729 1031 accipiantur
1743 982 1892 1018 diversa
1912 982 2038 1018 media
2055 995 2133 1018 non
2154 982 2347 1019 existentia
2367 982 2436 1018 sub
2452 981 2506 1018 in-

1444 1035 1582 1081 vicem,
1603 1035 1742 1071 scilicet
1756 1035 1802 1080 E,
1822 1035 1927 1083 quod
1948 1042 2002 1070 est
2025 1035 2212 1082 quiescere
2228 1036 2260 1082 ³¹³,
2282 1042 2316 1071 et
2335 1036 2382 1081 D,
2403 1035 2508 1083 quod

1446 1094 1500 1124 est
1515 1088 1669 1124 moveri.
1692 1088 1912 1124 Secundum
1926 1088 2000 1123 hoc
2016 1087 2116 1123 enim
2130 1089 2150 1109 '¹‘
2165 1088 2301 1124 eadem
2316 1087 2507 1124 conclusio

1445 1147 1570 1188 potest
1585 1139 1759 1177 concludi
1773 1151 1842 1188 per
1860 1140 2009 1176 diversa
2034 1140 2160 1177 media
2179 1153 2258 1177 non
2276 1141 2388 1177 unius
2408 1139 2508 1178 ordi-

1446 1192 1522 1236 nis;
1539 1199 1574 1228 et
1590 1192 1657 1228 erit
1670 1205 1748 1229 una
1763 1192 2032 1229 demonstratio
2051 1193 2144 1229 talis:
2165 1193 2284 1229 Omne
2298 1194 2397 1241 quod
2410 1193 2508 1241 quie-

1445 1245 1515 1281 scit
1531 1250 1818 1291 transmutatur,
1840 1245 1928 1293 quia
1953 1245 2122 1282 eiusdem
2143 1253 2198 1282 est
2214 1246 2454 1282 transmutari
2475 1253 2510 1281 et

1447 1297 1658 1347 quiescere;
1687 1311 1798 1335 omne
1825 1299 1844 1319 ’¹‘
1873 1298 1973 1346 quod
1998 1298 2199 1334 delectatur
2226 1299 2392 1346 quiescit,
2422 1298 2509 1347 quia

1448 1351 1555 1400 quies
1583 1351 1622 1388 in
1650 1351 1756 1388 bono
1777 1350 1987 1388 desiderato
2002 1351 2022 1371 *
2046 1358 2174 1387 causat
2202 1351 2508 1397 delectationem;

1447 1416 1541 1453 ergo
1570 1416 1681 1441 omne
1708 1405 1809 1452 quod
1834 1404 2036 1440 delectatur
2063 1410 2343 1440 transmutatur.
2372 1425 2396 1431 -
2425 1404 2509 1440 Alia

1449 1457 1803 1497 demonstratiolerit
1819 1458 1853 1493 *ε
1880 1457 1999 1494 Omne
2018 1457 2120 1505 quod
2136 1462 2307 1494 movetur
2325 1463 2509 1493 transmu-

1447 1515 1565 1555 tatur;
1593 1523 1704 1548 omne
1731 1510 1832 1559 quod
1857 1510 2060 1547 delectatur
2087 1516 2272 1556 movetur,
2303 1510 2391 1558 quia
2411 1510 2509 1546 dele-

1449 1562 1560 1599 ctatio
1594 1571 1650 1600 est
1685 1564 1842 1612 quidam
1876 1570 2003 1600 motus
2037 1563 2262 1612 appetitivae
2299 1562 2509 1612 potentiae;

1447 1627 1541 1665 ergo
1561 1628 1672 1653 omne
1689 1617 1790 1665 quod
1807 1616 2008 1653 delectatur
2026 1622 2306 1653 transmutatur.
2322 1616 2392 1652 Vel
2408 1616 2511 1664 quod

1448 1669 1536 1706 dicit
1549 1675 1579 1716 ⁰,
1609 1669 1728 1706 Omne
1753 1669 1854 1718 quod
1874 1669 2076 1706 delectatur
2098 1675 2283 1715 movetur,
2306 1677 2360 1706 est
2378 1681 2510 1705 secun—

1449 1722 1542 1758 dum
1563 1722 1787 1771 opinionem
1807 1722 1975 1758 Platonis
1997 1723 2031 1769 *,
2054 1730 2090 1759 et
2108 1723 2222 1759 habet
2240 1723 2368 1758 locum
2388 1722 2426 1758 in
2447 1721 2510 1758 de—

1448 1775 1710 1812 lectationibus
1743 1775 2000 1822 sensibilibus,
2030 1788 2128 1824 quae
2158 1783 2244 1812 sunt
2272 1787 2360 1811 cum
2389 1781 2509 1811 motu.

1450 1827 1563 1865 Aliud
1578 1829 1598 1848 ’¹‘
1617 1829 1723 1878 quod
1738 1828 1841 1874 dicit,
1867 1828 1985 1865 Omne
2005 1829 2105 1877 quod
2123 1828 2324 1864 delectatur
2343 1827 2509 1876 quiescit,

1450 1888 1504 1917 est
1532 1893 1668 1918 verum
1698 1882 1910 1918 secundum
1939 1881 2160 1930 opinionem
2188 1880 2394 1918 Aristotelis
2414 1882 2452 1926 *,
2472 1887 2512 1916 ut

1448 1940 1552 1982 patet
1574 1934 1613 1970 in
1631 1935 1700 1970 VII
1727 1941 1762 1970 et
1790 1935 1824 1970 X
1847 1935 2067 1971 Ethicorum
2087 1934 2119 1970 *.
2146 1935 2195 1970 Et
2212 1935 2287 1970 hoc
2310 1934 2510 1983 praecipue

1449 1987 1665 2024 verificatur
1684 1987 1723 2024 in
1748 1986 2058 2024 delectationibus
2075 1987 2364 2035 intelligibilibus
2377 1992 2403 2023 τ.

1511 2040 1568 2077 16.
1589 2039 1737 2077 Deinde
1752 2040 1772 2061 *
1791 2040 1879 2077 dicit
1898 2041 2014 2088 quod,
2035 2040 2130 2077 sicut
2147 2041 2221 2077 hoc
2242 2047 2438 2076 ostensum
2459 2047 2513 2075 est

1451 2093 1488 2129 in
1516 2093 1641 2142 prima
1668 2093 1808 2140 figura,
1838 2093 1888 2130 ita
1914 2093 2027 2130 etiarn
2044 2094 2064 2114 ²⁸
2081 2100 2206 2142 potest
2228 2093 2266 2129 in
2286 2092 2365 2129 aliis
2384 2091 2512 2140 figuris

1452 2146 1499 2183 de
1528 2146 1623 2183 facili
1644 2146 1889 2191 considerari,
1911 2147 2016 2195 quod
2031 2146 2051 2167 *
2071 2147 2208 2183 eadem
2237 2145 2428 2182 conclusio
2459 2145 2511 2182 di-

1451 2199 1570 2236 versis
1584 2199 1720 2236 mediis
1734 2202 1858 2247 potest
1877 2199 2123 2247 syllogizari.-
2137 2199 2283 2236 Inducit
2296 2206 2424 2236 autem
2438 2199 2511 2234 hoc

1452 2252 1708 2301 Philosophus
1728 2253 1776 2289 ad
1796 2252 2076 2289 ostendendum
2096 2252 2200 2301 quod
2220 2252 2413 2289 diversum
2433 2263 2511 2288 me—

1453 2306 1559 2343 dium
1576 2305 1908 2342 demonstrationis
1923 2306 2154 2354 quandoque
2168 2305 2328 2354 pertinet
2347 2305 2395 2342 ad
2411 2316 2512 2341 eam-

1453 2359 1543 2396 dem
1571 2358 1778 2405 scientiam,
1804 2366 1896 2406 puta
1929 2370 2017 2395 cum
2047 2366 2102 2395 est
2129 2370 2174 2394 ex
2203 2359 2338 2395 eadem
2367 2357 2513 2394 coordi-

1453 2412 1651 2457 natione*;
1672 2412 1902 2460 quandoque
1923 2418 2052 2448 autem
2072 2411 2120 2448 ad
2141 2411 2308 2448 diversas
2328 2410 2512 2456 scientias,

1453 2473 1544 2514 puta
1581 2464 1736 2512 quando
1770 2472 1825 2500 est
1853 2477 1898 2500 ex
1934 2464 2006 2501 alia
2034 2463 2332 2501 coordinatione.
2368 2464 2471 2500 Sicut
2495 2463 2515 2483 '¹‘
2543 2474 2550 2481 ·

1454 2526 1592 2555 terram
1627 2530 1708 2554 esse
1741 2517 1945 2554 rotundam
1977 2517 2083 2565 per*
2110 2517 2212 2553 aliud
2246 2517 2416 2554 medium
2452 2516 2514 2553 de-

1455 2577 1640 2608 monstrat
1668 2570 1889 2618 astrologus,
1911 2570 2050 2606 scilicet
2076 2582 2148 2619 per.
2174 2570 2342 2619 eclipsim
2364 2570 2451 2606 solis
2481 2577 2516 2606 et

1456 2625 1566 2661 lunae
1583 2653 1592 2670 ,
1614 2631 1650 2660 et
1676 2636 1745 2672 per
1773 2623 1874 2660 aliud
1901 2623 2090 2670 naturalis,
2107 2622 2245 2660 scilicet
2271 2635 2339 2671 per
2366 2630 2515 2659 motum

1457 2677 1629 2726 gravium
1644 2676 1694 2713 ad
1709 2684 1894 2724 centrum,
1904 2683 1946 2712 ut
1961 2676 2093 2713 dicitur
2106 2676 2145 2712 in
2161 2677 2191 2712 ΙΙ
2203 2677 2223 2696 '¹‘
2233 2676 2478 2724 Pitysicorum
2489 2681 2513 2712 ⁰.

1459 2841 1471 2854 ›
1489 2832 1580 2856 deinde
1603 2831 1624 2855 si
1644 2829 1671 2856 A
1689 2831 1721 2855 de
1743 2829 1769 2855 Η
1787 2836 1813 2855 et
1831 2828 1856 2855 H
1875 2831 1907 2855 de
1930 2829 1967 2861 B,
1993 2830 2158 2862 consequitur
2183 2837 2213 2854 ex
2235 2829 2452 2861 propositiom'bus
2472 2828 2516 2854 ΔΒ

1459 2877 1472 2889 ι
1488 2872 1514 2891 et
1532 2865 1589 2895 ΗΒ,
1609 2865 1631 2891 Δ
1650 2866 1789 2899 praedicari
1808 2866 1840 2890 de
1859 2867 1946 2898 aliquo
1965 2863 1997 2895 H,
2018 2873 2097 2897 quare
2111 2863 2133 2888 Δ
2147 2865 2179 2889 de
2198 2864 2284 2896 aliqua
2301 2869 2373 2896 parte
2391 2864 2446 2889 eius
2465 2870 2515 2889 ter-

1459 2912 1471 2925 »
1488 2902 1551 2926 mini
1571 2900 1625 2934 (B)
1644 2901 1839 2934 praedicabitur,
1854 2902 1886 2926 de
1900 2908 1953 2933 quo
1967 2901 2126 2933 praedicatur
2139 2897 2172 2924 H.
2187 2900 2227 2924 Sic
2243 2904 2310 2924 certe
2324 2905 2516 2931 argumentatus

1459 2947 1471 2960 ι
1486 2938 1586 2962 videtur
1604 2937 1764 2967 Aristoteles,
1780 2944 1939 2969 quamquam
1957 2936 1998 2960 vix
2013 2936 2126 2967 intelligo
2141 2935 2273 2967 quomodo
2286 2934 2411 2965 acciderit,
2424 2940 2453 2959 ut
2467 2934 2516 2959 hoc

1458 2982 1472 2995 ι
1487 2972 1582 2997 falsum
1595 2980 1654 2997 esse
1667 2980 1719 2996 non
1733 2972 1823 2996 viderit
1836 2981 1848 2993 »
1866 2972 1890 3003 (I
1904 2971 2014 3000 Poster„
2029 2978 2084 3002 cap.
2093 2978 2156 2999 xxix,
2170 2970 2278 2998 Comm.,
2291 2977 2348 3001 pag.
2361 2968 2485 3004 371—72').
2497 2984 2516 2988 -

1456 3008 1535 3040 Atqui
1555 3008 1625 3032 nulla
1643 3007 1744 3032 videtur
1758 3007 1854 3031 falsitas
1868 3007 1892 3031 in
1906 3006 2050 3030 Aristotelis
2063 3005 2226 3038 syhogismo.
2246 3005 2411 3030 Ratiocinatio
2425 3005 2515 3029 aristo-

1456 3044 1530 3067 telica
1548 3047 1602 3067 est:
1626 3050 1647 3067 1.
1665 3042 1748 3067 Omne
1761 3042 1832 3074 quod
1845 3042 1954 3074 quiescit
1966 3044 2162 3066 transmutatur
2167 3049 2176 3070 ;
2195 3047 2272 3065 omne
2285 3041 2355 3072 quod
2369 3041 2516 3065 delectatur

1456 3078 1566 3110 quiescit
1570 3085 1580 3106 ,·
1598 3085 1675 3102 omne
1686 3077 1758 3109 quod
1772 3078 1918 3102 delectatur
1932 3079 2137 3101 transmutatur.
2147 3090 2165 3094 -
2177 3083 2199 3100 2.
2217 3075 2299 3100 Omne
2312 3076 2383 3107 quod
2397 3079 2517 3100 movetur

1457 3116 1668 3142 transmutatur;
1687 3120 1762 3137 omne
1781 3112 1851 3144 quod
1870 3112 2016 3137 delectatur
2035 3115 2168 3141 moverta,-
2186 3118 2263 3135 omne
2281 3111 2352 3143 quod
2370 3111 2516 3135 delectatur

1457 3148 1839 3173 transmutatur.—Sumantur
1858 3148 1980 3176 minores,
1996 3153 2021 3172 et
2034 3147 2137 3172 tertium
2155 3146 2306 3171 habebimus
2321 3146 2515 3178 syllogismum:

1460 3183 1543 3207 Omne
1561 3183 1633 3215 quod
1652 3183 1798 3207 delectatur
1820 3183 1930 3214 quiescit
1936 3190 1945 3211 ,·
1963 3190 2040 3207 omne
2058 3182 2129 3214 quod
2147 3182 2293 3206 delectatur
2312 3184 2444 3210 movetur‚·
2466 3181 2515 3206 ali-

1456 3218 1520 3250 quid
1539 3218 1611 3250 quod
1629 3221 1748 3242 movetur
1766 3218 1883 3249 quiescit.
1903 3218 1975 3242 Patet
1993 3226 2055 3250 ergo
2074 3218 2143 3249 quod
2162 3217 2246 3240 media
2264 3217 2377 3248 priorum
2395 3215 2515 3248 syllogis-

1457 3260 1558 3277 morum
1579 3251 1727 3286 (quiescere
1751 3258 1776 3276 et
1801 3252 1915 3286 moveri)
1936 3253 1995 3277 talia
2019 3257 2087 3282 sunt,
2106 3257 2134 3276 ut
2158 3259 2239 3276 unum
2258 3251 2355 3276 dicatur
2377 3252 2410 3276 de
2434 3251 2516 3275 altero

1456 3287 1576 3319 (aliquid
1595 3288 1665 3319 quod
1684 3290 1804 3312 movetur
1827 3288 1965 3319 quiescit),
1985 3296 2016 3312 eo
2038 3288 2108 3320 quod
2126 3287 2169 3311 uni
2194 3287 2331 3319 eidemque
2351 3287 2515 3317 conveniant,

1456 3323 1552 3347 scilicet
1571 3324 1607 3356 τῷ
1625 3322 1763 3351 delectari,
1777 3328 1805 3347 ut
1823 3322 1910 3347 videre
1929 3328 1968 3347 est
1986 3324 2012 3347 in
2030 3322 2165 3355 praedictis
2181 3322 2325 3346 minoribus
2341 3321 2417 3354 primi
2431 3326 2456 3346 et
2474 3329 2515 3346 se-

1456 3358 1532 3382 cundi
1551 3357 1708 3390 syllogismi:
1729 3367 1741 3379 «
1758 3358 1791 3381 Et
1815 3357 1887 3388 licet,
1911 3358 1997 3389 inquit
2021 3357 2219 3387 Lincolniensis,
2243 3357 2268 3381 in
2291 3357 2385 3381 talibus
2409 3357 2516 3381 demon·-

1458 3403 1471 3416 ›
1487 3393 1653 3417 strationibus
1667 3393 1718 3417 duo
1737 3393 1821 3417 media
1832 3393 1951 3425 opposita
1970 3393 2034 3422 sint,
2053 3398 2140 3417 tamen
2154 3400 2200 3424 per
2214 3392 2320 3416 modum
2339 3399 2392 3425 quo
2410 3392 2516 3416 veniunt

1459 3438 1471 3450 2
1487 3428 1514 3452 in
1537 3428 1734 3460 syllogismum,
1754 3432 1856 3460 oportet
1880 3428 1988 3452 alterum
2019 3428 2052 3452 de
2076 3427 2176 3459 reliquo
2199 3427 2353 3460 praedicari,
2373 3427 2434 3459 quia
2456 3434 2516 3451 cum

1458 3473 1470 3485 »
1487 3468 1625 3495 utrumque
1644 3463 1741 3487 dicatur
1760 3463 1792 3487 de
1815 3463 1907 3487 minori
1926 3462 2096 3492 extremitate,
2115 3463 2280 3494 consequitur
2298 3470 2344 3495 per
2362 3462 2462 3487 tertiam
2486 3461 2516 3486 fl-

1458 3508 1470 3521 »
1487 3506 1577 3530 guram
1603 3498 1711 3522 alterum
1734 3498 1918 3529 particulariter
1942 3498 1974 3523 de
1998 3497 2099 3530 reliquo
2117 3497 2256 3530 praedicari
2274 3507 2287 3520 ι
2303 3498 2348 3529 (ln
2367 3497 2376 3522 1
2396 3497 2514 3526 Foster„

1457 3541 1511 3566 cap.
1524 3540 1593 3564 xvm,
1608 3533 1652 3557 fol.
1669 3531 1709 3562 25,
1724 3533 1772 3557 col.
1794 3533 1826 3565 ι).

1509 3567 1535 3600 υ)
1555 3568 1607 3593 Per
1625 3571 1724 3593 motum
1743 3568 1866 3600 gravium
1886 3573 1961 3593 etc.—
1975 3568 2008 3592 P:
2023 3575 2075 3600 per
2094 3571 2192 3592 motum
2211 3568 2334 3600 gravium
2354 3567 2516 3593 tendentium

1456 3604 1493 3628 ad
1510 3607 1645 3632 centrum,·
1664 3604 1711 3628 sed
1729 3611 1820 3627 omnes
1839 3603 1914 3628 codd.
1928 3611 1980 3628 om.
2000 3603 2178 3633 tendentium;
2197 3603 2223 3634 Q
2239 3611 2292 3628 om.
2308 3603 2384 3628 etiam
2402 3602 2440 3628 ad
2457 3610 2516 3628 cen—

2534 361 2541 368 ·
2557 360 2610 381 Duo
2632 366 2679 381 om.
2693 366 2714 381 A.
2731 371 2740 376 -

2532 386 2608 408 Codd.
2635 393 2685 408 exc.
2699 392 2743 408 nnc

2532 415 2613 460 {taltme
2632 412 2744 434 ardina-

2631 475 2644 500 Ρ

2533 502 2541 510 ”
2555 507 2584 521 ΑΒ
2598 504 2619 521 ct
2634 507 2653 521 s.
2669 506 2701 522 m.
2715 506 2742 522 n:

2530 533 2637 553 possum.
2647 538 2657 543 -
2671 532 2744 548 ABCDE

2535 559 2591 577 (ξεττ
2601 553 2745 574 demonstra-

2533 585 2567 600 re.

2532 606 2542 616 ⁸
2550 613 2576 626 Αε
2586 606 2710 633 accipiam,-
2718 612 2743 631 Q:

2533 632 2648 662 accipitur
2662 640 2671 657 ;
2700 636 2744 653 cet.

2533 659 2672 685 acctpiatur.

2533 685 2543 695 ⁸
2552 691 2565 705 u
2573 692 2577 705 :
2586 686 2609 705 et
2619 685 2690 706 etiam
2699 685 2744 705 in.-

2533 717 2625 757 itmuxq:
2643 711 2746 739 accipia-

2544 743 2580 758 ur.

2532 764 2543 773 ⁸
2549 763 2618 790 idest,
2625 763 2745 785 immedia-

2534 793 2592 810 tum.

2533 816 2544 826 ⁸
2560 816 2635 837 Codd.
2651 827 2661 832 -
2677 822 2703 837 r:
2724 817 2746 837 et

2533 843 2573 866 in,-
2587 849 2614 864 c:
2631 844 2655 863 el
2667 842 2725 863 alia.

2534 1040 2543 1048 ”
2558 1046 2573 1060 Α
2582 1046 2587 1060 z
2601 1039 2676 1066 quies.

2535 1097 2545 1107 ⁸
2566 1096 2641 1127 Codd.
2653 1107 2662 1112 -
2672 1102 2685 1117 ι’
2698 1102 2746 1118 om.

2535 1129 2603 1143 emm.

2536 1306 2547 1316 ⁴
2563 1306 2638 1328 Codd.
2648 1319 2658 1323 -
2669 1314 2692 1329 P:
2709 1311 2732 1330 et

2536 1338 2610 1354 omne.

2536 1358 2547 1369 ⁸
2555 1365 2600 1384 AQ:
2612 1360 2750 1382 considera-

2537 1387 2575 1409 to,-
2589 1392 2603 1406 o
2615 1394 2620 1407 :
2643 1387 2750 1409 conside-

2537 1413 2601 1433 rata.

2539 1464 2547 1471 ·
2562 1463 2656 1485 Codd.·
2671 1471 2696 1487 γε
2712 1472 2750 1487 es-

2537 1492 2588 1515 set,·
2602 1496 2628 1512 o:
2644 1494 2686 1513 est.

2633 1679 2647 1695 6

2538 1728 2548 1738 ’“
2563 1728 2650 1750 Flam.-
2659 1730 2683 1752 In
2696 1731 2750 1753 Pha·-

2538 1754 2595 1775 lebo.

2539 1838 2547 1845 ·
2556 1838 2618 1860 0:111.
2626 1842 2703 1862 autem
2711 1842 2750 1869 qd.

2542 1888 2549 1894 ·
2559 1886 2634 1908 Codd.
2643 1889 2698 1912 (exc.
2707 1894 2754 1911 net

2540 1918 2602 1943 s3m.
2614 1916 2655 1937 nl:
2672 1914 2752 1937 Plato-

2539 1945 2585 1959 ms.
2601 1951 2612 1955 -
2627 1940 2660 1961 Et
2671 1941 2693 1962 Χ
2704 1948 2753 1964 orn.

2539 1971 2644 1991 saeuo.

2538 1992 2548 2002 '⁸
2563 1992 2620 2020 Cap.
2631 1999 2660 2019 ιι,
2678 2000 2732 2043 ¹¹3}
2742 2007 2752 2011 -

2542 2018 2634 2040 Comm.
2665 2027 2684 2042 s.
2730 2022 2754 2043 h.

2540 2045 2591 2066 lect.
2602 2048 2753 2075 ιαμ-(Ἀμην.

2541 2071 2632 2094 Comm.
2651 2080 2669 2094 s.
2699 2074 2753 2101 Th.y

2541 2098 2592 2119 lect.
2608 2105 2631 2120 v.

2541 2160 2550 2168 ‘
2559 2160 2633 2181 Codd.
2640 2138 2698 2186 lrexc.
2707 2164 2752 2186 nol:

2539 2186 2572 2217 Et
2583 2186 2638 2212 dic.,·
2647 2194 2674 2209 a:
2690 2189 2756 2210 Dicit

2539 2214 2668 2260 ‘iiffl'bssd‘
2678 2221 2692 2236 ⁰
2703 2221 2750 2236 ⁰¹¹¹·

2539 2266 2549 2301 ἶ
2564 2256 2641 2286 Etiam
2656 2273 2704 2298 om.
2714 2274 2737 2289 o.

2563 2298 2608 2313 au:
2624 2299 2687 2320 quta.

2540 2426 2550 2434 ⁸
2564 2431 2593 2446 AN
2601 2433 2606 2446 :
2622 2425 2699 2448 ordin.

2569 2479 2599 2494 ox
2606 2481 2611 2494 :
2635 2474 2696 2495 sicut
2718 2477 2755 2496 est

2542 2501 2638 2521 terram.

2541 2530 2552 2540 ⁸
2566 2536 2722 2556 msuxumqr
2732 2535 2754 2552 et

2543 2563 2603 2595 'iim'
2613 2558 2694 2604 &juia
2701 2564 2754 2584 per,-

2543 2590 2568 2604 υ.
2584 2589 2629 2611 quo
2655 2590 2709 2611 per.

2544 2633 2611 2680 'Gai-p.
2622 2632 2752 2654 n.-c0mm.

2543 2666 2562 2680 s.
2595 2659 2617 2680 h.
2628 2660 2722 2680 lect.111.

2649 2697 2663 2711 υ
