2548 4192
210 296 291 321 CXVI

209 362 397 403 gnitumque
421 361 538 391 Filium
561 360 624 390 Dei
647 369 683 389 ex
707 359 823 389 virtute
846 366 902 386 seu
924 356 956 385 vi
978 354 1214 395 prodigiorum,
1239 363 1276 383 ex

209 408 324 447 spiritu
347 405 608 446 sanctificationis
626 412 723 443 quem
746 402 778 431 in
802 411 834 431 se
859 399 1055 430 credentibus
1070 397 1215 448 Christus
1229 397 1276 447 in-

210 451 325 489 fundit,
350 461 387 481 ex
409 449 642 480 resurrectione
657 447 787 476 demum
802 454 865 485 qua
889 453 921 473 se
935 453 953 472 a
968 441 1101 472 mortuis
1122 448 1275 472 excitawt.

277 496 312 525 In
335 495 415 525 hanc
438 491 726 532 interpretationem
747 499 813 518 non
832 488 888 518 ivit
902 493 1039 517 attamen
1059 485 1224 526 Origenes,
1241 492 1278 516 ut

210 538 419 569 confidentius
449 536 570 577 putavit
592 535 758 564 Erasmus:
783 533 879 572 idque
903 530 1066 561 contendit
1089 540 1209 568 unum,
1241 536 1278 560 ut

209 583 400 614 destinatum
419 581 537 611 Filium
555 580 618 609 Dei
636 577 745 607 dixerit
762 575 948 615 Apostolus,
969 584 1035 604 non
1048 575 1275 614 praedestina-

210 632 286 658 tum.
311 625 518 657 Disertissima
536 622 674 663 profero,
690 630 771 661 quae
793 620 887 649 verba
904 619 998 649 habet
1018 618 1052 648 in
1074 618 1160 649 idem
1182 625 1278 658 caput

209 671 349 710 primum
363 668 521 709 Epistolae
545 666 584 696 ad
607 666 788 695 Romanos:
809 677 823 691 «x
842 663 1087 694 Observandum
1110 669 1158 693 est
1178 663 1275 700 enim,

211 726 226 741 »
248 715 321 755 quia
340 715 405 743 non
429 711 520 742 dicit:
544 709 806 740 Praedestinatus
829 713 875 738 εει
898 707 1002 737 Filius
1022 707 1086 737 Dei
1104 708 1136 737 in
1160 708 1278 738 virtute

210 770 224 784 ¹>
246 757 418 788 secundum
437 756 583 796 spiritum
604 752 866 793 sanctificationis
876 760 887 782 .·
901 751 955 782 sed
968 751 1024 792 qui
1038 751 1216 782 destinatus
1231 756 1277 782 est

209 813 224 828 a>
245 802 348 831 Filius
360 801 423 831 Dei
437 801 468 830 in
485 800 644 830 virtute...
661 796 842 827 Destinatur
856 796 941 826 enim
955 796 1018 833 ille,
1034 795 1090 836 qui
1109 802 1171 826 est:
1188 805 1275 835 prae-

208 857 222 872 »
246 845 416 875 destinatur
438 853 512 873 vero
536 842 588 872 ifle
611 841 666 882 qui
688 841 835 871 nondum
856 847 919 871 est:
935 840 1016 871 sicut
1037 841 1076 870 de
1096 840 1144 870 his
1158 839 1275 880 quibus

208 901 222 915 »
245 889 319 920 dicit
332 887 507 928 Apostolus
522 884 611 928 (ibid.
629 885 729 925 capite
743 896 809 923 vm,
819 890 848 915 ³7.
862 883 917 927 29)
926 885 942 915 :'
955 885 1044 922 Quos
1058 890 1164 915 autem
1174 894 1274 924 prae-

208 945 221 959 »
243 934 343 970 scivit,
365 932 436 962 illos
460 937 490 962 et
506 930 772 971 praedestinavit.
796 929 945 960 Praesciri
961 939 1035 969 ergo
1055 935 1086 959 et
1105 928 1273 969 praedesti-

206 989 221 1003 >›
243 977 309 1008 nari
332 982 466 1017 possunt
489 975 545 1013 illi,
569 974 624 1015 qui
648 974 795 1004 nondum
819 981 910 1012 sunt3
934 974 986 1004 ille
1010 980 1118 1004 autem
1141 973 1196 1014 qui
1215 979 1272 1011 est,

206 1032 220 1047 »
243 1029 273 1052 et
287 1031 411 1061 semper
429 1026 485 1058 est,
501 1029 567 1049 non
582 1018 839 1059 praedestinatur.
860 1019 947 1048 Haec
963 1018 1044 1048 dicta
1063 1017 1126 1048 sint
1144 1024 1274 1058 propter

206 1076 220 1091 1»
243 1076 297 1096 eos
321 1065 376 1106 qui
399 1065 432 1094 in
456 1063 664 1104 Unigenitum
688 1063 807 1093 Filium
831 1062 889 1093 Dei
913 1062 1110 1103 impietatem
1133 1062 1272 1103 loquun-

205 1121 219 1135 »
241 1117 302 1148 tur,
327 1116 358 1140 et
379 1109 559 1149 ignorantes
583 1107 790 1138 differentiam
812 1107 965 1138 destinati
979 1114 1010 1138 et
1022 1106 1268 1147 praedestinati,

204 1167 219 1182 »
241 1160 354 1195 putant
377 1163 453 1184 eum
475 1153 556 1183 inter
579 1162 634 1182 eos
657 1151 724 1192 qui,
750 1161 824 1182 cum
845 1158 916 1182 ante
941 1161 1007 1181 non
1031 1150 1158 1189 fuerint,
1182 1161 1271 1191 prae-

205 1212 218 1227 »
242 1198 385 1229 destinati
400 1203 483 1235 sunt,
500 1206 566 1227 esse
581 1196 826 1226 numerandum.
838 1208 853 1223 »
872 1195 1080 1236 Origenianae
1100 1196 1271 1226 sententiae

201 1242 366 1274 subscribit
375 1242 592 1282 Hieronymus
606 1240 639 1270 in
654 1247 749 1280 caput
764 1251 774 1270 1
788 1241 828 1270 ad
842 1240 1013 1280 Ephesios:
1029 1239 1268 1280 Differentiam,

199 1287 356 1328 inquiens,
379 1287 492 1327 graeci
515 1285 682 1322 sermonis,
709 1284 889 1325 προορίσας
912 1283 982 1326 (seu
998 1281 1269 1328 προορισθέντος)

200 1338 230 1362 ει
245 1327 434 1374 ὁρισθέντος
445 1351 455 1370 ‚
481 1330 603 1360 latinus
615 1339 721 1359 sermo
741 1339 804 1360 non
820 1329 968 1369 explicat.
985 1329 1142 1369 Superior
1155 1330 1270 1369 quippe

198 1386 303 1407 sermo
327 1375 446 1406 ad'eos
469 1373 614 1415 refertur
642 1374 698 1414 qui
720 1378 817 1404 antea
841 1383 904 1403 non
920 1372 1084 1413 fuerunt:
1107 1378 1137 1403 et
1158 1374 1268 1414 prius—

198 1431 294 1461 quam
314 1420 442 1460 fierent,
467 1419 507 1449 de
529 1419 578 1449 his
601 1419 777 1459 cogitatum
797 1423 854 1455 est,
871 1423 901 1448 et
909 1422 1023 1457 postea
1046 1418 1266 1448 substiterunt.

197 1465 343 1506 Inferior
367 1473 441 1495 vero
464 1463 504 1494 de
527 1473 563 1493 eo
587 1472 678 1503 quem
699 1462 790 1492 nulla
815 1463 978 1502 cogitatio,
1003 1462 1152 1492 voluntas
1176 1462 1267 1492 nulla

192 1509 388 1550 praecessit:
410 1508 466 1538 sed
488 1517 614 1547 semper
627 1506 710 1547 fuit,
732 1512 762 1537 et
786 1516 959 1547 numquam
984 1511 1020 1536 ut
1043 1511 1124 1537 esset
1146 1507 1268 1546 accepit

198 1553 376 1584 exordium.
398 1552 489 1582 Unde
512 1557 597 1582 recte
616 1561 702 1582 nunc
715 1551 755 1581 de
769 1551 821 1581 his
835 1548 890 1592 (ad
903 1550 1059 1590 Ephesios
1075 1561 1142 1590 cap.
1159 1561 1180 1589 1,
1195 1556 1223 1581 v.
1237 1552 1265 1589 5,

196 1598 251 1639 qui
275 1593 515 1638 praedestinavit
542 1606 602 1626 nos
625 1595 658 1625 in
681 1595 890 1635 adoptionem
913 1592 987 1636 etc.)
1011 1596 1067 1635 qui
1094 1605 1165 1625 cum
1190 1600 1267 1625 ante

194 1653 257 1673 non
282 1646 395 1678 essent,
416 1646 528 1681 postea
551 1640 771 1678 substiterunt,
792 1639 911 1670 dicitur
930 1636 1198 1682 προορισθέντος.
1214 1639 1266 1670 De

193 1687 276 1717 Filio
300 1695 386 1722 vero,
411 1686 470 1715 hoc
488 1690 534 1715 est
552 1685 591 1715 de
609 1685 748 1715 Domino
768 1689 878 1714 nostro
898 1683 974 1714 Iesu
1003 1684 1131 1715 Christo
1151 1685 1183 1714 in
1199 1684 1264 1715 alio

193 1731 261 1761 loco
285 1728 345 1772 (ad
369 1730 532 1759 Romanos
557 1739 624 1769 cap.
641 1739 666 1767 1,
690 1734 719 1759 it.
735 1726 776 1771 4)
800 1729 953 1768 scriptum
978 1733 1024 1759 est
1050 1725 1260 1772 ὁρισθέντος,

191 1776 267 1815 quia
281 1783 407 1815 semper
421 1784 491 1804 cum
507 1774 604 1804 Patre
618 1772 691 1813 fuit
706 1778 736 1803 ει
755 1782 929 1813 numquam
950 1778 985 1803 ut
1012 1779 1092 1803 esset
1115 1773 1264 1804 voluntas

184 1824 326 1859 paterna
344 1819 531 1859 praecessit.
563 1818 655 1848 Hanc
678 1817 756 1847 vidit
779 1817 1007 1857 Origenianam
1031 1817 1262 1858 interpretatio-

191 1873 266 1894 nem
295 1869 451 1903 vocatque
480 1872 551 1893 eam
574 1862 615 1892 ad
638 1871 770 1893 examen
799 1862 961 1899 Thomas;
991 1871 1186 1903 sensumque
1209 1863 1262 1893 ad-

191 1908 314 1948 probat,
338 1907 394 1948 qui
410 1906 479 1937 elici
494 1906 568 1937 inde
587 1913 709 1946 potest,
734 1906 825 1936 Pauli
849 1905 998 1946 Apostoli
1023 1906 1122 1936 menti
1146 1916 1262 1938 conso-

191 1959 288 1982 num:
309 1964 323 1979 α
336 1952 468 1992 Propter
490 1951 564 1989 hoc,
588 1951 746 1991 inquiens,
762 1950 915 1990 Origenes
935 1950 1028 1981 dicit:
1054 1951 1144 1991 quod
1157 1951 1262 1982 littera

193 2009 208 2023 »
231 2006 297 2026 non
321 1996 413 2026 debet
431 2005 509 2034 esse,
524 1996 580 2035 qui
588 1995 850 2035 praedestinatus
866 2000 929 2032 est,
946 1995 1000 2025 sed
1014 1996 1070 2035 qui
1083 1995 1262 2027 destinatus

194 2053 208 2068 »
232 2046 278 2071 εει
301 2040 405 2070 Filius
426 2040 490 2070 Dei
513 2041 545 2070 in
562 2041 693 2077 virtute,
719 2046 755 2070 ut
775 2038 863 2069 nulla
877 2039 1050 2070 antecessio
1070 2039 1260 2079 designetur.

194 2097 208 2112 »
231 2085 272 2115 Et
294 2084 471 2115 secundum
494 2084 556 2114 hoc
580 2084 693 2124 planus
712 2090 759 2114 est
773 2094 894 2121 sensus,
910 2083 985 2124 quia
1004 2083 1149 2114 Christus
1169 2085 1260 2116 desti-

194 2141 208 2156 »
231 2135 342 2167 natus,
366 2128 447 2159 idest
470 2128 585 2158 missus
609 2135 655 2158 est
678 2138 696 2158 a
719 2128 789 2158 Deo
812 2128 903 2159 Patre
926 2128 959 2158 in
983 2129 1160 2166 mundum,
1181 2135 1259 2160 tam-

193 2186 207 2200 »
230 2183 328 2214 quam
350 2182 443 2203 verus
466 2172 565 2203 Filius
588 2172 648 2203 Dei
670 2172 703 2202 in
727 2172 840 2203 virtute
865 2172 1006 2203 divina.»

255 2217 396 2247 Prudens
420 2226 455 2247 ac
479 2216 652 2247 necessaria
675 2216 818 2257 sequitur
836 2216 903 2247 eius
922 2216 1170 2248 animadversio:
1195 2218 1260 2249 Sed

188 2263 275 2302 quia,
301 2261 482 2302 inquientis,
499 2262 710 2292 communiter
725 2271 834 2292 omnes
849 2261 924 2291 libri
937 2261 1031 2292 latini
1043 2261 1170 2299 habent,
1195 2262 1260 2300 Qui

184 2306 445 2346 praedestinatus
468 2311 525 2343 est,
549 2305 646 2336 aliter
668 2305 727 2336 alii
744 2305 804 2336 hoc
822 2315 984 2346 exponere
1003 2306 1184 2337 voluerunt.
1199 2307 1258 2338 La-

188 2350 272 2381 tinos
295 2350 402 2388 libros,
426 2349 481 2391 qui
505 2350 585 2380 hanc
609 2348 742 2380 afferunt
765 2349 946 2388 lectionem,
970 2349 1114 2390 vulgatae
1137 2350 1258 2382 Bibliae

189 2394 313 2424 codices
336 2394 479 2434 intelligit
497 2394 652 2424 Thomas.
677 2394 765 2424 Idem
779 2400 878 2424 aetate
897 2404 955 2424 sua
969 2394 1172 2426 adnotaverat
1186 2394 1257 2427 Ori-

189 2448 283 2478 genes
307 2439 379 2469 loco
411 2438 522 2469 citato:
547 2438 586 2468 In
611 2438 721 2469 latinis
749 2438 908 2469 codicibus
938 2443 968 2469 et
998 2439 1255 2480 exemplaribus,

188 2483 352 2523 inquiens,
371 2482 634 2523 praedestinatus
671 2483 751 2514 solet
780 2483 928 2514 inveniri.
961 2483 1048 2514 Haec
1072 2493 1138 2514 esse
1162 2483 1256 2515 inter—

188 2527 283 2567 pretis
297 2527 390 2557 verba
408 2526 441 2556 in
456 2526 601 2566 Origenis
615 2534 736 2558 textum
750 2527 870 2558 intrusa
892 2527 1068 2567 suspicatur
1089 2528 1255 2560 Erasmus:

190 2578 221 2602 at
243 2571 371 2611 perinde
395 2571 487 2601 nobis
511 2571 578 2609 erit,
602 2571 627 2602 si
651 2571 869 2612 Hieronymus
892 2571 1055 2612 interpres,
1080 2579 1135 2603 aut
1149 2573 1256 2613 potius

175 2614 325 2649 ‚Rufinus
348 2615 428 2645 hanc
446 2615 680 2655 praedestinati
702 2626 817 2646 vocem
840 2615 989 2647 codicum
1011 2616 1185 2648 latinorum
1200 2627 1255 2648 au-

189 2659 329 2690 ctoritate
353 2659 454 2690 fulciri
478 2666 615 2691 testetur.
640 2660 805 2691 Accedunt
829 2659 932 2691 Latini
951 2660 1067 2698 Patres,
1087 2661 1143 2702 qui
1167 2671 1206 2692 eo
1223 2661 1255 2692 in

188 2704 262 2734 loco
292 2703 377 2734 idem
400 2704 593 2735 vocabulum
621 2711 815 2745 expressere3
839 2710 929 2735 vetus
959 2704 1110 2745 interpres
1138 2706 1255 2736 Irenaei

186 2748 267 2778 libro
292 2748 332 2778 111
357 2755 465 2779 contra
487 2748 629 2779 haereses
659 2749 760 2789 capite
783 2748 900 2787 xv1‚va1.
915 2758 989 2786 xvn,
1005 2759 1094 2793 num.
1118 2750 1146 2787 33
1166 2749 1254 2780 Hila-

187 2792 251 2823 rius
273 2792 354 2823 libro
378 2792 434 2823 V11
456 2793 494 2823 de
517 2793 671 2824 Trinitate
694 2793 728 2823 in
751 2793 902 2833 exemplis
932 2793 1070 2831 excusis,
1095 2800 1255 2834 postrema

186 2843 361 2867 ascetarum
384 2836 605 2868 Maurinorum
629 2837 766 2868 editione
790 2844 929 2878 excepta,
951 2844 981 2868 et
999 2837 1031 2867 in
1052 2837 1160 2869 codice
1175 2838 1254 2869 Cor-

185 2880 318 2919 beiensi;
338 2881 571 2912 Ambrosiaster
592 2881 625 2912 in
649 2881 801 2912 eumdem
823 2881 972 2922 Apostoli
996 2882 1121 2920 locum3
1145 2884 1254 2922 Augu-

184 2925 284 2955 stinus
308 2932 393 2956 tract.
414 2935 452 2955 xc
476 2925 508 2956 in
527 2926 737 2965 Evangelium
759 2925 885 2956 loannis
901 2936 990 2956 num.
1007 2926 1026 2956 8
1047 2933 1077 2957 et
1096 2926 1129 2956 in
1148 2927 1254 2967 Expo-

184 2969 296 3000 sitione
319 2969 467 3000 inchoata
484 2970 644 3010 Epistolae
659 2970 698 3000 ad
713 2970 888 3001 Romanos.
906 2970 1017 3001 Graeci
1036 2970 1134 3011 aliqui
1149 2971 1254 3002 Patres

185 3023 250 3043 non
270 3013 393 3045 desunt.
413 3013 559 3052 Rufinus,
575 3014 631 3055 qui
645 3013 792 3054 Origenis
810 3014 907 3045 libros
923 3015 996 3066 περὶ
1025 3013 1135 3059 ἀρχῶν
1159 3015 1254 3046 latine

185 3057 285 3095 vertit,
291 3058 567 3097 praedestinatum
583 3058 701 3089 Filium
716 3059 780 3089 Dei
794 3058 940 3099 exprimit
954 3059 1034 3090 libro
1051 3060 1088 3097 11,
1101 3059 1202 3100 capite
1211 3070 1253 3098 tv,

187 3111 276 3131 num.
299 3111 328 3139 2,
348 3102 490 3143 adeoque
513 3102 625 3143 legisse
649 3099 906 3145 προορισθέντος
930 3103 1074 3141 videtur;
1105 3103 1254 3145 idemque

188 3145 300 3175 sentire
323 3145 395 3176 licet
417 3146 455 3176 de
479 3147 606 3177 Irenaeo
631 3147 762 3189 eiusque
785 3154 910 3178 vetusto
934 3147 1101 3188 interprete
1123 3148 1197 3179 loco
1212 3148 1253 3179 ci-

187 3195 263 3219 tato.
276 3189 320 3219 Ita
329 3189 403 3229 legit
417 3190 512 3220 etiam
521 3190 719 3231 Epiphanius
734 3198 843 3223 contra
859 3191 1103 3223 Theodosianos
1118 3202 1207 3223 num.
1220 3193 1252 3231 6,

187 3239 218 3263 et
232 3233 397 3264 Marcellus
411 3236 596 3275 Ancyranus
611 3235 762 3274 similiter,
774 3236 914 3267 Eusebio
929 3242 1006 3267 teste
1020 3236 1101 3267 libro
1116 3236 1128 3267 1
1144 3243 1253 3268 contra

187 3277 294 3317 ipsum
324 3277 424 3318 capite
446 3288 468 3308 n
492 3278 667 3319 inquiente:
695 3293 710 3308 ι
724 3281 832 3318 Quam
854 3280 907 3311 ille
929 3280 1117 3311 sententiam
1140 3279 1253 3323 (Apo-

190 3333 204 3348 ι»
227 3321 299 3352 stoli
323 3322 363 3352 ad
377 3322 471 3352 Rom.
492 3332 559 3363 cap.
575 3334 596 3360 1,
607 3329 635 3354 ι’.
655 3322 690 3366 4)
706 3335 769 3365 qua
783 3331 889 3355 mente
909 3324 1026 3362 nescio,
1037 3325 1092 3355 sed
1106 3325 1253 3365 pervertit

189 3377 203 3392 »
226 3375 309 3396 sane.
341 3366 431 3406 Legit
459 3366 545 3397 enim
573 3367 606 3398 in
629 3375 714 3399 textu
742 3369 940 3409 apostolico,
971 3366 1250 3411 προορισθέντος,

190 3421 203 3436 >o
220 3410 371 3449 praeviso
390 3415 421 3441 et
433 3411 693 3451 praedestinato:
711 3413 766 3454 qui
782 3413 941 3452 debuerat,
963 3410 1164 3454 ὁρισθέντος,
1179 3424 1252 3446 con-

190 3465 204 3479 »
226 3454 334 3484 stituto
358 3459 387 3485 et
410 3454 640 3487 determinato:
663 3456 695 3487 in
719 3467 794 3488 eum
814 3467 929 3498 nempe
948 3457 1056 3496 finem,
1081 3466 1117 3490 ut
1139 3458 1252 3490 inoeui-

190 3508 204 3523 »
226 3503 316 3536 gatur
339 3498 436 3529 Filius
460 3509 526 3530 esse
550 3510 588 3530 eo
612 3501 723 3539 modo,
747 3511 814 3543 quo
838 3509 912 3533 sunt
934 3501 981 3533 illi
1004 3502 1060 3544 qui
1084 3513 1140 3544 per
1163 3513 1252 3543 prae-

190 3552 205 3566 »
227 3540 387 3571 scientiam
411 3543 621 3582 designantur.
636 3558 650 3572 »
678 3546 753 3583 Quo
777 3552 883 3577 tamen
907 3546 980 3577 loco
1003 3557 1170 3588 perperam
1187 3547 1251 3578 Eu-

188 3583 291 3614 sebius
314 3585 502 3617 adulteratae
526 3587 702 3628 Scripturae
726 3589 844 3620 crimen
858 3589 967 3621 obiicit
980 3592 1161 3631 Ancyrano,
1177 3601 1252 3622 cum

187 3636 259 3665 vox,
278 3629 547 3668 praedestinatus,
560 3638 630 3662 ante
650 3632 717 3663 eius
732 3639 866 3664 aetatem
889 3634 953 3664 iam
971 3634 1146 3674 legeretur;
1166 3645 1250 3666 eam-

932 274 1390 314 DISSERTATIONES
1421 275 1670 312 CRITICAE

1333 353 1470 394 demque
1484 363 1608 393 vocem,
1618 355 1716 386 veluti
1731 355 1903 386 haereticae
1917 355 2077 396 pravitatis
2100 361 2221 394 notam,
2240 365 2406 396 perperam

1332 407 1368 428 ac
1391 397 1489 428 nimia
1512 398 1611 429 reiicit
1634 399 1834 430 confidentia.

1399 440 1506 479 Quid?
1525 443 1614 483 quod
1628 443 1752 474 tametsi
1771 443 1804 473 in
1818 443 1967 483 Apostoli
1990 450 2075 474 textu
2092 443 2247 482 legeretur
2263 441 2407 487 ὁρισθέν-

1333 495 1403 523 τος,
1428 493 1566 517 attamen
1590 494 1660 518 tum
1683 497 1793 527 graeca
1818 486 1938 531 ὁρίζειν
1954 495 1984 518 et
2004 486 2204 531 προορίζειν,
2222 499 2297 519 cum
2310 489 2408 519 latina

1331 530 1495 561 destinare
1513 538 1544 562 et
1551 532 1800 571 praedestinare
1813 542 1873 572 pro
1888 533 2003 562 eodem
2018 533 2050 562 in
2065 533 2251 563 huiusmodi
2266 543 2298 563 re
2314 543 2407 564 usur—

1331 574 1399 614 pari
1431 575 1654 606 callentissimi.
1671 576 1729 606 viri
1752 576 1961 614 adnotarunt;
1986 583 2022 607 ut
2043 576 2109 607 iam
2131 577 2253 608 invecta
2277 578 2316 608 ab
2337 577 2407 609 Ori-

1331 628 1410 658 gene
1440 619 1598 650 distinctio
1630 620 1775 650 subtilior
1805 630 1896 660 mage
1923 620 1979 659 sit,
2004 631 2103 661 quam
2131 631 2204 651 vera
2227 632 2263 652 ac
2295 622 2407 653 solida.

1331 662 1415 693 Hinc
1429 664 1523 693 verba
1536 664 1589 694 illa
1602 666 1760 695 Actorum
1774 664 1874 704 capite
1889 675 1922 703 11,
1932 670 1961 695 v.
1980 666 2032 703 23,
2044 662 2208 708 ὡρισμένῃ
2226 663 2332 707 βουλῇ
2346 666 2405 697 καὶ

1332 704 1559 750 προογνώσει,
1591 708 1721 748 perinde
1744 715 1866 746 vertas,
1889 709 1976 739 hunc
2003 709 2134 750 definito
2167 711 2299 741 consilio
2323 709 2344 751 (
2347 721 2405 742 seu

1324 752 1617 794 prae-definitione)
1634 757 1665 783 et
1672 754 1891 792 praescientia
1906 754 1969 783 Dei
1985 754 2139 784 traditum
2159 762 2246 785 esse:
2260 761 2291 785 et
2307 757 2404 786 Acto-

1330 805 1403 825 rum
1427 795 1528 835 capite
1550 806 1586 834 x,
1606 801 1634 826 vt.
1650 806 1705 835 42,
1725 794 1904 839 ὡρισμένος
1928 795 2065 840 κριτής,
2090 799 2280 830 constitutus
2303 798 2403 840 (defi-

1330 840 1427 877 nitus,
1442 840 1689 881 praedefinitus,
1704 841 1992 883 praedestinatus)
2013 842 2111 872 iudex
2129 848 2354 874 mortuorum:
2373 850 2404 874 et

1328 886 1485 914 Actorum
1495 884 1596 924 capite
1606 885 1773 923 xvn‚v.26,
1785 884 1897 928 ὁρίσας
1914 884 2233 930 προστεταγμένους
2250 886 2401 930 καιροὺς,

1328 928 1484 968 definiens
1515 927 1799 971 (praedefiniens)
1823 935 1944 960 statuta
1974 935 2138 970 tempora:
2167 937 2197 961 et
2224 931 2330 962 Lucae
2353 942 2402 962 ca-

1328 972 1392 1012 pite
1415 983 1489 1011 xxn,
1508 979 1537 1004 v.
1560 980 1616 1003 22:
1641 974 1685 1004 Et
1706 973 1833 1014 quidem
1858 974 1962 1004 Filius
1984 974 2122 1005 hominis
2143 973 2241 1006 κατὰ
2265 973 2307 1006 τὸ
2331 975 2402 1019 ὠρι-

1329 1014 1463 1058 σμένον,
1489 1018 1664 1048 secundum
1683 1018 1769 1059 quod
1785 1018 1950 1059 definitum
1970 1016 2050 1059 (seu
2063 1019 2314 1060 praedefinitum
2331 1020 2401 1062 est)

1329 1062 1424 1092 vadit.
1451 1062 1594 1093 Consule
1617 1062 1801 1102 interpretes
1825 1073 1860 1093 ac
1884 1062 2053 1102 theologos
2076 1063 2109 1093 in
2127 1063 2167 1093 111
2184 1073 2250 1104 par.
2269 1064 2299 1094 d.
2311 1064 2400 1095 Tho-

1327 1116 1398 1136 mae
1421 1117 1451 1148 q.
1467 1117 1550 1146 xxiv,
1570 1114 1626 1137 art.
1654 1117 1663 1137 1
1693 1113 1723 1137 et
1752 1117 1799 1138 11.
1826 1107 1927 1147 Ipsius
1951 1107 2086 1145 Erasmi,
2106 1107 2161 1148 qui
2186 1107 2282 1138 etiam
2305 1108 2399 1146 favet,

1326 1151 1420 1181 verba
1443 1151 1563 1182 refero:
1592 1165 1607 1179 ax
1621 1151 1791 1182 Caeterum
1814 1151 1840 1181 si
1863 1152 1925 1182 hoc
1949 1161 2009 1182 nos
2033 1151 2174 1190 offendit,
2194 1153 2283 1193 quod
2301 1163 2399 1193 prae-

1329 1207 1343 1222 »
1366 1195 1523 1226 destinari
1545 1196 1587 1226 ob
1611 1196 1752 1226 additam
1781 1195 2004 1226 antecessionis
2027 1196 2297 1236 praepositionem
2320 1197 2398 1228 refe-

1330 1252 1344 1267 »
1366 1247 1452 1270 ratur
1475 1241 1514 1271 ad
1531 1240 1652 1281 aliquid
1670 1240 1759 1281 quod
1776 1241 1924 1271 nondum
1938 1240 1988 1279 sit,
2008 1240 2094 1271 idem
2109 1241 2277 1282 scrupulus
2292 1249 2399 1273 manet

1328 1296 1342 1311 1>
1365 1284 1397 1314 in
1421 1285 1518 1315 verbo
1542 1284 1688 1325 simplici.
1709 1285 1822 1322 Quum
1837 1284 1922 1315 enim
1938 1285 2102 1316 destinare
2116 1285 2156 1316 sit
2174 1295 2241 1316 non
2260 1287 2397 1324 mittere,

1327 1340 1342 1355 w
1365 1329 1642 1369 quemadmodum
1663 1329 1778 1369 vulgus
1802 1329 1984 1360 illiteratum
2001 1336 2102 1369 putat,
2122 1330 2177 1360 sed
2201 1337 2323 1361 certum
2342 1331 2399 1361 ali-

1327 1385 1342 1400 »
1364 1373 1442 1413 quid
1465 1373 1498 1403 in
1522 1373 1631 1404 animo
1651 1373 1840 1414 praefigere;
1865 1373 2017 1404 nimirum
2037 1374 2104 1414 ipsa
2123 1374 2209 1405 verbi
2225 1381 2337 1406 natura
2353 1375 2398 1407 rei

1327 1429 1341 1444 »
1364 1417 1488 1448 futurae
1512 1417 1774 1458 significationem
1805 1418 1918 1456 habet,
1942 1418 2219 1459 quemadmodum
2242 1429 2395 1460 sperare,

1326 1473 1340 1488 ›
1363 1462 1487 1499 timere,
1505 1462 1689 1500 decernere,
1698 1463 1888 1500 deliberare,
1905 1468 2057 1493 statuere.
2073 1462 2160 1493 Nihil
2175 1463 2261 1494 enim
2278 1463 2397 1494 horum

1325 1518 1339 1532 »
1363 1505 1408 1544 fit,
1432 1506 1492 1536 nisi
1517 1506 1557 1536 ad
1580 1506 1699 1547 aliquid
1723 1506 1868 1537 futurum
1882 1507 2033 1538 referatur
2056 1513 2143 1549 etc.»
2171 1507 2233 1539 Ubi
2253 1508 2396 1539 animad-

1321 1556 1406 1580 verte
1436 1551 1476 1580 ad
1505 1551 1620 1591 vulgus
1644 1550 1826 1581 illiteratum
1846 1551 1962 1589 referri,
1987 1551 2076 1592 quod
2099 1551 2195 1582 latina
2218 1562 2281 1582 vox
2301 1553 2396 1584 desti·

1322 1604 1403 1624 nare
1426 1594 1579 1635 significet
1609 1595 1705 1626 etiam
1729 1596 1870 1626 mittere:
1893 1605 1960 1636 quo
1984 1605 2078 1626 sensu
2103 1595 2330 1636 Origenianam
2347 1596 2395 1628 in-

1321 1639 1578 1678 terpretationem
1602 1639 1749 1679 exposuit
1771 1639 1925 1680 Aquinas.
1950 1642 1994 1670 At
2011 1639 2044 1670 in
2063 1639 2232 1670 Glossariis
2249 1641 2396 1672 eamdem

1319 1684 1416 1713 verbo
1441 1683 1485 1714 illi
1510 1683 1774 1724 significationem
1804 1683 1916 1715 subiici
1947 1683 2109 1714 adnotavit
2139 1683 2314 1726 Dionysius
2336 1685 2395 1716 Pe-

1319 1719 1421 1758 tatius
1444 1728 1525 1758 libro
1546 1729 1588 1758 IX
1607 1728 1646 1758 de
1661 1728 1948 1759 Praedestinatione
1966 1728 2068 1768 capite
2090 1738 2112 1766 1,
2132 1738 2222 1759 num.
2249 1739 2274 1760 1.
2295 1729 2395 1771 quue

1319 1772 1392 1802 satis
1407 1779 1472 1803 erat
1486 1782 1645 1813 superque
1660 1772 1791 1803 Doctori
1802 1772 1965 1814 Aquinati,
1980 1772 2035 1813 qui
2051 1772 2229 1813 theologica
2245 1773 2395 1814 dogmata

1319 1817 1510 1856 exponebat3
1524 1817 1591 1847 vim
1609 1817 1708 1854 vocis,
1727 1826 1810 1858 quae
1828 1817 2022 1848 latinissimis
2040 1817 2226 1848 hominibus
2247 1818 2394 1858 placeret,

1318 1861 1536 1901 scrupulosius
1559 1871 1627 1892 non
1650 1861 1827 1901 indagabat.

1385 1905 1480 1936 Hisce
1495 1905 1698 1946 praenotatis,
1713 1906 1754 1936 ad
1772 1905 1816 1936 rei
1835 1915 1998 1936 summam
2016 1905 2143 1936 accedo.
2163 1906 2340 1937 Probabilis
2357 1917 2394 1938 ea

1317 1949 1449 1990 quidem
1473 1950 1626 1981 sententia
1650 1950 1700 1989 sit,
1724 1960 1823 1991 quam
1847 1949 1957 1981 Graeci
1981 1950 2106 1981 codices
2129 1949 2300 1992 Pati-esque
2315 1961 2392 1982 con-

1317 1993 1462 2025 firmant:
1488 1994 1664 2033 Christum,
1684 1996 1740 2036 qui
1753 1994 1871 2036 factus
1889 1999 1937 2025 est
1955 2004 1997 2025 ex
2013 1995 2136 2026 semine
2152 1995 2263 2026 David
2279 2005 2392 2027 secun-

1316 2038 1392 2069 dum
1417 2049 1560 2077 carnem,
1585 2044 1746 2070 ostensum
1771 2049 1840 2070 esse
1859 2044 1890 2070 et
1907 2040 2056 2080 agnitum
2075 2039 2394 2082 demonstratumque

1316 2083 1435 2114 Filium
1459 2083 1523 2114 Dei
1545 2083 1638 2114 variis
1666 2083 1790 2114 indiciis
1813 2090 1845 2114 et
1868 2083 2061 2123 argumentis
2085 2083 2318 2124 prodigiorum.
2347 2086 2392 2116 At

1316 2126 1410 2158 fuerit
1433 2138 1530 2158 nemo
1553 2135 1619 2158 tam
1638 2127 1808 2168 petulantis
1827 2127 1956 2167 ingenii,
1976 2127 2032 2168 qui
2052 2127 2202 2159 codicum
2216 2128 2391 2160 latinorum

1315 2181 1351 2202 ac
1374 2172 1505 2203 Patrum
1527 2172 1699 2203 lectionem
1721 2171 1849 2209 reficiat,
1864 2182 1946 2213 quae
1966 2171 2132 2203 Christum
2151 2171 2239 2203 effert
2251 2172 2391 2213 praede-

1314 2217 1468 2247 stinatum
1493 2223 1547 2248 aut
1570 2217 1762 2248 destinatum
1787 2217 1906 2247 Filium
1929 2217 1994 2247 Dei
2016 2217 2049 2247 in
2074 2217 2201 2248 virtute.
2226 2216 2312 2248 Hinc
2330 2216 2391 2250 ali·

1315 2261 1543 2292 commentatio
1567 2262 1763 2302 quaerenda,
1788 2271 1870 2302 quae
1894 2261 1992 2292 menti
2016 2261 2166 2301 Apostoli
2190 2261 2390 2304 consilioque

1314 2315 1455 2336 consona
1479 2305 1528 2336 sit.
1554 2305 1589 2336 ld
1612 2315 1688 2336 cum
1711 2315 1801 2346 agere
1825 2312 1934 2346 pergat
1956 2305 2128 2346 Angelicus
2152 2305 2316 2344 Thomas,
2339 2305 2389 2337 in-

1313 2348 1393 2380 iuria
1417 2350 1535 2381 mirum
1564 2351 1597 2380 in
1629 2350 1758 2381 modum
1781 2359 1816 2381 se
1844 2355 1995 2391 torquere
2022 2349 2164 2381 dicitur:
2191 2349 2247 2391 qui
2271 2350 2332 2382 nisi
2354 2350 2389 2382 id

1313 2394 1444 2434 egisset,
1469 2394 1605 2426 accurati
1636 2394 1785 2435 doctique
1815 2394 1993 2435 interpretis
2020 2404 2057 2425 ac
2085 2394 2227 2434 theologi
2255 2404 2388 2426 munere

1312 2437 1439 2469 functus
1464 2449 1530 2470 non
1554 2445 1644 2470 esset.
1674 2439 1823 2470 Aliorum
1846 2448 1921 2479 ergo
1952 2438 2225 2479 interpretationes
2249 2439 2386 2480 profert,

1311 2489 1404 2513 vocat
1427 2493 1478 2513 eas
1502 2483 1542 2514 ad
1565 2493 1708 2521 examen,
1733 2483 1835 2523 seligit
1857 2483 2120 2514 verisimiliorem.
2145 2483 2288 2515 Fuerunt
2311 2493 2387 2525 ergo

1311 2527 1477 2566 nonnulli,
1500 2541 1515 2555 α
1529 2528 1594 2565 Qui
1613 2527 1676 2559 hoc
1691 2537 1848 2568 exponere
1866 2528 2038 2559 voluerunt
2056 2528 2234 2559 secundum
2253 2537 2387 2560 consue-

1314 2584 1328 2599 »
1351 2572 1496 2602 tudinem
1520 2572 1709 2612 Scripturae,
1733 2572 1766 2602 in
1790 2582 1855 2614 qua
1878 2572 1992 2603 dicitur
2015 2571 2135 2613 aliquid
2158 2571 2235 2610 fieri,
2255 2572 2386 2613 quando

1314 2629 1328 2644 ›
1351 2615 1539 2654 innotescit;
1555 2616 1636 2647 sicut
1650 2616 1811 2647 Dominus
1835 2623 1908 2657 post
1926 2615 2190 2647 resurrectionem
2209 2616 2285 2647 dicit
2306 2617 2387 2648 Mat-

1314 2673 1328 2687 »
1351 2660 1435 2691 thaei
1454 2660 1570 2691 ultimo
1586 2659 1716 2701 (capite,
1726 2666 1754 2691 ι’.
1764 2659 1936 2703 18);Data
1952 2666 1999 2692 εει
2015 2660 2093 2690 mihi
2110 2661 2215 2691 omnis
2223 2665 2387 2700 potestas.-

1314 2717 1328 2732 »
1351 2704 1426 2745 quia
1449 2711 1523 2745 post
1546 2704 1808 2735 resurrectionem
1831 2704 1972 2735 innotuit
1996 2704 2092 2735 talem
2118 2710 2308 2744 potestatem
2326 2703 2386 2736 sibi

1313 2761 1328 2776 ›
1351 2758 1418 2779 esse
1433 2749 1539 2779 datam
1554 2749 1592 2779 ab
1610 2755 1748 2780 aeterno.
1763 2761 1777 2776 :v
1799 2749 1891 2779 Hanc
1910 2748 2063 2779 invexisse
2078 2748 2385 2780 commentationem

1309 2792 1434 2823 videtur
1456 2792 1707 2831 Ambrosiaster‚
1731 2792 1787 2834 qui
1815 2793 1926 2824 locum
1949 2792 2098 2833 Apostoli
2128 2800 2293 2823 enarrans:
2317 2793 2386 2824 Hic

1311 2846 1402 2878 erge,
1427 2836 1480 2876 ait,
1504 2838 1560 2878 qui
1578 2838 1769 2868 incarnatus
1786 2837 1865 2878 quid
1889 2842 1971 2868 esset
1996 2834 2135 2874 latebat,
2156 2842 2233 2868 tunc
2245 2837 2383 2877 praede-

1309 2882 1449 2912 stinatus
1472 2887 1519 2912 est
1540 2881 1715 2912 secundum
1743 2882 1892 2922 spiritum
1920 2881 2185 2922 sanctificationis
2208 2882 2240 2911 in
2265 2882 2384 2913 virtute

1310 2925 1517 2966 manifestari
1539 2926 1643 2957 Filius
1661 2926 1734 2963 Dei,
1755 2935 1827 2957 cum
1842 2927 1987 2967 resurgit
2004 2935 2026 2956 a
2045 2926 2191 2957 mortuis.
2212 2925 2304 2963 Quae
2323 2925 2382 2957 dif-

1310 2969 1463 3001 ficultates
1486 2969 1605 3007 insunt,
1629 2970 1804 3011 quominus
1828 2969 1905 3001 haec
1928 2969 2082 3001 sententia
2105 2970 2308 3010 adprobetur‚
2328 2980 2383 3011 pa-

1310 3014 1415 3045 tefacit
1429 3023 1541 3045 omnes
1555 3014 1716 3055 Aquinas:
1732 3027 1746 3042 «
1760 3014 1821 3045 Sed
1842 3015 2019 3045 secundum
2033 3014 2106 3053 hoc,
2123 3015 2280 3055 inquiens,
2292 3014 2383 3056 quod

1312 3071 1326 3086 ›
1350 3058 1434 3097 dicit,
1444 3059 1718 3099 praedestinatus,
1739 3069 1805 3089 non
1825 3058 1952 3099 proprie
1971 3058 2138 3099 accipitur:
2159 3058 2234 3100 quia
2253 3058 2382 3099 praede-

1312 3115 1326 3130 »
1349 3102 1477 3134 stinatio
1501 3109 1547 3134 est
1565 3103 1604 3134 de
1628 3113 1667 3134 eo
1687 3103 1776 3144 quod
1799 3103 1934 3144 pertinet
1952 3103 1992 3133 ad
2010 3103 2160 3143 gratiam;
2184 3113 2251 3134 non
2272 3110 2382 3135 autem

1311 3160 1326 3175 ι
1348 3147 1381 3178 in
1405 3147 1467 3178 hoc
1490 3147 1589 3187 gratia
1612 3147 1741 3179 Christo
1765 3147 1845 3178 facta
1869 3154 1925 3186 est,
1949 3148 2038 3188 quod
2062 3147 2130 3178 eius
2152 3147 2251 3179 vinus
2275 3146 2382 3179 divina

1311 3203 1326 3219 »
1348 3191 1499 3229 innotuit,
1523 3192 1579 3222 sed
1602 3191 1709 3232 potius
1733 3191 1845 3222 nobis:
1870 3199 1901 3223 et
1923 3191 1996 3223 ideo
2020 3191 2116 3223 etiam
2138 3191 2172 3222 in
2196 3191 2311 3223 Glossa
2331 3190 2381 3223 di-

1311 3248 1326 3264 »
1349 3235 1439 3274 citur,
1463 3235 1553 3277 quod
1576 3236 1754 3267 secundum
1772 3236 1857 3267 hunc
1876 3246 2006 3267 sensum
2014 3236 2278 3277 praedestinatus
2295 3235 2380 3276 large

1311 3293 1326 3308 »
1349 3279 1479 3321 ponitur
1502 3290 1560 3320 pro
1579 3282 1763 3321 praescito:
1787 3287 1823 3311 ut
1841 3280 1881 3312 sit
1899 3291 2020 3318 sensus,
2039 3280 2187 3312 Christus
2198 3278 2378 3321 praedesti-

1311 3337 1326 3353 »
1349 3330 1445 3355 natus
1468 3329 1525 3363 est,
1545 3324 1626 3356 idest
1643 3325 1684 3356 ab
1697 3330 1829 3356 aeterno
1843 3326 2037 3366 praescitus,
2058 3330 2094 3356 ut
2112 3326 2323 3356 innotesceret
2336 3332 2379 3354 ex

1311 3382 1325 3397 »
1348 3374 1489 3409 tempore
1512 3378 1581 3400 esse
1603 3369 1708 3400 Filius
1729 3369 1793 3400 Dei
1819 3369 1853 3400 in
1875 3369 2000 3401 virtute.
2023 3382 2038 3397 ›
2066 3369 2210 3400 Iamvero
2232 3368 2266 3399 in
2289 3373 2375 3398 ante·-

1308 3423 1432 3444 cessum
1451 3413 1618 3444 tradiderat
1631 3413 1803 3454 Angelicus
1817 3413 1954 3453 Doctor,
1969 3411 2246 3455 praedestinationi
2260 3411 2299 3442 de
2313 3421 2379 3452 qua

1307 3457 1358 3489 hic
1381 3458 1556 3499 loquimur,
1581 3458 1708 3499 proprie
1731 3468 1767 3489 ac
1790 3458 1969 3499 theologice
1992 3463 2148 3501 acceptae,
2172 3466 2247 3488 cum
2269 3455 2309 3486 sit
2331 3455 2376 3486 rei

1307 3502 1439 3533 alicuius
1462 3502 1620 3534 ordinatio
1644 3502 1684 3533 ad
1702 3512 1770 3534 rem
1789 3502 1894 3540 aliam,
1913 3502 2002 3533 illam
2018 3502 2123 3542 ipsam
2141 3510 2208 3532 reru
2225 3509 2308 3541 quae
2327 3509 2376 3530 or-

1307 3546 1433 3578 dinatur
1456 3546 1496 3577 ad
1519 3547 1659 3586 alteram,
1684 3546 1890 3587 praeintelligi
1908 3546 1973 3577 iam
1992 3545 2207 3582 constitutam,
2227 3554 2263 3575 ac
2286 3550 2376 3574 natu-

1307 3591 1424 3622 ralibus
1452 3591 1624 3629 omnibus,
1648 3598 1679 3622 et
1702 3590 1881 3622 necessariis
1911 3590 1951 3621 ad
1974 3589 2007 3620 id
2030 3596 2066 3621 ut
2087 3588 2148 3627 sit,
2170 3587 2376 3626 instructam

1307 3635 1452 3675 adeoque
1467 3635 1632 3666 naturalia
1641 3636 1777 3675 proprie
1789 3635 1848 3666 sub
1855 3633 2152 3677 praedestinatione
2169 3642 2231 3663 non
2247 3632 2373 3670 cadere,
