2788 4204
170 362 198 388 θθ

74 534 83 543 ·
99 532 135 555 Cf.
151 531 218 558 lib.1,
236 530 288 551 lect.

73 565 195 607 3²23,th
203 583 272 605 codd.
283 599 288 610 ‚

74 619 124 635 CXC.
138 618 175 634 Fe.

176 755 192 770 ῑῑ

75 857 86 868 ¹*
101 856 136 878 Cf.
146 856 186 877 lib.
197 855 220 881 Ι,
236 854 288 875 lect.

75 889 133 910 xm,
149 889 206 910 n.5,
222 886 287 908 seqq.

320 224 394 260 330

317 301 496 347 stionum,
510 300 664 350 quando
676 300 848 341 medium
864 311 942 336 non
958 298 1153 335 sentimus:
1166 297 1261 333 sicut
1276 308 1392 345 quae-

317 355 435 392 rimus
463 367 513 391 an
541 354 587 391 sit
615 354 781 391 defectus
801 354 913 390 lunae
933 350 959 372 ⁰⁰
984 353 1046 388 vel
1076 363 1169 397 non,
1200 350 1289 398 quia
1313 362 1392 386 non

317 408 499 445 sentimus
524 408 695 444 medium
724 406 829 456 quod
851 414 905 442 est
925 417 1039 442 causa
1059 404 1199 440 faciens
1227 403 1392 440 deficere

316 463 459 499 lunam.
482 462 557 498 Sed
584 461 615 497 si
635 472 805 497 essemus
833 459 871 495 in
899 459 984 495 loco
1019 457 1083 506 qui
1113 465 1168 494 est
1195 469 1310 505 super
1337 457 1391 493 lu-

317 528 407 552 nam
419 516 451 562 *,
467 515 686 552 videremus
710 512 908 561 quomodo
930 513 1019 548 luna
1039 510 1287 547 subintrando
1307 522 1391 547 um-

317 570 426 606 bram
459 576 580 605 terrae
614 567 810 611 deficeret;
842 572 877 601 et
905 565 925 586 '¹‘
949 565 1035 601 ideo
1066 564 1164 601 circa
1196 565 1272 600 hoc
1299 563 1390 600 nihil

317 634 605 671 quaereremus,
627 633 697 657 nec
716 620 750 655 si
767 624 821 655 est
838 631 909 655 nec
931 623 1089 667 propter
1112 618 1203 666 quid
1227 623 1296 662 est;
1322 618 1390 655 sed

317 676 429 713 simul
459 683 662 722 utrumque
694 673 804 709 nobis
828 673 936 709 fieret
964 671 1221 708 manifestum.

375 741 433 766 11.
463 730 512 764 Et
548 727 636 775 quia
665 733 680 747 ‘²
708 734 839 775 posset
867 725 1001 774 aliquis
1031 724 1226 762 obviando
1263 724 1388 761 dicere

316 781 422 831 quod
445 793 577 818 sensus
602 788 657 817 est
681 780 939 828 singularium,
962 791 1006 815 ea
1025 791 1119 816 vero
1145 790 1243 827 quae
1272 790 1388 827 quae-

316 843 447 872 runtur
466 842 552 870 sunt
570 834 809 881 universalia,
822 833 916 870 sicut
931 840 967 869 et
986 845 1031 869 ea
1050 844 1149 880 quae
1169 831 1336 868 sciuntur
1350 832 1388 878 *3

317 897 352 925 et
371 888 419 924 ita
446 900 516 936 per
535 900 691 924 sensum
716 900 795 924 non
821 887 972 924 videtur
1000 886 1106 934 quod
1129 885 1249 934 possit
1276 885 1388 922 nobis

315 942 551 979 innotescere
580 941 619 978 id
652 941 699 978 de
729 954 807 989 quo
843 949 898 978 est
929 939 1122 989 quaestio:
1158 939 1245 976 ideo
1279 939 1388 987 quasi

316 995 523 1032 obviationi
543 994 780 1043 respondens
808 993 999 1042 subiungit
1017 993 1124 1041 quod
1145 1005 1190 1029 ex
1209 993 1284 1029 hoc
1303 992 1386 1041 ipso

315 1048 421 1098 quod
450 1048 675 1086 sentiremus
703 1048 948 1097 particulare,
989 1047 1128 1084 scilicet
1156 1046 1280 1094 quod,
1311 1047 1387 1084 hoc

316 1114 454 1151 corpus
474 1103 585 1139 lunae
606 1110 696 1139 tunc
714 1102 907 1139 >subintrat
925 1102 1025 1138 hanc
1052 1101 1232 1137 umbram
1251 1108 1385 1147 terrae,

315 1156 439 1193 statim
468 1155 656 1192 accideret
678 1156 789 1193 nobis
817 1155 924 1204 quod
953 1154 1135 1191 sciremus
1158 1153 1385 1191 universale.

316 1210 458 1246 Sensus
475 1209 576 1247 enim
592 1217 721 1246 noster
740 1217 838 1246 esset
857 1204 999 1246 dehoc
1014 1208 1120 1257 quod
1134 1220 1236 1244 nunc
1256 1208 1386 1244 lumen

315 1263 403 1300 solis
419 1263 623 1300 obstruitur
636 1276 707 1312 per
721 1262 1005 1312 oppositionem
1021 1270 1158 1308 terrae;
1182 1269 1218 1297 et
1230 1273 1300 1310 per
1313 1261 1389 1298 hoc

369 1437 409 1474 θθ)
429 1440 470 1464 Αη
485 1439 522 1464 sit
535 1438 652 1472 desectus
671 1438 750 1462 lunae
768 1437 811 1462 vel
824 1444 911 1461 non.-
922 1436 1005 1460 Codd.
1018 1435 1157 1460 BFGHIO.
1171 1435 1207 1460 E:
1221 1435 1246 1460 si
1259 1442 1293 1460 an
1309 1435 1341 1468 (s.
1353 1443 1388 1460 m.

315 1483 350 1500 an
370 1475 409 1507 si)
429 1478 468 1499 est
483 1474 599 1509 desectus
614 1475 693 1498 lunae
708 1474 748 1498 vel
762 1480 823 1497 non.
838 1472 857 1496 P
874 1477 899 1496 et
913 1472 953 1496 alii
969 1471 1052 1495 codd-z
1067 1478 1102 1496 an
1117 1471 1154 1496 sit
1168 1471 1286 1504 desectus
1301 1471 1387 1501 lunae,

316 1511 358 1536 vel
377 1509 430 1543 (vel
447 1518 500 1534 om.
515 1509 710 1542 ACDKLQST)
725 1509 750 1533 si
763 1511 803 1533 est
817 1508 934 1541 defectus
947 1507 1026 1532 lunae
1041 1507 1082 1532 vel
1096 1514 1164 1531 non:
1183 1507 1230 1531 sed
1244 1506 1333 1537 verba,
1348 1506 1389 1531 vel

315 1547 339 1571 si
357 1549 397 1571 est
415 1546 532 1579 defectus
551 1546 640 1574 lunae,
661 1550 721 1569 sunt
740 1551 801 1568 vere
820 1543 915 1568 inutilis
934 1542 1061 1575 repetitio.
1384 1572 1385 1576 Ἰ

371 1581 398 1615 ιι)
420 1582 456 1606 Et
473 1581 536 1614 quia
556 1580 714 1605 etc.-GH1:
730 1579 785 1604 Sed
799 1579 875 1611 quia;
890 1579 915 1603 H
935 1583 960 1603 et
979 1586 1004 1611 p.
1020 1586 1055 1603 m.
1070 1578 1093 1603 D
1113 1585 1166 1602 om.
1187 1577 1336 1606 obviand05
1350 1578 1388 1602 M:

311 1620 404 1649 posset
422 1617 554 1641 obviando
570 1615 734 1640 dien-Infra
748 1622 811 1639 vero
827 1613 906 1648 (quae
920 1614 1043 1639 sciuntur
1057 1612 1117 1648 etc.)
1133 1613 1163 1638 FI
1179 1621 1302 1638 erronee:
1321 1620 1390 1646 quae

315 1653 482 1682 sentiuntur;
501 1655 526 1676 et
546 1652 584 1676 ita
594 1659 646 1683 per
663 1651 808 1676 subiectum
824 1650 978 1682 (subiectum
995 1650 1072 1674 habet
1092 1650 1169 1674 etiam
1184 1657 1210 1682 p.
1221 1657 1256 1673 m.
1271 1648 1300 1680 S)
1315 1649 1388 1674 vide-

316 1692 361 1713 tur
379 1688 451 1720 quod
470 1695 521 1712 non
539 1687 625 1719 possit
648 1692 709 1718 etc.;
725 1687 760 1717 Q:
775 1693 844 1719 quae
865 1685 1002 1716 sciuntur;
1016 1688 1042 1710 et
1061 1685 1100 1710 ita
1125 1685 1232 1710 videtur
1250 1685 1322 1717 quod
1336 1692 1389 1717 per

314 1731 420 1749 sensum
440 1731 491 1748 non
508 1723 596 1755 possit
614 1727 662 1747 etc.

369 1759 411 1792 κκ)
432 1759 531 1784 Sensus
550 1758 590 1783 rei
607 1758 754 1791 singularis
766 1758 849 1790 fieret
868 1757 1059 1782 universale.—
1072 1756 1130 1781 Non
1149 1761 1219 1781 certe
1235 1756 1309 1789 quasi
1329 1763 1388 1781 sen-

315 1802 369 1827 sus,
390 1799 433 1819 aut
451 1802 493 1819 res
513 1794 651 1827 singularis
674 1793 737 1819 fiant
761 1793 920 1825 universale;
939 1793 987 1817 sed
1006 1793 1066 1826 quia
1085 1800 1116 1817 ex
1135 1791 1184 1817 hoc
1203 1792 1275 1825 quod
1295 1799 1389 1817 sensus

901 218 1288 257 POSTERIORUM
1315 217 1749 254 ANALYTICORUM
1777 217 1871 254 LIB.
1903 218 1935 253 II

1448 296 1693 334 manifestum
1723 303 1822 333 esset
1854 295 1965 333 nobis
1994 295 2100 344 quod
2128 296 2219 333 luna
2246 309 2349 334 nunc
2381 296 2521 337 deficit.

1449 350 1498 386 Et
1520 349 1610 398 quia
1634 362 1705 387 nos
1722 349 1997 387 coniiceremus
2018 349 2123 398 quod
2144 361 2298 399 semper
2311 350 2386 387 hoc
2401 350 2522 388 modo

1448 402 1637 440 accideret
1664 404 1777 440 lunae
1804 403 1984 450 defectus,
2009 402 2135 440 statim
2155 402 2194 440 in
2219 410 2348 440 nostra
2367 403 2523 441 scientia

1447 468 1581 493 sensus
1592 457 1612 478 *
1628 456 1681 493 rei
1696 456 1892 505 singularis
1911 457 2021 494 fieret
2038 456 2252 494 universale
2262 462 2302 493 ¹².
2323 457 2373 493 Et
2388 469 2432 494 ex
2447 457 2522 494 hoc

1449 511 1625 559 exemplo
1640 510 1661 531 *
1676 510 1868 547 concludit
1882 511 1989 559 quod
2008 510 2112 548 idem
2131 517 2186 547 est
2200 510 2295 547 scire
2314 510 2417 558 quod
2433 510 2524 559 quid

1446 569 1502 599 est
1519 570 1555 600 et
1566 569 1726 611 propter
1744 564 1844 612 quid.
1875 564 1980 600 Nam
2007 576 2052 600 ex
2080 564 2155 601 hoc
2180 563 2286 612 quod
2303 563 2483 600 videmus
2502 564 2523 585 *

1445 623 1586 653 terram
1615 616 1876 666 interpositam
1904 617 2000 654 inter
2024 618 2147 654 solem
2176 625 2213 654 et
2240 618 2384 664 lunam,
2411 616 2522 654 scire-

1446 681 1533 706 mus
1553 670 1573 691 *
1595 677 1631 706 et
1658 671 1750 719 quid
1771 676 1827 707 est
1848 670 2017 707 defectus
2045 670 2157 707 lunae
2187 678 2224 707 et
2246 676 2405 719 propter
2432 670 2524 719 quid

1445 723 1535 760 luna
1555 723 1700 760 deficit:
1724 735 1891 772 quorum
1910 736 2045 771 unum,
2067 724 2207 761 scilicet
2234 724 2330 761 scire
2349 724 2440 773 quid
2457 730 2520 770 est,

1445 777 1602 813 refertur
1622 777 1670 814 ad
1699 777 1895 814 scientiam
1924 789 2001 825 qua
2025 777 2168 814 scimus
2188 777 2237 814 de
2258 777 2387 825 aliquo
2416 777 2522 826 quod

1419 849 1422 852 ·
1444 829 1663 879 simpliciter
1690 830 1751 877 sit,
1781 843 1862 867 non
1889 838 2019 879 autern
2047 830 2155 879 quod
2182 830 2325 879 aliquid
2352 830 2439 867 insit
2457 830 2522 867 ali-

1445 883 1533 930 cui;
1569 883 1637 920 sed
1665 889 1825 932 propter
1858 884 1949 932 quid
1985 884 2143 921 refertur
2179 883 2228 921 ad
2263 883 2521 932 cognitionem

1444 949 1580 974 eorum
1610 949 1710 986 quae
1734 937 1876 983 insunt,
1899 937 1994 974 sicut
2022 950 2111 974 cum
2134 937 2297 975 dicimus
2320 937 2426 986 quod
2446 944 2522 974 tres

1443 990 1571 1039 anguli
1588 988 1614 1011 λ)
1633 998 1720 1028 sunt
1739 991 1918 1039 aequales
1937 991 2090 1029 duobus
2114 991 2236 1039 rectis,
2257 998 2323 1028 aut
2355 990 2522 1028 maiores

1443 1053 1508 1082 aut
1531 1056 1711 1082 minores.
1935 1069 1939 1072 -

1496 1099 1640 1136 Ultimo
1660 1106 1790 1135 autern
1812 1098 2039 1147 epilogando
2065 1097 2257 1135 concludit
2274 1099 2295 1119 '¹‘
2313 1097 2522 1147 principale

1443 1152 1706 1202 propositum,
1736 1151 1875 1190 scilicet
1909 1153 2155 1190 manifestum
2184 1164 2267 1189 esse
2287 1151 2308 1172 ²*
2338 1164 2384 1189 ex
2411 1164 2521 1201 prae-

1445 1206 1643 1254 dictis,'in
1677 1206 1858 1244 omnibus
1890 1218 1990 1255 quae
2023 1214 2258 1255 quaeruntur
2291 1217 2375 1242 esse
2403 1205 2522 1244 medii

1444 1260 1722 1309 quaestionem.

1443 1440 1532 1460 noster
1550 1434 1756 1468 apprehenderet
1769 1442 1837 1459 nunc
1850 1434 1940 1459 lumen
1959 1434 2023 1459 solis
2037 1433 2139 1459 obstrui
2154 1441 2201 1467 per
2214 1433 2409 1466 oppositionem
2426 1437 2521 1465 terrae,

1443 1471 1589 1496 intellectus
1613 1470 1750 1495 conii-:eret
1769 1470 1841 1503 quod
1860 1477 1966 1502 semper
1983 1469 2032 1494 hoc
2051 1470 2131 1494 modo
2151 1469 2278 1494 accideret
2297 1470 2374 1494 lunae
2393 1469 2520 1495 defectus.

1443 1507 1519 1532 Unde
1538 1514 1569 1531 ex
1587 1506 1635 1530 hac
1653 1505 1813 1538 acceptione,
1832 1505 1906 1530 cuius
1925 1513 2003 1530 causa
2018 1509 2058 1530 est
2072 1505 2218 1530 intellectus
2238 1510 2264 1530 et
2282 1513 2335 1530 non
2355 1513 2459 1536 sensus,
2471 1504 2518 1530 ha-

1443 1542 1519 1567 betur
1537 1541 1693 1572 universale,
1713 1541 1784 1574 quod
1803 1546 1843 1566 est
1861 1541 1993 1565 obiectum
2012 1540 2134 1565 scientiae
2153 1540 2202 1573 (Cf.
2216 1540 2282 1566 infra
2302 1541 2360 1566 leet.
2373 1540 2426 1574 xx).

1496 1575 1543 1612 λλ)
1560 1577 1638 1608 Quod
1657 1580 1712 1602 tres
1725 1576 1828 1609 anguli.
1837 1576 1927 1601 -AMz
1944 1576 2017 1608 quod
2029 1575 2131 1609 singuli
2143 1576 2252 1610 angu1t5
2266 1575 2343 1606 BOQ
2359 1581 2385 1601 et
2398 1584 2421 1602 s.
2432 1584 2468 1601 m.
2482 1576 2521 1602 D:

1442 1613 1514 1646 quod
1527 1613 1622 1646 anguli
1635 1611 1720 1644 aliqui
1725 1619 1734 1642 ‚·
1748 1611 1802 1636 ΡΠ.
1817 1616 1843 1636 et
1852 1619 1877 1644 p.
1888 1619 1925 1637 m.
1935 1611 1971 1636 K:
1986 1611 2058 1644 quod
2075 1611 2171 1644 anguli
2183 1611 2311 1640 alicuius,-
2325 1611 2350 1636 fl
2365 1616 2391 1636 et
2404 1619 2426 1637 s.
2435 1619 2474 1637 m.
2484 1611 2520 1637 K:

1444 1648 1515 1682 quod
1533 1648 1629 1682 anguli
1647 1647 1781 1681 trianguli
1786 1655 1795 1678 ,⁸
1814 1647 1904 1672 EGNS
1923 1652 1950 1672 et
1967 1655 1993 1679 p.
2010 1655 2046 1672 m.
2065 1646 2103 1671 D:
2123 1647 2195 1679 quod
2213 1646 2315 1680 singuli
2331 1646 2415 1672 alicui
2420 1654 2430 1676 ‚¹
2448 1646 2472 1672 T
2495 1652 2523 1673 et

1445 1692 1467 1709 s.
1481 1692 1517 1709 m.
1531 1684 1565 1709 C:
1585 1683 1657 1717 quod
1675 1682 1778 1716 singuli
1795 1683 1891 1716 anguli
1908 1682 2006 1712 alicu&
2027 1682 2048 1707 C
2062 1690 2088 1715 p.
2102 1689 2138 1707 m.
2157 1690 2212 1707 om.
2230 1683 2300 1708 sicut
2311 1689 2398 1715 usque
2411 1682 2444 1707 ad
2457 1685 2522 1708 sunt

1444 1720 1577 1745 inclusive.
1591 1718 1722 1744 Fortassis
1733 1726 1796 1743 vera
1810 1719 1886 1744 lectio
1899 1723 1941 1743 est
1954 1718 1998 1743 illa
2011 1725 2080 1751 quae
2095 1718 2169 1743 damr
2183 1718 2215 1743 ab
2230 1718 2255 1743 H
2268 1722 2295 1744 et
2305 1725 2329 1743 s.
2343 1726 2379 1743 m.
2393 1717 2425 1750 K,
2439 1725 2522 1752 qum

1443 1756 1563 1781 videntur
1581 1755 1694 1781 indicare
1712 1760 1848 1788 corruptae
1867 1755 1991 1780 lectiones
2010 1754 2121 1779 aliorum
2140 1754 2216 1780 codd.

2549 463 2562 474 ⁸
2568 469 2607 485 m:
2618 463 2689 486 etiam
2699 470 2769 491 sene:

2551 495 2735 517 mtroffloqsr:
2742 494 2765 514 et

2550 522 2645 539 sensus.

2639 553 2671 570 xx

2549 578 2560 589 ⁸
2574 584 2609 600 n:
2624 578 2662 600 Ex
2672 579 2716 601 hoc
2725 585 2764 601 er-

2548 610 2583 640 qo
2598 605 2722 627 concludit.

2569 637 2584 652 u
2593 639 2598 652 z
2614 638 2658 653 nos
2669 632 2728 658 vid.;
2735 639 2765 654 m

2551 663 2593 683 qs:
2602 657 2744 680 videremus.
2752 666 2764 681 ι

2549 690 2598 706 om.
2609 690 2639 707 ex
2653 685 2698 706 hoc
2711 685 2750 713 qd.

2549 711 2561 722 ⁴¹
2569 710 2645 732 Codd.
2655 723 2665 727 -
2674 718 2695 733 γε
2703 712 2765 734 scle-

2549 743 2626 759 mus.-
2634 737 2667 760 Et
2674 744 2724 760 om.
2731 745 2764 762 τι.

2548 1105 2594 1127 ⁸0:
2604 1104 2764 1131 concludendo

2548 1131 2612 1181 ἱρέες
2624 1133 2668 1181 daf-
2675 1165 2703 1181 ιη
2718 1160 2764 1181 εει.
