2788 4204
321 241 397 278 350

901 234 1287 275 POSTERIORUM
1314 232 1746 270 ANALYTICORUM
1774 234 1868 269 LIB.
1900 233 1945 269 II.

1064 506 1367 564 LECTIO
1407 506 1781 563 SEPTIMA

638 651 723 691 DE
755 647 1006 711 DUOBUS
1041 645 1250 693 MODIS,
1287 643 1515 684 LOGICO
1553 644 1632 684 ET
1667 645 2213 696 DEMONSTRATIVO,

914 719 1380 763 MANIFESTANDI
1416 718 1590 772 QUOD
1631 719 1780 771 Qun)
1817 718 1933 762 EST

323 862 426 896 Πάλιν
452 858 491 894 δὲ
513 859 680 893 σκεπτέον
707 862 741 891 τί
768 857 902 890 τούτων
926 856 1069 903 λέγεται
1093 855 1203 892 καλῶς
1224 856 1281 886 καὶ
1305 856 1338 885 τί
1357 854 1396 886 οὖ

390 908 514 947 καλῶς,
539 908 599 938 καὶ
624 908 657 937 τί
676 905 768 937 ἐστιν
796 904 812 935 ό
839 901 986 946 ὁρισμός,
1003 903 1062 932 καὶ
1082 901 1145 932 τοῦ
1164 902 1197 931 τί
1216 900 1310 932 ἐστιν
1331 897 1396 945 ἄρα

391 964 461 989 πως
488 952 580 983 ἔστιν
607 949 779 990 ἀπόδειξις
804 950 861 980 καὶ
888 946 1020 991 ὁρισμός
1047 944 1067 983 ἦ
1094 943 1262 990 οὐδαμῶς.

318 1041 414 1073 Ἐπεὶ
439 1036 467 1072 δ’
497 1042 607 1082 ἐστίν,
635 1041 676 1077 ὠς
702 1038 848 1082 ἔφαμεν,
882 1035 1014 1068 ταύτόν
1042 1035 1083 1067 τὸ
1109 1030 1236 1066 εἰδέναι
1261 1038 1294 1067 τί
1321 1035 1396 1067 ἐστι

315 1710 374 1740 “Ον

322 2024 368 2056 Τὸ

389 1087 449 1117 καὶ
476 1087 517 1119 τό
543 1084 670 1117 εἰδέναι
696 1085 737 1115 τό
757 1085 868 1114 αἴτιον
895 1081 958 1113 τοῦ
984 1082 1017 1112 τί
1037 1080 1125 1112 ἐστι·
1143 1078 1243 1134 λόῖος
1262 1076 1300 1112 δέ
1318 1080 1399 1112 τού-

392 1141 473 1173 του,
502 1130 556 1163 ὅτι
582 1130 657 1162 ἔστι
683 1140 717 1160 τι
743 1128 785 1160 τό
813 1128 939 1158 αἴτιον·
970 1127 1029 1157 καὶ
1057 1125 1164 1156 τοῦτο
1189 1123 1210 1160 r}
1237 1126 1278 1158 τό
1305 1126 1396 1157 αὐτό

391 1173 412 1210 ἦ
439 1176 536 1218 ἄλλο,
561 1174 625 1208 κᾶν
652 1172 674 1218 ᾖ
701 1174 797 1214 ἄλλο,
817 1170 838 1208 ἦ
859 1167 1066 1203 ἀποδεικτόν
1086 1169 1107 1207 ἦ
1127 1168 1395 1202 ἀναπόδεικτον·

391 1220 419 1250 εἰ
434 1224 548 1253 τοίνυν
567 1221 659 1253 ἐστὶν
676 1219 759 1251 ἄλλο
775 1218 833 1250 καὶ
852 1213 1033 1260 ἐνδέχεται
1052 1212 1245 1256 ἀποδεῖξαι,
1262 1215 1395 1262 ἀνάγκη

391 1266 492 1306 μέσον
518 1263 604 1298 εἶναι
630 1264 671 1296 τό
698 1265 810 1296 αἴτιον
832 1263 891 1294 καὶ
910 1261 942 1293 ἐν
962 1263 1009 1302 τῷ
1029 1259 1188 1306 σχήματι
1207 1262 1255 1302 τῷ
1274 1263 1396 1306 πρώτῳ

391 1310 597 1344 δείκνυσθαι·
616 1308 764 1342 καθόλου
791 1319 829 1340 τε
854 1305 919 1352 γὰρ
944 1307 1001 1336 καὶ
1018 1305 1249 1351 κατηγορικὸν
1269 1309 1310 1339 τό
1329 1305 1396 1339 δει-

390 1356 563 1401 κνύμενον.
591 1355 645 1392 Εἷς
670 1354 729 1398 μὲν
751 1349 794 1390 δή
821 1350 947 1396 τρόπος
968 1349 1006 1382 ἂν
1025 1352 1074 1387 εἴη
1096 1350 1111 1381 ό
1130 1351 1186 1381 νῦν
1205 1349 1399 1397 ἐξητασμέ-

391 1414 458 1443 νος,
487 1402 528 1433 τό
553 1398 590 1433 δι’
622 1399 725 1432 ἄλλου
752 1398 793 1430 τό
812 1401 845 1429 τί
863 1397 939 1429 ἐστι
954 1392 1158 1441 δείκνυσθαι.
1185 1396 1256 1426 Τῶν
1275 1408 1313 1428 τε
1330 1398 1396 1444 γάρ

394 1450 426 1478 τί
453 1447 546 1478 ἐστιν
581 1444 712 1488 ἀνάγκη
748 1444 789 1475 τό
815 1441 915 1487 μέσον
942 1441 1027 1472 εἰναι
1061 1441 1094 1471 τί
1121 1439 1215 1481 ἑστι,
1242 1444 1300 1474 καὶ
1328 1443 1395 1473 τῶν

390 1488 482 1525 ἰδίων
506 1489 603 1522 ἴδιον.
624 1489 728 1520 ’Ὥστε
756 1487 796 1519 τό
821 1487 881 1531 μὲν
906 1479 1007 1525 δείξει
1034 1486 1075 1518 τό
1099 1479 1129 1514 δ’
1152 1486 1190 1516 οὐ
1209 1486 1311 1528 δείξει
1330 1487 1396 1518 τῶν

393 1540 425 1569 τί
453 1534 491 1574 ἦν
517 1533 603 1567 εἶναι
636 1535 684 1575 τῷ
710 1533 805 1573 αὐτῷ’
837 1529 1031 1575 πράγματι.
1065 1527 1174 1568 Οὗτος
1208 1532 1268 1578 μὲν
1295 1530 1352 1564 οὖν
1380 1533 1395 1564 ὁ

393 1581 516 1626 τρόπος
544 1580 598 1612 ὅτι
623 1580 683 1611 οὐκ
710 1577 748 1611 ἂν
775 1579 824 1614 εἴη
852 1575 1038 1618 ἀπόδειξις,
1058 1579 1191 1623 εἴρηται
1217 1578 1395 1623 πρότερον·

394 1626 466 1660 ἀλλ’
496 1626 570 1658 ’ἐστι
593 1623 729 1671 λογικός
753 1622 976 1669 συλλογισμός
1003 1624 1066 1654 τοῦ
1092 1625 1125 1654 τί
1152 1621 1259 1656 ἐστιν.

400 1704 437 1740 δὲ
464 1707 589 1752 τρόπον
624 1701 825 1750 ἐνδέχεται,
850 1703 1021 1750 λέγωμεν,
1053 1703 1209 1742 εἰπόντες
1234 1703 1336 1736 πάλιν
1363 1704 1398 1745 ἒξ

393 1754 512 1799 ἀρχῆς.
537 1752 663 1796 ’Ὠσπερ
693 1750 759 1797 γαρ
794 1749 835 1781 τό
866 1746 958 1782 διότι
989 1750 1159 1795 ζητοῦμεν
1185 1750 1324 1794 ἔχοντες
1356 1750 1398 1781 τὸ

393 1797 461 1839 ὅτι,
488 1798 597 1830 ἐνίοτε
615 1792 652 1828 δὲ
676 1797 735 1827 καὶ
755 1794 828 1839 ἅμα
846 1790 938 1831 δῆλα
956 1796 1104 1841 γίνεται,
1126 1794 1200 1827 ἀλλ’
1222 1794 1300 1827 οὔτι
1318 1793 1398 1839 πρό-

392 1842 490 1888 τερόν
515 1855 552 1888 γε
581 1841 622 1873 τό
647 1837 738 1872 διότι
763 1840 912 1872 δυνατὸν
930 1842 1092 1886 γνωρίσαι
1121 1841 1183 1872 τοῦ
1203 1839 1272 1882 ὅτι,
1291 1836 1396 1876 δῆλον

391 1888 445 1920 ὅτι
467 1889 586 1932 ὁμοίως
604 1889 662 1918 καὶ
682 1885 722 1917 τό
742 1887 774 1916 τί
794 1883 834 1923 ἦν
854 1882 940 1917 εἶναι
961 1885 1019 1917 οὐκ
1038 1885 1115 1917 ἄνευ
1134 1886 1197 1917 τοῦ
1216 1884 1271 1917 ὅτι
1290 1886 1396 1918 ἐστίν·

393 1931 566 1966 ἀδύνατον
583 1932 648 1978 γαρ
675 1926 801 1962 εἰδέναι
828 1932 861 1962 τί
881 1930 987 1972 ἑστιν,
1009 1931 1221 1976 ἀγνοοῦντας
1243 1931 1271 1962 εὶ
1289 1930 1395 1963 ἔστιν.

393 2019 421 2055 δ’
451 2023 479 2054 εἱ
505 2021 596 2054 ἔστιν
632 2021 691 2053 ὁτὲ
717 2021 776 2064 μὲν
801 2021 899 2052 κατοὶ
924 2020 1136 2065 συμβεβηκός
1167 2020 1309 2066 ἔχομεν,
1338 2020 1399 2052 ὁτὲ

390 2064 421 2100 δ’
453 2065 591 2113 ἔχοντές
619 2078 653 2098 τι
679 2066 790 2098 αὐτοῦ
817 2066 880 2097 τοῦ
906 2066 1127 2112 πράγματος,
1147 2066 1216 2097 οἶον
1235 2066 1396 2111 βροντήν,

391 2112 445 2145 ὅτι
470 2112 572 2157 ψόφος
599 2123 649 2150 τις
675 2112 791 2156 νεφῶν,
817 2112 875 2142 καὶ
902 2111 1060 2155 ἔκλειψιν,
1085 2110 1139 2143 ὅτι
1162 2110 1318 2154 στέρησίς
1347 2123 1399 2150 τις

390 2157 515 2203 φωτός,
541 2158 600 2188 καὶ
628 2155 819 2201 ἄνθρωπον,
843 2154 898 2187 ὅτι
921 2157 1006 2199 ζῷόν
1033 2168 1080 2198 τι,
1107 2157 1166 2188 καὶ
1191 2155 1315 2202 ψυχήν,
1343 2155 1398 2188 ὅτι

391 2203 480 2235 αὐτὸ
506 2201 594 2235 αὐτό
618 2202 743 2233 κινοῦν.

314 2292 402 2325 Ὅσα
427 2292 486 2337 μὲν
512 2290 569 2326 οὖν
586 2291 683 2323 κατά
707 2289 919 2334 συμβεβηκός
937 2285 1075 2334 οἴδαμεν
1094 2289 1148 2322 ὅτι
1166 2289 1274 2332 ἔστιν,
1294 2290 1402 2337 ἀναγ-

318 2607 375 2638 Ὧν

388 2341 485 2369 καῖον
511 2333 674 2382 μηδαμῶς
701 2335 789 2379 ἔχειν
815 2336 896 2379 πρός
923 2335 964 2367 τό
982 2338 1016 2367 τί
1035 2336 1141 2368 ἐστιν·
1162 2332 1241 2367 οὐδὲ
1258 2334 1400 2382 γαρότι

391 2383 482 2415 ἔστιν
507 2385 614 2427 ἴσμεν·
642 2381 684 2413 τό
709 2383 747 2415 δὲ
770 2382 886 2424 ζητεῖν
923 2382 956 2412 τί
983 2380 1058 2413 ἐστι
1083 2380 1130 2425 μή
1163 2380 1310 2425 ἔχοντας
1341 2379 1398 2413 δ’τι

391 2427 485 2469 ἔστι,
537 2423 616 2465 ηδεν
641 2426 756 2469 ζητεῖν
783 2427 890 2459 ἐστίν·
916 2424 989 2457 καθ’
1021 2425 1105 2458 ὅσων
1131 2423 1160 2458 δ’
1191 2426 1312 2471 ἔχομέν
1340 2423 1397 2467 τι,

389 2474 482 2517 ῥᾷον.
502 2473 607 2504 Ὥστε
632 2472 673 2508 ὠς
701 2473 821 2519 ἔχομεν
848 2469 903 2502 ὅτι
929 2471 1036 2512 ἔστιν,
1065 2470 1173 2509 οὕτως
1199 2471 1320 2517 ἔχομεν
1337 2472 1397 2503 καὶ

391 2517 472 2562 πρὸς
500 2517 541 2549 τό
567 2518 600 2548 τί
626 2516 732 2549 ἐστιν.

401 2605 457 2639 οὖν
485 2603 605 2651 ἔχομέν
633 2617 667 2637 τι
694 2606 756 2638 τοῦ
783 2607 816 2636 τί
843 2604 949 2646 ἐστιν,
977 2604 1065 2636 ἔστω
1087 2605 1222 2648 πρῶτον
1240 2606 1300 2649 μὲν
1317 2601 1397 2637 ὦδε·

393 2650 534 2695 ἔκλειψις
560 2650 608 2695 ἐφ’
639 2650 677 2683 οὗ
703 2651 744 2683 τό
770 2651 815 2691 Α,
842 2648 966 2686 σελήνη
994 2649 1041 2694 ἐφ’
1073 2649 1111 2682 οὗ
1137 2651 1172 2691 Γ,
1201 2650 1397 2706 ἀντίφραξις

391 2697 453 2743 γῆς
481 2695 529 2740 ἐφ’
561 2696 598 2728 οὗ
622 2697 659 2728 Β.
694 2696 739 2728 Τό
764 2694 824 2740 μὲν
850 2692 907 2726 οὖν
937 2693 1082 2739 πότερον
1117 2695 1265 2728 ἐκλείπει
1290 2697 1311 2732 ἡ
1337 2695 1396 2737 οὗ,

393 2741 434 2774 τό
458 2743 483 2775 Β
507 2742 622 2784 ζητεῖν
649 2741 756 2782 ἐστίν,
785 2738 829 2784 ἀρ’
860 2739 952 2771 ἔστιν
979 2737 1000 2775 ἦ
1027 2739 1077 2771 οὕ.
1101 2740 1212 2772 Τοῦτο
1238 2736 1268 2772 δ’
1301 2736 1397 2772 οὐδὲν

392 2783 542 2831 διαφέρει
570 2786 686 2829 ζητεῖν
712 2784 734 2823 ἦ
759 2786 786 2817 εἰ
814 2785 888 2817 ἔστι
912 2783 1013 2829 λόγος
1040 2784 1163 2816 αὑτοῦ.
1200 2786 1266 2817 Καὶ
1293 2785 1351 2818 ἑοίν
1378 2783 1398 2827 ᾖ

393 2833 524 2872 τοῦτο,
549 2829 687 2863 κάκεῖνό
712 2842 820 2876 φαμεν
846 2826 944 2861 εἶναι.
964 2827 1012 2860 ’Ἡ
1037 2828 1187 2873 ποτέρας
1216 2830 1278 2868 τῆς
1306 2829 1399 2862 ἀντι-

391 2875 522 2920 φσίσεώς
549 2874 641 2907 ἐστιν
661 2876 677 2907 ό
695 2875 737 2908 λό
764 2888 812 2916 ος,
832 2874 978 2919 πότερον
1005 2875 1068 2906 τοῦ
1093 2874 1183 2919 ἔχειν
1209 2870 1271 2907 δύο
1298 2873 1397 2918 ὀρθάς

392 2921 413 2958 ἦ
441 2922 503 2953 τοῦ
529 2921 576 2965 μή
603 2921 703 2966 ἔχειν.
724 2888 833 2953 ι’ὅταν
860 2915 1072 2964 δἐῧρωμεν,
1102 2920 1174 2963 ἅμα
1201 2920 1241 2952 τό
1269 2919 1323 2952 ὅτι
1339 2921 1398 2951 καὶ

393 2966 434 2997 τό
459 2962 550 2998 διότι
573 2967 683 3010 ἴσμεν,
711 2965 750 2998 ἂν
776 2961 835 2998 διαὶ
859 2963 968 3007 μέσων
996 2961 1031 3007 ᾗ·
1058 2965 1086 2997 εἱ
1111 2962 1149 2998 δὲ
1173 2964 1235 3009 μή,
1264 2965 1305 2996 τό
1329 2963 1397 3006 ὅτι,

393 3010 435 3042 τό
460 3006 551 3042 διότι
569 3005 598 3042 δ’
629 3009 682 3043 οὗ.
701 3010 829 3047 Σελήνη
849 3011 884 3050 Γ,
903 3009 1046 3053 ’ἔκλειψις
1065 3011 1103 3051 Α,
1125 3009 1166 3042 τό
1185 3009 1399 3046 πανσελήνου

391 3055 489 3087 σκιοὶν
515 3054 561 3099 μή
587 3050 754 3087 δύνασθαι
781 3058 887 3087 ποιεῖν
905 3049 1047 3099 μηδενός
1075 3056 1167 3099 ήμῶν
1193 3054 1327 3098 μεταξῦ
1346 3054 1398 3086 όν-

393 3111 451 3138 τος
476 3101 634 3144 φανεροῦ,
655 3100 700 3144 ἐφ’
733 3099 770 3132 οὗ
786 3101 823 3131 Β.
851 3099 889 3130 Ei.
913 3101 1026 3130 τοίνυν
1046 3100 1094 3141 τῷ
1112 3102 1133 3131 Γ
1153 3099 1299 3145 ὑπάρχει
1317 3099 1358 3131 τό
1374 3101 1399 3130 Β

393 3144 434 3176 τό
460 3144 507 3189 μή
533 3140 700 3177 δύνασθαι
726 3148 832 3177 ποιεῖν
858 3143 954 3176 σκιαὶν
980 3139 1122 3188 μηδενός
1147 3144 1280 3189 μεταξύ
1305 3145 1398 3189 ήμῶν

393 3189 512 3230 ὄντος,
548 3189 662 3231 τούτῳ
691 3185 728 3221 δὲ
766 3188 806 3220 τό
838 3190 864 3220 Α
894 3188 935 3221 τό
971 3189 1225 3231 ἐκλελοιπέναι,
1259 3188 1313 3221 ὅτι
1339 3188 1398 3234 μέν

393 3234 538 3266 ἐκλείπει
564 3230 682 3275 δῆλον,
709 3229 800 3266 διότι
825 3228 855 3265 δ’
884 3233 992 3275 οὔπω,
1014 3236 1071 3266 καὶ
1100 3233 1230 3279 ὅτιμὲν
1255 3233 1398 3278 ἔκλειψίς

393 3278 486 3311 ἐστιν
510 3280 620 3323 ἴσμεν,
648 3281 681 3310 τί
707 3274 736 3310 δ’
767 3278 860 3310 ἐστὶν
887 3278 947 3310 οὐκ
971 3281 1078 3323 ἴσμεν.
1106 3278 1216 3316 Δήλου
1241 3274 1269 3310 δ’
1300 3279 1399 3316 ὄντος

393 3322 448 3356 ὅτι
474 3322 515 3356 τό
540 3325 565 3354 Α
591 3324 639 3365 τῷ
664 3325 686 3354 Γ
713 3321 877 3368 ὑπάρχει,
907 3323 998 3356 ἀλλά
1021 3319 1081 3357 διαὶ
1105 3327 1139 3356 τί
1166 3322 1328 3370 ὑπάρχει,
1357 3323 1399 3356 τό

391 3369 508 3411 ζητεῖν
533 3367 574 3399 τό
598 3369 623 3399 Β
650 3370 683 3399 τί
710 3368 799 3409 ἑστι,
827 3367 971 3411 πότερον
996 3366 1193 3412 ἀντίφραξις
1218 3367 1240 3406 ἦ
1265 3368 1398 3412 στροφή

394 3414 456 3451 τῆς
487 3411 630 3450 σελήνης
655 3411 676 3449 ἦ
705 3411 901 3452 ἀπόσβεσις.
933 3414 1044 3446 Τοῦτο
1070 3409 1097 3445 δ’
1137 3413 1229 3446 ἐστὶν
1256 3414 1272 3445 ό
1296 3412 1398 3460 λόγος

394 3459 456 3490 τοῦ
482 3455 600 3501 ἑτέρου
628 3455 743 3502 ἄκρου,
768 3457 836 3489 οἷον
864 3457 897 3489 ἐν
923 3457 1062 3496 τούτοις
1088 3459 1151 3490 τοῦ
1178 3459 1214 3489 Α·
1243 3458 1317 3490 ἔστι
1333 3458 1399 3504 γὰρ

393 3502 414 3539 ή
439 3500 582 3545 ἔκλειψις
610 3501 806 3547 ἀντίφραξις
829 3502 894 3534 ύπό
911 3503 988 3548 γῆς.
1011 3505 1048 3534 Τί
1067 3502 1141 3535 ἐστι
1166 3501 1313 3547 βροντή;
1341 3514 1403 3534 πυ-

393 3546 447 3591 ρὸς
474 3546 658 3587 ἀπόσβεσις
685 3546 718 3578 ἑν
744 3546 844 3590 νέφει.
873 3547 936 3579 Διά
953 3548 1150 3591 τίβροντᾷ,
1177 3544 1236 3580 διαὶ
1254 3547 1295 3579 τό
1315 3546 1401 3580 ἀπο-

394 3590 592 3631 σβέννυσθαι
612 3591 653 3623 τό
679 3591 743 3634 πῦρ
771 3593 804 3623 ἐν
831 3591 880 3633 τῷ
901 3592 1002 3634 νέφει.
1029 3591 1135 3638 Νέφος
1153 3594 1188 3634 Γ,
1215 3591 1342 3637 βροντή
1360 3594 1400 3631 Α,

1519 906 1550 930 et
1565 900 1651 950 ‘quid
1674 911 1741 932 non
1764 903 1863 941 bene;
1890 909 1921 933 et
1944 902 2022 943 quid
2045 903 2085 934 sit
2108 903 2269 944 definitio,
2296 913 2326 937 et
2349 907 2416 938 eius
2440 909 2531 949 quod

1518 946 1597 984 quid
1621 952 1667 976 est
1689 946 1849 988 numquid
1873 948 2122 988 quodammodo
2147 955 2193 980 est
2221 950 2451 983 demonstratio
2474 960 2531 984 aut

1519 989 1674 1029 definitio,
1699 998 1754 1022 aut
1777 991 1867 1022 nullo
1891 992 2003 1023 modo.

1453 1033 1617 1071 Quoniam
1633 1042 1752 1075 autem,
1766 1035 1846 1066 sicut
1857 1035 2006 1076 diximus,
2017 1037 2103 1067 idem
2119 1044 2165 1068 est
2181 1038 2258 1069 scire
2274 1040 2364 1080 quod
2379 1041 2458 1082 quid
2474 1049 2531 1080 est,

1520 1086 1550 1109 et
1565 1079 1643 1109 scire
1659 1090 1788 1110 causam
1803 1080 1903 1121 ipsius
1919 1081 1944 1111 si
1961 1088 2015 1112 est.
2030 1081 2123 1112 Ratio
2141 1090 2249 1114 autem
2264 1084 2360 1115 huius
2377 1093 2433 1124 est,
2450 1097 2531 1128 quo—

1519 1123 1606 1154 niam
1622 1132 1668 1156 est
1684 1125 1790 1166 aliqua
1814 1136 1918 1156 causa.
1943 1127 1984 1158 Et
2002 1126 2079 1157 haec
2102 1134 2158 1158 aut
2181 1129 2292 1159 eadem
2315 1136 2370 1160 aut
2394 1131 2454 1162 alia
2475 1138 2530 1163 est.

1518 1168 1560 1199 Et
1583 1169 1609 1199 si
1633 1169 1744 1210 utique
1768 1170 1829 1200 alia
1853 1177 1910 1210 est,
1934 1178 1990 1202 aut
2013 1171 2267 1204 demonstrabilis
2291 1181 2347 1205 aut
2364 1174 2532 1207 indemon-

1519 1213 1653 1244 strabilis
1676 1222 1732 1245 est.
1758 1215 1791 1245 Si
1814 1215 1909 1256 igitur
1932 1223 1979 1247 est
2001 1215 2062 1247 alia
2081 1222 2111 1247 et
2127 1218 2280 1259 contingit
2303 1219 2532 1259 demonstrare,

1519 1268 1645 1289 necesse
1663 1266 1710 1290 est
1725 1260 1870 1290 medium
1894 1271 2023 1291 causam
2047 1271 2126 1300 esse,
2142 1269 2173 1293 et
2191 1262 2225 1293 in
2241 1263 2342 1304 figura
2354 1264 2460 1304 prima
2479 1265 2531 1296 de-

1519 1303 1698 1334 monstrari.
1725 1304 1909 1336 Universale
1934 1306 2019 1336 enim
2044 1313 2075 1338 et
2097 1307 2348 1345 praedicativum
2373 1316 2419 1340 est
2442 1309 2534 1351 quod

1520 1348 1765 1380 demonstratur.
1790 1350 1881 1381 Unus
1906 1350 2038 1391 quidem
2060 1351 2156 1393 igitur
2175 1353 2294 1383 modus
2318 1363 2403 1384 nunc
2424 1354 2533 1395 exqui-

1519 1392 1597 1423 situs
1623 1403 1679 1433 per
1703 1394 1791 1424 aliud
1811 1395 1903 1435 quod
1926 1395 2004 1436 quid
2030 1404 2077 1427 est
2095 1405 2289 1428 monstrare:
2313 1398 2432 1429 horum
2448 1398 2534 1429 enim

1519 1437 1610 1477 quod
1637 1438 1716 1478 quid
1749 1446 1796 1470 est
1827 1449 1954 1470 necesse
1977 1448 2024 1472 est
2050 1442 2195 1472 medium
2219 1452 2286 1473 esse
2309 1443 2388 1484 quid
2413 1450 2479 1481 est,
2503 1450 2535 1475 et

1519 1483 1727 1522 propriorum
1749 1484 1927 1524 proprium.
1954 1485 2060 1522 Quare
2084 1486 2146 1517 hoc
2172 1487 2303 1528 quidem
2327 1488 2533 1527 monstrabit,

1519 1527 1600 1557 illud
1622 1537 1697 1558 vero
1723 1538 1790 1558 non
1813 1530 2019 1569 monstrabit,
2045 1541 2158 1562 eorum
2174 1532 2263 1572 quod
2283 1532 2360 1573 quid
2377 1540 2442 1564 erat
2465 1543 2533 1564 esse

1520 1571 1664 1602 eiusdem
1686 1572 1741 1604 rei.
1772 1573 1834 1604 Hic
1862 1573 1995 1615 quidem
2022 1574 2118 1615 igitur
2141 1577 2260 1606 modus
2291 1578 2380 1618 quod
2404 1587 2470 1608 non
2494 1578 2535 1610 sit

1520 1617 1750 1648 demonstratio
1779 1618 1900 1649 dictum
1924 1626 1971 1650 est
1999 1619 2105 1660 prius;
2137 1620 2192 1651 sed
2220 1627 2267 1651 est
2289 1621 2411 1662 logicus
2437 1623 2533 1664 syllo-

1520 1662 1642 1702 gismus
1660 1662 1760 1702 ipsius
1779 1663 1869 1704 quod
1885 1663 1963 1704 quid
1980 1671 2035 1695 est.

1453 1706 1530 1743 Quo
1554 1714 1663 1738 autem
1685 1708 1786 1738 modo
1810 1708 1973 1749 contingat
2003 1709 2166 1748 dicemus,
2197 1709 2335 1740 dicentes
2358 1710 2475 1742 iterum
2497 1721 2536 1742 ex

1521 1751 1689 1792 principie.
1715 1752 1803 1784 Sicut
1827 1753 1913 1784 enim
1929 1761 2059 1794 propter
2082 1754 2161 1795 quid
2185 1754 2368 1795 quaerimus
2383 1755 2534 1787 habentes

1521 1796 1616 1838 quia,
1649 1797 1823 1838 aliquando
1847 1806 1955 1829 autem
1979 1806 2010 1830 et
2032 1799 2129 1830 simul
2159 1799 2326 1830 manifesta
2349 1799 2448 1839 fiunt;
2479 1801 2535 1832 sed

1521 1852 1626 1883 neque
1642 1842 1730 1883 pn'us
1746 1849 1877 1883 propter
1900 1843 1978 1884 quid
1998 1843 2148 1884 possibile
2165 1852 2212 1876 est
2228 1855 2419 1886 cognoscere
2435 1855 2536 1887 quam

1521 1887 1614 1928 quia3
1638 1887 1844 1919 manifestum
1865 1895 1911 1918 est
1934 1889 2025 1929 quod
2048 1888 2191 1920 similiter
2210 1897 2241 1920 et
2259 1891 2350 1931 quod
2373 1890 2453 1931 quid
2469 1896 2536 1921 erat

1522 1941 1589 1962 esse
1613 1942 1680 1962 non
1704 1932 1771 1963 sine
1794 1932 1870 1974 quia
1886 1940 1941 1964 est.
1961 1933 2160 1974 Impossibile
2184 1934 2270 1965 enim
2294 1942 2340 1966 est
2359 1935 2436 1966 scire
2455 1935 2535 1976 quid

1522 1983 1579 2016 est,
1603 1976 1785 2018 ignorantes
1810 1977 1835 2008 si
1860 1985 1916 2008 est.
2059 2001 2062 2004 -

1454 2022 1527 2053 Hoc
1543 2029 1652 2052 autem
1667 2022 1693 2053 si
1709 2029 1766 2061 est,
1783 2022 1956 2063 aliquando
1973 2022 2106 2064 quidem
2122 2023 2300 2054 secundum
2319 2023 2462 2055 accidens
2480 2023 2536 2054 ha·

1522 2068 1653 2107 bemus,
1678 2067 1851 2109 aliquando
1867 2077 1942 2098 vero
1958 2067 2110 2098 habentes
2126 2068 2204 2110 quid
2219 2068 2320 2109 ipsius
2343 2069 2406 2108 rei;
2426 2076 2462 2100 ut
2483 2075 2536 2100 to-

1522 2112 1675 2151 nitruum,
1701 2112 1857 2154 quoniam
1873 2122 1972 2143 sonus
1989 2112 2121 2154 quidam
2147 2114 2338 2144 nebularum
2354 2121 2418 2153 est,
2435 2121 2467 2146 et
2481 2113 2535 2144 de-

1523 2157 1642 2188 fectum
1657 2181 1666 2197 ,
1700 2157 1855 2199 quoniam
1886 2157 2021 2198 privatio
2053 2158 2212 2198 quaedam
2240 2158 2370 2189 luminis
2404 2165 2451 2190 est
2463 2182 2472 2198 ‚
2504 2164 2536 2189 et

1521 2203 1708 2242 hominem,
1736 2202 1893 2244 quoniam
1917 2202 2035 2233 animal
2059 2203 2226 2244 quoddam
2245 2210 2310 2244 est,
2327 2210 2358 2234 et
2374 2204 2535 2242 animam,

1521 2247 1678 2289 quoniam
1701 2248 1843 2289 seipsum
1866 2257 2010 2278 movens,

1454 2290 1518 2323 Sed
1540 2302 1751 2335 quaecunque
1784 2292 1916 2334 quidem
1940 2292 2118 2324 secundum
2150 2292 2294 2324 accidens
2317 2292 2436 2324 scimus
2459 2292 2538 2334 quia

1521 2345 1607 2378 sunt,
1623 2347 1751 2369 necesse
1775 2345 1822 2369 est
1837 2338 1928 2369 nullo
1943 2338 2045 2369 modo
2061 2338 2176 2368 habere
2192 2348 2225 2368 se
2241 2338 2280 2368 ad
2297 2338 2375 2379 quid
2392 2344 2448 2368 est.
2472 2337 2536 2368 Ne-

1521 2394 1585 2425 que
1605 2383 1691 2414 enim
1715 2383 1833 2414 scimus
1852 2383 1928 2424 quia
1951 2391 2044 2414 sunt:
2070 2392 2220 2424 quaerere
2243 2390 2352 2414 autem
2375 2383 2454 2424 quid
2477 2389 2534 2422 est,

1520 2438 1587 2459 non
1611 2428 1762 2459 habentes
1790 2428 1866 2469 quia
1891 2435 1956 2467 est,
1985 2428 2063 2459 nihil
2091 2437 2241 2469 quaerere
2267 2434 2323 2458 est.
2349 2427 2537 2459 Secundum

1521 2483 1733 2515 quaecunque
1762 2480 1870 2504 autem
1896 2473 2052 2504 habemus
2071 2473 2165 2514 quid,
2187 2472 2277 2504 facile
2302 2478 2349 2504 est
2373 2482 2537 2514 quaerere.

1522 2518 1629 2556 Quare
1653 2518 1932 2559 quemadmodum
1951 2518 2107 2550 habemus
2131 2517 2207 2559 quia
2223 2524 2284 2556 est,
2313 2517 2356 2548 sic
2379 2518 2535 2548 habemus

1522 2563 1562 2593 ad
1582 2562 1614 2592 id
1633 2563 1724 2603 quod
1747 2562 1825 2603 quid
1849 2568 1905 2594 est.

1455 2607 1606 2645 Quorum
1629 2607 1724 2649 igitur
1746 2608 1901 2638 habemus
1925 2607 2045 2648 aliquid
2064 2607 2164 2648 ipsius
2188 2607 2278 2648 quod
2294 2607 2373 2648 quid
2389 2613 2446 2645 est,
2470 2605 2541 2646 pri-

1522 2663 1615 2683 mum
1638 2653 1771 2694 quidem
1794 2652 1833 2683 sit
1857 2651 1997 2683 defectus
2021 2651 2054 2682 in
2077 2662 2144 2693 quo
2168 2654 2214 2690 A,
2237 2652 2315 2683 luna
2338 2651 2371 2682 in
2395 2661 2462 2692 quo
2487 2651 2534 2690 C,

1522 2697 1685 2738 oppositio
1705 2704 1803 2728 terrae
1819 2697 1852 2727 in
1868 2707 1935 2738 quo
1959 2697 1996 2728 B.
2021 2697 2138 2727 Utrum
2161 2697 2294 2737 quidem
2316 2696 2411 2737 igitur
2430 2694 2536 2727 deficit

1522 2749 1578 2772 aut
1594 2753 1675 2780 non,
1691 2742 1717 2773 B
1734 2751 1883 2783 quaerere
1900 2749 1947 2772 est
1963 2749 2071 2772 utrum
2088 2748 2134 2772 est
2157 2748 2213 2772 aut
2236 2751 2312 2772 non.
2333 2742 2405 2772 Hoc
2426 2747 2537 2772 autem

1523 2787 1601 2817 nihil
1617 2787 1719 2817 differt
1742 2796 1903 2828 quaerere,
1928 2796 2027 2827 quam
2051 2786 2076 2816 si
2101 2793 2148 2817 est
2163 2786 2243 2817 ratio
2259 2786 2376 2826 ipsius;
2401 2792 2432 2816 et
2451 2785 2476 2816 si
2495 2785 2536 2816 sit

1522 2831 1595 2870 hoc,
1613 2839 1643 2863 et
1658 2831 1737 2862 illud
1754 2831 1888 2862 dicimus
1913 2841 1990 2862 esse.
2015 2833 2081 2862 Aut
2097 2831 2199 2872 qualis
2216 2830 2472 2862 contradictionis
2489 2836 2541 2861 est

1522 2874 1625 2907 ratio?
1652 2883 1762 2908 utrum
1791 2876 1928 2907 habendi
1958 2876 2040 2907 duos
2068 2883 2170 2907 rectos
2201 2882 2257 2906 aut
2280 2885 2346 2906 non
2375 2872 2535 2906 habendi?

1523 2914 1610 2953 Cum
1633 2929 1740 2953 autem
1759 2921 1970 2959 inveniamus,
1989 2921 2085 2951 simul
2101 2920 2177 2962 quia
2200 2927 2231 2951 et
2246 2927 2377 2961 propter
2392 2919 2472 2961 quid
2487 2925 2536 2951 est

1523 2966 1652 3005 scimus,
1664 2966 1689 2997 si
1706 2977 1762 3007 per
1778 2966 1883 2997 media
1899 2965 1947 2996 sit.
1965 2965 1998 2996 Si
2014 2975 2090 2996 vero
2106 2975 2184 3003 non,
2201 2965 2292 3006 quia;
2310 2971 2441 3006 propter
2456 2963 2536 3006 quid

1522 3018 1630 3042 autem
1653 3021 1729 3043 non.
1759 3011 1806 3042 Sit
1828 3010 1923 3052 igitur
1945 3011 2022 3041 luna
2047 3010 2090 3049 C,
2116 3009 2257 3041 defectus
2274 3012 2314 3048 A,
2329 3010 2441 3040 lunam
2465 3009 2535 3050 ple-

1523 3066 1598 3087 nam
1622 3057 1769 3087 umbram
1793 3066 1859 3086 non
1883 3065 1978 3095 posse
2007 3055 2107 3086 facere
2138 3055 2228 3086 nullo
2253 3061 2401 3085 nostrum
2426 3053 2535 3084 medio

1523 3101 1672 3132 existente
1696 3100 1877 3138 manifesto,
1908 3099 1941 3130 in
1965 3110 2032 3141 quo
2056 3100 2092 3131 B.
2122 3099 2155 3131 Si
2183 3099 2279 3140 igitur
2309 3099 2342 3129 in
2365 3098 2393 3130 C
2418 3105 2465 3129 eet
2486 3098 2533 3137 B,

1523 3146 1613 3187 quod
1637 3153 1683 3177 est
1706 3146 1818 3177 lunam
1845 3155 1911 3175 non
1935 3154 2029 3186 posse
2060 3143 2160 3176 facere
2193 3145 2341 3175 umbram
2365 3153 2440 3174 curn
2463 3142 2535 3173 nul-

1522 3191 1572 3222 lus
1587 3198 1733 3222 nostrum
1755 3189 1879 3221 medius
1900 3189 1949 3227 sit,
1970 3189 2004 3220 in
2022 3189 2084 3220 hoc
2108 3196 2216 3220 autem
2234 3191 2263 3220 Α
2282 3187 2372 3230 quod
2395 3194 2442 3219 est
2457 3186 2535 3218 defi-

1523 3243 1606 3267 cere:
1633 3235 1708 3277 quia
1731 3234 1836 3266 deficit
1852 3234 1984 3275 quidem
2007 3233 2214 3265 manifestum
2237 3239 2301 3271 est,
2326 3232 2381 3263 sed
2403 3238 2541 3272 propter>

1522 3281 1601 3322 quid
1618 3280 1780 3318 nondum;
1797 3286 1827 3310 et
1842 3279 1918 3320 quia
1937 3278 2078 3310 defectus
2098 3285 2145 3310 est
2160 3278 2292 3319 quidem
2307 3277 2436 3315 scimus,
2454 3275 2534 3318 quid

1522 3333 1630 3357 autem
1649 3331 1695 3356 est
1721 3324 1890 3355 nescimus.
1916 3323 2003 3354 Cum
2027 3323 2232 3354 manifestum
2255 3329 2363 3353 autem
2387 3327 2434 3352 est
2458 3320 2541 3362 quia*

1522 3373 1551 3402 A
1574 3371 1606 3401 in
1623 3369 1650 3402 C
1668 3370 1717 3407 sit,
1743 3369 1798 3400 sed
1817 3375 1947 3410 propter
1970 3368 2060 3410 quid,
2078 3375 2125 3399 est
2138 3377 2288 3409 quaerere
2307 3367 2350 3405 B,
2375 3373 2422 3397 est
2437 3374 2532 3407 quao-

1523 3425 1589 3446 rere
1613 3415 1690 3456 quid
1715 3421 1771 3452 est,
1796 3421 1905 3445 utrum
1930 3413 1955 3443 si
1979 3412 2127 3451 obiectio,
2152 3419 2207 3444 aut
2230 3410 2394 3443 conversio
2417 3410 2532 3447 lunae,

1523 3467 1578 3491 aut
1600 3459 1758 3490 extinctio,
1783 3459 1855 3490 Hoc
1879 3465 1985 3489 autem
2011 3465 2058 3489 est
2080 3456 2159 3488 ratio
2183 3456 2310 3488 alterius
2333 3453 2470 3491 termini,
2496 3458 2534 3483 ut

1523 3504 1556 3535 in
1579 3504 1628 3535 his
1651 3513 1734 3545 quae
1762 3510 1837 3534 sunt
1860 3503 1959 3544 ipsius
1982 3505 2026 3533 A:
2052 3509 2098 3533 est
2121 3501 2207 3532 enim
2230 3500 2372 3531 defectus
2395 3496 2531 3530 obiectio

1523 3556 1632 3580 terrae.
1653 3548 1740 3586 Quid
1757 3555 1803 3579 est
1819 3544 2016 3579 tonitruum?
2030 3546 2111 3587 ignis
2127 3545 2274 3577 extinctio
2295 3544 2328 3575 in
2342 3543 2437 3575 nube.
2454 3541 2531 3572 Pro-

1522 3600 1592 3634 pter
1615 3593 1693 3634 quid
1717 3590 1828 3624 tonat?
1859 3599 1989 3633 propter
2012 3589 2153 3631 extingui
2176 3589 2283 3630 ignem
2307 3588 2340 3619 in
2364 3587 2458 3618 nube.
2485 3585 2533 3616 sit

1451 854 1600 885 *Iterum
1622 863 1731 887 autem
1754 857 1986 897 speculandum
2012 865 2058 889 est
2079 859 2158 900 quid
2172 860 2292 891 horum
2315 862 2428 903 dicitur
2450 864 2530 895 bene
2556 868 2705 917 :rga-svm—
