2548 4192
226 238 308 263 CLIV

226 306 379 344 cutiones,
396 302 544 348 πράξεις,
562 315 628 336 esse
643 305 881 345 nuncupandas,
895 317 910 332 »
929 305 1004 342 Quo
1029 310 1211 334 commento
1235 303 1289 332 ad—

225 350 323 380 misso
348 357 460 390 sponte
477 350 556 387 fluit,
574 350 662 390 quod
681 350 766 380 idem
782 350 919 379 Aelurus
935 348 1159 378 contendebat:
1180 347 1288 377 Solam

223 395 421 425 divinitatem
446 404 514 425 esse
540 394 659 424 Christi
683 399 845 430 naturam,
866 394 925 423 etsi
948 394 1172 422 incarnatam:
1190 400 1222 421 se
1242 391 1288 421 ni-

224 439 343 469 mirum
364 448 454 469 carne
479 438 528 468 vel
552 437 746 468 humanitate
763 438 895 467 habente
919 436 1016 465 instar
1034 435 1216 474 appendicis
1235 436 1288 465 ad-

223 483 366 521 iunctae,
390 483 439 512 vel
462 482 558 512 instar
580 481 798 518 instrumenti,
823 490 878 520 per
901 479 990 519 quod
1018 479 1141 509 divinae
1171 489 1289 510 exsere-

224 534 332 558 rentur
351 526 558 567 operationes.
577 526 651 562 Quo
668 525 782 564 pariter
805 523 942 553 admisso
963 530 1146 553 commento
1164 530 1195 553 et
1210 523 1289 554 illud

223 571 354 610 intelligi
378 577 481 610 potest
503 569 592 610 quod
615 568 810 598 effutiebant:
828 577 884 607 per
903 567 1153 597 Incarnationem
1175 568 1289 598 huma-

224 615 355 646 nitatem
386 621 486 644 totam
509 613 548 643 ad
571 612 700 643 Deitatis
731 619 876 642 naturam
908 611 1113 651 pertinuisse,
1138 612 1193 642 sed
1222 613 1289 643 sine

225 659 290 690 ulla
313 665 417 689 tamen
441 656 658 697 permixtione,
678 656 727 685 vel
751 655 965 695 absorptione,
989 655 1039 685 vel
1063 655 1287 687 conversione:

224 713 280 733 nec
304 702 388 732 enirn
411 700 589 731 humanitas
618 700 863 739 deperdebatur,
892 699 946 730 sed
977 699 1062 729 salva
1088 700 1288 739 consistebat,

223 746 349 787 propria
371 752 477 775 tamen
501 743 684 784 operatione
714 743 848 783 spoliata
881 753 916 774 ac
945 743 1068 773 divinae
1091 751 1221 774 naturae
1245 744 1288 775 ef-

222 790 301 820 fecta
323 789 578 819 instrumentum.
600 788 837 828 Eutychianum
860 787 945 818 hunc
969 797 1099 818 sensum
1122 788 1288 819 confirmat

220 833 365 864 Petavius
387 832 468 862 libro
483 832 553 862 VIII
570 832 608 862 de
629 832 857 870 Incarnatione,
876 832 977 872 capite
993 843 1023 862 Vt
1040 842 1185 863 enarrans
1211 833 1287 873 dog-

221 887 272 908 ma
295 875 588 914 Monothelitarum,
608 876 663 917 qui
690 876 781 907 sicuti
805 887 903 907 unam
927 876 1044 907 Christi
1068 877 1287 917 operationem

219 931 286 952 esse
318 921 490 961 putabant,
518 920 561 951 ita
585 931 683 951 unam
712 921 779 951 eius
803 928 948 952 naturam
972 921 1058 952 fateri
1084 922 1285 961 cogebantur.

222 979 237 994 c
259 964 376 996 Christi
399 964 630 995 humanitatem
653 965 691 995 ab
716 965 877 996 divinitate
900 966 995 996 Verbi
1019 972 1121 996 actam
1149 964 1212 1007 (ait
1233 967 1287 997 ille

222 1023 236 1038 »
260 1019 345 1039 num.
363 1009 402 1051 5)
419 1015 449 1039 et
468 1009 640 1049 impulsam
660 1020 696 1040 ac
719 1011 925 1050 gubernatam
945 1010 1051 1048 fuisse,
1073 1010 1153 1040 inter
1169 1010 1286 1041 Ortho-

221 1067 236 1082 »
259 1054 358 1083 doxos
383 1054 548 1085 convenit.
560 1077 567 1085 .
581 1077 588 1085 .
606 1055 727 1085 Verum
743 1054 804 1085 hoc
821 1065 860 1085 eo
879 1054 942 1085 fine
961 1055 1189 1085 Monothelitae
1212 1065 1286 1095 pro-

221 1111 235 1126 »
258 1097 407 1137 ferebant,
424 1105 460 1129 ut
483 1099 609 1129 nonnisi
633 1109 697 1129 una
716 1099 886 1129 amborum
909 1106 989 1130 esset
1008 1096 1171 1144 ἐνέργειαι,
1187 1110 1287 1141 eaque

219 1155 234 1170 x
257 1152 294 1172 ex
316 1149 385 1173 toto
410 1143 535 1181 divina;
555 1153 636 1184 quae
668 1154 800 1173 manans
829 1144 868 1174 ab
892 1143 1072 1183 divinitate,
1096 1145 1287 1175 traiiceretur

219 1199 234 1214 »
256 1186 289 1216 in
313 1186 453 1217 animam
472 1194 507 1225 et
530 1197 676 1226 carnem,
701 1188 739 1218 ab
770 1188 887 1228 quibus
916 1189 1142 1219 tantummodo
1166 1189 1285 1229 recipe-

218 1242 233 1258 »
256 1237 359 1270 retur,
390 1232 477 1262 nulla
505 1239 613 1262 autem
636 1231 810 1262 efficeretur
838 1243 875 1263 ex
898 1239 995 1273 parte.
1031 1233 1196 1274 Siquidem
1220 1234 1285 1264 ani—

219 1288 234 1303 »
256 1285 343 1305 mam
366 1275 411 1306 illi
436 1276 603 1307 censebant
626 1276 721 1307 nullis
745 1276 777 1306 in
801 1276 928 1307 Christo
953 1277 1152 1308 facultatibus
1171 1278 1285 1309 instru-

218 1333 234 1347 ι
257 1326 339 1350 ctam
363 1330 447 1358 esse,
471 1330 575 1361 neque
594 1320 801 1361 spiritalibus,
826 1331 930 1362 neque
959 1322 1104 1353 sentienti
1135 1333 1172 1353 ac
1194 1333 1285 1362 vege-

217 1376 232 1391 »
255 1364 333 1394 tanti
356 1365 436 1404 parti
460 1365 725 1404 congruentibus,
742 1365 797 1395 sed
816 1366 918 1395 solam
937 1365 1037 1396 inesse
1061 1367 1285 1405 substantiam

218 1420 232 1435 ι·
256 1401 397 1451 δύναμιν
417 1419 492 1439 vero
517 1415 548 1439 et
570 1409 757 1449 potentiam,
774 1419 809 1439 ac
829 1417 1077 1450 consequentem
1094 1420 1130 1441 ex
1146 1422 1183 1442 ea
1199 1408 1285 1454 ἐνέρ-

217 1464 232 1479 »
255 1463 351 1498 γειαν
376 1453 409 1483 in
433 1453 573 1484 solidum
604 1453 773 1484 divinitatis
797 1463 873 1484 esse.
901 1453 989 1485 Sicut
1019 1455 1152 1486 malleus
1175 1457 1214 1486 ab
1238 1465 1284 1485 ar-

217 1508 232 1523 »
255 1497 337 1528 tifice
370 1498 409 1528 ad
433 1507 515 1538 opus
547 1498 706 1529 adhibitus
737 1505 767 1529 et
790 1498 969 1538 impulsus,
994 1499 1115 1530 nullam
1148 1510 1185 1530 ex
1217 1510 1285 1531 sese

217 1553 232 1568 »
255 1542 433 1573 motionem
466 1542 606 1572 confert:
631 1543 685 1573 sed
717 1542 798 1573 hanc
831 1549 933 1573 totam
964 1544 1003 1573 ab
1027 1551 1177 1575 movente
1201 1554 1284 1575 rece-

217 1596 232 1612 »
255 1593 363 1627 ptam,
387 1593 552 1627 tamquam
581 1586 718 1617 alienam
750 1587 783 1617 in
816 1597 899 1627 opus
931 1587 1078 1619 refundit.
1093 1601 1107 1615 »
1131 1589 1173 1619 Et
1204 1588 1285 1619 infra

214 1632 348 1662 num.6:
363 1631 460 1662 ‹Duo
472 1630 587 1661 suntin
601 1631 669 1671 ipsa
679 1629 856 1674 (corporis)
867 1632 1070 1672 perpessione
1086 1633 1284 1664 consideran-

216 1687 231 1702 »
255 1676 310 1706 da:
334 1676 466 1706 alterum
490 1675 592 1706 motio
616 1675 683 1716 ipsa
703 1682 733 1706 et
748 1676 876 1715 agitatio
900 1677 1011 1714 carnis,
1029 1684 1084 1708 aut
1098 1677 1211 1708 divisio
1234 1679 1285 1708 vel

216 1731 231 1746 »
254 1719 399 1750 contusio
429 1727 458 1750 et
481 1720 666 1750 huiusmodi
688 1719 762 1750 alia:
790 1721 923 1751 alterum
953 1721 1072 1752 doloris
1103 1723 1284 1763 perceptio,

215 1776 230 1791 »
253 1774 351 1805 quam
365 1764 490 1795 scholae
546 1765 758 1795 sensationem
774 1765 950 1796 nominant.
969 1766 1096 1797 Horum
1110 1767 1198 1807 prius
1218 1768 1285 1799 sola

215 1821 230 1836 »
254 1818 325 1838 caro
339 1818 395 1849 per
405 1819 471 1839 sese
481 1808 667 1849 patiebatur,
676 1816 788 1850 utpote
807 1810 936 1840 materia
947 1817 977 1840 et
987 1811 1160 1851 quantitate
1175 1819 1286 1843 natura

217 1865 231 1880 ιν
254 1863 311 1883 sua
327 1860 488 1883 constans:
509 1853 666 1893 posterius
684 1863 722 1884 ex
739 1853 771 1883 vi
786 1860 816 1884 et
830 1854 983 1884 sentiendi
1000 1855 1146 1886 facultate
1160 1855 1285 1896 profici-

216 1910 231 1925 2
255 1898 407 1936 scebatur,
418 1907 483 1927 non
499 1897 639 1928 humana
653 1898 703 1928 vel
718 1905 834 1935 creata,
849 1899 904 1928 sed
918 1898 1034 1936 divina,
1051 1909 1132 1940 quae
1152 1900 1236 1931 carni
1252 1913 1285 1933 se

217 1953 232 1968 »
256 1941 517 1979 accommodam,
542 1942 627 1972 idem
650 1942 683 1972 in
709 1952 800 1973 carne
825 1942 941 1973 Christi
965 1943 1115 1982 faciebat,
1139 1945 1229 1985 quod
1252 1947 1284 1977 in

217 1998 231 2013 »
255 1995 345 2016 carne
359 1986 582 2017 communium
599 1985 770 2017 hominum
786 1986 890 2017 anima
901 1987 1070 2018 rationalis.
1081 2001 1095 2015 »
1114 1989 1222 2030 Itaque
1233 1990 1286 2032 (ut

216 2039 350 2061 numero
359 2031 525 2071 superiore
539 2030 699 2061 concludit
709 2030 778 2073 ille)
796 2045 809 2059 ι
820 2031 975 2072 quidquid
989 2032 1081 2063 vitale
1091 2043 1126 2063 ac
1136 2042 1284 2074 vegetum

218 2086 233 2101 ν
256 2081 287 2105 et
302 2075 423 2115 spirans
447 2074 561 2105 inesset
583 2074 706 2105 homini
721 2075 860 2113 Christo,
881 2083 975 2116 atque
991 2077 1096 2107 omnis
1111 2078 1178 2109 eius
1201 2080 1283 2111 actio

219 2130 233 2145 ι
257 2125 287 2149 et
309 2119 472 2159 impulsio,
489 2129 552 2160 qua
575 2119 625 2149 vel
648 2119 784 2159 seipsam
807 2119 839 2150 in
865 2120 992 2151 caeteris
1011 2121 1126 2152 Adami
1150 2125 1284 2163 posteris

218 2175 232 2190 »
255 2170 364 2193 movet
386 2163 503 2201 anima,
526 2163 577 2193 vel
602 2163 775 2194 subiectam
794 2163 852 2194 sibi
872 2174 998 2195 carnem
1021 2166 1085 2205 agit
1107 2173 1138 2197 et
1161 2169 1282 2207 excitat,

217 2218 231 2234 »
254 2217 319 2237 non
344 2207 382 2237 ab
406 2207 471 2237 ulla
494 2214 595 2238 creata
618 2208 760 2248 potentia
783 2215 814 2238 et
837 2208 983 2240 facultate
1007 2209 1141 2248 fluebat,
1166 2213 1220 2243 sed
1243 2214 1282 2244 ab

216 2263 230 2278 »
253 2251 388 2291 ipsamet
411 2251 580 2282 divinitatis
604 2252 788 2290 substantia,
805 2263 886 2293 quae
911 2254 1068 2285 naturales
1091 2256 1215 2288 animae
1239 2257 1283 2288 fa-

216 2307 230 2323 »
254 2296 383 2326 cultates
402 2295 504 2326 altiori
524 2302 555 2326 et
578 2296 819 2327 extraordinaria
835 2297 949 2327 virtute
967 2299 1144 2339 supplebat,
1162 2308 1193 2332 et
1207 2312 1282 2333 con-

215 2351 230 2367 »
253 2347 415 2370 sentaneas
438 2340 597 2370 humanae
616 2341 807 2371 substantiae
827 2341 1027 2381 operationes
1046 2344 1248 2383 exprimebat.
1264 2359 1278 2374 »

213 2384 301 2415 Haec
323 2384 393 2422 ille,
418 2394 499 2425 quae
523 2391 554 2415 et
583 2385 764 2425 Lequienus
793 2385 946 2425 adprobat
969 2386 1002 2417 in
1025 2387 1117 2418 Notis
1140 2389 1180 2419 ad
1208 2390 1282 2421 hae-

213 2429 308 2459 resim
331 2429 623 2459 Monothelitarum.
641 2429 726 2459 Hinc
743 2430 874 2460 demum
894 2431 1058 2471 perspicue
1082 2433 1161 2464 ratio
1185 2441 1281 2474 patet,

213 2473 255 2503 ob
279 2483 377 2513 quam
400 2473 624 2504 Monothelitas
648 2480 679 2504 et
701 2474 940 2515 Euthychianos
969 2475 1147 2508 Orthodoxi
1175 2479 1282 2510 Patres

214 2517 406 2557 appellarent
436 2517 695 2557 Apollinaristas:
727 2517 759 2548 hi
793 2528 931 2559 namque
961 2520 1067 2551 anima
1098 2522 1148 2553 vel
1176 2531 1282 2555 mente

214 2561 402 2592 mutilabant
433 2561 662 2593 humanitatem
695 2561 830 2600 Christi3
855 2562 899 2593 illi
933 2565 1061 2605 propria
1094 2567 1218 2607 energia
1246 2578 1282 2599 ac

214 2605 303 2636 omni
327 2605 472 2636 facultate
499 2606 585 2637 vitali
616 2606 794 2647 spoliabant
817 2617 905 2646 earn,
929 2608 962 2638 id
985 2619 1082 2640 omne
1106 2621 1225 2643 munus
1248 2612 1281 2643 in

214 2650 409 2680 divinitatem
432 2650 614 2681 reiicientes.

280 2694 332 2725 111.
357 2696 408 2725 An
432 2704 506 2734 ergo
530 2701 595 2725 tam
618 2694 757 2735 impium
780 2695 898 2735 dogma
921 2697 1081 2729 tradiderit
1095 2698 1191 2730 allato
1207 2700 1280 2731 loco

212 2745 322 2769 auctor
344 2737 663 2779 Areopagiticorum?
686 2741 765 2779 Age,
781 2740 891 2771 locum
910 2740 1017 2781 ipsum
1034 2742 1214 2782 diligentius
1229 2754 1281 2775 ex-

213 2783 398 2823 pendamus.
424 2783 643 2814 Praetermissa
666 2794 684 2814 a
709 2784 873 2824 Lequieno
896 2786 991 2816 verba
1014 2786 1154 2826 primum
1173 2787 1279 2820 affero.

213 2827 282 2857 Iesu
307 2826 423 2858 Christi
447 2827 643 2858 divinitatem
666 2828 797 2866 extollit,
822 2839 903 2870 quae
927 2830 1100 2870 ineffabilis
1121 2837 1168 2863 est
1188 2838 1219 2863 et
1234 2834 1281 2863 in-

212 2871 420 2911 explicabilis,
431 2882 531 2912 supra
545 2881 686 2909 sensum,
697 2882 798 2912 supra
814 2874 922 2910 vitam,
936 2883 1036 2914 supra
1051 2875 1282 2909 substantiam:

213 2916 506 2956 supernaturaliter
523 2916 617 2947 habet
631 2918 973 2956 supernaturalitatem
991 2924 1021 2949 et
1035 2921 1280 2960 supersubstan-

213 2960 332 2990 tialiter
346 2960 555 2991 substantiam
580 2961 714 2992 excedit.
739 2961 831 2998 Quos
854 2962 1007 3003 loquendi
1031 2964 1147 2995 modos
1163 2965 1281 3004 passim

212 3010 282 3034 toto
306 3014 401 3044 opere
425 3011 556 3045 usurpat
579 3012 707 3043 auctor;
732 3015 798 3036 non
822 3012 887 3036 tam
911 3007 1118 3039 substantiam
1142 3009 1203 3040 dici
1227 3010 1281 3041 de-

213 3048 285 3078 bere
308 3048 424 3086 Deum,
449 3059 546 3089 quam
565 3059 660 3089 supra
684 3050 902 3088 substantiam,
927 3051 1123 3092 frequentius
1139 3053 1282 3084 animad-

213 3098 355 3130 vertens,
386 3103 488 3133 neque
512 3100 672 3131 naturam,
703 3094 757 3124 sed
782 3105 876 3134 supra
900 3102 1055 3127 naturam.
1086 3097 1189 3138 Pergit
1211 3098 1280 3129 ille:

215 3145 251 3166 ex
275 3135 405 3166 humani
429 3137 549 3176 generis
573 3147 692 3174 amore,
716 3137 875 3179 inquienS,
902 3136 961 3176 ἕως
987 3138 1132 3183 φύσεως,
1157 3142 1201 3173 ad
1224 3153 1281 3173 na-

214 3185 321 3210 turam
344 3190 379 3211 se
391 3180 535 3218 demisit;
557 3181 616 3212 καὶ
643 3179 773 3219 ἀληθῶς
800 3181 958 3220 οὗσιώθη,
986 3190 1017 3216 et
1039 3195 1114 3216 vere
1135 3187 1281 3218 substan-

214 3225 312 3254 tiatus
328 3229 394 3262 est;
409 3225 467 3255 καὶ
486 3223 568 3269 ἀνήρ
588 3225 604 3256 ὀ
623 3224 780 3270 ὗπέρθεος
803 3226 1029 3272 ἐχρημάτισεν
1050 3235 1080 3261 et
1095 3231 1188 3261 homo
1207 3229 1284 3272 (qui

213 3277 383 3308 supremus
404 3270 493 3300 Deus
517 3270 607 3312 erat)
637 3277 842 3312 nuncupatus
867 3278 923 3303 est.
956 3273 1156 3305 Catholicam
1186 3274 1282 3306 fidem

214 3311 290 3343 haec
313 3314 406 3344 verba
436 3314 634 3354 exprimunt;
663 3326 766 3356 neque
794 3317 962 3347 verbulum
991 3325 1057 3356 est,
1086 3319 1175 3360 quod
1198 3319 1283 3350 varia

212 3356 408 3398 Eutychiana
429 3358 578 3398 dogmata
601 3360 749 3390 redoleat.
775 3361 809 3391 Id
833 3361 928 3391 etiam
952 3371 1030 3392 aevo
1055 3372 1114 3394 suo
1135 3363 1282 3394 observa-

213 3407 283 3430 tum
307 3411 324 3431 a
347 3401 536 3433 Scholiaste:
570 3416 585 3431 ‹
607 3403 712 3444 Usque
740 3405 784 3435 ad
806 3410 968 3437 naturam.
994 3406 1090 3437 Vides
1113 3407 1281 3448 quomodo

216 3456 231 3471 >
254 3445 345 3483 dicat,
362 3447 515 3486 quoniam
538 3447 632 3478 etiam
648 3448 692 3478 ad
708 3454 859 3480 naturam
876 3450 962 3481 venit
985 3448 1150 3493 (naturam
1166 3451 1283 3483 scilicet

217 3499 232 3514 »
254 3496 394 3520 nostram
423 3490 596 3534 intellige):
626 3499 656 3523 et
684 3499 829 3523 naturam
859 3504 924 3525 non
954 3502 1035 3526 recte
1065 3495 1103 3526 de
1127 3496 1197 3527 Deo
1220 3496 1279 3527 dici

217 3543 231 3558 »
254 3531 359 3574 (Deus
382 3535 501 3576 quippe
524 3546 619 3576 supra
642 3543 787 3567 naturam
809 3536 883 3581 est).
908 3539 990 3570 Ecce
1010 3539 1095 3570 enim
1114 3540 1281 3581 quomodo

953 225 1410 262 DISSERTATIONES
1440 225 1688 263 CRITICAE

1347 317 1361 331 »
1385 303 1486 342 dicat,
1516 305 1670 345 quoniam
1694 316 1795 347 usque
1818 307 1862 338 ad
1885 313 2036 338 naturam
2064 308 2243 348 descendit,
2273 310 2354 342 idest
2376 320 2414 342 eo

1347 359 1361 373 ι
1384 358 1486 388 usque
1509 348 1650 388 vilitatis,
1675 357 1769 391 atque
1793 351 1860 381 eius
1884 353 1973 392 quod
1996 353 2063 392 ipse
2087 362 2152 383 non
2177 354 2321 394 habebat,
2346 366 2415 396 per-

1346 402 1361 417 »
1383 392 1478 422 venit.
1504 392 1566 423 Ubi
1590 400 1665 424 nota
1688 394 1928 434 significantiam
1950 397 2130 427 verborum.
2145 410 2159 424 »

1411 438 1462 466 An
1486 436 1529 467 ita
1551 447 1626 467 vero
1651 438 1845 470 descenderit
1867 440 1907 470 ad
1930 447 2076 471 naturam
2099 442 2197 473 nostri
2221 443 2354 483 generis,
2380 451 2415 475 ut

1344 479 1420 510 haec
1443 480 1477 510 in
1501 481 1724 522 adsumptione
1744 483 1961 514 conditionem
1983 485 2103 525 proprii
2124 487 2245 526 generis
2265 488 2414 526 amiserit,

1344 524 1466 555 actione
1490 525 1617 565 propria
1641 526 1774 566 spoliata
1795 534 1826 558 et
1841 527 1948 559 effecta
1971 529 2230 570 instrumentum,
2255 542 2311 572 per
2326 533 2415 573 quod

1344 568 1500 609 quidquid
1524 570 1666 610 energiae
1690 578 1721 601 et
1744 571 1875 602 actionis
1899 579 1963 603 erat
1984 573 2017 603 in
2037 573 2164 605 Christo
2183 575 2326 606 Domino
2350 587 2415 608 una

1343 613 1450 643 Deitas
1473 612 1675 653 operaretur?
1707 615 1751 646 Ita
1775 617 1948 647 nonnullos
1972 617 2188 659 Eutychianos
2215 621 2414 652 contendisse

1343 657 1464 687 dictum
1482 665 1550 706 ’est3
1577 669 1613 689 ac
1635 658 1679 689 ita
1702 660 1906 700 sequentibus
1929 661 2031 691 verbis
2054 662 2192 693 voluisse
2215 666 2413 705 Areopagiti-

1343 710 1456 731 corum
1486 709 1649 732 auctorem
1680 703 1846 734 arbitratur
1875 706 2066 746 Lequienus.
2100 707 2166 737 lam
2194 708 2307 747 verba,
2332 719 2414 750 quae

1343 752 1530 785 sequuntur,
1547 746 1673 786 profero
1697 754 1728 778 et
1751 749 1905 788 expendo,
1930 749 2002 780 Etsi
2017 751 2050 781 in
2067 752 2135 782 istis
2159 749 2211 793 (in
2228 759 2339 783 natura
2355 754 2413 784 sci-

1341 788 1414 819 licet
1436 789 1554 827 nestra,
1578 797 1748 831 nostraque
1772 793 1945 823 substantia
1967 793 2163 837 adsumptis)
2191 796 2307 827 habeat
2329 798 2415 838 quod

1341 842 1442 873 supra
1466 838 1618 864 naturam
1642 840 1673 865 et
1695 844 1796 875 supra
1824 837 2035 868 substantiam
2059 844 2114 869 est.
2147 839 2245 876 Quod
2268 841 2413 872 bifariam

1341 877 1527 908 ostenditur.
1553 880 1600 908 Ac
1623 878 1728 918 primo
1747 879 1822 919 quia
1837 880 1993 919 divinitas,
2018 892 2116 922 quam
2139 883 2249 923 paullo
2268 885 2413 924 superius

1341 922 1519 952 vocandam
1543 922 1693 953 docuerat
1714 932 1815 963 supra
1840 929 1991 955 naturam
2016 931 2047 956 et
2068 936 2168 967 supra
2186 928 2411 967 substantiam,

1342 966 1427 996 salva
1450 966 1593 997 consistit
1615 967 1649 997 in
1674 967 1907 1006 Incarnatione;
1931 969 2017 999 unde
2041 969 2097 1000 ait:
2121 971 2196 1001 Non
2216 972 2320 1002 solum
2336 975 2413 1013 quia

1342 1011 1583 1041 immutabiliter
1601 1016 1632 1041 et
1645 1013 1716 1042 sine
1738 1011 1928 1053 confusione
1952 1014 2041 1044 nobis
2063 1023 2132 1045 sese
2155 1017 2410 1055 communicavit,

1342 1055 1422 1085 nihil
1445 1056 1477 1085 in
1501 1055 1692 1086 exuberanti
1713 1065 1774 1086 sua
1792 1057 1996 1096 plenitudine
2019 1068 2061 1088 ex
2084 1059 2241 1099 ineffabili
2264 1061 2412 1093 exinani-

1341 1100 1427 1129 tione
1435 1109 1618 1140 perpessus.
1634 1102 1681 1131 Ac
1695 1100 1808 1131 deinde
1823 1101 1898 1142 quia
1913 1111 2023 1132 verum
2034 1103 2129 1133 etiam
2149 1102 2257 1144 (quod
2271 1106 2411 1136 omnium

1341 1153 1496 1174 novorum
1521 1144 1749 1186 novissimum)
1779 1146 1812 1175 in
1841 1147 2045 1177 naturalibus
2072 1149 2191 1178 nostris
2219 1155 2411 1188 supernatu—

1341 1189 1422 1219 ralis
1445 1194 1516 1219 erat
1539 1195 1569 1220 et
1596 1190 1629 1219 in
1653 1190 1916 1221 substantialibus
1942 1192 2278 1231 supersubstantialis,
2303 1195 2411 1224 omnia

1341 1238 1451 1263 nostra
1476 1243 1518 1263 ex
1541 1234 1630 1264 nobis
1653 1239 1684 1264 et
1705 1243 1806 1273 supra
1831 1244 1889 1265 nos
1912 1236 2106 1266 excellenter
2128 1237 2258 1268 habens.
2283 1237 2315 1268 Si
2339 1239 2411 1268 Mo-

1341 1277 1540 1318 nophysitica
1563 1278 1639 1308 haec
1656 1279 1750 1309 verba
1765 1279 1837 1317 sint,
1853 1289 1983 1309 sensum
2001 1280 2096 1311 edant
2111 1287 2248 1321 oportet,
2265 1288 2412 1313 naturam

1341 1328 1482 1352 nostram
1513 1329 1544 1353 et
1574 1323 1782 1353 substantiam
1811 1330 1953 1353 nostram
1983 1324 2015 1354 in
2046 1324 2174 1355 Christo
2205 1326 2332 1366 propria
2362 1336 2411 1357 ca-

1340 1366 1439 1396 ruisse
1463 1366 1603 1404 actione;
1627 1377 1685 1397 nec
1709 1367 1909 1408 operationes
1933 1367 2026 1406 alias,
2050 1369 2110 1399 nisi
2133 1379 2216 1410 quae
2240 1370 2410 1401 divinitatis

1340 1416 1442 1449 erant,
1462 1420 1519 1450 per
1541 1411 1772 1442 humanitatem
1795 1412 1862 1442 eius
1886 1419 2020 1443 exsertas
2043 1422 2120 1444 esse.
2145 1413 2208 1444 Sed
2230 1414 2317 1446 hunc
2340 1425 2411 1446 sen-

1340 1464 1413 1484 sum
1438 1455 1588 1486 convellit
1616 1462 1744 1495 auctor,
1768 1456 1823 1497 qui
1849 1455 1961 1487 disene
1986 1457 2093 1488 docet:
2122 1458 2245 1497 Deum,
2269 1469 2325 1490 seu
2351 1459 2411 1490 Dei

1340 1498 1458 1528 Filium
1474 1498 1506 1528 in
1524 1499 1740 1530 Incarnatione
1764 1509 1839 1531 vere
1860 1501 2108 1532 substantiatum
2125 1511 2210 1540 esse,
2236 1509 2267 1533 et
2282 1503 2412 1544 insuper

1339 1543 1457 1573 habere
1479 1544 1587 1573 omnia
1611 1549 1722 1574 nostra
1746 1554 1789 1575 ex
1811 1545 1917 1582 nobis,
1946 1552 2092 1576 naturam
2115 1546 2232 1577 scilicet
2253 1546 2357 1587 ipsam
2380 1554 2411 1579 et

1340 1594 1469 1618 naturae
1492 1587 1698 1628 proprietates
1714 1594 1745 1619 et
1761 1588 1915 1627 actiones;
1939 1590 1995 1619 sed
2017 1590 2094 1620 haec
2118 1590 2227 1621 omnia
2245 1597 2352 1622 tamen
2371 1592 2410 1624 ab

1339 1631 1395 1662 illo
1412 1631 1518 1662 haberi
1532 1641 1633 1672 supra
1649 1642 1717 1670 nos,
1734 1632 1815 1663 idest
1829 1633 2034 1671 excellenter,
2050 1644 2106 1664 seu
2122 1635 2284 1666 excellenti
2298 1636 2409 1667 modo.

1340 1676 1448 1713 Quam
1471 1676 1538 1706 sine
1562 1676 1660 1707 dubio
1685 1677 1900 1707 excellentiam
1924 1677 2015 1717 plura
2038 1677 2198 1709 declarant
2225 1678 2259 1709 in
2282 1678 2412 1713 Christo

1340 1720 1483 1751 Domino
1511 1720 1692 1751 notissima:
1728 1731 1752 1751 1.
1779 1721 1863 1759 Quia
1891 1728 2003 1752 natura
2025 1722 2167 1753 humana
2189 1722 2286 1754 Verbi
2313 1723 2412 1754 divini

1340 1764 1497 1804 personali
1521 1765 1712 1805 proprietate
1735 1765 1890 1804 subsistit3
1922 1775 1951 1796 2.
1972 1766 2057 1804 Quia
2080 1766 2316 1807 operationum,
2333 1774 2413 1809 quas

1340 1808 1485 1840 Christus
1501 1809 1670 1846 exserebat,
1688 1809 1881 1850 principium
1897 1817 1962 1841 erat
1975 1810 2114 1841 Persona
2128 1811 2244 1850 divina,
2264 1821 2320 1842 seu
2334 1812 2412 1846 Ver-

1339 1854 1419 1884 bum
1442 1853 1587 1884 divinum
1609 1853 1642 1884 in
1666 1853 1734 1894 ipsa
1757 1854 1929 1885 subsistens
1945 1861 2057 1885 natura
2080 1855 2237 1894 humana3
2265 1856 2293 1886 3.
2313 1856 2413 1894 Quod

1339 1897 1407 1938 ipsa
1431 1904 1542 1928 natura
1564 1898 1706 1928 humana
1726 1905 1854 1929 auctore
1878 1905 1908 1929 et
1931 1899 2131 1930 moderatore
2154 1899 2225 1930 Deo
2241 1899 2284 1930 ita
2298 1901 2412 1940 guber-

1339 1942 1490 1980 nabatur,
1514 1941 1593 1972 nihil
1616 1949 1652 1973 ut
1680 1942 1747 1973 sine
1770 1942 1870 1983 ipsius
1894 1949 1974 1974 nutu
1998 1953 2128 1983 prorsus
2151 1950 2271 1983 ageret;
2294 1953 2327 1984 4.
2346 1945 2411 1976 De·

1339 1986 1435 2027 nique
1459 1986 1548 2027 quod
1571 1986 1739 2027 multiplici
1768 1997 1803 2017 ac
1831 1987 1960 2018 sublimi
1983 1988 2072 2018 dono
2100 1987 2216 2027 gratiae
2242 1988 2410 2029 insignitus

1339 2030 1440 2061 fuerat
1462 2030 1563 2061 homo
1587 2030 1752 2069 Christus,
1783 2031 1881 2062 veluti
1904 2038 1992 2062 ortus
2015 2041 2052 2062 ex
2075 2031 2224 2072 Virgine,
2254 2032 2409 2073 impecca-

1338 2074 1465 2105 bilitatis
1493 2084 1529 2105 ac
1553 2075 1704 2106 miracula
1731 2075 1875 2115 patrandi
1905 2075 2078 2106 facultatis:
2107 2086 2189 2117 quae
2218 2077 2326 2108 omnia
2349 2087 2408 2110 no-

1338 2119 1466 2149 vissima
1488 2126 1581 2157 sunt,
1610 2119 1670 2150 soli
1694 2118 1822 2150 Christo
1851 2119 2061 2158 conveniunt;
2090 2129 2126 2151 ac
2155 2130 2231 2151 sane
2254 2121 2409 2156 mirabilia

1338 2163 1410 2204 quis
1433 2173 1500 2194 non
1520 2170 1681 2203 agnoscat,
1705 2173 1771 2194 non
1795 2161 1923 2194 adoret?
1946 2164 2034 2195 Haec
2052 2173 2128 2194 vero
2147 2171 2222 2196 sunt
2239 2164 2303 2203 illa,
2327 2174 2410 2206 quae

1338 2208 1447 2248 pervio
1471 2218 1506 2239 ac
1522 2208 1619 2248 plano
1650 2215 1681 2239 et
1709 2207 1866 2239 catholico
1890 2218 1984 2239 sensu
2008 2208 2181 2239 ostendunt
2214 2208 2248 2239 in
2263 2208 2340 2249 ipsis
2354 2219 2409 2243 na-

1338 2252 1491 2283 turalibus
1519 2259 1550 2283 et
1572 2252 1829 2284 substantialibus
1853 2252 1967 2283 nostris
1996 2262 2052 2293 per
2081 2252 2332 2284 Incamationem
2354 2254 2408 2285 ad—

1338 2296 1474 2337 sumptis
1497 2297 1634 2327 maxime
1662 2297 1784 2327 elucere
1814 2296 1985 2328 divinitatis
2013 2298 2356 2338 supernaturalitatem
2379 2303 2411 2330 et

1336 2341 1746 2382 supersubstantialitatem.

1404 2386 1492 2416 Haec
1507 2385 1641 2416 illustrat
1657 2385 1766 2416 omnia
1776 2385 1921 2416 Petavius
1936 2385 2019 2416 libro
2035 2385 2107 2416 vlu
2123 2386 2163 2416 de
2180 2386 2408 2426 lucarnatione,

1337 2429 1438 2470 capite
1461 2440 1480 2460 x
1504 2437 1535 2461 et
1557 2441 1609 2461 xu.
1637 2430 1724 2461 Haec
1748 2430 1859 2460 eadem
1878 2437 1969 2461 antea
1992 2437 2188 2461 enarraverat
2206 2430 2407 2470 Scholiasta,

1336 2483 1434 2515 quem
1451 2474 1591 2505 consule.
1614 2475 1688 2505 Non
1705 2474 1805 2505 alium
1820 2474 1898 2505 vidit
1913 2484 2043 2505 sensum
2059 2474 2328 2515 perspicacissima
2343 2476 2408 2506 An-

1336 2518 1426 2559 gelici
1450 2518 1663 2559 Praeceptoris
1687 2529 1787 2549 mens.
1811 2518 1866 2550 Ait
1889 2518 1975 2549 enim
1997 2518 2133 2550 lectione
2157 2526 2191 2549 v:
2220 2532 2234 2548 ι
2253 2518 2408 2557 Quamvis

1339 2575 1353 2590 »
1377 2563 1463 2593 enim
1487 2563 1639 2604 acceperit
1662 2563 1790 2604 propria
1813 2569 1938 2594 nostrae
1962 2569 2110 2601 naturae,
2140 2569 2247 2594 tamen
2275 2563 2308 2594 in
2331 2563 2408 2604 ipsis

1339 2619 1353 2634 »
1377 2607 1470 2638 rebus
1485 2608 1635 2638 humanis
1651 2607 1762 2638 habuit
1774 2608 2026 2648 supernaturale
2039 2613 2071 2638 et
2083 2606 2406 2648 supersubstantiale:

1339 2663 1353 2678 »
1377 2651 1457 2682 idest
1480 2661 1546 2682 uno
1571 2652 1682 2689 modo,
1706 2651 1898 2692 inquantum
1921 2651 2170 2682 communicavit
2192 2651 2296 2690 nobis,
2319 2661 2407 2682 assu-

1339 2707 1353 2722 »
1376 2705 1467 2726 mens
1491 2702 1632 2726 nostram
1647 2702 1793 2726 naturam
1810 2696 1928 2736 absque
1947 2694 2119 2726 variatione
2135 2695 2259 2726 divinae
2278 2701 2407 2726 naturae

1339 2751 1353 2766 »
1376 2746 1407 2770 et
1429 2740 1549 2780 absque
1572 2739 1800 2770 commixtione
1827 2739 1926 2779 ipsius
1957 2745 1988 2770 et
2017 2738 2206 2770 confusione
2232 2739 2272 2770 ad
2294 2739 2407 2770 huma-

1338 2795 1353 2810 »
1376 2793 1451 2814 nam
1467 2790 1628 2821 naturam;
1652 2783 1695 2814 ita
1711 2783 1800 2824 quod
1816 2793 1872 2823 per
1887 2782 2133 2814 exinanitionem
2150 2782 2351 2822 ineffabilem,
2368 2783 2408 2814 de

1339 2840 1353 2855 ι
1376 2838 1441 2868 qua
1464 2827 1640 2868 Apostolus
1663 2827 1806 2868 loquitur
1828 2827 1966 2867 Philipp.
1982 2837 2015 2865 n,
2039 2827 2130 2858 Nihil
2151 2837 2272 2867 passus
2295 2833 2342 2859 est
2363 2827 2408 2859 ad

1339 2885 1352 2899 ›
1374 2872 1601 2912 superplenum
1617 2873 1736 2912 ipsius,
1766 2871 1846 2902 idest
1865 2871 1943 2902 nihil
1966 2871 2162 2902 diminutum
2181 2878 2227 2903 est
2246 2872 2284 2902 de
2308 2871 2407 2912 pleni·

1339 2929 1353 2944 a·
1376 2916 1485 2947 tudine
1501 2926 1576 2947 suae
1599 2915 1744 2947 Deitatis:
1764 2926 1830 2946 non
1847 2915 1933 2946 enim
1948 2915 2061 2946 dicitur
2084 2915 2259 2947 exinanitus
2282 2925 2339 2956 per
2361 2915 2407 2947 di-

1339 2973 1353 2988 »
1376 2960 1590 2991 minutionem
1608 2959 1750 2998 Deitatis,
1766 2960 1821 2990 sed
1835 2970 1891 3000 per
1905 2959 2157 3000 assumptionem
2174 2967 2299 2991 nostrae
2315 2967 2407 2994 natu·-

1339 3018 1353 3033 ι
1377 3015 1428 3036 rae
1452 3003 1634 3035 deficientis.
1664 3003 1739 3035 Alio
1763 3004 1862 3035 modo
1886 3004 1961 3045 quia
1989 3002 2094 3046 (quod
2117 3010 2163 3035 est
2191 3005 2277 3035 inter
2299 3005 2407 3036 omnia

1339 3062 1353 3077 »
1378 3059 1460 3080 nova
1484 3050 1591 3090 magis
1614 3058 1731 3079 novum
1748 3055 1779 3079 et
1794 3047 1955 3091 mirabile)
1979 3048 2046 3088 ipse
2069 3055 2135 3079 erat
2153 3050 2186 3079 in
2203 3049 2408 3080 naturalibus

1339 3107 1354 3121 ι
1378 3094 1496 3124 nostris
1518 3093 1813 3134 supernaturaliter
1831 3099 1862 3123 et
1880 3094 1912 3123 in
1931 3093 2195 3124 substantialibus
2218 3093 2337 3124 nostris
2353 3102 2407 3127 su-

1340 3150 1354 3166 »
1371 3137 1700 3178 persubstantialiter,
1725 3138 1833 3168 omnia
1856 3137 1997 3168 humana
2016 3147 2098 3178 quae
2114 3147 2156 3168 ex
2172 3137 2261 3168 nobis
2276 3136 2407 3178 accepit,

1339 3194 1354 3209 »
1376 3192 1477 3222 supra
1502 3191 1560 3213 nos
1578 3181 1716 3212 habens:
1739 3181 1815 3222 quia
1838 3191 1910 3212 caro
1934 3181 2002 3212 eius
2026 3181 2154 3212 maioris
2177 3181 2300 3213 virtutis
2315 3187 2362 3212 est
2376 3186 2408 3212 et

1340 3238 1354 3253 ι
1377 3226 1536 3266 dignitatis
1550 3235 1649 3267 quam
1663 3225 1790 3256 alterius
1805 3231 1835 3256 et
1849 3225 1955 3256 anima
1969 3225 2037 3256 eius
2052 3225 2178 3266 dignior
2197 3225 2287 3256 omni
2301 3224 2408 3256 anima

1339 3283 1354 3298 ι
1377 3277 1408 3301 et
1430 3277 1518 3301 actus
1542 3270 1610 3301 eius
1638 3277 1669 3301 et
1697 3269 1897 3310 operationes
1921 3269 2049 3300 fuerunt
2072 3268 2206 3300 unificae
2229 3267 2406 3311 (vivificae,

1339 3327 1354 3341 »
1376 3314 1526 3357 deificae)
1549 3324 1587 3345 ex
1605 3314 1719 3345 virtute
1738 3313 1878 3344 Deitatis.
1894 3326 1908 3341 ι·
1936 3314 2003 3345 Cur
2023 3311 2088 3345 ita?
2111 3313 2186 3355 quia
2202 3323 2318 3354 nempe
2333 3321 2406 3343 caro

1337 3365 1368 3390 et
1391 3359 1497 3390 anima
1525 3369 1580 3390 seu
1600 3358 1780 3389 humanitas
1801 3357 1937 3396 Christi,
1961 3358 2020 3389 Dei
2039 3358 2133 3389 Verbi
2153 3356 2310 3398 personali
2333 3366 2405 3397 pro-

1337 3403 1466 3443 prietate
1490 3402 1599 3434 affecta
1622 3402 1826 3440 subsistebat,
1856 3412 1892 3433 ac
1915 3402 2115 3443 operationes
2138 3402 2206 3432 eius
2228 3411 2247 3432 a
2270 3410 2405 3441 persona

1336 3447 1452 3486 divina,
1476 3448 1563 3478 velut
1585 3457 1604 3477 a
1627 3446 1794 3487 principio,
1818 3445 2114 3487 proficiscebantur:
2138 3445 2223 3476 unde
2245 3443 2406 3475 verissime

1336 3492 1467 3530 dictum,
1483 3491 1647 3523 Christum
1662 3490 1771 3521 divino
1793 3497 1823 3522 et
1839 3490 2001 3522 excellenti
2017 3490 2117 3521 modo
2141 3489 2281 3520 humana
2299 3494 2407 3519 nostra

1334 3536 1466 3576 gessisse
1489 3543 1520 3567 et
1542 3536 1699 3567 habuisse.
