2548 4192
206 276 361 303 CCCXVIII

277 344 316 374 11.
331 344 422 374 Hanc
442 343 509 374 eius
528 342 714 373 industriam
734 346 863 371 noverat
885 338 1181 377 commendavitque
1200 337 1278 367 Bru-

209 389 340 419 ckerus:
365 388 450 428 quod
474 388 648 423 meliorem,
666 395 760 426 quam
786 394 867 424 quae
891 389 966 413 tunc
988 382 1144 418 exstabat,
1162 382 1278 411 versio-

210 442 282 462 nem
299 432 478 462 Aristotelis
492 431 604 471 confici
618 430 789 460 curaverit.
806 428 912 467 Opera
926 426 1082 456 nonnulla
1098 425 1279 464 Philosophi

210 477 242 506 in
264 477 397 506 latinum
412 476 570 505 translata
590 474 628 503 ab
643 474 840 508 Hermanno,
857 476 1071 510 cognomento
1094 469 1277 506 Contracto,

210 527 341 551 testatur
364 518 558 549 Trithemius
587 524 677 547 tomo
702 517 713 546 I
737 514 911 546 Annalium
934 513 1209 553 Hirsaugiensium
1238 513 1278 542 ad

210 574 332 594 annum
361 563 453 592 1005.
477 561 582 591 Refert
605 560 699 590 etiam
725 559 882 598 Rigordus
910 557 943 587 in
970 557 1099 587 historia
1123 557 1161 587 de
1184 556 1278 596 gestis

209 607 347 647 Philippi
370 605 506 645 Augusti
530 604 608 634 circa
631 613 752 633 annum
776 601 907 632 Domini
937 611 1030 638 1210,
1056 602 1122 642 legi
1144 602 1279 631 Parisiis

212 651 351 690 coepisse
375 650 495 680 libellos
518 647 670 688 quosdam
695 646 891 682 Aristotelis,
917 646 972 685 qui
999 645 1151 676 docebant
1181 650 1278 675 meta-

204 695 389 735 physicam,
409 693 448 723 de
467 701 547 722 novo
573 690 847 729 Constantinopoli
865 689 987 720 delatos
1010 694 1040 719 et
1064 699 1084 719 a
1107 698 1227 729 graeco
1246 690 1277 718 in

211 739 345 769 latinum
369 736 552 766 translatos.
579 734 689 765 Versio
713 734 766 763 illa
791 733 948 771 succedit,
973 743 1071 773 quam
1101 733 1189 763 iussu
1213 732 1279 763 Fri-

210 781 303 811 derici
328 781 353 810 II
379 779 597 819 Imperatoris,
631 779 801 808 adnotante
836 778 880 808 Io.
910 778 1040 807 Alberto
1074 777 1217 807 Fabricio
1244 776 1276 806 in

209 824 358 855 Biblioth.
384 824 502 854 Graeca
524 823 604 853 libro
629 823 682 860 III,
703 822 802 862 capite
824 832 855 851 VI
879 821 992 861 partim
1017 831 1033 851 e
1056 831 1184 861 graeco,
1209 831 1279 861 par-

210 869 267 899 tim
293 878 328 898 ex
352 867 475 897 arabico
500 876 663 904 sermone,
695 866 774 896 circa
797 875 885 896 aerae
915 865 1051 905 vulgaris
1081 875 1166 895 anno
1196 875 1278 895 1220

211 912 413 943 confecerunt
444 912 505 942 viri
529 911 600 941 lecti
623 915 653 941 et
681 911 712 940 in
738 911 904 950 utriusque
936 911 1069 950 linguae
1095 910 1279 949 prolatione

204 957 318 996 periti,
343 962 379 986 ut
402 955 495 985 habet
518 955 628 985 Petrus
657 954 695 984 de
719 953 826 984 Vineis
851 953 930 983 libro
955 954 1013 991 III,
1040 953 1173 993 epistola
1195 964 1278 983 van

211 999 266 1042 (al.
279 998 554 1042 Lxrx).Scatentem
564 998 644 1029 vitiis
655 998 735 1028 hanc
745 998 864 1028 viderat
872 998 1050 1028 versionem
1061 997 1203 1038 Aquinas
1213 1007 1279 1028 me-

209 1044 385 1084 lioremque
402 1053 419 1073 e
434 1053 546 1083 graeco
562 1052 680 1072 novam
703 1041 770 1072 fieri
786 1042 914 1072 curavit.
930 1042 1011 1072 Rem
1034 1048 1165 1072 testatur
1188 1042 1278 1072 Guil-

181 1118 187 1124 ,
208 1088 323 1118 lelmus
347 1088 386 1117 de
402 1088 512 1118 Tocco
526 1087 559 1116 in
578 1087 651 1117 Vita
667 1086 767 1126 capite
781 1096 823 1124 tv,
840 1096 930 1116 num.
953 1086 1000 1116 18:
1018 1086 1152 1125 Scripsit
1170 1087 1277 1124 etiam,

208 1131 374 1172 inquiens,
404 1141 503 1171 super
528 1131 762 1171 philosophiam
797 1131 978 1160 naturalem
1012 1135 1042 1160 et
1071 1131 1225 1160 moralem
1250 1136 1280 1161 et

208 1185 306 1215 super
336 1176 609 1216 metaphysicam:
639 1184 775 1215 quorum
801 1174 955 1204 librorum
982 1175 1172 1214 procuravit
1196 1175 1281 1215 quod

198 1220 299 1261 fieret
323 1229 405 1250 nova
429 1220 610 1256 translatio,
635 1228 716 1259 quae
739 1219 912 1248 sententiae
934 1219 1115 1249 Aristotelis
1143 1220 1280 1249 continet

209 1265 330 1294 clarius
355 1265 530 1294 veritatem.
555 1262 833 1293 Accuratissimam
856 1272 922 1292 non
946 1262 1077 1292 dixerim
1105 1263 1280 1294 translatio-

209 1315 300 1338 nem:
319 1314 350 1338 at
372 1314 493 1338 certum
519 1313 784 1346 compertumque
807 1305 852 1343 fit,
879 1306 985 1336 minus
1009 1316 1081 1336 vere
1105 1307 1143 1336 ab
1164 1307 1279 1338 clariss.

208 1352 410 1382 Renaudotio
434 1351 553 1381 dictum
577 1351 649 1381 loco
674 1350 778 1388 citato,
803 1350 967 1380 Thomam
993 1350 1105 1390 legisse
1128 1351 1279 1382 Aristote-

208 1396 273 1426 lem
307 1397 400 1426 unico
435 1395 573 1426 subsidio
607 1395 925 1434 interpretationum,
966 1404 1048 1434 quae
1088 1404 1125 1424 ex
1158 1395 1280 1426 arabica

209 1440 314 1480 priore
337 1439 480 1470 versione
504 1438 704 1479 prodierant,
721 1445 843 1468 constat
866 1438 985 1478 quippe
1008 1438 1040 1468 id
1064 1438 1103 1468 ab
1127 1448 1166 1468 eo
1191 1449 1279 1469 cura-

208 1491 280 1515 tum
302 1484 590 1524 impetratumque,
614 1489 650 1512 ut
673 1481 839 1522 perfectior
862 1491 899 1511 ex
928 1492 1041 1521 graeco
1073 1482 1280 1513 adornaretur

210 1528 382 1559 translatio.

275 1571 452 1602 Aristotelis
476 1580 572 1610 opera
595 1579 702 1610 graece
726 1569 841 1609 scripta
869 1576 999 1600 noverat
1022 1569 1184 1610 Aquinas:
1212 1570 1279 1601 lati-

208 1626 347 1656 namque
371 1615 559 1653 versionem,
576 1623 658 1654 quae
673 1623 785 1653 graeco
802 1613 899 1644 textui
918 1613 1054 1644 maxime
1079 1615 1279 1653 consentiret,

210 1660 336 1691 caeteris
359 1658 541 1699 repudiatis,
565 1657 652 1688 affert
675 1658 770 1688 etiam
791 1667 827 1688 ac
850 1657 994 1698 praefert.
1016 1659 1136 1688 Textus
1160 1659 1280 1690 Aristo-

209 1704 318 1735 telicos
343 1714 379 1734 ex
403 1703 483 1733 libro
508 1703 548 1732 ΙΙΙ
571 1703 622 1732 De
645 1703 755 1732 anima
780 1702 989 1742 depromptos
1009 1702 1155 1734 describit
1173 1703 1280 1743 plures

208 1749 241 1778 in
265 1747 433 1788 Opusculo
465 1747 515 1776 De
549 1747 670 1776 unitate
703 1746 880 1776 intellectus
912 1752 1024 1777 contra
1056 1747 1281 1779 Averroistas:

209 1793 344 1832 dataque
368 1801 464 1831 opera
496 1791 634 1820 litteram
659 1790 971 1821 animadvertendam
1002 1791 1174 1831 proponit,
1198 1802 1281 1832 quae

208 1838 254 1868 sic
276 1836 421 1872 habetur,
438 1834 595 1875 inquiens,
611 1835 642 1864 in
665 1844 801 1875 graeco,
823 1844 941 1865 novam
964 1835 1110 1873 innuens,
1130 1842 1166 1866 ut
1189 1843 1280 1876 puto,

208 1881 339 1911 latinam
354 1879 602 1916 translationem,
614 1878 684 1918 ipso
701 1885 843 1918 urgente,
855 1879 893 1909 de
909 1889 1021 1918 graeco
1033 1879 1157 1910 factam.
1169 1880 1281 1910 Libros

210 1925 304 1955 etiam
323 1930 479 1954 memorat
492 1924 543 1953 De
558 1923 742 1953 substantiis
756 1925 915 1962 separatis
930 1923 1074 1953 eiusdem
1092 1923 1279 1955 Aristotelis:

209 1978 289 2010 quos
308 1969 456 2005 vidimus,
473 1967 586 2008 inquit,
607 1967 747 1997 nondum
768 1967 943 1998 translatos
966 1969 997 1998 in
1023 1969 1136 2008 lingua
1159 1974 1280 1999 nostra.

276 2013 402 2043 Novam
426 2012 506 2042 hanc
539 2011 669 2042 latinam
701 2011 1011 2051 interpretationem,
1036 2019 1166 2052 urgente
1198 2019 1281 2053 opus

209 2057 368 2098 Aquinate
384 2055 571 2094 confectam,
589 2055 747 2086 adiudicat
765 2055 912 2096 Thomae
931 2056 1122 2086 Brabantino
1139 2057 1178 2087 de
1197 2057 1280 2088 Can-

208 2102 369 2141 timprato,
394 2100 530 2130 allorum
553 2099 614 2130 fide
638 2099 800 2136 advocata,
825 2099 1021 2130 Trithemius
1051 2101 1090 2130 de
1115 2100 1280 2141 Scriptori-

207 2146 268 2176 bus
288 2143 500 2175 ecclesiasticis
516 2154 548 2174 n.
570 2144 646 2184 469.
664 2144 745 2174 Sunt
764 2145 819 2184 qui
836 2145 979 2174 scribunt
1001 2143 1178 2187 (Thomam
1197 2145 1280 2176 Can-

206 2187 458 2230 timpratensem)
473 2189 586 2228 graeci
608 2189 766 2218 sermonis
783 2188 932 2218 habuisse
942 2190 1113 2228 peritiam,
1134 2194 1164 2219 et
1184 2189 1281 2220 libros

206 2234 405 2269 Aristotelis,
429 2242 566 2272 quorum
591 2233 655 2262 iam
681 2241 759 2262 usus
782 2233 814 2262 in
838 2233 954 2270 scholis
977 2238 1041 2271 est,
1065 2234 1279 2265 transtulisse.

208 2276 423 2308 Trithemium
448 2276 573 2316 sequuti
597 2283 672 2307 sunt
694 2275 813 2306 Natalis
837 2277 1014 2307 Alexander
1043 2276 1076 2307 in
1100 2277 1183 2308 Hist.
1204 2278 1279 2308 eccl.

208 2322 335 2352 saeculo
354 2321 426 2351 XIII
444 2328 473 2351 et
488 2321 573 2358 XIV,
594 2321 693 2361 capite
713 2331 754 2358 ιν,
771 2327 827 2350 art.
844 2331 886 2358 iv,
901 2320 968 2361 ipse
988 2321 1034 2351 Io.
1054 2321 1202 2352 Albertus
1222 2322 1280 2352 Fa-

208 2365 323 2396 bricius
347 2365 420 2395 Ioco
446 2364 539 2395 citato
561 2364 686 2405 aliique.
708 2364 935 2395 Brabantinum
950 2365 1049 2395 alium
1067 2365 1280 2406 interpretem,

209 2409 340 2440 nomine
366 2409 579 2446 Wilhelmum,
603 2408 722 2439 invehit
745 2408 930 2440 Chronicon
954 2409 1170 2440 Sclavicorum
1194 2411 1280 2450 apud

209 2453 494 2493 Lindenbrogium,
514 2452 568 2482 ubi
593 2453 632 2483 ad
656 2463 777 2482 annum
804 2454 884 2494 1273
909 2453 986 2484 haec
1010 2453 1183 2485 habentur:
1206 2454 1280 2485 Wl-

209 2498 334 2528 helmus
366 2497 405 2527 de
437 2497 615 2526 Brabantia
652 2496 785 2527 Ordinis
816 2497 1080 2528 Praedicatorum
1113 2499 1280 2529 transtulit

210 2551 319 2572 omnes
344 2541 440 2571 libros
463 2541 643 2571 Aristotelis
665 2540 704 2570 de
726 2550 846 2580 graeco
870 2542 901 2573 in
927 2542 1079 2579 latinum,
1105 2542 1235 2573 uerbum
1259 2553 1280 2573 a

211 2586 305 2617 verbo
326 2583 406 2626 (qua
421 2585 631 2615 translatione
651 2584 814 2615 scholares
828 2584 932 2615 adhuc
945 2585 1099 2615 hodierna
1120 2586 1171 2616 die
1186 2592 1280 2617 utun-

209 2635 266 2660 tur
288 2631 320 2659 in
344 2626 494 2670 scholis),
519 2628 561 2659 ad
585 2629 768 2658 instantiam
793 2630 896 2659 sancti
931 2629 1069 2659 Thomae
1092 2630 1132 2660 de
1154 2631 1280 2670 Aquino

210 2674 369 2704 Doctoris.
395 2673 440 2703 Ita
462 2673 557 2702 verba
580 2671 672 2702 refert
694 2672 871 2702 Bruckerus
903 2672 975 2703 loco
1006 2673 1150 2712 superius
1175 2674 1279 2704 citato.

211 2718 240 2747 Is
264 2724 310 2748 est
333 2716 523 2748 Guillelmus
548 2716 586 2746 de
610 2716 773 2754 Morbeka,
797 2716 886 2756 quod
906 2716 1064 2756 oppidum
1084 2724 1130 2748 est
1153 2717 1186 2747 in
1205 2728 1280 2748 con-

210 2761 292 2792 finiis
316 2760 520 2798 Brabantiae,
552 2760 624 2790 ideo
648 2760 868 2790 Brabantinus
901 2760 1023 2797 dictus,
1056 2771 1091 2791 ac
1115 2771 1281 2801 perperam

211 2816 285 2836 cum
304 2805 433 2835 Thoma
451 2804 717 2844 Cantimpratensi
741 2804 904 2842 confusus,
929 2814 966 2834 ex
982 2804 1102 2835 Ordine
1121 2805 1281 2836 Praedica-

211 2857 319 2880 torum
351 2849 390 2879 ad
428 2848 542 2879 infulas
574 2847 866 2888 Archiepiscopales
899 2848 1044 2879 Corinthi
1082 2849 1280 2889 adsumptus.

211 2894 335 2924 Praeter
358 2893 498 2930 latinam,
514 2891 680 2922 familiares
697 2892 806 2922 habuit
825 2902 969 2932 graecam
992 2899 1022 2923 et
1045 2892 1201 2923 arabicam
1223 2893 1281 2923 lin-

211 2948 299 2978 guas.
309 2938 449 2977 Degebat
462 2937 494 2966 in
506 2936 592 2967 Italia
602 2935 681 2966 circa
691 2946 812 2966 annum
829 2936 909 2966 1268
921 2936 1006 2976 apud
1017 2936 1216 2967 Clementem
1227 2937 1281 2974 IV,

213 2983 271 3012 sub
300 2991 402 3022 eoque
434 2987 464 3011 et
496 2980 650 3020 Gregorio
679 2981 708 3010 X
733 2990 927 3018 successore,
951 2990 1082 3011 munere
1107 2980 1281 3021 cappellani

213 3033 243 3056 et
266 3025 483 3066 poenitentiari
502 3024 628 3055 functus
650 3031 705 3055 est.
723 3024 819 3055 Hunc
835 3034 902 3054 esse
917 3024 1022 3054 virum
1045 3024 1280 3065 peritissimum,

213 3070 268 3110 qui
291 3070 438 3099 Thomae
470 3068 552 3099 votis
584 3078 747 3106 annuens,
771 3078 889 3098 novam
921 3068 1076 3099 librorum
1104 3068 1281 3099 Aristotelis

212 3113 390 3143 versionem
414 3112 627 3150 elucubravit,
653 3112 760 3143 nullus
794 3112 915 3143 dubitat
948 3113 1080 3143 Iacobus
1108 3113 1281 3144 Echardus.

214 3157 339 3188 Latinas
363 3157 527 3197 plerasque
551 3157 589 3186 ab
613 3157 728 3187 eodem
752 3156 908 3187 confectas
932 3156 1217 3197 interpretationes,
1241 3166 1283 3188 ex

213 3211 332 3242 graeco
365 3201 439 3230 alias
472 3201 610 3241 aliasque
639 3210 681 3230 ex
703 3201 852 3238 arabico,
883 3200 1079 3238 Aristotelis,
1109 3200 1281 3241 Simplicii,

214 3245 317 3275 Procli
341 3244 506 3282 Diadochi‚
524 3244 646 3282 Galeni,
663 3244 875 3284 Hippocratis,
891 3244 1125 3284 diligentissime
1144 3252 1283 3276 recenset

214 3289 299 3319 idem
323 3289 485 3319 Echardus
509 3295 599 3319 tomo
620 3289 630 3318 Ι
652 3288 848 3328 Scriptorum
871 3288 999 3319 Ordinis
1015 3289 1281 3320 Praedicatorum.

216 3333 358 3364 Consule
381 3332 639 3363 Dissertationem
662 3339 803 3362 nostram
826 3333 938 3363 XXIII.

282 3377 447 3416 Ampliora
471 3383 545 3407 sunt
568 3376 599 3406 in
624 3386 743 3406 sacram
773 3376 984 3407 eruditionem
1016 3386 1159 3417 graecam
1182 3376 1281 3417 Aqui-

216 3420 296 3451 natis
320 3420 438 3451 merita.
466 3421 659 3451 Continuam
684 3430 782 3460 opus,
812 3421 901 3461 quod
924 3428 1055 3459 vocant,
1088 3422 1120 3451 in
1144 3425 1283 3461 quatuor

216 3464 408 3505 Evangelia,
427 3471 608 3495 sanctorum
631 3465 760 3495 Patrum
784 3465 1038 3506 scriptorumque
1060 3464 1281 3496 ecclesiastico-

218 3517 289 3537 rum
323 3508 480 3538 sententiis
514 3519 581 3539 uno
612 3509 710 3539 veluti
743 3515 889 3539 contextu
922 3509 1165 3547 concinnatum,
1194 3509 1281 3540 iussu

219 3551 337 3581 Urbani
362 3552 402 3582 IV
427 3552 550 3582 Summi
583 3552 742 3583 Pontificis
776 3553 1017 3592 elucubraturo,
1042 3552 1114 3583 satis
1147 3552 1191 3583 illi
1216 3563 1281 3584 non

219 3594 345 3625 fuerunt
368 3602 484 3625 veteres
508 3596 594 3626 latini
617 3597 732 3634 Patres,
751 3606 853 3636 neque
869 3597 982 3627 latinae
1006 3607 1087 3638 quae
1104 3597 1283 3628 ferebantur

947 257 1404 296 DISSERTATIONES
1434 257 1681 293 CRITICAE

1334 336 1524 376 scriptorum
1549 346 1735 376 graecorum
1762 336 1942 376 versiones,
1968 337 2023 378 qui
2047 337 2217 377 Evangelia
2241 348 2404 370 commen-

1333 380 1417 411 tariis
1454 381 1692 411 illustraverant.
1735 380 1822 410 Alias
1861 380 1956 411 etiam
1985 383 2197 421 expositiones
2226 383 2402 414 Doctorum

1331 434 1525 465 graecorum
1551 423 1637 467 (ipse
1654 424 1798 460 Thomas
1822 424 1865 455 ait
1886 425 1919 455 in
1943 425 2087 465 Epistola
2109 427 2341 466 nuncupatoria
2365 429 2405 458 ad

1332 468 1550 499 Annibaldum
1574 469 1604 499 S.
1630 469 1669 499 R.
1694 469 1731 499 E.
1747 469 1969 509 Presbyterum
1994 469 2206 509 Cardinalem,
2231 471 2404 511 Evangelio

1333 513 1510 543 secundum
1533 514 1678 543 Marcum
1701 511 1879 554 praefixa),
1905 514 1937 543 in
1962 514 2097 543 latinum
2114 514 2186 555 feci
2208 515 2405 556 transferri:

1332 566 1374 586 ex
1387 557 1501 597 quibus
1510 558 1611 597 plura
1627 557 1873 596 expositionibus
1890 557 2063 587 latinorum
2079 558 2256 589 Doctorum
2274 561 2405 590 interse-

1333 601 1396 638 rui,
1417 606 1586 631 auctorum
1611 601 1789 631 nominibus
1807 602 2018 640 praenotatis.
2043 602 2174 632 Patrum
2200 603 2403 643 scriptorum·

1333 654 1395 685 que
1419 645 1607 683 elenchum,
1631 655 1773 686 quorum
1796 644 1963 675 sententias
1987 645 2149 677 defloravit
2176 647 2330 687 AquinaS,
2355 658 2404 679 ac·

1334 689 1566 719 curatissimum
1590 695 1725 728 praestat
1747 689 1779 718 in
1803 699 1860 719 sua
1884 689 1951 719 eius
1970 689 2084 729 Operis
2108 690 2246 721 editione
2271 692 2404 722 Ioannes

1333 732 1508 763 Nicolaius:
1525 740 1734 773 numeratque
1756 732 1871 763 latinos
1885 733 1990 763 Patres
2015 734 2096 763 duos
2121 740 2151 764 et
2172 734 2292 774 viginti,
2316 746 2405 776 prae-

1333 783 1379 806 ter
1402 776 1531 806 Glossas
1549 776 1649 806 varias
1663 784 1856 817 anonymas:
1873 776 2073 817 Graecosque
2093 778 2258 818 scriptores
2283 787 2405 820 septem

1333 827 1364 850 et
1386 820 1626 860 quinquaginta.
1654 820 1726 857 Quo
1749 820 1860 860 utique
1875 820 2005 860 factum
2030 826 2077 851 est
2106 820 2220 863 (verba
2243 830 2317 854 sunt
2339 826 2405 854 An-

1333 864 1412 894 tonii
1428 864 1590 894 Possevini
1606 864 1636 894 S.
1653 864 1687 902 1.,
1705 865 1737 893 in
1753 865 1922 904 Apparatu
1938 864 2055 907 sacro)
2074 870 2109 895 ut
2125 871 2155 895 et
2170 866 2404 908 Evangelicum

1332 918 1461 938 sensum
1478 913 1508 938 et
1523 909 1637 938 Patres
1651 909 1799 948 antiquos
1815 908 1931 938 latinos
1947 909 2002 948 qui
2023 909 2256 947 delitescebant,
2274 917 2332 942 aut
2346 913 2405 942 mi-

1334 962 1412 982 nore
1427 957 1520 982 erant
1536 953 1568 982 in
1586 962 1667 989 usu,
1684 962 1724 982 ac
1745 961 1882 992 graecos
1905 953 1989 991 ipsos
2013 953 2201 992 interpretes
2222 964 2405 995 assequere-

1334 1006 1419 1034 mur,
1442 997 1550 1027 divina
1575 997 1638 1027 viri
1661 997 1796 1035 caritate
1813 1001 2032 1035 procurante,
2059 1002 2095 1027 ut
2116 998 2214 1027 latine
2230 1004 2405 1038 propterea

1334 1046 1546 1071 verterentur.

1401 1085 1477 1122 Quo
1501 1085 1645 1115 Thomas
1676 1084 1709 1114 in
1742 1084 1826 1114 hisce
1853 1084 1983 1114 Patrum
2017 1094 2203 1124 graecorum
2233 1093 2289 1117 aut
2320 1087 2406 1118 libris

1334 1129 1562 1169 aut⁴excerptis
1594 1129 1689 1159 latine
1721 1128 1878 1159 vertendis
1901 1138 1978 1158 usus
2003 1129 2097 1159 fuerit
2126 1129 2293 1170 interprete
2315 1131 2405 1171 igno-

1333 1180 1421 1204 tum:
1446 1180 1478 1204 at
1500 1180 1615 1204 notum
1639 1179 1924 1213 compertumque,
1949 1173 2086 1203 nimium
2109 1183 2127 1203 a
2150 1184 2226 1204 vero
2257 1175 2406 1206 abludere

1335 1217 1488 1248 editorem
1512 1227 1648 1257 operum
1672 1217 1828 1255 Launoii,
1862 1216 1918 1257 qui
1941 1216 2138 1247 Praefatione
2169 1217 2202 1248 in
2225 1225 2354 1249 tomum
2376 1220 2406 1250 V
2454 1239 2463 1247 .

1335 1271 1409 1291 cum
1432 1261 1503 1301 ipso
1527 1261 1674 1292 Launoio
1700 1260 1877 1292 contendit:
1902 1261 1976 1291 Non
1995 1263 2140 1301 potuisse
2171 1262 2212 1292 ab
2234 1263 2406 1303 Aquinate,

1334 1315 1392 1336 nec
1414 1306 1455 1336 ab
1477 1306 1542 1336 alio
1565 1306 1696 1346 aequali
1726 1307 1882 1345 scriptore
1905 1306 1936 1335 in
1962 1306 2109 1346 linguam
2143 1306 2276 1346 latinam
2300 1312 2406 1338 trans-

1325 1349 1417 1390 ferri
1439 1356 1542 1380 textus
1565 1360 1704 1390 graecos,
1728 1351 1804 1390 quia
1826 1359 1966 1390 graecae
1991 1350 2124 1390 linguae
2148 1351 2307 1390 imperitia
2330 1356 2408 1382 tunc

1333 1395 1485 1433 temporis
1508 1394 1675 1434 regnabat.
1700 1394 1795 1424 Plura
1825 1403 1964 1434 namque
1997 1403 2184 1433 graecorum
2216 1395 2407 1435 scriptorum

1334 1443 1488 1477 excerpta,
1506 1444 1633 1468 curante
1656 1438 1796 1476 Thoma,
1818 1437 1968 1468 latinitate
1992 1438 2109 1468 donata
2132 1448 2209 1476 esse,
2227 1438 2294 1479 ipse
2317 1439 2408 1470 Tho·
2461 1449 2464 1452 ’

1334 1491 1402 1511 mas
1425 1481 1511 1512 testis
1534 1488 1581 1512 est
1603 1481 1881 1521 locupletissimus.

1402 1525 1454 1555 ΙΙΙ.
1480 1525 1608 1555 Latinae
1624 1535 1703 1555 aevo
1726 1526 1783 1555 illo
1806 1525 1998 1565 scriptorum
2023 1535 2209 1565 graecorum
2228 1527 2408 1558 ferebantur

1333 1568 1503 1599 versiones.
1519 1568 1604 1599 Vitia
1626 1569 1716 1600 novit
1740 1579 1860 1607 earum,
1877 1569 1993 1609 quibus
2017 1569 2103 1609 ipsae
2126 1571 2321 1609 laborabant,
2337 1581 2407 1602 san-

1335 1620 1403 1643 ctus
1427 1613 1582 1643 Thomas.
1607 1613 1749 1653 Dignum
1773 1619 1820 1643 est
1847 1613 2119 1644 animadversione
2151 1614 2307 1645 iudicium
2339 1615 2408 1646 eius

1335 1657 1374 1687 de
1397 1656 1461 1696 illa,
1485 1667 1568 1698 quae
1590 1657 1727 1697 vulgaris
1751 1664 1827 1696 erat,
1851 1657 2073 1688 Homiliarum
2096 1667 2123 1688 s.
2143 1658 2276 1690 Ioannis
2302 1658 2407 1700 Chry-

1334 1702 1466 1731 sostomi
1488 1702 1520 1732 in
1537 1702 1739 1732 Matthaeum
1757 1701 1854 1731 latina
1869 1701 2023 1732 versione.
2040 1701 2090 1732 Sic
2113 1702 2156 1733 ait
2179 1702 2264 1733 enim
2282 1703 2315 1733 in
2331 1703 2408 1744 Epi-

1335 1745 1416 1775 stola
1453 1746 1686 1785 nuncupatoria
1718 1746 1757 1775 ad
1790 1746 1957 1776 Urbanum
1981 1746 2043 1776 lv:
2077 1746 2245 1777 Interdum
2279 1756 2408 1778 sensum

1330 1790 1437 1829 posui,
1455 1790 1551 1820 verba
1574 1790 1692 1827 dimisi,
1703 1791 1879 1829 praecipue
1898 1791 1929 1820 in
1949 1790 2147 1821 Homiliario
2173 1791 2413 1832 Chrysostomi,

1330 1839 1466 1874 propter
1487 1834 1546 1864 hoc
1569 1834 1655 1874 quod
1677 1839 1724 1865 est
1747 1834 1917 1864 translatio
1950 1835 2073 1864 vitiosa.
2100 1834 2172 1865 Sive
2202 1845 2261 1876 pro
2285 1845 2322 1866 ea
2345 1845 2411 1877 qua

1335 1878 1470 1918 polleret
1492 1877 1560 1918 ipse
1583 1888 1710 1918 graecae
1730 1878 1857 1918 linguae
1873 1877 1993 1918 peritia,
2010 1878 2074 1909 sive
2091 1889 2109 1908 a
2125 1879 2324 1919 peritioribus
2341 1880 2412 1910 aliis

1335 1922 1467 1953 edoctus
1491 1922 1553 1953 hoc
1576 1922 1744 1962 protulerit
1771 1922 1943 1960 iudicium,
1968 1922 2102 1962 dignum
2131 1923 2211 1953 illud
2234 1930 2281 1954 est
2303 1924 2410 1964 profe-

1336 1972 1387 1996 cto
1410 1966 1479 1996 viro
1502 1976 1627 2006 graecas
1650 1966 1778 2005 litteras,
1803 1966 1850 1996 sin
1874 1966 1980 1996 minus
2004 1967 2138 2005 callenti,
2163 1977 2222 2007 pro
2246 1978 2303 1998 sua
2327 1975 2410 1999 certe

1335 2020 1408 2050 erga
1423 2020 1568 2050 graecam
1583 2010 1794 2041 eruditionem
1811 2010 1916 2041 studio
1932 2011 2144 2050 promoventi.
2162 2012 2312 2052 Ignotum
2329 2012 2407 2043 mihi

1334 2064 1410 2085 vero
1431 2064 1589 2095 quaenam
1620 2054 1697 2085 haec
1719 2054 1814 2085 fuerit
1836 2054 1932 2085 latina
1945 2055 2166 2086 Homiliarum
2185 2056 2409 2097 chrysostomi

1334 2098 1515 2129 translatio:
1542 2108 1621 2128 num
1643 2098 1698 2129 illa
1722 2098 1950 2139 antiquissima,
1974 2109 2073 2139 quam
2097 2100 2223 2130 saeculo
2248 2100 2407 2131 Ecclesiae

1335 2142 1448 2183 quinto
1478 2142 1654 2173 confecerat
1685 2143 1826 2173 Anianus
1857 2143 2038 2174 Celedensis
2062 2143 2234 2183 diaconus,
2258 2151 2295 2175 ut
2316 2151 2408 2186 putat

1334 2186 1614 2217 Montfauconius:
1639 2197 1679 2217 an
1702 2187 1766 2226 illa,
1791 2197 1872 2227 quae
1896 2197 1915 2217 a
1937 2187 2183 2227 Burgundione,
2213 2188 2332 2228 origine
2359 2188 2408 2229 pi-

1335 2241 1424 2270 sano,
1440 2231 1574 2271 Eugenii
1600 2231 1641 2261 111
1666 2231 1753 2262 iussu
1778 2231 1960 2262 elucubrata
1983 2238 2029 2262 est
2051 2242 2136 2262 anno
2156 2232 2335 2264 dominicae
2358 2233 2408 2264 In-

1335 2275 1523 2306 carnationis
1552 2277 1629 2306 1151
1658 2282 1694 2306 ut
1716 2275 1784 2315 ipse
1816 2282 1946 2306 testatur
1968 2276 2172 2316 Burgundio:
2197 2287 2238 2307 an
2271 2277 2331 2307 alia
2355 2277 2408 2308 de-

1335 2329 1436 2350 mum.
1457 2319 1600 2350 Consule
1620 2319 1880 2350 Dissertationem
1901 2320 1939 2350 de
1959 2320 2079 2351 Catena
2093 2330 2187 2351 aurea
2209 2331 2233 2352 s.
2248 2321 2409 2352 Thomae.

1401 2363 1549 2394 Thomae
1579 2363 1678 2395 nostri
1709 2363 1940 2394 subiiciendum
1971 2364 2105 2395 examini
2135 2365 2281 2396 laudatus
2309 2365 2408 2396 Urba-

1335 2416 1395 2438 nus
1415 2407 1457 2439 IV
1476 2407 1620 2438 libellum
1638 2408 1778 2445 tradidit,
1803 2407 1835 2438 in
1855 2418 1921 2449 quo
1945 2408 2083 2448 plurima
2101 2409 2292 2451 scriptorum
2310 2409 2409 2441 Grae-

1335 2461 1448 2482 corum
1471 2459 1614 2492 excerpta
1638 2452 1895 2491 continebantur,
1927 2452 2021 2483 latine
2049 2453 2178 2485 reddita.
2203 2453 2409 2493 opusculum

1334 2496 1393 2526 hac
1417 2496 1456 2526 de
1480 2505 1512 2526 re
1536 2496 1719 2536 composuit
1737 2496 1890 2536 Aquinas,
1915 2497 2005 2537 quod
2027 2496 2169 2536 primum
2191 2504 2276 2528 tenet
2297 2498 2408 2529 locum

1334 2540 1367 2569 in
1386 2539 1524 2570 editione
1541 2541 1696 2571 Romana.
1717 2540 1890 2571 Summum
1908 2540 2095 2572 Pontificem
2110 2542 2262 2573 admonet
2279 2542 2312 2572 in
2330 2541 2407 2582 Epi-

1335 2584 1416 2614 stola
1439 2584 1479 2614 ad
1502 2584 1610 2623 ipsum
1633 2584 1719 2615 data:
1746 2592 1817 2615 tum
1842 2586 1988 2624 plurima
2012 2586 2148 2616 inueniri
2171 2587 2202 2616 in
2224 2586 2340 2624 libella,
2364 2586 2409 2617 ad

1336 2633 1465 2658 nostrae
1477 2628 1562 2668 fidei
1588 2629 1795 2659 assertionem
1825 2629 1934 2659 utilia:
1956 2635 2026 2659 tum
2053 2628 2170 2659 offendi
2200 2639 2266 2660 non
2293 2639 2406 2670 pauca,

1335 2681 1418 2711 quae
1435 2677 1566 2711 possent
1585 2673 1753 2702 materiam
1774 2673 1959 2703 ministrare
1977 2682 2126 2702 errorum
2151 2678 2181 2703 et
2199 2674 2408 2705 contentionis

1335 2715 1415 2746 dare
1444 2716 1640 2745 occasionem
1672 2721 1702 2746 et
1728 2717 1920 2746 calumniae.
1949 2716 2035 2746 Haec
2065 2716 2181 2747 scilicet
2210 2717 2407 2756 praemonita

1335 2759 1374 2789 ab
1389 2758 1547 2799 Aquinate
1570 2759 1733 2799 theologo.
1749 2759 1831 2790 Vitia
1845 2766 2003 2799 praeterea
2017 2759 2130 2790 latinae
2148 2760 2300 2791 versionis
2319 2767 2407 2801 pate-

1336 2802 1408 2833 facit
1422 2802 1569 2842 plurima,
1590 2803 1693 2843 deque
1708 2803 1830 2842 optima
1848 2803 2070 2843 interpretandi
2084 2804 2204 2835 ratione
2224 2805 2345 2836 disserit
2359 2815 2406 2836 sa-

1335 2845 1542 2885 pientissime:
1559 2856 1641 2886 quae
1660 2847 1699 2876 ad
1719 2847 1908 2886 penitiorem
1923 2854 2062 2887 spectare
2078 2848 2289 2879 eruditionem
2310 2858 2407 2880 nemo

1335 2899 1402 2920 non
1416 2890 1510 2921 videt.
1528 2890 1700 2921 Mendosae
1721 2891 1834 2921 latinae
1853 2891 2115 2931 interpretationis
2137 2892 2228 2932 plura
2243 2899 2408 2933 postremo

1336 2933 1436 2974 capite
1451 2934 1539 2965 affert
1554 2935 1711 2974 exempla:
1735 2947 1750 2963 ι
1766 2935 1864 2973 Sicut,
1888 2937 2044 2976 inquiens,
2061 2937 2150 2976 quod
2165 2937 2258 2977 logos
2275 2934 2405 2982 (λόγος)

1337 2989 1352 3004 ›
1375 2978 1504 3018 exponit
1526 2979 1692 3009 translator
1708 2978 1770 3009 fere
1790 2979 1908 3020 ubique
1930 2989 2110 3010 sermonem
2131 2981 2314 3019 mentalem,
2331 2991 2407 3012 cum

1337 3034 1352 3049 »
1375 3022 1552 3052 secundum
1580 3032 1676 3052 usum
1703 3023 1874 3063 scripturae
1901 3023 2015 3054 latinae
2043 3024 2279 3056 convenientius
2309 3035 2407 3065 expo—

1337 3078 1352 3093 »
1375 3073 1461 3097 neret
1478 3067 1618 3097 verbum.
1643 3067 1684 3098 Et
1705 3067 1902 3108 hypostasim
1919 3065 2139 3110 (ὑπόστασιν)
2156 3069 2286 3108 exponit
2303 3079 2406 3100 essen-

1337 3122 1352 3138 »
1375 3111 1482 3141 tialem
1496 3119 1689 3151 personam;
1704 3121 1803 3151 quarn
1821 3112 2052 3151 expositionem
2067 3122 2213 3154 sequens,
2233 3113 2407 3154 aliquando

1338 3166 1352 3182 »
1375 3154 1498 3195 cogitur
1520 3154 1743 3185 inconveniens
1767 3155 1878 3186 dicere.
1904 3156 1992 3187 Sicut
2014 3156 2069 3187 ubi
2093 3156 2167 3187 dicit
2187 3157 2278 3188 Deus
2300 3158 2406 3198 trins—

1338 3210 1352 3226 »
1369 3204 1526 3238 postases,
1539 3196 1840 3242 (τρισυπόςτατος)
1856 3199 1936 3231 idest
1950 3202 2054 3231 trinus
2069 3202 2281 3232 essentialiter
2292 3210 2405 3242 perso-

1338 3254 1353 3270 »
1375 3243 1475 3274 nalis:
1497 3243 1560 3274 hoc
1583 3243 1668 3274 enim
1691 3251 1738 3275 est
1761 3244 1894 3274 omnino
1919 3254 2113 3283 errroneum,
2138 3245 2228 3285 quod
2257 3245 2344 3276 Deus
2367 3244 2407 3276 sit

1337 3299 1352 3315 »
1375 3287 1576 3318 essentialiter
1609 3286 1707 3330 (idest
1738 3289 1847 3328 quoad
1879 3287 2066 3331 essentiam)
2100 3289 2210 3320 trinus.
2245 3289 2408 3320 Sufficeret

1338 3343 1353 3359 »
1375 3338 1483 3362 autem
1496 3341 1555 3371 pro
1569 3331 1735 3372 hypostasi
1751 3332 1913 3363 transferre
1936 3333 2117 3373 simpliciter
2125 3342 2298 3373 personam
2312 3345 2326 3360 »
2346 3339 2403 3363 etc.

1402 3375 1449 3406 De
1473 3385 1604 3406 munere
1627 3376 1703 3406 boni
1722 3376 1897 3416 interpretis
1921 3377 1964 3407 sic
1988 3377 2088 3417 pergit
2111 3376 2259 3407 disserere
2278 3376 2310 3406 in
2329 3375 2405 3416 Epi-

1335 3420 1416 3450 stola
1445 3419 1536 3450 citata
1563 3420 1603 3450 ad
1627 3420 1792 3451 Urbanum
1822 3421 1879 3451 IV:
1907 3434 1922 3449 α
1940 3421 2056 3459 Multa,
2084 3430 2166 3462 quae
2189 3421 2268 3451 bene
2291 3427 2406 3451 sonant

1338 3476 1353 3491 »
1375 3463 1407 3493 in
1437 3463 1545 3504 lingua
1574 3474 1699 3504 graeca,
1730 3465 1763 3495 in
1786 3465 1882 3496 latina
1910 3464 2049 3496 fortassis
2077 3466 2156 3496 bene
2187 3473 2252 3494 non
2276 3470 2403 3494 sonant:

1338 3520 1352 3535 »
1375 3514 1504 3547 propter
1527 3508 1617 3548 quod
1645 3509 1790 3539 eamdem
1814 3508 1887 3539 fidei
1905 3509 2066 3540 veritatem
2088 3508 2155 3539 aliis
2177 3507 2277 3538 verbis
2302 3507 2405 3538 Latini

1338 3564 1353 3580 ι
1376 3551 1565 3583 confitentur
1594 3559 1625 3583 et
1648 3552 1768 3584 Graeci.
1793 3553 1915 3584 Dicitur
1937 3553 2022 3584 enim
2045 3552 2130 3592 apud
2158 3551 2294 3582 Graecos
2323 3558 2404 3582 recte

1338 3608 1352 3623 »
1375 3603 1406 3627 et
1429 3595 1580 3627 catholice
1594 3619 1603 3634 ,
1631 3597 1721 3637 quod
1751 3597 1841 3628 Pater
1869 3603 1899 3628 et
1929 3596 2027 3627 Filius
2057 3603 2088 3627 et
2116 3595 2249 3635 Spiritus
2277 3603 2405 3626 sanctus
