2548 4192
207 288 299 313 CCXII

207 355 279 392 dio,
300 354 427 391 duello,
453 353 616 389 tirocinio,
642 351 743 392 deque
768 351 895 390 rapina,
922 358 1034 384 usura,
1058 345 1275 387 fraudolento

209 404 375 430 contractu
400 403 430 428 et
444 397 552 438 furto,
1127 433 1134 439 .

275 442 416 473 Tertiam
431 448 552 482 partem
575 440 638 470 iam
663 445 807 469 accurato
826 436 1018 467 versavimus
1036 443 1189 470 examlne,
1205 432 1275 472 plu-

207 497 320 528 resque
349 487 381 516 in
406 496 441 516 ea
465 484 728 525 deprehendimus
751 483 889 512 lacunas.
914 479 1108 510 Addendum
1132 483 1178 507 est
1203 486 1275 527 pro-

207 532 351 562 lixiorem
381 531 485 570 primo
518 530 590 558 loco
615 528 786 568 prologum
810 531 991 555 occurrere:
1023 530 1094 553 tum
1117 528 1275 571 quaestio-

209 586 284 606 nem
316 575 452 615 primam
484 573 620 613 proponi
654 581 728 602 cum
761 570 896 610 prologo
930 568 1034 605 brevi,
1061 567 1094 597 in
1118 576 1184 607 quo
1208 575 1276 605 ipsa

209 620 352 661 quaestio
373 619 407 648 in
431 617 571 647 membra
595 623 626 646 et
648 616 724 645 haec
747 615 780 644 in
803 613 958 643 articulos
981 612 1174 641 dividuntur.
1199 611 1275 640 Pro-

207 666 301 704 logus
324 661 509 693 huiusmodi
532 659 683 700 prolixior
714 664 834 698 prostat
858 657 965 687 nullus
991 656 1023 685 in
1043 656 1145 696 prima
1177 660 1275 704 parte,

209 719 266 739 nec
289 709 321 738 in
345 708 449 736 altera.
467 706 606 744 Utraque
629 703 756 733 initium
780 703 817 732 ab
842 700 1027 742 quaestione
1051 700 1154 740 prima
1178 700 1274 735 duc1t,

209 753 259 783 cui
282 751 383 781 brevis
413 750 489 780 alter
515 747 696 788 praefigitur
719 747 872 787 prologus
903 755 977 776 cum
1006 745 1220 775 membrorum
1246 748 1276 773 et

207 796 418 826 articulorum
443 793 620 833 partitione.
648 791 731 822 Hinc
755 801 821 821 non
846 791 900 820 abs
920 800 952 820 re
976 789 1089 826 fuerit,
1121 788 1145 818 si
1171 787 1274 818 conie-

209 847 328 871 ctemus
352 845 382 869 et
397 839 481 868 hunc
505 846 571 867 esse
596 836 810 876 Theologicae
833 835 965 865 huiusce
989 835 1140 865 Summae
1164 842 1274 873 quern-

208 885 294 924 piam
327 882 495 913 defectum.
525 881 732 912 Prolixiorem
769 880 876 920 ipsum
904 879 1079 918 Prologum
1112 878 1273 908 describo:

210 942 225 956 ‹
244 927 470 968 ...Inquisitio
494 926 589 966 igitur
613 925 766 955 catholica
791 925 828 954 de
853 923 921 961 his,
941 933 1023 964 quae
1052 923 1209 963 pertinent
1236 924 1275 953 ad

209 985 223 1000 »
243 972 350 1010 fidem,
367 970 592 1012 quadripartita
609 976 664 999 est.
681 969 786 999 Prima
805 978 876 1008 pars
900 968 1034 1008 pertinet
1057 968 1096 997 ad
1120 967 1275 1007 cognitio-

210 1030 224 1044 »
245 1027 319 1047 nem
341 1016 539 1046 substantiae
566 1015 695 1045 divinae
719 1014 886 1044 Trinitatis
909 1018 939 1043 et
963 1014 1115 1043 unitatis:
1138 1013 1275 1043 secunda

209 1075 224 1089 »
243 1061 287 1092 ad
309 1070 407 1101 opera
439 1060 567 1091 divinae
591 1058 800 1089 conditionis:
823 1057 912 1088 tertia
941 1057 984 1087 ad
1005 1067 1180 1097 personam
1205 1058 1276 1088 Sal-

210 1119 223 1133 »
243 1106 363 1136 valoris
378 1105 410 1135 in
428 1112 538 1135 natura
554 1103 723 1134 divinitatis
740 1110 770 1133 et
786 1109 896 1132 natura
920 1101 1140 1132 humanitatis:
1166 1109 1276 1142 quarta

210 1163 224 1177 »
244 1160 319 1180 vero
343 1149 478 1189 pertinet
501 1149 544 1179 ad
571 1148 783 1178 Sacramenta
815 1147 930 1177 salutis
955 1152 985 1176 et
1013 1156 1110 1186 opera
1135 1146 1278 1186 futurae

209 1207 223 1221 >v
243 1195 499 1235 glorificationis.
515 1192 710 1223 Pertractatis
734 1192 828 1231 igitur
846 1191 971 1221 duabus
988 1192 1106 1230 primis
1115 1192 1276 1231 partibus,

210 1251 224 1265 >›
244 1238 472 1279 pertinentibus
496 1238 539 1268 ad
551 1237 654 1278 fidem
675 1237 849 1267 conditoris
856 1243 869 1273 ;
889 1245 974 1266 nunc
994 1235 1208 1266 accedendum
1233 1243 1279 1266 est

209 1296 224 1310 »
246 1284 286 1313 ad
309 1282 548 1323 inquisitionem
571 1291 704 1319 eorum,
729 1291 810 1321 quae
834 1280 990 1320 pertinent
1017 1280 1061 1310 ad
1073 1280 1176 1320 fidem
1206 1281 1277 1311 Sal-

209 1341 224 1356 »
245 1329 374 1358 valoris.
391 1327 431 1357 Et
447 1327 550 1367 primo
570 1328 649 1358 circa
666 1335 840 1365 personam
857 1325 931 1355 Filii
951 1325 1023 1362 Dei,
1040 1325 1095 1365 qui
1115 1331 1161 1356 est
1184 1332 1280 1366 caput

210 1385 224 1400 >
245 1379 370 1402 nostrae
403 1371 511 1401 salutis
535 1381 590 1411 per
613 1370 865 1410 assumptionem
898 1375 1023 1399 nostrae
1054 1369 1276 1400 humanitatis:

210 1429 223 1444 2·
245 1417 357 1447 deinde
380 1425 455 1446 vero
486 1415 566 1446 circa
594 1417 805 1446 Sacramenta
840 1419 969 1443 nostrae
1000 1414 1115 1444 salutis
1139 1419 1169 1444 et
1198 1424 1278 1454 opus

210 1473 223 1488 ι·
244 1461 508 1502 glorificationis.
522 1483 548 1490 ..
567 1460 744 1491 Adiuvante
768 1458 863 1498 igitur
879 1468 936 1488 sua
959 1458 1067 1497 gratia,
1085 1458 1146 1488 hoc
1166 1459 1277 1489 ordine

210 1517 225 1532 ⁷>
243 1512 493 1546 prosequemur:
518 1506 623 1544 primo
655 1504 695 1533 de
718 1503 949 1533 Incarnatione
981 1507 1011 1532 et
1038 1504 1277 1542 assumptione:

210 1562 224 1576 »
245 1550 384 1580 secundo
413 1549 452 1579 de
475 1551 676 1589 conceptione
699 1553 730 1578 et
758 1547 923 1578 nativitate
930 1554 943 1583 ‚·
965 1547 1057 1577 tertio
1090 1547 1130 1577 de
1151 1548 1274 1587 gratia,

209 1606 224 1620 »
243 1595 376 1625 scientia
401 1599 431 1623 et
443 1598 602 1633 potestate
621 1594 708 1623 eius:
726 1599 839 1632 quarto
863 1591 903 1622 de
921 1592 1034 1621 merito
1053 1596 1084 1621 et
1100 1592 1276 1623 voluntate:

210 1650 224 1665 »
244 1639 357 1679 quinto
381 1638 420 1668 de
437 1639 591 1677 passione
613 1642 643 1667 et
667 1642 786 1667 morte:
809 1642 895 1666 sexto
920 1635 959 1666 de
981 1636 1135 1666 descensu
1159 1636 1203 1666 ad
1226 1637 1274 1666 in-

209 1694 223 1708 »
236 1683 334 1724 feros
358 1687 387 1712 et
410 1683 663 1712 resurrectione:
682 1681 818 1721 septimo
837 1681 881 1711 de
900 1682 1086 1711 ascensione
1103 1680 1147 1711 ad
1170 1681 1276 1711 caelos

209 1739 224 1753 >›
245 1733 275 1758 et
297 1727 341 1757 ad
361 1727 528 1757 dexteram
552 1727 660 1756 Patris
682 1727 843 1756 sessione:
866 1731 980 1755 octavo
1008 1725 1047 1755 de
1069 1725 1208 1756 adventu
1233 1725 1276 1756 ad

209 1783 224 1798 »
243 1772 394 1802 iudicium
411 1771 473 1800 Dei
492 1776 522 1800 et
540 1771 676 1801 hominis
694 1770 766 1800 Iesu
786 1770 916 1800 Christi.
931 1782 944 1796 ²
966 1770 1052 1800 Haec
1069 1779 1176 1810 porro,
1194 1779 1275 1810 quae

206 1817 246 1846 ad
268 1815 408 1846 hominis
432 1815 663 1855 reparationem
695 1815 852 1855 pertinent
884 1821 958 1844 octo
983 1813 1104 1854 capita,
1133 1814 1275 1856 quinque

205 1867 236 1891 et
266 1859 378 1900 viginti
406 1859 645 1900 quaestionibus
676 1866 859 1890 enarrantur
891 1858 1121 1889 accuratissime
1152 1860 1190 1889 ab
1220 1869 1275 1889 au-

206 1911 300 1935 ctore.
324 1904 477 1941 Quaestio
502 1904 643 1944 sequitur
665 1914 736 1934 xxvr
751 1904 841 1934 cuius
861 1913 1003 1940 examen,
1026 1904 1276 1944 sequiorumque

205 1956 275 1980 tum
299 1949 396 1979 hocce
420 1958 567 1987 numero,
585 1956 661 1979 tum·
678 1948 840 1988 superiore
864 1947 980 1978 initum
999 1954 1054 1978 est.

273 1993 392 2030 Quarta
417 1993 548 2023 demum
568 1993 706 2024 succedit
725 2003 807 2033 pars,
823 1993 855 2023 in
875 2002 949 2033 qua,
966 1992 1186 2032 praetermisso
1203 2003 1275 2032 pro-

205 2038 280 2077 logo
305 2037 484 2078 prolixiore,
505 2038 542 2067 ab
562 2038 630 2078 ipsa
654 2037 839 2078 quaestione
859 2037 961 2077 prima
980 2036 1107 2067 initium
1129 2037 1274 2068 sumitur.

205 2082 307 2120 Brevi,
325 2082 379 2122 qui
395 2081 586 2122 praefigitur,
611 2083 746 2122 prologo
766 2082 843 2112 haec
859 2082 1028 2112 habentur:
1057 2095 1071 2109 α
1085 2081 1214 2112 Dictum
1231 2088 1277 2112 est

209 2139 223 2154 >
244 2137 338 2166 supra
354 2125 462 2167 (tertia
486 2126 591 2168 parte)
607 2127 647 2157 de
668 2126 897 2166 Redemptore,
919 2127 974 2166 qui
998 2132 1044 2156 est
1054 2136 1117 2166 per
1131 2127 1274 2166 gratiam

207 2183 222 2198 »
243 2171 453 2210 Redemptor:
474 2180 559 2201 nunc
576 2171 747 2201 dicendum
764 2177 810 2201 est
826 2171 865 2200 de
884 2170 1090 2210 reparatione.
1106 2170 1275 2210 Reparatio

206 2227 220 2242 ³·
241 2222 349 2245 autem
374 2215 531 2255 quaedam
555 2221 601 2246 est
618 2225 682 2256 per
701 2217 845 2256 gratiam
864 2215 1083 2256 imperfectam
1090 2222 1103 2252 ;
1119 2215 1275 2255 quaedam

205 2271 220 2286 >
240 2269 315 2289 vero
334 2269 397 2299 per
416 2261 560 2299 gratiam
575 2259 756 2300 perfectam
785 2261 852 2290 sive
876 2265 1140 2291 consummatam.
1168 2260 1276 2290 Primo

206 2317 220 2331 »
239 2304 334 2343 igitur
350 2304 487 2343 tangitur
502 2305 540 2334 de
555 2304 657 2344 prima
674 2304 884 2344 reparatione,
900 2306 1042 2336 secundo
1067 2305 1106 2334 de
1127 2304 1275 2335 secunda.

205 2361 219 2376 ι
240 2348 407 2388 Reparatio
432 2358 488 2388 per
511 2348 643 2388 gratiam
667 2347 885 2388 imperfectam
905 2355 952 2379 est
975 2348 1039 2387 illa,
1056 2358 1138 2390 quae
1161 2348 1197 2380 fit
1215 2358 1278 2389 per

206 2405 220 2420 »
240 2394 383 2433 gratiam
404 2393 704 2430 Sacramentorum,
730 2393 769 2422 ad
797 2403 895 2433 quam
920 2394 1159 2433 procedendum
1183 2399 1238 2423 est.
1259 2405 1273 2420 »

206 2436 416 2473 Quaestiones
436 2444 642 2467 numerantur
666 2437 906 2477 quatuordecim
931 2448 1026 2478 supra
1046 2445 1191 2469 centum:
1207 2438 1276 2478 qui-

206 2482 266 2511 bus
290 2481 352 2510 late
375 2480 497 2511 disserit
513 2481 658 2511 Halensis
674 2481 713 2512 de
732 2481 950 2512 Sacramentis
970 2484 1002 2514 in
1025 2492 1157 2524 genere,
1175 2483 1277 2523 deque

207 2524 414 2556 Sacramentis
434 2525 516 2566 legis
535 2530 674 2555 naturae
697 2531 727 2556 et
750 2526 832 2566 legis
854 2527 993 2566 scriptae
1009 2537 1110 2568 usque
1134 2527 1174 2557 ad
1193 2534 1278 2557 octa-

206 2579 281 2599 vam
309 2569 463 2599 exclusive
487 2569 716 2610 quaestionem.
742 2570 812 2609 Ipsa
831 2571 1016 2610 quaestione
1040 2582 1093 2601 vni
1115 2571 1217 2611 agitur
1239 2571 1279 2602 de

208 2614 428 2644 Sacramentis
451 2613 533 2654 legis
556 2614 775 2654 Evangelicae
794 2615 826 2644 in
850 2624 990 2655 genere:
1013 2622 1083 2646 turn
1106 2616 1146 2646 de
1166 2616 1277 2655 Bapti-

209 2667 277 2688 smo
301 2667 402 2698 usque
418 2658 456 2687 ad
472 2658 691 2698 quaestionem
713 2666 799 2688 xxiv:
824 2658 864 2688 de
888 2658 1141 2700 Confirmatione
1154 2660 1193 2689 ad
1208 2669 1279 2689 xxix

209 2702 249 2733 de
270 2702 478 2732 Eucharistia
498 2703 537 2732 ad
556 2713 617 2732 mv.
638 2703 729 2739 Quae
749 2709 904 2743 sequutur
919 2703 1058 2744 reliquae
1077 2703 1278 2744 quaestiones

207 2746 414 2776 insumuntur
433 2756 545 2777 omnes
564 2747 596 2776 in
621 2747 810 2787 exponendo
830 2747 1033 2778 Sacramento
1052 2749 1277 2788 poenitentiae.

209 2790 412 2827 Quaestionis
427 2801 537 2821 Lxxxtv
551 2791 707 2831 Prologus
727 2797 790 2822 est:
809 2804 823 2819 α
835 2791 928 2822 Dicto
945 2792 983 2822 de
999 2792 1122 2822 duabus
1138 2792 1279 2832 partibus

211 2847 226 2863 ›
245 2834 468 2875 poenitentiae,
489 2835 606 2866 scilicet
629 2837 819 2866 contritione
845 2842 875 2867 et
898 2836 1108 2878 consessione,
1139 2837 1280 2878 sequitur

211 2892 225 2907 »
245 2879 333 2910 tertia
349 2889 431 2919 pars,
448 2879 564 2910 scilicet
581 2880 622 2910 de
634 2879 864 2920 satisfactione.
886 2881 978 2912 Circa
996 2891 1095 2923 quam
1111 2882 1154 2912 sic
1169 2891 1279 2922 proce-

210 2936 226 2952 »
246 2923 338 2954 ditur.
360 2923 469 2954 Primo
485 2924 588 2963 agitur
601 2924 642 2954 de
656 2924 877 2965 satisfactione
895 2927 927 2956 in
945 2927 1124 2957 communi:
1138 2926 1278 2957 secundo

210 2980 225 2994 »
246 2969 278 2998 in
302 2969 453 3008 speciali,
479 2968 594 2999 scilicet
618 2969 657 2999 de
687 2968 827 3008 partibus
851 2969 955 3008 illius,
985 2970 1102 3001 scilicet
1133 2971 1280 3002 oratione

211 3024 226 3039 ι
246 3013 364 3042 ieiunio
381 3018 411 3043 et
434 3013 635 3043 eleemosina.
650 3025 664 3040 :0
687 3013 735 3043 De
758 3013 817 3044 hac
840 3014 1059 3045 satisfactionis
1075 3022 1173 3055 parte,
1192 3015 1279 3046 vide-

209 3055 280 3086 licet
310 3057 500 3088 eleemosina
531 3057 594 3097 agit
625 3063 736 3088 auctor
761 3055 799 3088 'in
833 3065 994 3099 postrema
1025 3066 1154 3100 quartae
1183 3059 1279 3100 partis

210 3100 410 3140 quaestione:
433 3102 518 3132 unde
537 3101 702 3142 perspicue
717 3102 885 3134 innotescit
899 3110 930 3134 et
950 3103 1031 3134 hanc
1045 3111 1167 3144 partem
1187 3114 1279 3145 quar-

211 3150 277 3174 tam
300 3145 452 3176 Summae
481 3146 738 3186 quadripartitae
765 3146 983 3188 imperfectam
1006 3158 1072 3178 esse
1105 3148 1279 3189 incomple-

211 3194 351 3228 tamque.
368 3190 592 3221 Desiderantur
615 3190 735 3231 quippe
759 3192 960 3232 quaestiones
983 3192 1023 3223 de
1042 3198 1188 3224 extrema
1215 3192 1280 3223 Un-

213 3234 326 3270 ctione,
351 3233 391 3264 de
413 3233 553 3271 Ordine,
579 3234 618 3265 de
642 3236 873 3267 Matrimonio:
895 3236 1036 3277 itemque
1065 3237 1180 3268 desunt
1202 3236 1280 3268 aliae

211 3276 251 3307 de
273 3278 420 3317 operibus
433 3278 577 3319 futurae
594 3279 851 3320 glorificationis,
869 3281 907 3311 de
931 3281 1047 3322 quibus
1066 3281 1099 3312 in
1115 3281 1174 3312 hac
1194 3288 1281 3322 parte

211 3328 321 3361 quarta
344 3330 377 3352 se
401 3329 680 3362 pertractaturum,
706 3324 910 3364 pollicentem
933 3325 1086 3356 habemus
1109 3325 1282 3356 Halensem

211 3364 244 3395 in
268 3366 437 3405 prolixiore
461 3368 596 3407 prologo
609 3389 617 3405 ,
648 3367 703 3408 qui
734 3368 841 3399 tertiae
865 3369 943 3409 parti
967 3369 1123 3410 praefixus
1150 3376 1280 3411 prostat.

280 3410 332 3441 111.
349 3411 517 3447 Quaenam
531 3411 570 3442 sit
593 3412 818 3452 quadripartita
831 3413 999 3444 Alexandri
1011 3414 1050 3444 de
1064 3414 1160 3445 Hales
1174 3414 1281 3445 Theo-

213 3453 314 3492 logica
338 3455 470 3485 Summa
498 3455 562 3486 iam
592 3462 678 3486 tenes
702 3457 800 3487 lector
829 3457 1067 3489 humanissime.
1094 3459 1207 3490 Manca
1228 3457 1283 3489 illa

215 3504 270 3535 est,
286 3498 483 3538 imperfecta:
512 3500 691 3541 habentque
715 3501 842 3532 lacunas
865 3502 1017 3542 plurimas
1043 3503 1198 3541 secunda,
1223 3509 1282 3534 ter-

215 3541 257 3571 tia
280 3548 310 3572 et
332 3549 443 3582 quarta
465 3554 546 3583 pars.
577 3547 628 3574 An
652 3545 745 3576 fuerit
767 3546 935 3577 verisimile
959 3547 1131 3578 Halensem
1161 3547 1283 3578 inco'm-

216 3585 338 3624 pletum
361 3586 423 3617 hoc
451 3597 534 3628 opus
564 3588 739 3629 relinquere
766 3590 905 3621 voluisse
937 3600 1131 3632 operamque
1163 3591 1284 3622 locasse

218 3638 320 3667 suam,
334 3637 370 3660 ut
393 3640 476 3671 opus
499 3631 658 3662 diversum
681 3634 740 3663 sub
764 3633 857 3664 titulo
877 3634 1030 3665 Summae
1045 3636 1200 3666 virtutum
1217 3635 1284 3666 elu-

934 263 1393 306 DISSERTATIONES
1423 264 1671 302 CRITICAE

1331 343 1483 381 cubraret‚
1490 344 1661 385 ipsumque
1677 345 1830 376 conficere
1845 353 2010 388 tamquam
2025 347 2286 388 Supplementum
2300 348 2403 389 quod-

1332 387 1409 417 dam·
1428 387 1542 419 vellet?
1566 390 1600 419 In
1629 389 1696 429 ipsa
1715 390 1804 421 tertia
1827 398 1914 430 parte
1937 392 2067 422 lacunae
2092 392 2173 422 duae
2192 392 2333 432 ingentes
2348 403 2403 433 pa-

1331 438 1412 462 tent:
1433 433 1528 463 altera
1551 440 1624 473 post
1643 435 1864 474 quaestionem
1887 446 1984 466 vam
2009 436 2063 466 ubi
2088 437 2247 476 agendum
2272 437 2402 468 Halensi

1331 475 1433 507 fuerat
1446 477 1486 507 de
1493 479 1677 518 praeceptis
1690 479 1865 520 Evangelii
1877 481 2068 519 specialibus
2075 491 2293 520 personarum
2305 492 2403 522 prae-

1330 521 1521 559 sidentium,
1547 522 1588 552 de
1613 525 1796 563 praeceptis
1828 525 1967 555 eiusdem
1997 525 2171 567 Evangelii
2201 526 2405 557 iudicialibus

1330 564 1431 605 deque
1449 567 1607 597 consiliis:
1626 567 1720 597 altera
1737 574 1811 607 post
1835 569 2055 609 quaestionem
2078 580 2181 600 Lxxxn
2204 581 2285 611 quae
2317 571 2403 602 iuxta

1331 610 1468 639 auctoris
1501 611 1658 650 promissa
1690 612 1831 652 excipere
1864 614 2066 653 quaestiones
2103 615 2254 646 debuerat
2286 615 2326 646 de
2348 625 2404 656 spe

1321 653 1484 693 formata,
1506 655 1545 685 de
1569 657 1714 693 caritate,
1735 656 1775 687 de
1799 658 1969 688 virtutibus
1992 658 2222 697 cardinalibus,
2239 659 2280 691 de
2297 660 2401 697 donis,

1330 698 1370 727 de
1387 697 1566 738 fructibus,
1584 699 1624 730 de
1646 700 1903 732 beatitudinibus.
1915 704 1967 732 An
1982 702 2110 733 lacunas
2127 703 2200 734 istas
2220 713 2332 735 omnes
2352 714 2403 734 ex—

1330 742 1415 781 pleat
1431 742 1564 773 Summa
1583 743 1646 781 illa,
1663 754 1745 784 quae
1765 746 1954 784 obtruditur,
1971 747 2011 777 de
2030 748 2227 779 virtutibus?
2243 748 2310 780 Cur
2329 758 2403 789 ergo

1330 786 1432 825 prima
1449 787 1573 826 prologi
1590 787 1658 817 eius
1672 789 1766 818 verba
1782 790 2010 829 describuntur,
2021 791 2144 822 Habito
2154 803 2233 834 ergo
2243 794 2283 824 de
2291 794 2403 835 gratia

1329 836 1462 871 gratum
1477 830 1627 871 faciente
1650 837 1680 862 et
1702 834 1810 873 gratis
1832 834 1908 864 data
1927 844 2085 873 sermone,
2104 843 2334 878 consequenter
2356 838 2403 868 di-

1330 875 1464 905 cendum
1482 881 1530 905 est
1551 876 1591 905 de
1614 877 1759 907 virtute?
1777 878 1864 908 Haec
1879 878 2008 909 alteram
2027 886 2163 918 tantum,
2183 891 2249 912 non
2264 882 2404 922 priorem

1330 919 1478 949 lacunam
1506 927 1657 959 spectant.
1684 921 1751 951 Nos
1775 931 1871 961 porro
1896 923 2047 961 doceant,
2067 934 2225 964 quaenam
2249 926 2310 957 sint
2332 926 2404 956 illae

1331 963 1544 1004 quaestiones,
1569 975 1650 1005 quae
1674 965 1707 995 in
1731 965 1864 996 Summa
1889 968 2043 997 virtutum
2076 970 2330 1008 pertractantur?
2351 972 2403 1000 An

1332 1009 1370 1038 de
1401 1008 1568 1039 virtutibus
1600 1010 1775 1040 secundum
1805 1011 2015 1052 theologicam
2046 1018 2077 1042 et
2110 1022 2219 1044 veram
2249 1015 2404 1054 acceptio-

1332 1063 1414 1090 nem,
1427 1059 1463 1083 ut
1476 1053 1543 1093 ipse
1558 1053 1601 1084 ait
1616 1054 1762 1084 Halensis
1779 1055 1828 1085 111.
1842 1066 1919 1095 par„
1931 1064 2051 1097 quaest.
2060 1067 2130 1087 xcvi
2146 1057 2177 1087 in
2189 1056 2339 1098 prologo?
2353 1060 2405 1089 An

1332 1097 1427 1127 etiam
1451 1098 1628 1128 secundum
1656 1098 1914 1139 philosophicam
1938 1101 2156 1141 acceptionem
2180 1100 2330 1133 disserat?
2353 1105 2404 1133 An

1333 1149 1517 1181 argumenta
1540 1142 1693 1181 illustret,
1717 1154 1799 1184 quae
1823 1145 1980 1184 pertinent
2003 1146 2046 1176 ad
2073 1146 2169 1184 dona,
2190 1147 2234 1177 ad
2247 1147 2403 1187 fructus,

1333 1187 1635 1222 ad'beatitudines?
1657 1190 1708 1218 An
1727 1189 1767 1218 de
1789 1198 1845 1229 spe
1863 1189 2005 1226 formata
2030 1190 2180 1229 disserat,
2201 1191 2303 1232 deque
2320 1193 2404 1222 cari-

1334 1237 1399 1262 tate
1421 1231 1485 1261 Dei
1508 1238 1538 1262 et
1561 1242 1633 1272 erga
1657 1231 1862 1272 proximum?
1885 1236 1935 1264 An
1960 1235 2161 1275 quaestiones
2189 1236 2230 1266 de
2241 1236 2315 1277 fide
2328 1235 2404 1277 for-

1334 1281 1432 1313 mata,
1449 1286 1531 1316 quae
1550 1277 1582 1306 in
1599 1277 1751 1308 Summae
1773 1278 2030 1318 quadripartitae
2052 1280 2141 1310 tertia
2164 1287 2252 1320 parte
2273 1290 2404 1310 enume-

1334 1328 1442 1351 rantur
1464 1331 1592 1358 Lxxvin,
1616 1332 1724 1359 Lxxxx,
1750 1332 1847 1360 Lxxx,
1876 1333 1966 1354 Lxxxx
1993 1330 2023 1354 et
2047 1333 2151 1354 Lxxxn
2181 1324 2406 1364 praetermittat

1333 1372 1444 1396 auctor
1474 1365 1506 1395 in
1535 1376 1592 1396 sua
1623 1367 1776 1397 virtutum
1804 1367 1955 1406 Summa,
1982 1379 2021 1398 an
2048 1369 2175 1399 easdem
2203 1369 2294 1399 novis
2323 1369 2405 1399 curis
2436 1402 2438 1404 ,

1333 1407 1516 1460 pertractet?
1542 1411 1703 1441 Hactenus
1734 1421 1809 1441 vero
1845 1411 1922 1443 haec
1951 1419 1981 1443 et
2008 1413 2069 1443 alia
2098 1413 2131 1443 id
2159 1423 2258 1453 genus
2291 1413 2405 1444 frustra

1333 1461 1514 1495 perquisita.

1712 1568 1922 1607 CAPUT
1952 1571 2023 1608 IV.

1331 1675 1399 1699 Num
1419 1676 1543 1701 Summae
1562 1677 1705 1709 praedictae
1724 1678 1897 1711 Theologicae
1916 1680 2020 1705 lacunas
2039 1681 2179 1714 expleverit
2197 1680 2353 1706 Guillelmus
2372 1682 2404 1707 de

1402 1711 1543 1736 Melitona?
1562 1713 1679 1744 Plagium
1697 1721 1776 1739 omne
1795 1715 1827 1739 ab
1846 1715 1974 1748 Aquinate
2000 1721 2156 1741 removetur.
2176 1717 2251 1741 Hunc
2271 1716 2296 1741 in
2315 1716 2404 1742 schola

1402 1747 1538 1772 Alexandri
1559 1749 1679 1774 Halensis
1699 1750 1842 1775 auditorem
1861 1750 1941 1776 fuisse
1960 1751 2091 1777 refellitur.

1333 1856 1356 1887 1.
1379 1848 1584 1932 Nondum
1609 1857 1692 1888 satis.
1713 1858 1816 1888 Morte
1830 1866 2037 1899 praeventum
2053 1860 2227 1891 Halensem
2241 1859 2403 1901 reliquisse

1461 1901 1678 1942 imperfectam
1702 1901 1866 1933 Summam
1893 1903 2163 1944 quadripartitam
2187 1905 2306 1946 passim
2330 1903 2404 1935 fate-

1331 1953 1383 1976 tur
1398 1946 1588 1985 Wadingus.
1601 1946 1687 1976 Haec
1702 1946 1832 1987 insuper
1845 1954 1949 1978 narrat
1964 1949 2004 1978 ad
2020 1959 2141 1979 annum
2164 1951 2256 1991 1257,
2272 1959 2361 1980 num.
2373 1948 2404 1988 8,

1332 1991 1386 2021 ubi
1411 1990 1449 2021 de
1473 1990 1646 2021 Guillelmo
1671 1991 1709 2021 de
1733 1991 1896 2031 Melitona,
1917 1992 2049 2023 fratrum
2072 1994 2236 2024 Minorum
2260 1994 2404 2032 alumne,

1332 2045 1514 2065 sermonem
1536 2035 1640 2066 habet:
1668 2049 1683 2063 α
1701 2035 1892 2067 Guillelmus
1917 2037 1955 2067 de
1978 2037 2135 2076 Militona,
2159 2038 2214 2080 qui
2238 2038 2404 2069 Summam

1334 2092 1349 2107 »
1377 2080 1600 2120 Theologicam
1618 2079 1786 2111 Alexandri
1803 2081 1961 2120 Halensis,
1977 2083 2019 2112 ob
2042 2082 2180 2113 auctoris
2195 2089 2332 2114 mortem
2345 2082 2405 2114 im-

1334 2137 1349 2152 »
1372 2124 1554 2164 perfectam,
1579 2124 1728 2163 absolvit,
1753 2125 1796 2155 ita
1819 2125 1964 2157 hortante
1994 2126 2174 2157 Alexandro
2199 2125 2271 2170 (IV)
2294 2125 2404 2158 Ponti-

1334 2183 1349 2197 »
1372 2168 1430 2199 fice
1454 2176 1485 2200 et
1507 2168 1660 2199 scribente
1684 2179 1769 2199 anno
1794 2169 1806 2199 I
1831 2170 1879 2200 sui
1903 2170 2109 2202 Pontificatus
2133 2169 2265 2214 (Christi
2296 2168 2404 2213 1255),

1335 2227 1349 2242 »
1372 2214 1412 2243 ad
1435 2213 1583 2244 Franciae
1608 2213 1805 2252 Ministrum,
1836 2220 1872 2245 ut
1895 2214 1945 2245 hic
1969 2215 2155 2246 doctissimo
2187 2215 2256 2247 viro
2284 2214 2406 2248 adiudi-

1334 2271 1349 2287 »
1373 2265 1456 2289 caret
1479 2258 1569 2296 alios,
1593 2258 1649 2298 qui
1673 2258 1705 2288 in
1729 2265 1817 2289 tanto
1842 2269 1938 2299 opere
1963 2259 1990 2289 ei
2014 2260 2242 2291 adlaborarent.
2261 2274 2276 2289 a·

1399 2302 1551 2343 Diploma
1574 2302 1798 2342 pontificium,
1823 2304 1912 2344 quod
1936 2304 2116 2345 Wadingus
2140 2315 2206 2336 non
2230 2305 2350 2346 profert
2372 2306 2406 2338 in

1332 2347 1448 2385 lucem,
1473 2347 1638 2378 inventum
1658 2357 1676 2377 a
1700 2357 1732 2378 se
1757 2349 1788 2378 in
1814 2348 1959 2379 Sorbona
1982 2349 2027 2379 ad
2049 2354 2146 2390 caput
2168 2350 2334 2381 cuiusdam
2354 2360 2405 2382 co·

1332 2392 1413 2423 dicis
1435 2392 1588 2422 Summae
1602 2392 1740 2430 Alensis,
1759 2392 1822 2423 luci
1837 2393 1982 2432 publicae
1998 2393 2125 2424 tradidit
2138 2393 2272 2425 Iacobus
2288 2394 2403 2427 Echar-

1333 2436 1393 2467 dus
1412 2436 1444 2467 in
1461 2436 1730 2467 Adnotationibus
1754 2436 1793 2467 ad
1809 2437 1951 2477 elogium
1966 2437 2064 2469 sancti
2079 2438 2236 2470 Thomae.
2252 2438 2407 2482 Excerpta

1334 2481 1490 2512 nonnulla
1513 2480 1574 2511 hoc
1598 2481 1671 2511 loco
1697 2481 1850 2512 describo.
1874 2482 2064 2513 Alexander
2085 2483 2263 2524 Episcopus
2285 2483 2406 2515 Servus

1333 2535 1500 2556 servorum
1524 2525 1597 2562 Dei,
1623 2525 1737 2556 dilecto
1749 2525 1827 2567 filio
1843 2527 1996 2557 Ministro
2009 2526 2164 2568 fratrum
2192 2527 2325 2559 Ordinis
2341 2529 2406 2559 Asi-

1334 2580 1449 2601 norum
1475 2571 1507 2600 in
1531 2570 1674 2600 Francia
1704 2571 1839 2601 salutem
1865 2576 1895 2601 et
1915 2571 2130 2611 Apostolicam
2146 2571 2405 2604 benedictionem.

1334 2614 1604 2655 Quadripartitam
1627 2614 1795 2644 Summam
1818 2615 1964 2646 Halensis
1984 2616 2155 2656 praeconio
2175 2623 2304 2648 exornat
2321 2616 2406 2648 Pon-

1333 2658 1424 2689 tifex:
1453 2671 1467 2686 «
1486 2658 1651 2689 Laboriosi
1675 2659 1779 2699 operis
1803 2666 1948 2690 sanctum
1972 2660 2182 2699 aggrediendo
2202 2660 2406 2701 propositum

1337 2715 1352 2730 »
1375 2713 1471 2743 super
1493 2702 1733 2743 quaestionibus
1756 2702 1962 2742 theologicis,
1988 2703 2149 2734 utiliorem
2168 2704 2290 2745 utique,
2306 2714 2406 2746 quam

1339 2759 1353 2774 »
1376 2746 1532 2787 prolixam
1555 2746 1686 2777 molitus
1710 2753 1757 2777 est
1779 2746 1956 2785 Summam,
1982 2747 2175 2788 profectibus
2199 2748 2231 2778 in
2254 2748 2324 2788 lege
2339 2748 2406 2780 Do-

1338 2803 1353 2818 »
1376 2790 1454 2821 mini
1471 2790 1595 2821 studere
1610 2790 1788 2821 volentium
1805 2791 2065 2831 compendiosius
2082 2791 2293 2832 profuturam.
2309 2805 2324 2821 ι
2342 2792 2406 2824 Sed

1335 2835 1422 2865 illam
1447 2835 1550 2876 inquit
1574 2834 1791 2875 imperfectam
1811 2835 1850 2865 ab
1867 2842 1995 2866 auctore
2010 2835 2160 2874 relictam,
2175 2842 2288 2877 utpote
2302 2843 2405 2868 morte

1335 2885 1521 2920 praevento:
1549 2892 1564 2907 «x
1583 2879 1652 2909 Deo
1677 2878 1819 2909 eiusdem
1843 2878 1943 2910 fratris
1967 2878 2149 2922 (Alexandri
2173 2880 2211 2911 de
2235 2879 2346 2924 Hales)
2360 2881 2405 2912 la-

1337 2936 1352 2951 »
1375 2923 1505 2954 boribus
1528 2922 1641 2961 finem,
1666 2930 1837 2964 antequam
1867 2925 2002 2965 suscepti
2032 2925 2136 2966 operis
2165 2925 2282 2956 dietam
2309 2925 2403 2966 perfi-

1337 2980 1352 2996 »
1375 2975 1475 3006 ceret‚
1508 2967 1774 3008 imponente....
1798 2967 1953 3008 perfectae
1985 2969 2109 3010 pietatis
2132 2969 2335 3010 imperfectus
2358 2976 2405 3002 est

1337 3025 1351 3040 »
1373 3012 1472 3043 labor.
1491 3024 1506 3039 ιι
1524 3012 1608 3043 Hinc
1631 3012 1759 3043 laudato
1783 3012 1928 3044 Ministro
1951 3013 2089 3054 iniungit
2118 3020 2154 3044 ut
2179 3027 2193 3042 α
2216 3014 2255 3044 de
2271 3013 2405 3047 consilio

1337 3070 1352 3085 a>
1374 3056 1582 3087 discretorum
1606 3055 1738 3087 fratrum
1762 3057 1977 3095 studentium,
2002 3058 2042 3088 ad
2071 3058 2299 3099 perfectionem
2322 3060 2405 3090 eius-

1336 3114 1351 3130 »
1373 3101 1444 3132 dem
1468 3100 1621 3132 Summae
1647 3100 1837 3132 necessarios
1868 3111 1926 3142 pro
1964 3112 2099 3133 numero
2130 3109 2160 3133 et
2183 3103 2317 3134 idoneos
2346 3112 2405 3144 pro

1337 3158 1351 3174 ιι
1375 3145 1488 3176 merito
1513 3151 1667 3176 convocet
1690 3145 1871 3176 Parisius....
1897 3146 2020 3177 fratres:
2045 3147 2162 3188 quibus
2186 3157 2223 3178 ex
2246 3153 2334 3188 parte
2347 3156 2406 3178 no·

1337 3203 1352 3219 »
1375 3196 1437 3221 stra
1466 3187 1540 3232 (ait)
1573 3189 1605 3219 in
1638 3189 1858 3220 remissionem
1890 3190 2035 3231 iniungas
2068 3190 2290 3232 peccaminum
2313 3197 2344 3223 et
2363 3187 2407 3222 'ad

1338 3247 1353 3263 »
1376 3244 1511 3265 suorum
1534 3233 1702 3265 cumulum
1718 3234 1916 3273 meritorum,
1934 3242 1970 3266 ut
1985 3235 2100 3266 dilecto
2116 3235 2182 3266 filio
2207 3234 2292 3269 fratri
2316 3233 2406 3267 Guil-

1338 3292 1353 3307 ι»
1376 3279 1471 3310 lelmo
1494 3278 1534 3309 de
1560 3278 1748 3316 Milletona‚
1773 3278 1847 3309 huic
1871 3279 2074 3311 sollicitudini
2099 3280 2270 3321 deputato,
2293 3278 2405 3311 sedulo

1338 3335 1352 3351 »
1375 3323 1563 3362 assistentes,
1587 3323 1758 3364 ipsumque
1782 3333 1817 3353 ac
1840 3333 1873 3353 se
1897 3330 2013 3355 mutuo
2036 3323 2231 3362 adiuvantes,
2247 3322 2314 3354 sine
2329 3321 2406 3353 dila-

1338 3379 1353 3396 »
1375 3367 1470 3399 tionis
1494 3367 1660 3408 dispendio
1684 3366 1859 3408 praedictae
1887 3368 2039 3399 Summae
2069 3378 2152 3409 opus
2181 3366 2314 3399 finaliter
2337 3367 2405 3412 exe-

1338 3425 1353 3440 »
1375 3418 1546 3454 quantur...
1567 3412 1686 3442 Datum
1715 3411 1877 3452 Anagniae
1901 3422 1921 3442 v
1950 3412 2011 3444 kal.
2035 3411 2178 3453 augusti,
2201 3409 2405 3443 Pontificatus

1339 3469 1354 3485 »
1377 3456 1476 3487 nostri
1504 3466 1589 3487 anno
1614 3456 1651 3494 11,
1671 3468 1685 3484 »
1712 3455 1793 3487 idest
1815 3455 1866 3487 die
1891 3456 1932 3487 28
1962 3456 2046 3495 iulii,
2071 3466 2155 3487 anno
2185 3464 2273 3486 aerae
2295 3453 2403 3494 vulga-

1336 3501 1378 3532 ris
1406 3501 1500 3539 1256,
1525 3510 1599 3532 cum
1628 3500 1805 3531 Alexander
1829 3500 1872 3531 lV
1895 3500 2011 3532 electus
2034 3500 2066 3531 in
2097 3498 2284 3532 Pontificem
2313 3497 2407 3529 fuerit

1338 3545 1388 3576 die
1414 3554 1448 3576 21
1479 3544 1652 3576 decembris
1681 3546 1773 3585 1254.
1798 3546 1864 3576 Aut
1887 3545 2047 3576 diversum
2070 3550 2117 3575 est
2139 3542 2281 3584 diploma
2298 3541 2406 3573 Ponti-

1337 3589 1458 3627 ficium,
1482 3589 1571 3630 quod
1594 3598 1679 3619 anno
1704 3589 1716 3619 Ι
1739 3588 1944 3620 Pontificatus
1967 3588 2078 3619 datum
2102 3593 2259 3618 memorat
2273 3586 2407 3618 Wadin·

1339 3643 1398 3676 gus
1421 3640 1476 3664 aut
1498 3640 1579 3664 errat
1601 3640 1682 3664 certe
1705 3633 1738 3663 in
1762 3632 1944 3673 diplomatis
1967 3642 2052 3662 anno
2076 3630 2242 3662 efferendo.
2398 3632 2403 3635 ”
