2788 4204
0 2702 2 2704 ,
41 2680 52 2689 '
64 2679 109 2702 Ed.
119 2685 148 2702 c.-
166 2679 258 2701 scilicet

39 2711 111 2728 me
119 2706 206 2728 diem
216 2712 255 2728 eu—

39 2732 124 2760 mque
151 2732 255 2754 nodatis

165 2785 171 2790 ,
185 2774 194 2785 ,

0 2824 2 2827 v
38 2791 255 2859 &atzam-1

0 3692 1 3697 Α
0 3679 4 3686 1
0 3515 15 3674 <av-:zwr-w-s
0 3157 13 3509 rw-rv-r-rrae-„s-an-n'vssc-
0 3131 4 3141 ’
0 3111 6 3124 -·
0 3085 5 3100 -„

1122 275 1233 312 CAP.
1264 277 1369 322 XIII,
1400 276 1550 313 LECT.
1581 278 1650 313 XII

296 359 346 381 ne.
372 347 548 394 Posuimus
573 347 735 392 siquidem
758 349 866 392 primo
890 351 1127 391 necessarium,
1152 351 1242 395 quod
1265 361 1360 385 sonat

296 405 369 429 actu
386 408 456 429 esse
473 397 542 428 sine
555 405 716 439 potestate
733 408 790 429 seu
807 398 1032 439 mutabilitate,
1044 399 1201 432 imitando
1215 401 1358 443 primum

295 443 433 488 gradum
453 445 607 477 universi.
621 464 639 469 -
653 445 850 478 Locavimus
879 447 1025 480 secundo
1048 447 1123 480 loco
1147 448 1303 491 possibile
1327 458 1359 482 et

296 493 500 535 contingens,
524 503 667 536 quorum
686 501 850 537 utrunque
874 503 970 527 sonat
993 503 1102 527 actum
1126 507 1201 528 curn
1220 496 1358 540 possibi-

294 539 398 581 litate,
421 550 455 574 et
477 541 523 573 sic
547 550 692 574 servatur
716 541 926 575 conformitas
950 543 991 576 ad
1014 544 1196 577 secundum
1219 544 1357 588 gradum

294 590 448 622 universi.
462 609 480 614 -
494 590 750 633 Praeposuimus
774 599 883 623 autern
907 591 1062 634 possibile
1087 601 1118 624 et
1141 603 1209 625 non
1234 594 1358 626 contin-

294 648 392 681 gens,
415 638 491 681 quia
522 637 677 681 possibile
707 639 838 682 respicit
866 647 996 679 actum,
1019 640 1213 683 contingens
1246 650 1356 674 autem

294 685 476 719 secundum
498 686 567 718 vim
590 687 734 719 nominis
751 688 883 731 respicit
907 687 1069 721 defectum
1086 700 1211 729 causae,
1235 690 1292 733 qui
1316 690 1355 723 ad

294 735 475 778 potentiam
495 735 653 778 pertinet:
674 734 818 768 defectus
840 737 928 768 enim
945 738 1125 780 potentiam
1146 738 1307 782 sequitur;
1324 747 1356 771 et

293 795 333 817 ex
348 782 412 816 hoc
429 782 598 816 conforme
616 792 664 816 est
683 784 845 818 secundae
863 785 946 828 parti
961 786 1117 826 universi,
1134 787 1167 819 in
1184 797 1247 830 qua
1264 795 1354 819 actus

293 841 342 865 est
358 833 447 877 prior
463 832 609 875 potentia
625 831 808 865 secundum
825 842 985 873 naturam,
998 833 1073 866 licet
1089 846 1157 867 non
1173 834 1354 867 secundum

292 889 456 924 tempus.-
470 879 634 913 Ultimum
649 889 759 913 autem
772 880 884 914 locum
900 881 1094 924 impossibili
1107 884 1354 922 reservavimus,

292 941 333 962 eo
357 928 447 974 quod
471 937 567 961 sonat
590 939 761 972 nunquam
788 928 876 970 fore,
905 930 989 962 sicut
1013 939 1045 963 et
1068 930 1183 964 ultima
1211 932 1353 964 universi

292 989 366 1021 pars
386 977 470 1011 dicta
488 985 536 1010 est
559 975 624 1016 illa,
644 988 727 1021 quae
747 989 918 1022 nunquam
941 986 1014 1010 actu
1032 987 1090 1011 est.
1110 978 1353 1012 Pulcherrimus

292 1027 391 1070 igitur
414 1025 496 1059 ordo
520 1033 660 1058 statutus
685 1034 748 1066 est,
773 1026 905 1070 quando
929 1026 1059 1059 divinus
1083 1036 1131 1060 est
1152 1027 1352 1060 observatus.

362 1085 410 1107 10.
428 1075 519 1115 Quia
546 1083 655 1107 autem
678 1075 867 1118 suppositae
891 1074 1073 1108 modalium
1101 1077 1353 1119 consequentiae

291 1122 338 1156 nil
361 1122 450 1156 aliud
473 1131 550 1155 sunt
568 1134 667 1166 quam
691 1122 965 1166 aequipollentiae
989 1135 1112 1164 earum,
1130 1135 1212 1167 quae
1236 1123 1278 1156 ob
1302 1135 1355 1156 va-

290 1171 376 1203 rium
399 1171 583 1213 negationis
607 1171 718 1210 situm,
742 1170 941 1214 qualitatem,
969 1171 1021 1204 vel
1045 1172 1277 1215 quantitatem,
1301 1171 1353 1204 vel

290 1227 451 1263 utranque
481 1219 652 1258 mutantis,
680 1218 781 1258 fiunt;
805 1218 879 1252 ideo
913 1218 954 1252 ad
977 1218 1175 1263 completam
1202 1220 1353 1252 notitiam

290 1268 564 1312 consequentium
580 1278 614 1300 se
631 1267 823 1307 modalium,
841 1267 880 1301 de
897 1279 1010 1300 earum
1026 1267 1179 1311 qualitate
1197 1276 1229 1300 et
1252 1279 1353 1312 quan-

289 1317 378 1350 titate
394 1327 498 1360 pauca
514 1316 694 1350 admodum
709 1316 889 1349 necessaria
914 1315 1050 1349 dicenda
1074 1326 1159 1349 sunt.
1182 1317 1353 1357 Quoniam

289 1365 393 1412 igitur
409 1373 526 1398 natura
550 1366 651 1398 totius
675 1377 714 1398 ex
737 1365 878 1408 partium
895 1366 1018 1398 naturis
1045 1367 1226 1409 consurgit,
1246 1367 1352 1400 scien-

247 1412 257 1414 *
289 1412 370 1446 dum
393 1421 442 1446 est
465 1412 555 1457 quod
579 1413 763 1446 subiectum
792 1413 1031 1446 enunciationis
1060 1413 1199 1447 modalis
1221 1424 1252 1447 et
1276 1415 1353 1448 dicit

289 1472 359 1495 esse
375 1461 428 1494 vel
451 1473 519 1494 non
543 1473 625 1502 esse,
649 1470 681 1494 et
704 1470 752 1494 est
776 1461 900 1494 dictum
924 1463 1070 1502 unicum,
1094 1472 1126 1495 et
1150 1464 1295 1496 continet
1318 1465 1352 1497 in

283 1522 323 1544 se
339 1510 524 1554 subiectum
547 1509 641 1551 dicti;
664 1509 887 1555 praedicatum
911 1519 1021 1543 autem
1037 1511 1175 1544 modalis
1197 1513 1351 1546 enuncia-

288 1560 404 1600 tionis,
427 1558 547 1592 modus
572 1558 716 1600 scilicet,
740 1568 772 1592 et
794 1559 894 1592 totale
925 1559 1147 1603 praedicatum
1172 1569 1220 1593 est
1247 1561 1352 1606 (quia

287 1607 438 1652 explicite
461 1607 514 1641 vel
530 1606 686 1651 implicite
709 1606 847 1640 verbum
871 1609 1030 1648 continet,
1048 1608 1138 1652 quod
1157 1618 1206 1642 est
1222 1621 1351 1654 semper

287 1665 366 1690 nota
389 1667 505 1689 eorum
529 1668 612 1701 quae
643 1656 682 1689 de
706 1656 807 1689 altero
831 1656 1072 1701 praedicantur:
1104 1667 1238 1702 propter
1261 1659 1351 1703 quod

287 1705 479 1739 Aristoteles
497 1704 575 1738 dixit
592 1704 682 1749 quod
698 1705 817 1739 modus
835 1714 884 1739 est
903 1707 974 1750 ipsa
993 1707 1184 1751 appositio),
1201 1715 1233 1740 et
1251 1708 1353 1740 conti-

287 1762 344 1787 net
366 1754 400 1786 in
424 1764 458 1786 se
482 1753 551 1786 vim
574 1753 813 1787 distributivam
836 1754 1018 1787 secundum
1046 1764 1154 1798 partes
1182 1757 1349 1799 temporis.

285 1801 518 1835 Necessarium
534 1802 623 1834 enim
635 1810 667 1834 et
679 1802 882 1845 impossibile
898 1802 1095 1835 distribuunt
1110 1804 1144 1835 in
1157 1814 1256 1836 omne
1273 1812 1351 1836 tem-

287 1861 350 1894 pus
365 1850 419 1883 vel
434 1849 625 1894 simpliciter
639 1849 691 1883 vel
707 1850 786 1891 tale;
810 1850 965 1894 possibile
982 1859 1091 1884 autem
1108 1860 1140 1884 et
1156 1853 1350 1896 contingens

286 1909 348 1943 pro
371 1898 482 1943 aliquo
505 1907 655 1942 tempore
678 1899 712 1931 in
734 1900 913 1932 communi.

357 1957 405 1980 11.
421 1947 576 1981 Nascitur
594 1955 704 1980 autem
729 1959 768 1980 ex
791 1947 841 1980 his
866 1948 1011 1992 quinque
1028 1948 1271 1982 conditionibus
1289 1949 1349 1982 du-

286 1995 362 2040 plex
377 1996 411 2028 in
427 1994 570 2040 qualibet
592 1994 715 2028 modali
739 1995 887 2040 qualitas,
904 2005 936 2029 et
956 1996 1072 2040 triplex
1095 1998 1267 2042 quantitas.
1279 2018 1291 2023 -
1303 1999 1350 2031 Ex

286 2055 328 2077 eo
351 2045 440 2077 enim
464 2044 554 2089 quod
577 2053 645 2077 tam
669 2043 852 2077 subiectum
870 2057 969 2090 quam
993 2045 1214 2089 praedicatum
1238 2046 1349 2080 moda-

285 2092 325 2126 lis
345 2092 481 2126 verbum
505 2094 540 2126 in
560 2105 595 2126 se
611 2092 718 2134 habet,
736 2092 856 2137 duplex
872 2093 1009 2138 qualitas
1028 2093 1074 2135 fit,
1092 2106 1230 2138 quarum
1251 2094 1348 2128 altera

285 2149 423 2174 vocatur
439 2140 576 2185 qualitas
591 2140 678 2182 dicti,
691 2141 790 2175 altera
811 2141 948 2186 qualitas
965 2141 1066 2175 modi.
1084 2142 1181 2176 Unde
1205 2151 1237 2175 et
1250 2155 1348 2187 supra

286 2188 411 2222 dictum
435 2189 511 2222 est*
538 2189 681 2234 aliquam
708 2201 778 2223 esse
807 2190 1032 2223 affirmativam
1049 2190 1087 2223 de
1112 2191 1214 2224 modo
1231 2200 1263 2224 et
1279 2203 1347 2224 non

286 2237 327 2271 de
355 2237 459 2278 dicto,
482 2246 514 2270 et
537 2249 554 2271 e
579 2249 748 2271 converso.
763 2238 843 2271 -Ex
866 2250 906 2272 eo
932 2250 1011 2272 vero
1042 2238 1132 2283 quod
1163 2239 1347 2272 subiectum

285 2286 425 2320 modalis
453 2287 600 2320 continet
627 2286 661 2319 in
689 2298 724 2319 se
753 2286 936 2320 subiectum
965 2287 1059 2327 dicti,
1083 2299 1148 2321 una
1184 2289 1346 2333 quantitas

286 2335 467 2378 consurgit,
491 2346 573 2379 quae
592 2343 729 2368 vocatur
753 2337 916 2379 quantitas
936 2337 1073 2371 subiecti
1099 2337 1194 2370 dicti:
1212 2346 1244 2370 et
1267 2337 1346 2370 haec

286 2382 497 2426 distinguitur
519 2383 553 2416 in
577 2383 805 2424 universalem,
825 2386 1053 2428 particularem
1074 2396 1106 2419 et
1130 2386 1346 2430 singularem,

285 2430 370 2463 sicut
393 2439 425 2464 et
449 2433 611 2476 quantitas
635 2431 764 2465 illarum
788 2432 828 2465 de
845 2433 961 2467 inesse.
979 2435 1162 2468 Possumus
1186 2436 1274 2468 enim
1299 2435 1346 2468 di-

285 2490 368 2519 cere,
394 2479 584 2521 Socratem,
616 2481 793 2525 quemdam
816 2482 1007 2523 hominem,
1038 2483 1090 2516 vel
1124 2495 1258 2517 ornnem
1286 2483 1345 2517 ho-

284 2529 428 2568 minem,
458 2528 511 2561 vel
539 2528 667 2562 nullum
695 2529 883 2570 hominem,
911 2530 1066 2574 possibile
1098 2541 1147 2564 est
1175 2543 1344 2565 currere.-

285 2578 334 2610 Ex
349 2588 389 2610 eo
406 2586 516 2610 autem
533 2577 622 2622 quod
635 2578 819 2611 subiectum
831 2580 929 2612 unius
947 2580 1086 2613 modalis
1103 2580 1228 2614 dictum
1241 2593 1345 2614 unum

284 2633 350 2665 est,
374 2626 542 2669 consurgit
565 2625 626 2658 alia
657 2627 837 2670 quantitas,
861 2636 977 2661 vocata
1005 2629 1168 2672 quantitas
1193 2628 1289 2670 dicti;
1313 2638 1345 2662 et

283 2673 363 2706 haec
394 2674 490 2706 unica
513 2682 562 2707 est
585 2674 808 2718 singularitas:
833 2676 1015 2709 secundum
1031 2675 1046 2693 *
1063 2688 1162 2710 omne
1185 2679 1273 2710 enim
1298 2677 1344 2711 di-

283 2730 373 2755 ctum
398 2723 557 2767 cuiusque
580 2723 720 2756 modalis
749 2724 912 2767 singulare
941 2734 990 2757 est
1018 2725 1111 2757 istius
1135 2726 1344 2767 universalis,

282 2769 405 2803 scilicet
436 2770 569 2804 dictum.
596 2771 700 2812 Quod
724 2783 763 2805 ex
787 2784 827 2805 eo
851 2772 955 2817 liquet
978 2773 1068 2817 quod
1093 2785 1169 2806 cum
1194 2774 1343 2815 dicimus,

281 2817 452 2851 hominem
475 2830 546 2852 esse
575 2819 685 2852 album
716 2829 766 2853 est
794 2821 968 2864 possibile,
992 2823 1166 2865 exponitur
1194 2823 1255 2863 sic,
1279 2823 1343 2856 hoc

281 2865 417 2906 dictum,
434 2866 604 2900 hominem
628 2878 698 2900 esse
722 2867 843 2908 album,
868 2879 916 2902 est
936 2871 1101 2913 possibile.
1127 2872 1201 2904 Hoc
1218 2871 1342 2904 dictum

281 2911 391 2946 autem
407 2914 570 2958 singulare
589 2925 653 2956 est,
673 2917 758 2949 sicut
773 2926 815 2957 et,
832 2917 885 2950 hic
901 2918 1014 2953 homo.
1032 2921 1208 2963 Propterea
1221 2929 1253 2952 et
1265 2919 1342 2953 dici-

281 2970 334 2994 tur
347 2961 437 3005 quod
454 2964 562 2996 omnis
578 2963 717 2997 modalis
734 2973 783 2997 est
798 2966 970 3009 singularis
989 2968 1098 3012 quoad
1116 2968 1250 3009 dictum,
1267 2968 1343 3002 licet

281 3010 390 3054 quoad
407 3010 590 3044 subiectum
610 3012 687 3045 dicti
704 3013 746 3045 sit
762 3014 952 3048 universalis
969 3016 1021 3049 vel
1036 3017 1247 3060 particularis.
1262 3038 1280 3042 -
1294 3018 1342 3050 Ex

281 3069 322 3091 eo
341 3067 451 3091 autem
471 3059 561 3103 quod
580 3061 803 3103 praedicatum
822 3063 972 3104 modalis,
988 3065 1108 3098 modus
1125 3066 1257 3106 scilicet,
1273 3067 1341 3099 vim

281 3105 520 3139 distributivam
537 3107 643 3148 habet,
668 3109 728 3143 alia
745 3111 907 3155 quantitas
928 3113 1096 3156 consurgit
1111 3122 1227 3146 vocata
1243 3126 1342 3158 quan-

281 3155 354 3187 titas
378 3154 470 3188 modi
494 3167 551 3188 seu
575 3156 731 3199 modalis;
748 3167 781 3191 et
799 3158 879 3192 haec
897 3159 1108 3204 distinguitur
1126 3162 1160 3194 in
1177 3163 1340 3195 universa-

280 3203 345 3236 lem
361 3212 393 3236 et
409 3203 646 3246 particularem.

351 3261 400 3284 12.
422 3251 487 3285 Ubi
504 3252 686 3296 diligenter*
699 3254 766 3287 duo
790 3256 986 3290 attendenda
1010 3267 1095 3291 sunt.
1120 3259 1268 3291 Primum
1292 3266 1341 3292 est

281 3299 371 3344 quod
391 3300 455 3333 hoc
478 3310 527 3334 est
550 3302 712 3345 singulare
729 3303 763 3336 in
778 3304 980 3345 modalibus,
1005 3306 1095 3349 quod
1118 3307 1340 3349 praedicatum

249 3364 253 3368 —
281 3348 472 3392 simpliciter
495 3350 684 3394 quantificat
707 3353 970 3395 propositionem
993 3354 1176 3394 modalem,
1201 3356 1285 3387 sicut
1308 3364 1340 3388 et

281 3396 471 3440 simpliciter
496 3398 668 3441 qualificat.
687 3399 780 3432 Sicut
795 3400 884 3433 enim
906 3400 961 3433 illa
980 3410 1028 3433 est
1051 3402 1241 3445 simpliciter
1257 3401 1339 3434 affir-

281 3446 412 3485 mativa,
436 3446 470 3478 in
486 3457 550 3489 qua
566 3446 685 3480 modus
702 3447 889 3488 affirmatur,
910 3457 942 3481 et
962 3449 1015 3482 illa
1038 3450 1198 3493 negativa,
1218 3450 1252 3483 in
1276 3462 1339 3494 qua

280 3493 401 3527 modus
424 3503 578 3538 negatur;
601 3495 645 3527 ita
669 3494 722 3528 illa
741 3505 790 3529 est
813 3495 1002 3539 simpliciter
1032 3497 1222 3530 universalis
1247 3499 1341 3531 cuius

281 3541 402 3575 modus
418 3551 466 3575 est
485 3542 687 3584 universalis,
704 3552 736 3576 et
751 3544 805 3577 illa
824 3544 1025 3588 particularis
1045 3546 1137 3578 cuius
1156 3545 1276 3579 modus
1290 3556 1339 3580 est

282 3590 494 3634 particularis,
512 3591 553 3624 Et
575 3591 639 3625 hoc
656 3593 731 3636 quia
747 3592 887 3626 modalis
911 3593 1002 3626 modi
1018 3603 1167 3627 naturam
1183 3595 1338 3638 sequitur.

2409 290 2479 326 119

1417 353 1606 386 Secundum
1637 353 1872 387 attendendum
1895 353 2010 398 (quod
2035 363 2083 386 est
2111 366 2207 387 causa
2230 356 2323 388 istius
2351 356 2477 400 primi)

1416 409 1474 440 est,
1491 401 1580 444 quod
1598 401 1820 445 praedicatum
1836 402 1991 442 modalis,
2008 402 2131 435 scilicet
2147 403 2277 443 modus,
2295 415 2361 436 non
2381 403 2479 437 habet

1415 448 1519 481 solam
1543 449 1768 483 habitudinem
1792 450 1967 493 praedicati
1985 459 2139 494 respectu
2164 452 2214 483 sui
2238 450 2392 491 subiecti,
2417 452 2477 484 sci-

1415 495 1490 529 licet
1513 509 1583 530 esse
1607 506 1639 530 et
1662 509 1728 530 non
1754 509 1839 538 esse,
1863 498 1919 531 sed
1944 498 2169 531 habitudinem
2193 508 2478 543 syncategorema-

1414 545 1454 577 tis
1479 544 1690 586 distributivi,
1716 545 1774 579 sed
1798 558 1864 579 non
1889 546 2072 580 secundum
2096 548 2310 591 quantitatem
2334 547 2476 591 partium

1413 593 1666 627 subiectivarum
1685 595 1788 638 ipsius
1805 595 1953 635 subiecti,
1977 595 2034 629 sed
2058 596 2240 629 secundum
2260 596 2476 640 quantitatem

1413 642 1554 684 partium
1586 643 1742 686 temporis
1766 643 1924 677 eiusdem.
1943 645 1984 677 Et
2006 644 2134 677 merito.
2160 644 2253 677 Sicut
2283 645 2371 677 enim
2399 644 2476 688 quia

1412 689 1548 723 subiecti
1573 691 1812 724 enunciationis
1829 692 1869 725 de
1886 693 1990 725 inesse
2015 694 2146 737 propria
2173 693 2335 737 quantitas
2357 701 2406 725 est
2423 704 2476 736 pe-

1412 750 1470 771 nes
1501 738 1697 772 divisionem
1729 740 1780 772 vel
1811 740 2042 774 indivisionem
2073 743 2175 786 ipsius
2209 741 2346 774 subiecti
2374 741 2475 786 (quia

1412 795 1461 819 est
1477 798 1598 820 nomen
1619 787 1709 831 quod
1726 788 1886 831 significat
1909 801 1967 832 per
1990 790 2128 823 modum
2153 790 2362 829 substantiae,
2380 790 2473 822 cuius

1412 837 1574 878 quantitas
1592 845 1641 868 est
1656 847 1714 879 per
1732 836 1927 869 divisionem
1944 839 2109 871 continui:
2128 839 2203 872 ideo
2221 839 2352 881 signum
2369 849 2472 882 quan-

1411 883 1535 916 tificans
1553 885 1587 916 in
1603 883 1666 916 illis
1683 884 1846 917 distribuit
1870 886 2051 919 secundum
2068 896 2174 930 partes
2191 886 2412 931 subiectivas)‚
2429 887 2473 919 ita

1411 932 1487 975 quia
1503 931 1640 965 subiecti
1660 934 1898 966 enunciationis
1923 934 2061 967 modalis
2086 937 2217 979 propria
2237 935 2399 979 quantitas
2424 943 2474 968 est

1411 989 1541 1023 tempus
1565 979 1666 1024 (quia
1697 990 1746 1013 est
1770 980 1908 1014 verbum
1939 982 2029 1025 quod
2060 983 2220 1026 significat
2249 995 2306 1028 per
2333 982 2472 1016 modum

1410 1037 1532 1068 motus,
1557 1029 1649 1060 cuius
1674 1029 1805 1072 propria
1826 1031 1988 1073 quantitas
2009 1040 2058 1063 est
2081 1032 2239 1077 tempus),
2255 1032 2330 1066 ideo
2351 1031 2471 1064 modus

1411 1075 1625 1120 quantificans
1639 1075 1801 1110 distribuit
1818 1078 1926 1120 ipsum
1940 1090 2038 1111 suum
2052 1079 2246 1119 subiectum,
2258 1079 2390 1118 scilicet,
2400 1091 2471 1112 esse

1410 1123 1462 1156 vel
1479 1135 1545 1156 non
1571 1135 1652 1163 esse,
1672 1124 1854 1157 secundum
1878 1135 1984 1168 partes
2008 1128 2174 1170 temporis.
2193 1128 2289 1161 Unde
2311 1127 2472 1160 subtiliter

1410 1172 1595 1214 inspicienti
1619 1172 1786 1215 apparebit
1806 1174 1896 1217 quod
1921 1175 2084 1217 quantitas
2105 1176 2164 1208 ista
2185 1176 2324 1209 modalis
2347 1177 2471 1219 proprii

1408 1219 1545 1252 subiecti
1561 1219 1700 1253 modalis
1714 1221 1954 1254 enunciationis
1971 1223 2134 1265 quantitas
2151 1232 2209 1263 est,
2223 1223 2354 1266 scilicet,
2368 1225 2470 1268 ipsius

1408 1279 1479 1301 esse
1502 1268 1555 1301 vel
1579 1279 1647 1301 non
1671 1280 1752 1302 esse.
1780 1270 1829 1303 Ita
1854 1270 1943 1313 quod
1967 1271 2020 1304 illa
2045 1271 2185 1304 modalis
2210 1281 2258 1305 est
2281 1274 2471 1317 simpliciter

1408 1315 1617 1356 universalis,
1649 1317 1742 1349 cuius
1771 1318 1943 1361 proprium
1971 1318 2155 1352 subiectum
2184 1320 2386 1354 distribuitur
2409 1333 2469 1365 pro

1408 1365 1499 1397 omni
1523 1373 1690 1408 tempore:
1715 1365 1767 1398 vel
1784 1366 1991 1410 simpliciter,
2008 1376 2054 1407 ut,
2074 1367 2244 1401 hominem
2261 1381 2331 1402 esse
2348 1370 2468 1403 animal

1407 1422 1456 1446 est
1472 1414 1691 1446 necessarium
1707 1413 1759 1446 vel
1776 1415 1994 1458 impossibile;
2007 1415 2059 1448 vel
2075 1425 2220 1460 accepto,
2237 1426 2283 1457 ut,
2300 1417 2469 1451 hominem

1398 1473 1535 1494 -currere
1559 1461 1668 1501 hodie,
1692 1462 1762 1503 vel,
1772 1463 1851 1496 dum
1876 1465 1992 1504 currit,
2017 1474 2066 1497 est
2090 1463 2308 1498 necessarium
2332 1465 2384 1498 vel
2408 1466 2468 1498 im-

1406 1509 1571 1553 possibile.
1589 1509 1648 1542 Illa
1666 1522 1746 1543 vero
1763 1520 1811 1544 est
1828 1512 2040 1555 particularis,
2064 1513 2096 1545 in
2113 1524 2177 1557 qua
2197 1525 2265 1546 non
2281 1525 2341 1557 pro
2358 1514 2468 1554 omni,

1406 1557 1463 1590 sed
1487 1557 1598 1602 aliquo
1622 1567 1770 1602 tempore
1795 1559 1981 1594 distributio
2006 1561 2042 1594 fit
2070 1562 2103 1594 in
2129 1563 2298 1595 communi
2322 1571 2468 1602 tantum;

1406 1613 1452 1645 ut,
1469 1605 1639 1638 hominem
1655 1618 1725 1639 esse
1742 1608 1872 1648 animal,
1886 1617 1935 1641 est
1951 1609 2107 1653 possibile
2123 1609 2175 1643 vel
2193 1609 2396 1653 contingens.
2411 1610 2469 1642 Est

1406 1665 1484 1697 ergo
1508 1663 1541 1687 et
1564 1655 1624 1687 ista
1648 1655 1787 1688 modalis
1812 1658 1974 1701 quantitas
1996 1658 2133 1691 subiecti
2158 1659 2208 1691 sui
2232 1659 2342 1702 passio
2361 1658 2468 1703 (sicut

1405 1711 1437 1735 et
1448 1703 1671 1736 universaliter
1683 1705 1845 1748 quantitas
1859 1717 1893 1738 se
1905 1715 1993 1739 tenet
2003 1719 2042 1739 ex
2052 1716 2142 1750 parte
2153 1707 2334 1752 materiae),
2347 1706 2403 1739 sed
2416 1707 2468 1740 de-

1405 1750 1526 1783 rivatur
1542 1763 1560 1784 a
1575 1751 1688 1791 modo,
1698 1763 1765 1785 non
1779 1753 1811 1785 in
1829 1763 1987 1797 quantum
2001 1754 2222 1798 praedicatum
2239 1764 2288 1788 est
2301 1755 2418 1799 (quod,
2430 1765 2467 1789 ut

1405 1800 1462 1839 sic,
1480 1808 1608 1832 tenetur
1622 1799 1827 1845 formaliter),
1844 1802 1901 1835 sed
1921 1803 1954 1835 in
1971 1811 2130 1846 quantum
2154 1806 2466 1847 syncategorematis

1405 1847 1516 1881 officio
1533 1847 1689 1891 fungitur,
1702 1849 1791 1893 quod
1808 1850 1905 1883 habet
1921 1862 1960 1883 ex
1976 1862 2016 1883 eo
2030 1851 2119 1894 quod
2132 1852 2262 1895 proprie
2275 1852 2395 1885 modus
2406 1862 2464 1887 est.

1476 1906 1523 1938 13.
1543 1896 1628 1929 Sunt
1651 1897 1750 1940 igitur
1773 1898 1955 1931 modalium
1979 1899 2042 1943 (de
2071 1900 2201 1943 propria
2226 1912 2337 1933 earum
2361 1913 2464 1945 quan-

1404 1945 1494 1977 titate
1518 1944 1703 1989 loquendo)
1720 1945 1800 1979 aliae
1820 1947 2018 1980 universales
2035 1947 2256 1988 affirmativae,
2273 1958 2309 1981 ut
2328 1949 2400 1982 illae
2424 1950 2464 1983 de

1403 1993 1597 2032 necessario,
1611 1994 1687 2037 quia
1704 1993 1902 2028 distribuunt
1918 1995 1958 2029 ad
1978 2007 2107 2039 semper
2130 2006 2216 2036 esse;
2236 1997 2315 2030 aliae
2332 1998 2464 2031 univer-

1402 2041 1484 2074 sales
1501 2042 1680 2085 negativae,
1698 2052 1734 2075 ut
1749 2042 1822 2076 illae
1840 2043 1879 2076 de
1897 2045 2102 2088 impossibili,
2118 2046 2194 2089 quia
2211 2045 2408 2079 distribuunt
2424 2047 2464 2080 ad

1402 2101 1571 2134 nunquam
1592 2100 1680 2130 esse;
1697 2091 1777 2124 aliae
1801 2092 2009 2135 particulares
2034 2093 2254 2134 affirmativae,
2274 2103 2311 2127 ut
2326 2094 2398 2127 illae
2423 2095 2463 2128 de

1401 2138 1549 2182 possibili
1581 2147 1613 2171 et
1642 2140 1862 2183 contingenti,
1895 2141 1971 2185 quia
2007 2141 2205 2175 distribuunt
2234 2152 2398 2187 utrunque
2423 2144 2463 2177 ad

1401 2186 1578 2231 aliquando
1602 2198 1691 2228 esse;
1723 2188 1805 2222 aliae
1829 2189 2037 2233 particulares
2062 2191 2240 2234 negativae,
2265 2201 2302 2224 ut
2324 2192 2397 2224 illae
2422 2192 2462 2225 de

1400 2247 1469 2268 non
1492 2247 1624 2268 necesse
1648 2245 1680 2269 et
1703 2249 1770 2270 non
1795 2238 1999 2281 impossibili,
2025 2240 2100 2283 quia
2121 2239 2318 2273 distribuunt
2342 2240 2381 2273 ad
2403 2240 2461 2273 ali-

1401 2283 1533 2328 quando
1558 2295 1625 2316 non
1647 2295 1735 2317 esse:
1752 2286 1836 2318 sicut
1859 2287 1892 2318 in
1912 2286 1974 2319 illis
1999 2286 2038 2320 de
2063 2288 2185 2328 inesse,
2213 2290 2319 2329 omnis,
2344 2289 2460 2330 nullus,

1399 2332 1534 2375 quidam,
1559 2344 1619 2365 non
1642 2333 1753 2373 omnis,
1783 2345 1841 2366 non
1869 2334 1988 2375 nullus,
2014 2335 2155 2368 similem
2179 2335 2302 2370 faciunt
2325 2336 2459 2370 diversi-

1400 2389 1510 2412 tatem.
1536 2381 1576 2413 Et
1598 2381 1691 2424 quia,
1710 2389 1748 2413 ut
1772 2381 1895 2414 dictum
1918 2391 1977 2422 est,
1998 2382 2076 2416 haec
2096 2385 2258 2427 quantitas
2279 2385 2460 2419 modalium

1399 2437 1448 2460 est
1483 2428 1679 2472 inquantum
1710 2429 1857 2463 modales
1896 2440 1994 2472 sunt,
2030 2440 2062 2464 et
2093 2431 2133 2465 de
2164 2433 2237 2473 his,
2265 2434 2460 2477 inquantum

1399 2476 1608 2517 huiusmodi,
1632 2489 1784 2520 praesens
1809 2487 1962 2512 tractatus
1993 2479 2030 2512 fit
2060 2480 2098 2513 ab
2122 2481 2314 2522 Aristotele;
2338 2481 2459 2515 idcirco

1399 2525 1683 2569 aequipollentiae,
1703 2538 1760 2559 seu
1784 2530 2036 2572 consequentiae
2054 2541 2176 2570 earum,
2193 2530 2360 2563 ordinatae
2383 2540 2460 2564 sunt

1399 2574 1582 2618 negationis
1603 2575 1693 2607 vario
1715 2575 1797 2616 situ,
1821 2576 2103 2619 quemadmodum
2131 2579 2401 2622 aequipollentiae
2426 2579 2460 2612 il-

1398 2622 1503 2656 larum
1517 2623 1556 2656 de
1570 2623 1686 2656 inesse:
1704 2633 1740 2656 ut
1752 2624 1885 2665 scilicet,
1897 2626 2028 2669 negatio
2045 2628 2229 2670 praeposita
2246 2627 2347 2660 modo
2364 2627 2459 2661 faciat

1399 2671 1619 2716 aequipollere
1643 2683 1721 2705 suae
1748 2674 2032 2714 contradictoriae;
2058 2676 2189 2718 negatio
2219 2685 2327 2708 autem
2355 2676 2457 2709 modo

1398 2721 1592 2764 postposita,
1616 2722 1724 2764 posita
1751 2731 1861 2755 autem
1889 2723 1966 2756 dicti
1992 2723 2109 2764 verbo,
2135 2735 2211 2756 suae
2239 2724 2458 2768 aequipollere

1398 2770 1576 2802 contrariae
1600 2768 1689 2810 facit;
1710 2772 1894 2814 praeposita
1914 2783 1991 2804 vero
2008 2781 2040 2804 et
2060 2773 2242 2816 postposita
2261 2784 2338 2804 suae
2355 2771 2459 2805 subal·

1398 2826 1517 2857 ternae,
1534 2826 1570 2850 ut
1589 2817 1699 2851 videre
1716 2828 1810 2862 potes
1834 2820 1868 2852 in
1892 2821 2199 2864 consequentiarum
2221 2819 2323 2863 figura
2340 2819 2456 2852 ultimo

1397 2865 1436 2898 ab
1452 2865 1628 2898 Aristotele
1652 2865 1800 2900 formata.
1818 2868 1856 2900 In
1876 2880 1950 2912 qua,
1967 2868 2022 2901 tali
2039 2868 2253 2912 praeformata
2277 2868 2458 2910 oppositio-

1397 2925 1477 2946 num
1501 2914 1614 2957 figura,
1634 2914 1717 2947 clare
1734 2915 1858 2948 videbis
1883 2928 1997 2949 omnes
2019 2928 2054 2948 se
2070 2925 2189 2949 mutuo
2207 2925 2455 2961 consequentes,

1396 2962 1579 2995 secundum
1598 2962 1731 2995 alteram
1752 2964 1851 2996 trium
1867 2964 2052 3007 regularum
2076 2964 2311 3008 aequipollere,
2328 2974 2359 2998 et
2376 2976 2457 2998 con-

1396 3020 1579 3055 sequenter,
1596 3020 1705 3044 totum
1729 3013 1871 3055 primum
1901 3012 2049 3045 ordinem
2073 3012 2218 3046 secundo
2243 3014 2456 3053 contrarium,

1396 3059 1492 3092 tertio
1512 3059 1813 3101 contradictorium,
1833 3070 1948 3104 quarto
1967 3072 2046 3093 vero
2065 3060 2297 3094 subalternum.

1587 3120 1687 3141 Necesse
2144 3121 2290 3148 Impossibile

1815 3160 1830 3163 -
1850 3147 2002 3170 Contrarlae
2021 3159 2036 3163 -

1613 3178 1663 3193 esse
2192 3180 2243 3195 esse

1797 3261 1829 3297 Οο
2001 3259 2040 3295 '5⁹0

1623 3298 1640 3329 g
1825 3295 1859 3325 ἡ,
1970 3287 2010 3323 30⁴
2196 3302 2218 3318 ω

1624 3330 1640 3346 ‘²
1852 3321 1884 3354 ὡς
1943 3319 1979 3352 δΨ
2196 3319 2218 3351 ἓ·

1624 3347 1640 3374 a
2196 3353 2218 3378 Ε.

1618 3376 1640 3412 e
1913 3374 1934 3394 Χ
2195 3379 2217 3403 ⁵*

1618 3414 1640 3446 ’ἓ
1848 3409 1895 3447 25*
1955 3422 1984 3449 Ψ
2195 3404 2212 3452 Ξ

1618 3447 1639 3463 ω
1821 3447 1856 3478 0⁹
1974 3442 2009 3476 ⁰4>
2195 3454 2211 3467 ο

1801 3473 1823 3494 ῠ
2003 3471 2050 3517 Q,

1571 3563 1684 3585 Fossibile
2152 3565 2293 3594 &mingens

1787 3602 1803 3607 -
1822 3591 2024 3614 Suboontru-iae
2042 3603 2058 3608 -

1604 3622 1654 3638 esse
2166 3625 2212 3641 non
2227 3625 2278 3641 esee
