2788 4204
91 503 99 511 '¹
110 507 135 522 A:
146 500 251 526 intentio,
263 499 306 520 sci-

91 528 151 549 licet.

90 555 99 564 ‘¹
109 561 135 575 A:
146 554 171 574 in
192 552 303 574 enuncia-

91 580 192 601 tionibus
202 579 232 600 de
234 578 305 607 futu-

90 613 119 654 ἲο
134 606 163 627 de
172 605 304 633 singulari-

106 639 142 654 us.

91 664 100 674 “
110 670 145 684 AB:
156 663 263 684 etaltera
272 662 305 683 sit

85 689 167 718 salsa.

89 981 99 991 ·
109 980 172 1002 Lect.
183 985 229 1001 nv.

87 1194 97 1203 '
110 1198 138 1214 A:
157 1194 281 1219 utrumque
290 1208 298 1218 ,

86 1218 175 1240 seilicet
202 1218 299 1246 opposi-

86 1249 173 1268 torum.

89 1273 100 1282 ·
110 1271 181 1294 Num.
193 1277 222 1292 12.

87 1304 97 1313 '¹
110 1308 153 1324 nc:
162 1302 235 1330 ponit
245 1302 300 1330 pri-

84 1335 133 1352 ao.

65 2248 68 2250 “
82 2261 93 2272 ’
103 2267 149 2283 nc
181 2266 276 2283 erronee
289 2268 294 2282 :

81 2287 204 2316 negativis
210 2287 253 2314 (Cf.
263 2288 295 2308 le-

82 2318 147 2343 mxi,
155 2320 179 2336 n.
186 2314 208 2342 8,
215 2316 296 2342 seqq.).

81 2804 91 2814 '
100 2803 136 2826 Cf.
146 2805 198 2827 lect.
209 2811 240 2833 rx,
251 2811 291 2827 nn.

79 2834 134 2880 Ξὲῐε
158 2847 187 2879 ex
201 2858 268 2880 codd.

0 3350 13 3530 -‹‚·v-1-2;35›„-.-v==:-·.
0 3300 11 3339 1¹³·
0 3229 6 3256 -n
0 3210 2 3212 -
4 3191 6 3193 ,
0 3125 7 3165 1—2-
0 3081 3 3091 —
0 3047 2 3054 <

0 3792 16 4204 ³WWRWW³²⁷⁵
0 3740 9 3770 ‘⁷'ss
0 3709 4 3725 ’ί
10 3680 12 3682 .
0 3627 5 3650 '¹³'
0 3612 4 3617 '
0 3565 14 3603 Fls*
0 3536 5 3555 “-

1172 307 1283 343 CAP.
1315 308 1383 354 IX,
1414 307 1564 357 LECT.
1595 308 1685 344 XIII
2472 312 2516 348 61

333 393 461 423 autem
484 398 557 434 per
578 398 618 422 se
646 385 772 421 insunt
799 385 860 421 vel
890 392 1119 436 repugnant,
1150 385 1402 421 attribuuntur

333 439 582 487 singularibus
620 438 831 475 secundum
869 438 1140 474 universalium
1179 438 1353 475 rationes.

387 492 497 528 Circa
512 493 587 528 hoc
602 491 712 538 igitur
729 498 902 527 versatur
916 498 994 527 tota
1009 503 1188 539 praesens
1205 491 1360 527 intentio
1369 492 1398 527 *ε

332 546 469 583 Utrum
489 545 528 581 in
549 544 875 581 enunciationibus
899 543 1149 591 singularibus
1170 544 1216 580 de
1237 545 1362 581 futuro
1382 545 1402 565 '¹‘

331 599 369 636 in
399 598 556 635 materia
585 597 814 644 contingenti
843 609 997 633 necesse
1028 597 1074 633 sit
1101 597 1206 645 quod
1230 598 1399 634 determi-

331 657 417 689 nate
444 664 522 688 una
550 650 814 699 oppositarum
835 650 880 686 sit
898 663 990 686 vera
1020 657 1055 686 et
1074 651 1190 686 altera
1217 651 1309 686 falsa
1322 651 1352 686 *.

385 717 421 753 7.
443 705 591 741 Deinde
622 716 710 740 cum
746 703 849 740 dicit:
875 704 982 740 Nam
1009 704 1044 740 si
1075 704 1197 740 omnis
1229 705 1400 752 affirma-

330 759 380 795 tio
410 765 491 805 etc.,
512 758 649 807 probat
666 757 917 806 praemissam
942 757 1203 793 differentiam.
1227 758 1275 793 Et
1304 757 1401 793 circa

330 812 405 848 hoc
425 811 502 848 duo
523 811 626 848 facit:
647 810 785 859 primo,
806 811 944 859 probat
957 810 1198 859 propositum
1223 810 1398 847 ducendo

331 865 379 902 ad
407 864 699 910 inconveniens;
728 864 909 911 secundo,
940 864 1103 900 ostendit
1131 864 1191 900 illa
1220 876 1301 900 esse
1330 863 1399 899 im-

329 918 523 967 possibilia
543 930 639 966 quae
669 924 895 966 sequuntur3
917 917 985 953 ibi:
1013 918 1118 959 Quae
1136 929 1229 966 ergo
1259 916 1399 953 contin-

329 977 427 1021 gunt
440 971 766 1008 inconvenientia*
786 970 1000 1007 etc—Circa
1014 970 1182 1019 primurn
1203 970 1280 1006 duo
1300 969 1397 1006 facit:

329 1024 467 1073 prim0,
490 1025 653 1061 ostendit
668 1024 772 1073 quod
787 1024 825 1060 in
846 1024 1096 1071 singularibus
1117 1031 1151 1059 et
1170 1022 1302 1058 futuris
1321 1034 1400 1058 non

330 1090 482 1126 semper
495 1085 620 1126 potest
635 1077 880 1114 determinate
897 1076 1046 1113 attribui
1059 1076 1198 1112 veritas
1213 1075 1316 1112 alteri
1333 1087 1399 1123 op-

327 1131 558 1180 positorum;
580 1130 761 1176 secundo,
774 1130 937 1166 ostendit
956 1129 1060 1178 quod
1076 1141 1154 1165 non
1172 1135 1298 1177 potest
1317 1140 1399 1163 esse

329 1184 434 1232 quod
452 1191 612 1232 utraque
627 1185 647 1205 '¹‘
673 1183 829 1220 veritate
851 1190 991 1228 careat3
1013 1182 1081 1218 ibi:
1102 1182 1154 1218 At
1170 1193 1260 1218 vero
1281 1193 1400 1228 neque

328 1237 507 1286 quoniam
525 1238 544 1258 ’¹‘
564 1236 792 1274 etc.-Circa
827 1236 996 1285 primum
1029 1234 1137 1284 ponit
1166 1235 1259 1271 duas
1288 1234 1398 1270 ratio-

327 1303 406 1337 nes,
418 1290 457 1326 in
472 1302 634 1338 quarum
649 1289 773 1339 prima
787 1289 927 1338 ponit*
937 1288 1146 1337 quamdam
1163 1296 1397 1335 consequen—

326 1343 431 1395 tiam,
443 1343 596 1390 scilieet
625 1343 729 1392 quod
749 1343 779 1379 si
799 1342 924 1379 omnis
945 1341 1146 1378 affirmatio
1166 1341 1228 1377 vel
1247 1340 1396 1388 negatio

321 1394 574 1434 ‘determinate
604 1404 659 1433 est
685 1409 778 1433 vera
796 1396 857 1432 vel
886 1396 977 1431 falsa
1005 1395 1055 1431 ita
1080 1395 1118 1431 in
1147 1394 1398 1442 singularibus

328 1457 364 1488 et
382 1450 514 1487 futuris
530 1450 625 1487 sicut
639 1450 677 1486 in
697 1449 788 1496 aliis,
806 1461 1044 1498 consequens
1074 1455 1129 1484 est
1148 1448 1252 1496 quod
1268 1448 1398 1484 omnia

327 1516 482 1541 necesse
511 1503 557 1540 sit
583 1505 645 1540 vel
675 1503 920 1541 determinate
950 1514 1028 1538 esse
1045 1503 1107 1538 vel
1136 1514 1210 1538 non
1240 1514 1328 1538 esse.

381 1557 530 1594 Deinde
560 1569 648 1594 cum
683 1557 785 1594 dicit:
821 1557 948 1598 Quare
983 1556 1017 1591 si
1048 1556 1108 1591 hic
1142 1555 1290 1603 quidem
1326 1562 1395 1591 etc.

325 1611 400 1657 vel,
420 1611 455 1647 si
480 1611 604 1659 itaque
631 1611 691 1647 hic
719 1610 880 1659 quidem,
900 1617 942 1646 ut
961 1609 1123 1645 habetur
1150 1608 1188 1644 in
1217 1620 1354 1655 graeco
1370 1605 1395 1654 δ,

326 1665 464 1714 probat
484 1664 795 1713 consequentiam
814 1662 1059 1712 praedictam.
1077 1663 1273 1698 Ponamus
1295 1661 1396 1697 enirn

328 1717 433 1767 quod
453 1717 526 1754 sint
545 1717 622 1754 duo
638 1717 825 1763 homines,
848 1728 1013 1765 quorum
1029 1728 1127 1752 unus
1144 1715 1242 1752 dicat
1256 1714 1396 1763 aliquid

328 1783 410 1808 esse
444 1771 613 1807 futurum
626 1800 634 1816 ,
667 1779 760 1819 puta
793 1770 898 1819 quod
923 1771 1094 1806 Socrates
1123 1774 1267 1814 curret,
1303 1768 1396 1804 alius

326 1837 420 1861 vero
451 1824 548 1861 dicat
576 1825 651 1861 hoc
678 1823 927 1872 idemipsum
956 1835 1034 1858 non
1064 1822 1394 1868 esse*·futurum;

287 1874 298 1879 “
327 1877 523 1927 supposita
541 1877 751 1926 praemissa
765 1876 965 1925 positione,
983 1875 1122 1911 scilicet
1141 1875 1245 1924 quod
1265 1875 1303 1911 in
1323 1875 1395 1911 sin-

325 1931 517 1979 gularibus
538 1938 573 1967 et
601 1931 733 1967 futuris
754 1929 934 1977 contingit
962 1930 1117 1965 alteram
1139 1941 1220 1965 esse
1248 1941 1395 1975 veram,

327 1984 465 2022 scilicet
482 1984 545 2021 vel
575 1983 843 2020 affirmativam
863 1984 924 2019 vel
953 1982 1186 2030 negativam,
1218 1990 1397 2031 sequetur

326 2038 431 2088 quod
449 2049 604 2074 necesse
629 2037 674 2074 sit
693 2038 797 2086 quod
817 2043 828 2057 ³
857 2037 948 2073 alter
974 2048 1108 2072 eorum
1128 2048 1265 2074 verum
1286 2035 1395 2083 dicat,

325 2104 405 2129 non
424 2099 552 2128 autern
571 2098 749 2140 uterque:
771 2090 860 2140 quia
879 2102 957 2126 non
976 2097 1101 2138 potest
1126 2093 1207 2125 esse
1229 2089 1332 2138 quod
1357 2090 1395 2126 in

326 2144 575 2193 singularibus
594 2144 918 2194 propositionibus
933 2143 1066 2179 futuris
1081 2142 1096 2169 ζ
1113 2150 1272 2191 utraque
1288 2143 1334 2179 sit
1349 2143 1395 2179 si-

325 2199 405 2235 mul
424 2210 528 2245 vera,
550 2198 688 2234 scilicet
708 2197 935 2235 affirmativa
955 2204 991 2233 et
1019 2196 1210 2244 negativa:
1232 2196 1299 2233 sed
1319 2197 1394 2233 hoc

325 2252 440 2289 habet
467 2252 595 2288 locum
625 2252 750 2289 solum
787 2251 825 2288 in
853 2250 1056 2287 indefinitis
1076 2251 1106 2285 *.
1128 2250 1186 2286 Ex
1219 2250 1294 2286 hoc
1329 2263 1393 2287 au-

324 2313 402 2342 tem
432 2305 536 2354 quod
565 2317 720 2343 necesse
750 2312 805 2342 est
826 2305 985 2341 alterum
1015 2315 1149 2340 eorum
1173 2316 1310 2340 verum
1340 2304 1393 2340 di-

326 2371 429 2406 cere,
460 2358 628 2407 sequitur
662 2359 766 2408 quod
794 2370 949 2395 necesse
979 2357 1024 2394 sit
1057 2356 1304 2394 determinate
1332 2358 1394 2394 vel

327 2425 409 2449 esse
436 2413 498 2448 vel
527 2424 606 2448 non
635 2426 728 2450 esse.
750 2413 799 2448 Et
826 2412 901 2448 hoc
929 2411 1066 2460 probat
1095 2418 1391 2459 consequenter:

326 2466 415 2515 quia
434 2465 512 2512 ‚ista
540 2465 617 2503 duo
647 2479 686 2503 se
716 2464 1008 2502 convertibiliter
1042 2472 1327 2512 consequuntur
1353 2469 1392 2510 η,

326 2519 465 2556 scilicet
493 2519 598 2568 quod
625 2532 762 2556 verum
792 2519 837 2555 sit
864 2518 902 2555 id
923 2518 1027 2567 quod
1057 2517 1201 2563 dicitur,
1223 2525 1260 2554 et
1288 2517 1392 2566 quod

324 2573 375 2610 ita
403 2573 448 2609 sit
475 2572 514 2609 in
543 2586 594 2609 re.
616 2574 665 2610 Et
692 2573 767 2609 hoc
796 2579 851 2608 est
879 2571 984 2620 quod
1019 2571 1232 2607 manifestat
1260 2583 1391 2607 conse-

324 2633 483 2675 quenter
501 2623 514 2645 ⁰
534 2626 662 2663 dicens
682 2626 787 2675 quod
806 2626 841 2662 si
864 2636 997 2662 verum
1013 2630 1068 2661 est
1083 2625 1206 2660 dicere
1221 2625 1323 2672 quod
1339 2624 1392 2661 al-

323 2681 412 2717 bum
431 2679 487 2725 sit,
505 2679 553 2717 de
570 2680 590 2701 *
604 2679 825 2716 necessitate
845 2678 1014 2727 sequitur
1033 2677 1137 2726 quod
1152 2677 1202 2714 ita
1217 2677 1262 2714 sit
1281 2676 1319 2714 in
1334 2690 1390 2724 re;

323 2733 417 2770 et.si
444 2745 582 2770 verum
618 2740 673 2770 est
701 2744 860 2780 negare,
891 2743 936 2768 ex
970 2731 1190 2767 necessitate
1225 2729 1393 2779 sequitur

322 2786 428 2835 quod
456 2786 507 2823 ita
533 2799 613 2823 non
641 2786 697 2823 sit.
729 2787 778 2823 Et
798 2798 817 2822 e
840 2797 1026 2822 converso
1043 2785 1079 2821 *ε
1110 2784 1199 2833 quia
1218 2784 1248 2821 si
1268 2784 1317 2821 ita
1338 2792 1393 2821 est

321 2839 360 2876 in
379 2852 418 2876 re
438 2840 499 2876 vel
515 2852 593 2876 non
613 2847 668 2876 est
679 2841 709 2886 *,
733 2852 778 2875 ex
797 2838 1018 2875 necessitate
1039 2838 1208 2886 sequitur
1227 2838 1332 2886 quod
1348 2838 1394 2875 sit

320 2905 458 2930 verum
478 2893 669 2930 affirmare
689 2893 751 2930 vel
771 2904 920 2939 negare.
942 2892 992 2927 Et
1012 2891 1147 2928 eadem
1168 2891 1281 2928 etiam
1303 2904 1391 2928 con-

320 2945 538 2982 vertibilitas
568 2953 724 2995 apparet
742 2946 781 2982 in
800 2946 913 2982 falso:
934 2944 1034 2993 quia,
1055 2945 1086 2981 si
1105 2944 1238 2993 aliquis
1258 2944 1391 2981 menti-

321 3005 381 3035 tur
412 2998 551 3035 falsum
580 2999 726 3046 dicens,
757 3011 802 3035 ex
834 2997 1055 3034 necessitate
1090 2997 1259 3046 sequitur
1287 2997 1391 3046 quod

320 3111 371 3146 (Cf.
387 3112 435 3136 loc.
450 3111 500 3142 cit„
511 3116 536 3135 et
549 3111 583 3135 ib.
601 3111 778 3136 Commentar.
794 3111 869 3135 Card.
884 3109 1017 3145 Caietani).
1031 3110 1154 3141 Quaestio
1169 3111 1246 3142 igitur
1259 3118 1326 3143 quae
1341 3111 1388 3134 im-

320 3146 522 3181 praesentiarum
542 3151 661 3171 movetur
684 3154 699 3170 a
718 3154 739 3171 s.
759 3145 874 3177 Thoma,
893 3151 921 3170 ut
939 3146 995 3179 ipse
1014 3146 1129 3178 explicite
1154 3146 1280 3176 declarat,
1297 3150 1338 3170 est
1357 3146 1389 3170 de

320 3183 397 3208 rebus
422 3181 630 3213 contingentibus
650 3181 741 3206 futuris
766 3181 850 3214 prouti
874 3186 934 3206 sunt
959 3182 1145 3213 contingentes,
1166 3189 1218 3205 non
1242 3186 1328 3206 autem
1357 3181 1388 3204 de

321 3226 409 3243 earum
430 3217 570 3242 rationibus
593 3217 789 3246 universalibus,
809 3217 951 3241 secundum
970 3225 1035 3249 quas
1055 3217 1080 3241 in
1099 3217 1163 3249 ipsis
1182 3216 1387 3248 contingentibus

321 3259 361 3278 est
382 3252 486 3286 aliquid
503 3252 892 3277 necessarium—Manifestum
917 3257 957 3276 est
975 3258 1061 3276 autem
1081 3253 1151 3284 quod
1169 3251 1208 3275 vis
1228 3251 1386 3284 quaestionis

320 3294 372 3314 tota
391 3294 430 3313 est
448 3288 475 3312 in
490 3288 612 3312 adverbio
630 3286 818 3315 determinate,
833 3295 892 3312 cum
907 3287 1040 3319 inquiritur
1056 3288 1090 3322 de
1109 3287 1214 3312 veritate
1232 3286 1387 3319 propositio-

321 3333 383 3349 num
403 3323 571 3354 singularium
590 3323 622 3348 de
641 3323 727 3347 futuro
746 3323 771 3346 in
786 3322 891 3347 materia
910 3322 1075 3354 contingenti.

373 3359 398 3394 ὃ)
422 3359 467 3384 Vel
473 3377 480 3388 ‚
499 3359 523 3384 si
541 3359 630 3390 itaque
644 3358 691 3383 -hic
709 3358 823 3390 quidem,
839 3361 868 3382 ut
880 3357 991 3382 habetur
1005 3358 1031 3382 in
1048 3363 1154 3390 graeco.
1173 3357 1243 3387 Ergo
1255 3356 1281 3380 in
1295 3363 1387 3387 graeco

321 3395 460 3428 exemplari
480 3402 532 3427 quo
550 3394 676 3424 utebatur,
696 3393 778 3425 inquit
792 3393 945 3417 Theodorus
960 3393 1041 3423 Vaitz,
1061 3400 1082 3416 s-
1092 3393 1208 3416 Thomas
1219 3391 1320 3423 legebat
1335 3398 1386 3414 non

319 3429 386 3456 ὥστε
401 3426 431 3461 εἷ,
447 3431 492 3455 sed
507 3425 528 3454 εἷ
543 3427 604 3463 γὶρ;
620 3436 687 3461 quae
703 3433 742 3453 est
761 3428 836 3453 lectio
854 3428 928 3452 codd.
943 3427 1060 3452 biblioth.
1073 3427 1258 3452 Laurentianae
1277 3431 1302 3451 et
1319 3426 1386 3449 Mar—

320 3466 414 3496 cianae,
424 3466 460 3490 uti
474 3465 551 3490 refert
570 3465 686 3489 laudatus
699 3464 796 3488 Auctor
811 3462 873 3497 (Op.
889 3463 928 3487 cit.
944 3471 969 3495 p.
979 3463 997 3492 1,
1007 3470 1083 3495 pagg.
1098 3469 1146 3495 129
1161 3461 1186 3485 in
1205 3461 1279 3491 notis,
1294 3466 1319 3485 et
1336 3460 1386 3493 339

320 3502 347 3526 in
365 3501 563 3535 scholiis).—1n
587 3500 643 3524 cod.
658 3500 680 3524 A
700 3499 805 3530 legitur:
825 3498 920 3523 deinde
942 3505 1001 3523 cum
1021 3497 1101 3522 dicit.-
1118 3497 1142 3521 si
1159 3497 1202 3522 hic
1216 3496 1322 3528 quidem
1337 3499 1386 3521 etc.

320 3537 368 3566 vel,
387 3537 412 3563 si
427 3537 516 3570 itaque
534 3536 605 3564 haec,
622 3539 651 3560 ut
665 3534 777 3559 habetur
795 3534 821 3558 in
840 3534 1006 3566 graeca—B:
1022 3532 1117 3557 deinde
1129 3539 1189 3557 cum
1204 3531 1281 3559 dicit,
1296 3531 1320 3556 si
1334 3531 1384 3555 ita-

319 3579 370 3605 que
384 3572 433 3601 hic,
439 3573 540 3604 probat
558 3577 605 3596 etc.
615 3585 635 3590 -
645 3571 680 3595 D:
695 3570 718 3595 si
731 3570 774 3594 hic
792 3569 923 3602 quidem...
939 3569 979 3593 vel
992 3568 1015 3593 si
1029 3568 1117 3600 itaque
1136 3567 1178 3592 hic
1191 3567 1305 3599 quidem.
1320 3580 1341 3585 -
1351 3566 1384 3590 E:

319 3607 344 3633 si
361 3607 404 3633 hic
421 3608 553 3641 quidem...
569 3607 609 3631 vel
622 3606 645 3631 si
660 3606 749 3638 itaque
763 3605 812 3630 hoc
825 3604 965 3637 quidem.—
981 3604 1001 3628 C
1016 3603 1092 3628 habet
1106 3603 1232 3635 integram
1247 3601 1384 3626 lectionem

321 3643 437 3674 pianum,
456 3651 534 3676 quam
554 3643 704 3667 retinemus.

373 3677 396 3712 ε)
416 3679 548 3711 Sequetur
571 3677 642 3711 quod
667 3683 768 3702 necesse
785 3675 821 3701 sit
844 3675 916 3708 quod
940 3680 986 3700 etc.
1012 3674 1048 3699 Ita
1067 3673 1125 3698 edit.
1146 3673 1224 3698 Piana
1244 3680 1303 3697 cum
1326 3672 1386 3696 D.-

1455 399 1533 422 non
1562 387 1611 423 ita
1630 387 1676 423 sit
1703 386 1741 423 in
1762 399 1812 433 re,
1835 386 2027 435 sicutipse
2057 387 2220 424 affirmat
2239 388 2300 424 vel
2329 396 2456 436 negat3
2487 397 2523 426 et

1457 452 1476 475 e
1498 452 1704 486 converso,
1735 440 1765 476 si
1790 452 1868 476 non
1898 448 1953 476 est
1980 440 2030 476 ita
2049 440 2087 476 in
2107 453 2146 476 re
2161 441 2181 461 *
2209 441 2303 477 sicut
2322 441 2402 489 ipse
2422 442 2521 478 affir-

1456 500 1535 528 mat
1562 494 1622 529 vel
1651 500 1778 540 negat,
1809 493 1977 542 sequitur
2012 494 2116 541 quod
2144 494 2339 530 affirmans
2367 496 2428 531 vel
2457 507 2520 531 ne-

1455 557 1546 592 gans
1576 546 1816 582 mentiatur*.

1510 600 1544 635 8.
1575 600 1643 635 Est
1672 611 1760 646 ergo
1781 609 1996 648 ¹processus
2030 599 2142 636 huius
2172 600 2325 637 rationis
2357 600 2449 636 talis.
2482 601 2521 637 Si

1455 664 1610 688 necesse
1640 660 1695 688 est
1724 652 1827 700 quod
1848 652 1972 688 omnis
2002 652 2203 689 affirmatio
2221 654 2285 689 -vel
2314 653 2462 700 negatio
2482 653 2521 690 in

1455 704 1703 752 singularibus
1733 712 1768 741 et
1796 705 1928 742 futuris
1957 705 2003 742 sit
2029 718 2121 742 vera
2149 707 2210 742 vel
2238 706 2340 752 falsa,
2365 718 2520 743 necesse

1456 766 1510 794 est
1530 758 1634 806 quod
1654 758 1778 795 omnis
1798 759 1992 795 affirmans
2020 759 2081 795 vel
2106 771 2247 806 negans
2274 759 2520 796 determinate

1456 811 1553 847 dicat
1580 823 1717 847 verum
1745 812 1806 847 vel
1835 812 1981 847 falsum.
2009 813 2064 847 Ex
2093 812 2168 848 hoc
2196 820 2324 848 autem
2353 813 2521 860 sequitur

1455 864 1559 912 quod
1588 877 1703 900 omne
1733 877 1887 900 necesse
1908 864 1954 900 sit
1982 877 2063 900 esse
2091 866 2152 900 vel
2181 877 2259 901 non
2289 878 2382 902 esse.
2404 867 2518 913 Ergo,

1455 917 1484 953 si
1514 917 1639 953 omnis
1677 917 1878 953 affirmatio
1907 917 1968 953 vel
2007 917 2154 964 negatio
2191 918 2437 955 determinate
2475 919 2521 955 sit

1452 982 1556 1016 vera,
1578 982 1732 1006 necesse
1754 977 1809 1006 est
1829 970 1959 1006 omnia
1988 970 2232 1007 determinate
2258 984 2336 1008 esse
2363 973 2424 1008 vel
2444 984 2518 1008 non

1454 1035 1541 1059 esse.
1562 1024 1619 1058 Ex
1640 1024 1715 1059 hoc
1731 1024 1751 1042 '⁵
1768 1023 1958 1059 concludit
1980 1023 2134 1059 ulterius
2159 1024 2262 1072 quod
2288 1025 2417 1061 omnia
2446 1025 2518 1061 sint

1455 1088 1498 1111 ex
1517 1076 1537 1096 '¹‘
1564 1075 1795 1112 necessitate.
1814 1097 1838 1103 -
1853 1077 1926 1112 Per
1955 1076 2059 1124 quod
2087 1076 2218 1124 triplex
2237 1089 2354 1124 genus
2376 1078 2518 1114 contin-

1453 1128 1622 1176 gentium
1652 1128 1869 1165 excluditur.

1508 1194 1542 1229 9.
1566 1181 1768 1227 Quaedam
1794 1181 1895 1217 enim
1926 1181 2145 1229 contingunt
2173 1183 2247 1218 ut*
2274 1182 2312 1219 in
2333 1183 2518 1231 pauciori-

1453 1235 1535 1280 bus,
1558 1247 1654 1282 quae
1680 1234 1854 1271 accidunt
1883 1247 1904 1270 a
1933 1247 2022 1270 casu
2043 1236 2104 1271 vel
2133 1235 2293 1272 fortuna.
2316 1236 2517 1281 Quaedam

1451 1300 1545 1324 vero
1575 1300 1614 1324 se
1640 1288 1782 1324 habent
1801 1288 1848 1324 ad
1876 1288 2095 1324 utrumlibet
2111 1289 2140 1334 ’ἢ
2162 1289 2249 1336 quia
2277 1289 2414 1325 scilicet
2441 1302 2519 1325 non

1453 1341 1572 1389 magis
1588 1354 1628 1378 se
1647 1342 1789 1377 habent
1809 1341 1856 1377 ad
1876 1354 1994 1377 unam
2013 1349 2172 1390 partem,
2189 1353 2305 1389 quarn
2325 1342 2373 1378 ad
2393 1342 2516 1389 aliam,

1452 1403 1488 1431 et
1507 1395 1577 1431 ista
1595 1395 1807 1443 procedunt
1823 1407 1868 1431 ex
1884 1394 2078 1443 electione.
2096 1394 2297 1440 Quaedam
2317 1407 2410 1431 vero
2432 1408 2517 1431 eve-

1451 1449 1558 1485 niunt
1585 1456 1626 1485 ut
1645 1448 1683 1484 in
1701 1449 1890 1497 pluribus;
1913 1448 2007 1484 sicut
2034 1448 2232 1484 hominem
2258 1460 2456 1484 canescere
2481 1448 2519 1484 in

1451 1509 1661 1547 senectute,
1694 1502 1798 1550 quod
1841 1509 2015 1538 causatur
2052 1514 2098 1537 ex
2134 1509 2278 1538 natura.
2315 1501 2354 1537 Si
2391 1509 2519 1537 autern

1451 1555 1581 1592 omnia
1610 1567 1655 1591 ex
1684 1555 1903 1591 necessitate
1933 1555 2138 1601 evenirent,
2160 1554 2250 1591 nihil
2269 1555 2409 1590 horum
2430 1567 2518 1591 con-

1450 1609 1673 1656 tingentium
1703 1616 1810 1645 esset.
1833 1609 1882 1645 Et
1909 1608 1995 1644 ideo
2017 1608 2104 1645 dicit
2132 1608 2224 1645 nihil
2250 1613 2304 1644 est
2334 1615 2518 1656 quantum

1451 1662 1499 1699 ad
1528 1662 1649 1711 ipsam
1670 1662 1972 1710 permanentiam
2002 1674 2136 1698 eorum
2168 1674 2266 1709 quae
2294 1669 2519 1710 permanent

1452 1716 1726 1763 contingenter;
1749 1727 1866 1763 neque
1873 1717 1927 1762 fit
1953 1722 2137 1763 quantum
2158 1715 2206 1751 ad
2225 1714 2517 1763 productionem

1452 1781 1586 1805 eorum
1630 1781 1727 1818 quae
1773 1768 2031 1816 contingenter
2068 1775 2286 1814 causantur;
2323 1780 2391 1804 nec
2427 1780 2516 1804 casu

1451 1830 1636 1871 quantum
1666 1822 1713 1858 ad
1744 1834 1787 1858 ea
1808 1834 1904 1871 quae
1934 1829 2020 1858 sunt
2038 1822 2057 1842 *
2077 1822 2114 1858 in
2134 1821 2271 1858 minori
2298 1829 2415 1869 parte,
2437 1821 2518 1857 sive
2545 1827 2624 1849 ‘Sunt
2637 1834 2664 1849 ex
2679 1828 2746 1850 codd-

1451 1876 1488 1912 in
1522 1875 1784 1925 paucioribus;
1815 1887 1883 1912 nec
1920 1875 2135 1911 utrumlibet
2169 1881 2354 1923 quantum
2388 1874 2436 1910 ad
2472 1886 2516 1910 ea

1451 1942 1549 1978 quae
1578 1942 1618 1965 se
1647 1930 1788 1965 habent
1823 1929 2026 1977 aequaliter
2059 1928 2106 1964 ad
2134 1935 2349 1975 utrumque,
2380 1927 2518 1964 scilicet

1450 1995 1528 2020 esse
1555 1983 1616 2019 vel
1637 1995 1710 2019 non
1740 1994 1828 2027 esse,
1851 1990 1886 2018 et
1906 1982 1953 2018 ad
1982 1989 2159 2018 neutrum
2179 1981 2318 2017 horum
2347 1988 2434 2017 sunt
2454 1980 2516 2017 de-

1450 2036 1666 2073 terminata:
1688 2035 1792 2084 quod
1822 2035 2005 2083 significat
2034 2047 2121 2071 cum
2151 2034 2296 2081 subdit,
2326 2045 2394 2070 nec
2422 2033 2514 2079 erit,

1450 2103 1518 2127 nec
1546 2103 1620 2126 non
1650 2090 1728 2126 erit.

1503 2145 1561 2180 De
1583 2156 1629 2180 eo
1660 2142 1760 2179 enim
1781 2141 1885 2190 quod
1915 2148 1970 2177 est
1998 2140 2116 2188 magis
2148 2139 2438 2177 determinatum
2467 2139 2515 2176 ad

1448 2210 1566 2234 unam
1595 2204 1742 2246 partem
1778 2207 1985 2244 possumus
2018 2194 2259 2230 determinate
2290 2205 2426 2229 verum
2462 2192 2515 2229 di-

1450 2264 1533 2287 cere
1563 2250 1667 2300 quod
1695 2250 1771 2286 hoc
1800 2249 1867 2285 erit
1894 2249 1955 2284 vel
1984 2260 2061 2284 non
2096 2247 2182 2292 erit,
2218 2246 2312 2283 sicut
2340 2245 2510 2282 medicus

1450 2305 1495 2342 de
1526 2305 1812 2341 convalescente
1841 2314 1930 2338 vere
1961 2301 2064 2346 dicit,
2091 2301 2156 2337 iste
2187 2300 2400 2345 sanabitur,
2430 2299 2515 2335 licet

1448 2359 1542 2395 forte
1573 2370 1617 2394 ex
1655 2357 1780 2405 aliquo
1814 2354 2006 2392 accidente
2040 2354 2120 2390 eius
2157 2353 2294 2390 sanitas
2331 2351 2513 2400 impedia-

1447 2420 1517 2449 tur.
1547 2411 1658 2448 Unde
1688 2418 1723 2446 et
1751 2409 2006 2457 Philosophus
2036 2407 2122 2444 dicit
2149 2406 2187 2443 in
2208 2408 2239 2443 II
2268 2407 2327 2443 De
2354 2417 2512 2455 genera-

1447 2466 1546 2502 tione
1570 2465 1590 2486 *
1614 2463 1718 2513 quod
1733 2465 1895 2512 futurus
1932 2462 2012 2510 quis
2041 2461 2227 2506 incedere,
2254 2471 2327 2496 non
2361 2459 2511 2495 incedet.

1447 2521 1506 2556 De
1536 2531 1582 2555 eo
1604 2517 1705 2554 enim
1735 2516 1798 2565 qui
1817 2516 1932 2552 habet
1958 2514 2197 2563 propositum
2223 2512 2513 2550 determinatum

1448 2572 1496 2609 ad
1524 2570 1790 2614 incedendum,
1820 2581 1910 2605 vere
1939 2575 2063 2617 potest
2092 2567 2163 2604 dici
2189 2566 2293 2615 quod
2314 2567 2389 2614 ipse
2417 2566 2512 2602 ince-

1447 2626 1517 2671 det,
1538 2625 1622 2661 licet
1649 2636 1717 2673 per
1736 2622 1889 2671 aliquod
1918 2621 2092 2658 accidens
2112 2619 2339 2668 impediatur
2359 2619 2439 2655 eius
2457 2618 2510 2654 in-

1448 2691 1586 2715 cessus.
1610 2677 1687 2714 Sed
1708 2676 1787 2713 eius
1807 2675 1910 2724 quod
1931 2682 1987 2711 est
2005 2674 2053 2711 ad
2072 2673 2291 2710 utrumlibet
2314 2671 2511 2721 proprium

1448 2739 1503 2769 est
1531 2731 1646 2780 quod,
1677 2730 1765 2779 quia
1785 2742 1863 2766 non
1888 2727 2157 2765 determinatur
2180 2725 2299 2773 magis
2324 2725 2371 2761 ad
2391 2737 2512 2761 unum

1447 2797 1564 2832 quam
1593 2784 1642 2821 ad
1670 2784 1841 2827 alterum,
1869 2794 1946 2818 non
1974 2780 2092 2830 possit
2121 2779 2167 2816 de
2197 2791 2242 2815 eo
2271 2778 2511 2815 determinate

1448 2838 1532 2880 dici,
1553 2850 1677 2886 neque
1698 2836 1802 2885 quod
1821 2836 1900 2881 erit,
1922 2846 2045 2882 neque
2074 2832 2178 2882 quod
2199 2844 2272 2868 non
2302 2831 2380 2867 erit.
2403 2831 2508 2876 Quo-

1446 2891 1565 2928 modo
1595 2898 1722 2927 autem
1752 2896 1930 2937 sequatur
1962 2886 2066 2935 quod
2100 2885 2189 2922 nihil
2219 2884 2263 2920 sit
2291 2884 2338 2920 ad
2368 2889 2509 2919 utrum-

1447 2945 1535 2982 libet
1560 2957 1605 2980 ex
1632 2943 1840 2993 praemissa
1868 2939 2080 2989 hypothesi,
2105 2937 2316 2974 manifestat
2344 2935 2509 2972 subdens

1446 2998 1562 3047 quod,
1579 2997 1609 3033 si
1639 2996 1763 3033 omnis
1783 2994 1983 3032 affirmatio
2011 2993 2073 3030 vel
2096 2990 2243 3038 negatio
2269 2989 2510 3026 determinate

1443 3109 1524 3134 Codd.
1543 3109 1632 3133 ABCE
1652 3109 1750 3139 legunt:
1774 3110 1898 3140 sequetur
1921 3106 1953 3130 de
1977 3104 2129 3130 necessitate
2154 3103 2225 3136 quod
2243 3107 2306 3133 etc.;
2330 3107 2356 3127 et
2374 3107 2414 3126 est
2437 3102 2507 3126 idem

1443 3152 1545 3174 sensus,
1564 3144 1599 3168 uti
1619 3148 1696 3175 patet.

1495 3179 1520 3212 ζ)
1542 3180 1572 3203 In
1591 3178 1770 3211 singularibus
1789 3176 2015 3209 propositionibus
2028 3174 2140 3209 suturis.
2161 3174 2188 3198 In
2209 3173 2282 3197 codd.
2304 3173 2377 3197 deest
2388 3173 2508 3206 suturis:

1443 3215 1513 3247 quod
1534 3214 1639 3246 quidem
1659 3221 1710 3237 non
1730 3213 1814 3237 solum
1834 3220 1884 3237 non
1908 3217 1947 3236 est
1965 3210 2138 3235 necessarium
2162 3216 2307 3241 apponere,
2332 3209 2378 3232 sed
2405 3208 2506 3232 videtur

1443 3250 1518 3274 etiam
1534 3248 1708 3281 superfluum:
1724 3256 1784 3272 nam
1799 3247 1915 3279 generica
1936 3252 1975 3271 est
1989 3246 2038 3270 hoc
2053 3246 2110 3269 loco
2126 3244 2250 3269 sententia
2265 3251 2385 3276 expressa
2401 3240 2506 3275 (nempe

1443 3293 1494 3309 non
1510 3292 1589 3316 posse
1604 3283 1736 3316 oppositas
1751 3283 1942 3315 propositiones
1957 3282 1989 3306 de
2008 3280 2181 3311 singularibus
2196 3287 2255 3304 esse
2270 3279 2346 3302 simul
2365 3278 2458 3312 veras),
2473 3278 2505 3302 ad

1442 3319 1604 3351 probandum
1624 3319 1694 3350 quod
1709 3318 1854 3342 immediate
1869 3325 1946 3349 supra
1961 3317 2055 3340 dictum
2072 3321 2118 3345 est,
2134 3315 2230 3339 scilicet
2243 3314 2314 3346 quod
2329 3321 2414 3346 neque
2428 3313 2504 3337 etiam

1441 3355 1576 3387 oppositae
1586 3353 1776 3378 enunciationes
1785 3353 1817 3377 de
1823 3352 2001 3384 singularibus
2008 3351 2138 3384 etfuturis
2148 3354 2259 3382 possunt
2268 3356 2326 3373 esse
2337 3349 2413 3372 simul
2421 3355 2504 3373 verae.

1494 3389 1521 3423 η)
1543 3389 1597 3413 Ista
1612 3389 1664 3413 duo
1677 3395 1705 3412 se
1718 3387 1924 3412 convertibiliter
1932 3389 2127 3418 consequuntur
2137 3390 2183 3409 etc.
2199 3385 2235 3408 Ita
2247 3389 2315 3408 recte
2325 3384 2398 3408 codd.
2407 3397 2428 3402 —
2438 3383 2504 3408 Edit.

1441 3425 1519 3449 Piana
1533 3424 1625 3448 omittit
1638 3430 1677 3452 se,
1698 3428 1723 3447 et
1737 3431 1788 3447 non
1807 3422 1962 3446 examussim
1977 3421 2059 3445 reddit
2077 3428 2183 3445 sensum
2205 3420 2236 3443 de
2256 3422 2348 3443 mutua
2359 3426 2504 3451 consequu-

1441 3460 1510 3484 tione
1530 3458 1733 3492 propositionum
1754 3463 1780 3481 et
1797 3465 1894 3487 rerum,
1914 3464 1991 3489 quam
2011 3464 2031 3480 s.
2047 3455 2163 3479 Thomas
2187 3454 2301 3478 inculcat.
2313 3468 2330 3472 —
2346 3454 2410 3478 Cod.
2424 3455 2458 3478 B:
2478 3457 2505 3478 et

1441 3503 1478 3520 ex
1496 3495 1544 3519 hoc
1560 3494 1658 3525 probat
1675 3495 1862 3525 consequenter
1885 3491 1956 3524 quod
1974 3491 2025 3516 ista
2051 3491 2103 3515 duo
2123 3497 2150 3515 se
2168 3489 2374 3515 convertibiliter
2391 3495 2504 3522 sequun-

1441 3530 1596 3555 tur.-Cod.
1612 3529 1644 3553 C:
1663 3531 1689 3552 et
1707 3528 1756 3553 hoc
1771 3527 1869 3559 probat
1887 3529 2074 3559 consequenter
2092 3525 2163 3558 quod
2182 3530 2229 3549 etc.

1493 3563 1517 3598 θ)
1539 3565 1574 3589 Et
1593 3565 1641 3589 hoc
1659 3567 1699 3588 est
1723 3563 1794 3595 quod
1817 3562 1969 3595 manifestat
1991 3564 2178 3593 consequenter
2200 3565 2247 3585 etc.
2273 3560 2342 3584 Haec
2366 3559 2441 3584 lectio
2464 3564 2504 3584 est

1440 3600 1615 3625 codd.-Edd.
1631 3599 1659 3623 P.
1679 3603 1704 3623 et
1722 3598 1802 3622 Ven.:
1821 3601 1847 3622 et
1865 3598 1913 3622 hoc
1931 3600 1970 3622 est
1988 3597 2059 3629 quod
2077 3596 2230 3629 manifestat
2253 3598 2442 3627 consequenter
2462 3595 2503 3619 di-

1440 3643 1513 3661 cens.-
1531 3635 1601 3659 Nam
1621 3634 1644 3659 si
1663 3641 1753 3658 verum
1773 3636 1812 3658 est
1832 3633 1919 3658 dicere
1938 3635 1985 3657 etc.
2010 3632 2080 3656 Nam
2105 3631 2128 3656 si
2153 3638 2243 3656 verum
2262 3633 2302 3655 est
2325 3630 2413 3655 dicere
2431 3630 2504 3663 quod

1440 3671 1527 3696 album
1546 3670 1589 3699 sit,
1604 3677 1641 3695 ex
1656 3669 1808 3694 necessitate
1827 3668 1994 3693 etc.-Codd.
2008 3665 2070 3692 AC:
2090 3667 2178 3692 dicens
2196 3667 2259 3699 quia
2276 3665 2300 3690 si
2318 3673 2408 3691 verum
2427 3670 2474 3690 etc.

2549 444 2558 452 ·
2565 450 2591 464 A:
2602 444 2626 475 si
2634 450 2679 466 non
2689 445 2723 467 ita
2733 446 2758 467 in

2549 476 2576 491 re
2591 472 2629 491 stt.

2550 549 2632 578 'pena
2639 554 2698 571 -mzz
2705 556 2764 572 men-

2550 576 2614 596 mur.

2547 1024 2555 1031 ·
2562 1029 2596 1045 nc:
2605 1030 2635 1045 ex
2640 1024 2684 1046 hoc
2690 1030 2758 1052 ergo.

2545 1079 2554 1088 '¹
2565 1084 2585 1099 A:
2595 1080 2649 1099 sunt
2656 1078 2755 1100 deenen:

2545 1104 2593 1125 sint
2602 1104 2638 1125 de.

2544 1183 2554 1193 '¹
2568 1183 2597 1204 Ut
2603 1184 2716 1205 omittitur
2725 1185 2753 1206 ab

2544 1215 2594 1231 nez.

2545 1293 2554 1323 f
2564 1299 2590 1314 a:
2599 1295 2726 1322 utrumque,
2736 1298 2757 1316 et

2546 1323 2577 1340 ita
2591 1319 2656 1341 infra.

2540 2465 2549 2473 ⁶
2560 2464 2596 2486 De
2613 2466 2750 2492 generatio-

2540 2497 2569 2512 ne
2583 2493 2606 2512 et
2619 2492 2750 2519 corruptio-

2540 2523 2569 2538 ne
2579 2523 2628 2544 cap.
2640 2524 2669 2544 xi,
2686 2524 2707 2539 n.
2722 2525 2750 2539 1.-

2541 2544 2697 2566 Comment.s.
2706 2545 2750 2566 Th.

2540 2571 2592 2591 lect.
2607 2577 2637 2592 xi.
