2548 4192
754 575 1856 688 PRAEFATIO

346 1212 351 1221 Ι
423 1172 476 1196 ἃ]
491 1175 595 1217 pera
628 1162 776 1203 omnia
808 1161 943 1203 sancti
967 1161 1167 1202 Thomae
1202 1160 1452 1215 Aquinatis,
1476 1158 1738 1200 doctissimis
1772 1160 1982 1215 cuiusque
2015 1160 2166 1202 aetatis
2198 1161 2302 1202 viris
2324 1175 2416 1203 ma-

356 1231 389 1276 ·‘5.
492 1225 607 1266 xime
641 1230 835 1279 accepta,
875 1224 917 1264 in
952 1237 1086 1265 unum
1122 1223 1302 1264 collecta
1339 1222 1456 1263 suere
1494 1223 1696 1277 typisque
1739 1222 1943 1263 mandata
1985 1237 2101 1264 anno
2143 1222 2259 1278 1570
2297 1224 2416 1265 iussu

304 1323 312 1328 ‚
337 1297 394 1334 v„
403 1318 412 1327 η
466 1327 468 1330 ⁴
491 1301 524 1328 s.
547 1287 611 1328 Pii
634 1287 689 1335 V,
724 1286 947 1328 Pontificis
979 1286 1170 1327 Maximi.
1195 1285 1452 1326 Vincentius
1476 1286 1736 1326 Iustinianus
1760 1291 1802 1326 et
1824 1285 2020 1326 Thomas
2043 1286 2286 1341 Martiques
2309 1286 2416 1328 haec

204 1355 252 1396 (t,
274 1360 289 1368 ‘
318 1336 464 1408 ³555*sp
492 1349 547 1391 de
579 1355 784 1405 suscepto
820 1363 952 1405 opere
991 1349 1154 1390 habent
1185 1348 1227 1389 in
1265 1348 1462 1403 Epistola
1502 1348 1815 1404 nuncupatoria
1847 1347 1903 1388 ad
1943 1347 2146 1389 eumdem
2185 1348 2416 1390 Summum

201 1395 322 1443 ‘'⁸²⁴5-
367 1405 469 1444 ἐφ’
491 1413 771 1454 Pontificem:
798 1429 812 1449 ‹
839 1412 1063 1465 Quoniam
1081 1411 1124 1452 id
1141 1424 1314 1466 semper
1328 1411 1530 1466 spectasti
1554 1417 1601 1451 ut
1617 1424 1668 1452 ea
1686 1410 1874 1451 maxime
1898 1411 2041 1451 studia
2060 1411 2276 1467 vigerent,
2302 1424 2416 1466 quae

193 1487 284 1515 non
317 1474 490 1516 inanem
524 1474 761 1530 quamdam
796 1474 1146 1523 oblectationem,
1181 1473 1260 1515 sed
1293 1480 1493 1515 aeternae
1524 1473 1641 1514 vitae
1673 1473 1856 1514 fructum
1889 1473 2198 1514 excellentibus
2232 1474 2416 1530 ingeniis

193 1536 348 1579 afferre
378 1544 582 1592 possunt:
622 1544 864 1593 propterea,
890 1551 988 1578 cum
1011 1537 1185 1578 videres
1218 1536 1410 1593 cogitare
1444 1550 1526 1577 nos
1550 1549 1641 1577 rem
1665 1536 1899 1576 maximam
1927 1541 1970 1576 et
1991 1536 2415 1591 praestantissimam,

191 1599 459 1642 laboriosam
491 1606 636 1642 tamen
665 1601 707 1641 in
731 1600 880 1655 primis
905 1606 947 1642 et
968 1598 1276 1655 perdifficilem,
1310 1605 1358 1640 ut
1391 1599 1539 1639 omnia
1561 1598 1770 1639 Doctoris
1794 1598 1995 1654 Angelici
2028 1598 2185 1653 scripta
2214 1599 2416 1654 pristinae

194 1662 390 1704 restituta
422 1663 668 1719 integritati,
693 1663 736 1704 in
759 1669 907 1704 tomos
940 1668 1039 1717 apte
1074 1662 1301 1703 distributa
1334 1661 1607 1716 (praesertim
1641 1661 1683 1702 in
1713 1661 1820 1702 urbe
1843 1661 2000 1710 Roma,
2025 1661 2170 1702 altrice
2193 1661 2417 1716 quondam

193 1724 482 1781 ingeniorum,
512 1739 625 1767 nunc
653 1725 910 1766 christianae
934 1724 1155 1780 religionis
1178 1724 1421 1778 domicilio)
1446 1724 1604 1765 eodem
1628 1724 1755 1765 simul
1779 1730 1976 1779 tempore
2003 1723 2243 1773 ederentur,
2267 1730 2419 1765 auctor

191 1787 319 1837 fuisti,
354 1801 405 1829 ac
439 1788 653 1829 mandasti
682 1788 811 1829 etiam
844 1794 892 1828 ut
924 1800 1037 1842 opus
1070 1786 1421 1843 aggrederemur,
1446 1786 1662 1841 pollicitus
1690 1786 1939 1827 adiumenta
1971 1786 2054 1835 illa,
2088 1800 2201 1841 quae
2229 1786 2265 1827 si
2288 1786 2416 1828 abes-

192 1855 300 1898 sent,
335 1850 513 1905 perduci
547 1850 604 1892 ad
638 1850 801 1892 exitum
833 1856 952 1891 tanta
982 1863 1051 1891 res
1084 1863 1362 1904 nequaquam
1396 1862 1529 1904 posse
1562 1848 1803 1890 videbatur.
1838 1849 2028 1905 Magnus
2062 1848 2104 1889 in
2140 1849 2416 1890 emendando

190 1911 318 1954 labor
348 1912 436 1962 suit,
472 1913 516 1954 in
548 1926 638 1968 quo
670 1926 794 1954 suam
825 1926 1004 1968 operam
1037 1912 1276 1953 doctissimi
1308 1911 1531 1961 homines,
1566 1912 1740 1952 Fratres
1779 1912 1938 1960 nostri,
1971 1911 2153 1952 libenter
2186 1918 2415 1953 navarunt:

190 1974 270 2016 sed
304 1988 481 2017 omnem
516 1976 713 2017 laborem
746 1975 850 2016 vicit
883 1988 1150 2030 omnemque
1174 1974 1480 2023 difficultatem,
1516 1974 1716 2029 publicae
1750 1974 1937 2029 primum
1971 1973 2183 2029 cupiditas
2211 1974 2415 2024 utilitatis,

189 2036 349 2079 deinde
383 2044 532 2079 nostra
565 2038 782 2094 quaedam
819 2051 922 2094 erga
955 2038 1022 2079 Te
1057 2037 1355 2086 observantia,
1392 2043 1486 2078 orta
1520 2036 1775 2092 iampridem
1811 2043 1853 2078 et
1880 2036 2075 2092 quotidie
2108 2037 2250 2093 magis
2291 2043 2417 2079 aucta

191 2113 246 2142 ex
278 2099 565 2142 admiratione
598 2101 806 2142 virtutum
840 2106 1022 2141 tuarum.
1059 2100 1224 2155 Accipe
1258 2100 1389 2156 igitur
1416 2114 1442 2140 a
1466 2100 1606 2148 nobis,
1643 2099 1900 2140 Beatissime
1934 2101 2072 2148 Pater,
2107 2099 2177 2140 vel
2211 2099 2357 2154 potius
2390 2114 2417 2141 a

189 2163 332 2218 teipso
355 2163 548 2219 accipiat,
573 2163 698 2218 quasi
732 2164 915 2204 fructum
945 2169 1045 2204 tuae
1069 2162 1347 2211 liberalitatis,
1373 2162 1603 2203 christiana
1637 2162 1881 2217 respublica
1914 2162 2018 2203 Divi
2041 2161 2241 2208 Thomae
2268 2162 2414 2212 libros,

192 2238 244 2267 ea
277 2225 475 2267 doctrina
508 2226 711 2274 refertos,
757 2239 870 2281 quae
907 2231 950 2266 te
985 2225 1235 2266 mirabiliter
1274 2226 1330 2266 ab
1369 2224 1664 2266 adolescentia
1704 2224 1955 2273 delectavit,
1991 2225 2319 2279 praeceptisque
2357 2224 2414 2266 ad

193 2301 371 2330 omnem
404 2288 579 2330 laudem
603 2288 896 2330 saluberrimis
931 2288 1151 2336 instruxit;
1187 2294 1234 2329 ut
1257 2301 1378 2329 esses
1401 2287 1637 2342 aliquando
1672 2286 1746 2342 qui
1780 2293 1823 2328 et
1854 2287 2036 2343 gratiam
2060 2287 2215 2328 studiis
2239 2287 2414 2342 optimis

192 2350 360 2400 referre,
397 2357 439 2392 et
471 2351 581 2392 alios
615 2351 670 2392 ad
705 2351 860 2393 eadem
894 2351 1037 2392 studia
1071 2351 1257 2391 excitare
1291 2363 1497 2405 posses.»

289 2413 504 2466 Quamvis
539 2420 684 2454 autem
717 2414 853 2455 Piana
886 2413 992 2454 haec
1027 2413 1174 2454 Editio
1198 2413 1393 2453 omnium
1423 2412 1577 2467 plausu
1600 2412 1726 2453 fuerit
1748 2417 1929 2467 excepta
1950 2425 2000 2452 ac
2022 2411 2290 2467 sapientibus
2311 2426 2414 2468 pro-

193 2475 308 2525 bata,
332 2475 448 2517 haud
481 2475 756 2518 tamenvisa
790 2482 856 2516 est
889 2475 1093 2516 omnibus
1128 2475 1317 2516 numeris
1351 2474 1563 2515 absoluta.
1589 2474 1702 2515 Hinc
1726 2474 1983 2516 Franciscus
2015 2475 2172 2516 Garcia
2193 2475 2412 2530 hispanus,

195 2550 249 2579 ex
272 2544 421 2579 nostra
442 2538 795 2579 Praedicatorum
823 2538 992 2586 familia,
1019 2537 1166 2592 quoad
1196 2537 1424 2579 Summam
1453 2537 1747 2593 theologicam
1781 2538 1925 2592 plures
1954 2537 2170 2579 variantes
2203 2538 2410 2579 lectiones

193 2613 247 2642 ex
281 2599 520 2642 Codicibus
563 2600 942 2642 tarraconensibus
986 2600 1176 2648 notavit,
1213 2613 1322 2655 quas
1358 2600 1517 2655 publici
1555 2600 1658 2640 iuris
1700 2599 1798 2640 fecit
1831 2599 1874 2640 in
1912 2600 2126 2655 opusculo
2164 2601 2413 2642 Tarracone

191 2662 418 2718 impresso,
442 2677 558 2704 anno
590 2662 706 2717 1578
733 2663 813 2717 (Cf.
838 2664 908 2704 De
931 2663 1110 2711 Rubeis,
1135 2662 1302 2704 dissert.
1326 2675 1416 2711 xvl,
1442 2676 1532 2718 cap.
1557 2675 1582 2712 1,
1609 2676 1648 2704 n.
1682 2675 1696 2703 1
1714 2662 1764 2717 1).
1790 2662 1971 2704 Garciae
2001 2663 2247 2718 exemplum
2272 2663 2411 2704 imita-

191 2731 261 2767 tus
276 2726 474 2767 'Cosmas
496 2726 715 2774 Morelles,
740 2725 937 2767 eiusdem
954 2725 1144 2774 Ordinis,
1165 2725 1326 2767 nedum
1343 2725 1571 2767 Summam
1589 2724 1894 2781 theologicam,
1911 2724 1990 2766 sed
2012 2725 2215 2766 universa
2237 2739 2270 2766 s.
2289 2726 2412 2767 Tho-

193 2801 290 2829 mae
313 2802 447 2843 opera
470 2801 524 2829 ex
558 2788 729 2844 integro
763 2788 998 2836 recensuit,
1027 2788 1248 2842 ediditque
1283 2788 1550 2843 Antuerpiae
1592 2790 1706 2829 1612
1731 2788 1813 2828 sub
1848 2787 1931 2828 hoc
1957 2787 2099 2829 titulo:
2124 2788 2182 2829 D.
2222 2789 2412 2829 Thomae

198 2850 390 2906 Operum
406 2850 533 2892 editio
549 2865 672 2899 nova,
687 2851 1033 2906 quamplurimis,
1047 2851 1204 2905 quibus
1221 2851 1424 2898 scatebat,
1445 2850 1614 2891 mendis
1627 2853 1830 2898 correcta,
1844 2863 1943 2891 cum
1963 2850 2211 2905 exemplari
2231 2863 2412 2892 romano

193 2912 350 2967 (Piano
377 2914 557 2968 nempe)
581 2927 634 2954 ac
657 2913 759 2954 aliis
778 2914 1082 2954 vetustissimis
1104 2927 1204 2954 mss.
1231 2913 1349 2954 codd.
1377 2913 1546 2961 collata,
1574 2927 1651 2954 nec
1674 2926 1759 2954 non
1782 2913 1921 2954 variis
1955 2913 2000 2953 in
2032 2926 2188 2954 sacrae
2211 2913 2408 2968 Scriptu-

194 2987 273 3016 rae
305 2975 409 3017 locis
440 2976 556 3017 male
589 2976 792 3030 allegatis
831 2977 1041 3017 restituta.
1074 2977 1190 3017 Ante
1224 2976 1522 3017 recensionem
1557 2976 1852 3017 morellianam
1886 2975 1968 3016 alia
1998 2975 2194 3017 Venetiis
2233 2975 2409 3016 saeculo

196 3036 493 3079 decimosexto
529 3045 724 3087 exeunte,
760 3038 877 3094 apud
911 3038 1159 3080 Haeredem
1193 3039 1451 3093 Hieronymi
1486 3038 1624 3088 Scoti‚
1653 3039 1848 3093 Operum
1885 3038 2118 3092 Aquinatis
2141 3038 2274 3079 editio
2308 3051 2406 3093 per-

193 3099 303 3140 feeta
337 3106 412 3141 est.
447 3100 651 3155 Denique
677 3114 792 3141 anno
835 3103 951 3142 1660
975 3101 1149 3142 Parisiis
1172 3101 1288 3156 apud
1322 3101 1587 3142 Societatem
1610 3101 1946 3156 bibliopolarum
1969 3100 2123 3141 iterum
2151 3101 2265 3156 typis
2288 3114 2410 3141 com-

194 3161 327 3202 missa
349 3168 450 3202 sunt
484 3164 628 3204 sancti
655 3164 696 3203 T
688 3164 845 3205 homae
864 3164 1106 3218 Aquinatis
1128 3177 1186 3205 ex
1215 3163 1379 3204 Ordine
1406 3163 1778 3211 Praedicatorum,
1796 3163 1939 3217 quinti
1957 3163 2180 3204 Ecclesiae
2203 3163 2408 3204 Doctoris

192 3224 407 3278 Angelici,
431 3225 577 3279 Opera
597 3226 743 3267 omnia
759 3226 824 3267 ad
822 3226 966 3281 fidem
984 3227 1372 3268 vetustissimorum
1395 3226 1586 3267 codicum
1611 3239 1711 3267 mss.
1729 3229 1773 3266 et
1788 3225 1999 3267 editorum
2022 3225 2261 3273 emendata,
2279 3228 2410 3267 aucta

194 3289 239 3327 et
267 3300 365 3328 cum
398 3287 721 3342 exemplaribus
742 3289 954 3337 Romano,
986 3289 1146 3330 Veneto
1169 3291 1213 3330 et
1236 3289 1553 3344 Antuerpiensi
1576 3291 1780 3329 accurate
1811 3288 2007 3329 collata...
2037 3289 2210 3329 Partim
2240 3302 2269 3328 a
2300 3288 2406 3328 Rev.

192 3350 330 3390 Patre
361 3350 524 3390 Ioanne
556 3350 741 3398 Nicolai,
772 3364 831 3392 ex
868 3351 1032 3392 Ordine
1063 3352 1280 3392 Fratrum
1317 3351 1679 3392 Praedicatorum
1716 3351 1904 3391 Doctore
1935 3350 2131 3404 theologo
2166 3350 2414 3391 Parisiensi

194 3414 238 3452 et
266 3413 311 3453 in
344 3413 506 3453 maiori
530 3412 748 3453 Conventu
779 3414 1003 3454 Primario
1030 3413 1292 3468 Professore,
1329 3427 1358 3454 a
1390 3413 1558 3454 mendis
1589 3415 1840 3467 expurgata
1872 3415 1916 3453 et
1944 3413 2058 3454 notis
2087 3412 2408 3466 marginalibus

193 3474 416 3516 illustrata
425 3491 443 3523 ,·
457 3475 628 3530 partim
661 3475 718 3516 ab
750 3475 851 3521 aliis
874 3475 1083 3516 Patribus
1104 3475 1294 3516 eiusdem
1323 3475 1502 3516 Ordinis
1533 3474 1773 3516 emendata.
1799 3476 1907 3515 Post
1933 3474 2221 3516 Parisiensem
2250 3474 2405 3516 editio-

194 3549 294 3578 nem
334 3538 450 3578 nulla
482 3538 564 3578 alia
597 3537 757 3592 prodiit
795 3537 978 3578 saeculis
1011 3538 1136 3578 XVII
1170 3544 1213 3578 et
1244 3538 1401 3578 XVIII.
1442 3538 1575 3578 Anno
1609 3536 1786 3591 quidem
1830 3536 1945 3591 1745
1979 3551 2005 3578 a
2037 3537 2226 3592 Iosepho
2270 3537 2406 3578 Betti-

194 3600 320 3649 nello,
354 3606 514 3642 veneto
549 3600 815 3655 Bibliopola,
851 3606 1025 3641 curante
1059 3605 1209 3641 nostro
1242 3600 1405 3641 Ioanne
1438 3599 1671 3641 Francisco
1705 3599 1928 3640 Bernardo
1960 3600 2099 3640 Maria
2131 3599 2187 3641 de
2219 3599 2404 3649 Rubeis,
