2548 4192
521 267 984 306 DISSERTATIONES
1015 266 1264 303 CRITICAE
1295 265 1351 302 IN
1380 265 1418 302 S.
1440 264 1682 301 THOMAM
1710 263 2034 310 AQUINATEM

176 353 266 385 modi
293 350 529 389 Quaestionum
558 348 695 379 lectione
725 347 912 388 profecerit,
942 346 990 376 his
1018 345 1121 376 verbis
1152 345 1258 385 prodit

175 396 338 430 Mariales:
363 395 437 436 Ego
461 393 715 434 octuagenarius
738 402 810 423 sum
842 397 873 422 et
891 391 932 422 ab
951 392 1082 421 ineunte
1099 395 1205 420 aetate
1224 391 1256 419 in

175 442 291 473 studiis
316 443 533 479 consumptus.
557 437 678 468 Fateor
700 438 827 467 sincere
851 437 901 466 his
928 435 1030 466 tribus
1049 435 1100 466 vel
1117 439 1258 475 quatuor

175 487 290 523 annis,
320 493 400 525 quos
428 484 460 513 in
486 481 617 513 edendis
639 482 690 512 his
717 481 967 511 Commentariis
990 480 1182 519 consumpsi,
1208 488 1258 508 me

176 531 274 572 longe
281 530 362 570 plus
371 526 562 568 prqfecisse,
578 535 675 567 quam
691 531 756 556 toto
770 525 908 556 decursu
918 525 1043 564 prioris
1058 525 1142 554 vitae
1156 533 1255 554 meae.

243 574 296 604 111.
321 573 492 603 Innumera
515 571 556 601 ad
578 577 747 610 utramque
772 569 998 609 Theologiam,
1027 568 1211 599 naturalem
1227 574 1258 598 et

176 618 370 655 revelatam,
402 621 589 656 argumenta
616 614 804 655 pertinentia
833 614 867 644 in
890 613 939 643 his
959 619 1125 653 pertractat
1152 613 1256 650 Quae-

175 662 333 694 stionibus
357 667 483 692 sanctus
506 660 651 690 Thomas
676 665 706 689 et
729 658 823 699 copia
837 657 1023 689 eruditionis
1039 664 1069 688 et
1085 657 1256 687 disserendi

176 707 357 739 subtilitate.
382 704 593 745 Dignissimae
617 703 741 734 habitae
761 710 835 733 sunt
851 702 1035 740 nonnullae,
1051 712 1133 742 quae
1147 711 1256 741 graece

175 751 315 783 redditae
339 750 466 781 Graecis
489 748 675 779 hominibus
699 748 940 778 innotescerent.
965 746 1119 777 Codicem
1142 746 1256 776 biblio·

175 797 295 834 thecae,
310 795 390 826 olim
404 793 624 834 Seguerianae,
639 799 751 833 postea
765 792 990 829 Coislinianae,
1006 791 1126 831 profert
1140 791 1255 821 Echar-

176 841 251 879 dus,
275 840 308 870 in
329 849 396 880 quo
416 838 628 876 Quaestiones
641 838 835 878 Disputatae
858 837 898 867 de
913 837 1059 867 Potentia
1082 836 1146 865 Dei
1169 841 1199 866 et
1217 835 1256 866 de

175 884 406 926 Spiritualibus
439 883 599 914 creaturis
629 892 738 922 graece
770 881 936 912 translatae
968 880 1180 911 continentur.
1220 880 1255 910 In

176 930 288 961 eadem
317 927 508 959 bibliotheca
536 927 620 968 typis
651 926 734 957 edita
761 926 950 956 adnotatum
980 924 1117 964 legimus
1140 934 1158 954 a
1181 924 1255 954 Ber-

175 974 275 1005 nardo
300 974 338 1004 de
362 972 585 1010 Montfaucon,
610 971 821 1008 Quaestiones
844 970 924 1008 illas,
950 979 1031 1010 quae
1055 978 1163 1008 graece
1187 969 1255 998 red-

175 1019 258 1050 ditae
282 1024 366 1056 sunt,
392 1016 551 1048 numerari
575 1016 669 1046 duas:
694 1025 730 1046 ac
753 1015 894 1055 priorem
916 1014 956 1044 de
978 1014 1124 1044 Potentia
1148 1012 1181 1042 in
1196 1022 1255 1043 no-

174 1074 249 1094 vem
277 1063 375 1093 libros
407 1062 560 1092 tributam
590 1070 677 1098 esse,
711 1069 794 1100 quos
826 1058 1005 1099 putaverim
1037 1067 1156 1087 novem
1189 1067 1254 1087 esse

176 1108 296 1149 priores
316 1106 539 1144 Quaestiones,
555 1104 653 1144 vulgo
678 1104 718 1134 de
735 1104 882 1134 Potentia
901 1102 1081 1142 inscriptas:
1099 1101 1255 1141 posterio-

174 1161 307 1192 remque
330 1151 370 1181 de
384 1148 615 1190 Spiritualibus
639 1149 800 1178 creaturis
823 1147 856 1177 in
880 1146 983 1187 capita
1007 1145 1168 1183 undecim,
1193 1145 1256 1175 hoc

175 1202 222 1228 est
245 1195 392 1226 undecim
416 1193 573 1224 articulos
596 1192 740 1223 eiusdem
763 1191 968 1232 quaestionis.
987 1190 1082 1221 Caret
1105 1189 1192 1229 prior
1206 1189 1254 1219 in-

173 1239 316 1280 terpretis
340 1238 481 1269 nomine.
511 1238 603 1268 Hanc
627 1246 699 1277 pars
722 1236 819 1267 altera
841 1235 977 1275 praefert
999 1233 1253 1274 inscriptionem:

173 1283 308 1324 Βιβλίαν
326 1282 389 1315 τοῦ
407 1279 611 1325 σοφωτάτου
628 1281 686 1311 καὶ
702 1277 921 1325 λογιωτάτου
941 1278 1003 1310 τοῦ
1020 1277 1133 1320 κυριοῦ
1149 1276 1256 1321 θωμᾶ

173 1330 233 1361 καὶ
252 1321 516 1373 πρεδικατόρος,
537 1324 618 1362 ἤτοι
634 1323 776 1369 κήρυκος
794 1331 852 1356 etc.
871 1325 968 1355 Liber
982 1324 1210 1364 sapientissimi
1226 1328 1256 1354 et

153 1388 157 1389 ⁷
173 1375 348 1406 doctissimi
370 1373 492 1404 domini
519 1372 658 1402 Thomae
672 1370 922 1407 Praedicatoris,
939 1369 989 1400 vel
1006 1369 1181 1399 Praeconis
1196 1374 1253 1399 etc.

242 1419 278 1450 In
301 1418 455 1450 Caesarea
469 1415 712 1448 vindobonensi
733 1414 924 1445 bibliotheca
938 1413 1024 1444 iuxta
1039 1413 1255 1444 Reimannum

173 1463 227 1495 lib.
253 1463 291 1495 V.
310 1462 382 1494 cod.
398 1461 495 1500 CCL,
520 1471 610 1492 num.
638 1470 678 1502 27
703 1458 761 1502 (ait
784 1456 962 1500 Echardus)
994 1464 1115 1488 exstant
1145 1467 1254 1497 graece

174 1518 212 1540 ex
234 1504 276 1539 s.¹
291 1508 431 1538 Thomae
460 1506 632 1547 Aquinatis
667 1505 739 1542 QQ.
769 1504 898 1544 Disput.
923 1503 964 1533 de
995 1503 1140 1533 Potentia
1173 1502 1253 1540 Dei,

173 1557 325 1594 excerpta
348 1552 388 1583 de
406 1551 613 1592 processione
635 1550 776 1590 Spiritus
794 1548 915 1579 Sancti.
932 1548 967 1578 In
982 1547 1126 1578 eiusdem
1140 1546 1254 1577 biblio-

172 1597 282 1630 thecae
306 1596 463 1636 catalogo,
487 1605 586 1636 quem
609 1593 770 1625 Nesselius
790 1599 863 1633 post
878 1591 1088 1622 Lambecium
1102 1591 1253 1631 vulgavit,

173 1642 245 1674 cod.
270 1641 358 1673 CXC
381 1651 471 1671 num.
499 1650 540 1682 27
564 1640 641 1670 haec
664 1639 836 1669 habentur:
860 1637 916 1667 Ex
937 1646 964 1668 s.
994 1637 1134 1667 Thomae
1155 1636 1253 1676 Aqui-

173 1687 260 1718 natis
277 1684 526 1724 Quaestionibus
547 1684 799 1724 disputationum
824 1682 864 1713 de
879 1682 1026 1712 Potentia
1049 1681 1112 1711 Dei
1130 1680 1252 1711 Excer-

166 1737 228 1773 pta
251 1731 292 1762 de
308 1731 516 1771 processione
539 1729 680 1769 Spiritus
706 1727 820 1758 sancti.
845 1726 975 1757 Titulus
1006 1732 1037 1756 et
1060 1724 1253 1764 principium

174 1782 235 1807 est:
259 1773 367 1818 Θωμᾶ
382 1773 445 1805 τοῦ
465 1771 534 1805 ἀπὸ
555 1772 617 1809 τῆς
633 1769 783 1815 κηρύκων
801 1768 930 1810 τάξεως
941 1792 950 1809 ,
966 1769 1026 1800 καὶ
1041 1762 1250 1799 διδασκάλου

175 1818 272 1864 παρά
295 1819 456 1855 Λατίνοις
482 1817 545 1855 τῆς
570 1817 659 1861 ἱερᾶς
678 1815 744 1847 τῶν
759 1814 963 1860 χριστιανῶν
979 1811 1162 1859 γεγονότος
1180 1812 1251 1844 θεο-

172 1865 293 1910 λογίας
319 1871 376 1895 etc.
407 1864 546 1894 Tkomae
576 1873 618 1893 ex
651 1861 775 1892 Ordine
805 1860 1074 1891 Praedicatorum
1107 1864 1138 1889 et
1165 1859 1253 1900 apud

172 1910 308 1940 Latinos
343 1917 459 1940 sacrae
491 1907 750 1938 Christianorum
788 1905 970 1946 theologiae
1005 1905 1157 1945 magistri
1193 1910 1250 1934 etc.

173 1954 266 1992 Quae
285 1953 417 1995 quidem
431 1952 596 1992 Excerpta
620 1951 810 1991 deprompta
833 1956 908 1980 sunt
931 1959 968 1979 ex
982 1955 1096 1989 quarto
1112 1948 1252 1979 decimae

173 1997 368 2040 quaestionis
396 1996 550 2035 articulo,
578 1996 660 2027 inter
687 2005 760 2032 eas,
791 2004 874 2035 quae
901 1994 942 2024 de
969 1994 1116 2024 Potentia
1144 1993 1252 2024 inscri-

172 2043 309 2074 buntur:
334 2041 390 2073 ubi
412 2041 592 2083 inquiritur,
614 2046 723 2071 utrum
743 2039 884 2080 Spiritus
903 2038 1043 2069 Sanctus
1060 2038 1219 2078 procedat
1232 2048 1252 2068 a

173 2087 269 2118 Filio.

241 2131 349 2163 Refert
371 2131 505 2161 demum
534 2129 698 2160 Echardus
722 2138 759 2159 ex
783 2128 928 2168 catalogo
957 2127 1167 2158 bibliothecae
1190 2127 1253 2158 Va-

173 2176 294 2208 ticanae
324 2185 474 2217 graecum
496 2175 691 2215 Excerptum
714 2183 756 2204 ex
775 2172 1023 2210 Quaestionibus
1038 2172 1078 2202 de
1093 2172 1184 2202 Malo
1202 2181 1253 2202 sa-

167 2222 364 2263 pientissimi
390 2220 530 2250 viomae
552 2219 592 2250 de
614 2219 757 2260 Aquino,
783 2227 918 2248 numero
942 2222 972 2248 et
995 2216 1109 2247 ordine
1132 2217 1253 2247 articu-

175 2266 281 2297 lorum
312 2265 455 2296 omnium
485 2265 633 2295 servatis.
665 2263 824 2301 Quisnam
854 2261 1041 2292 huiusmodi
1069 2261 1254 2291 versionum

176 2316 288 2341 auctor
311 2309 372 2340 dici
397 2306 530 2340 debeat?
553 2309 644 2339 Hanc
659 2314 798 2348 spartam
822 2313 976 2337 ornarunt
990 2306 1092 2346 graeci
1107 2305 1254 2336 homines

174 2361 206 2386 et
227 2354 316 2386 latini
339 2363 449 2394 graece
472 2352 567 2384 docti.
593 2352 727 2383 Saeculo
751 2351 972 2383 tertiodecimo
996 2351 1077 2381 inter
1100 2357 1254 2380 nostrates

173 2399 285 2431 claruit
308 2397 500 2430 Guillelmus
523 2397 685 2435 Bernardi,
710 2396 914 2428 Gaillacensis
935 2395 1048 2433 dictus,
1064 2395 1154 2436 quod
1169 2394 1253 2425 Gail-

173 2443 292 2482 lacum,
315 2442 423 2473 nobile
454 2441 636 2474 Occitaniae
660 2442 700 2471 ad
730 2442 876 2471 Tornem
906 2439 1042 2470 fluvium
1075 2439 1252 2479 oppidum,

174 2487 310 2529 patriam
333 2487 477 2524 haberet,
501 2486 535 2516 in
559 2486 715 2516 Ordinem
738 2485 879 2516 Tolosae
910 2484 1060 2514 adlectus.
1085 2483 1125 2514 In
1153 2483 1254 2513 Grae-

174 2533 257 2564 ciam
290 2530 516 2572 transfretavit
548 2528 717 2572 (Bernardi
746 2529 904 2560 Guidonis
934 2529 1029 2558 verba
1060 2534 1134 2558 sunt
1167 2527 1253 2567 apud

172 2574 383 2618 Echardum),
401 2576 613 2616 pervenitque
638 2573 960 2614 Constantinopolim,
977 2573 1031 2603 ubi
1045 2577 1075 2602 et
1091 2572 1195 2602 locum
1210 2571 1254 2602 ad

173 2621 382 2652 habitandum
407 2620 529 2660 accepit
551 2629 638 2649 anno
668 2619 762 2659 1298,
788 2618 892 2658 ibique
910 2618 1009 2648 libros
1023 2616 1149 2658 fratris
1172 2616 1252 2646 Tho-

174 2675 248 2696 mae
270 2665 310 2696 de
332 2665 460 2705 Aquino
484 2674 502 2695 e
524 2664 626 2694 latino
648 2672 787 2704 graecos
801 2662 896 2703 fecit.
914 2662 1056 2699 Quinam
1072 2660 1188 2691 suerint
1202 2660 1252 2691 isti

172 2710 244 2741 libri
275 2719 342 2740 non
365 2708 483 2739 indicat
510 2708 698 2739 Bernardus.
723 2710 835 2738 Aetate
859 2706 1005 2747 sequiore
1029 2705 1187 2736 Marsilius
1202 2705 1253 2735 Fi-

174 2754 266 2786 cinus
289 2753 418 2792 dicitur,
442 2753 570 2784 iubente
594 2752 766 2783 Laurentio
791 2752 830 2782 de
853 2751 1002 2789 Medicis,
1027 2760 1152 2790 graecas
1177 2760 1252 2790 ope-

173 2809 247 2830 rum
277 2798 460 2840 aliquorum
488 2797 636 2828 Thomae
663 2796 824 2827 versiones
854 2796 1079 2832 concinnasse,
1110 2805 1192 2835 quae
1219 2794 1253 2824 in

173 2843 387 2875 Laurentiana
408 2842 592 2873 Florentina
617 2841 809 2872 bibliotheca
831 2841 1044 2871 adserventur.
1064 2839 1254 2880 Optandum

174 2894 212 2919 ut
234 2887 448 2928 diligentiores
480 2886 614 2926 catalogi
647 2886 774 2916 easdem
805 2885 934 2916 tandem
962 2884 1134 2925 aliquando
1166 2893 1254 2924 prae-

177 2938 276 2962 stent:
300 2932 390 2972 quod
413 2941 454 2962 an
477 2931 663 2971 praestitum
686 2930 838 2961 hactenus
863 2929 967 2968 fuerit,
991 2929 1140 2969 ignotum
1164 2928 1253 2958 mihi.

245 2975 357 3006 Graeci
389 2982 528 3016 quatuor
559 2975 726 3015 scriptores
762 2980 1001 3011 memorantur,
1034 2973 1090 3014 qui
1124 2983 1255 3013 operam

179 3029 272 3050 suam
295 3019 496 3050 contulerint.
520 3020 669 3050 Maximo
691 3019 834 3050 Planudi
856 3018 951 3049 tribui
970 3018 1051 3048 solet
1065 3028 1174 3057 graeca
1188 3028 1255 3047 ver-

179 3064 227 3094 sio
242 3063 396 3094 Summae
418 3063 625 3104 theologicae.
644 3066 766 3094 Auctor
788 3063 942 3094 versionis
966 3062 1119 3093 Summae
1142 3067 1256 3092 contra

177 3113 292 3150 gentes
316 3107 430 3137 dicitur
451 3107 638 3138 Demetrius
654 3108 833 3148 Cydonius.
850 3107 967 3138 Graece
981 3107 1074 3137 vertit
1091 3106 1255 3146 Opuscula

179 3152 338 3194 quaedam
360 3151 543 3182 Prochorus
570 3152 745 3192 Presbyter
767 3152 952 3183 monachus.
978 3151 1124 3191 Denique
1147 3161 1257 3190 graeca

182 3197 415 3235 Quaestionum
431 3195 692 3235 Disputatarum,
708 3206 788 3237 quas
804 3195 1065 3233 memoravimus,
1081 3195 1175 3226 tribui
1190 3205 1256 3225 ver-

179 3241 228 3272 sio
254 3241 335 3271 solet
360 3240 545 3277 Gennadio,
573 3240 628 3280 qui
661 3240 783 3280 primus
813 3240 1159 3280 Constantinopoleos,
1184 3246 1258 3279 post

180 3285 351 3317 Orientalis
380 3284 576 3315 Graecorum
607 3284 734 3324 Imperii
765 3285 943 3323 excidium,
967 3284 1169 3314 renunciatus
1198 3283 1258 3314 fuit

179 3330 369 3368 Patriarcha,
385 3329 487 3360 dictus
501 3335 573 3359 ante
588 3335 767 3369 susceptam
781 3329 967 3369 dignitatem
983 3328 1146 3368 Georgius
1162 3328 1257 3359 Scho-

182 3375 296 3406 larius.
1004 3392 1006 3394 -

248 3419 325 3449 Non
349 3418 406 3449 erit
429 3426 544 3457 operae
568 3416 772 3457 dispendium
800 3423 963 3456 postremo
988 3416 1061 3446 loco
1085 3417 1257 3447 admonere

183 3462 331 3494 Thomae
354 3462 454 3493 nostri
478 3471 658 3501 cognomen
681 3461 715 3491 in
737 3460 823 3491 hisce
847 3461 1009 3491 codicibus
1033 3460 1150 3499 graecis
1173 3461 1257 3490 varie

181 3507 338 3548 scriptum
359 3507 437 3546 legi,
462 3516 562 3546 eaque
584 3505 731 3536 varietate
755 3505 904 3544 deceptos
931 3504 965 3534 in
988 3514 1127 3534 errorem
1146 3504 1257 3534 abiisse

184 3551 360 3592 scriptores.
384 3550 634 3591 Diligentissimo
658 3549 803 3580 Echardo
818 3548 1072 3579 admonitionem
1086 3549 1255 3579 debemus:

184 3595 276 3626 debet
298 3595 351 3626 ille
373 3596 466 3626 Petro
499 3594 680 3626 Lambecio.
706 3594 867 3634 Scriptum
899 3593 1071 3633 aliquando
1100 3593 1256 3632 legimus,

185 3638 248 3671 τοῦ
271 3638 397 3680 ἀκίνου,
416 3640 491 3671 alias
514 3633 553 3670 δὲ
572 3638 725 3670 άκουίνου
751 3645 781 3669 et
804 3631 843 3668 δὲ
870 3636 997 3677 ἀκίνου,
1014 3637 1091 3668 item
1108 3635 1176 3668 ἀπὸ
1193 3635 1255 3669 τοῦ

2266 275 2387 301 CLxxv

1318 345 1463 384 κουίνού,
1489 354 1525 375 ac
1549 344 1681 374 demum
1705 353 1766 375 του
1793 342 1946 387 ἀγχίνου.
1973 343 2057 373 Hinc
2076 343 2388 383 deceptuslo.1aco-

1313 390 1371 420 bus
1395 389 1514 419 Frisius
1538 386 1654 431 (verbis
1684 395 1758 418 utor
1781 387 1942 418 Lambecii
1973 387 2055 418 libro
2080 387 2091 417 Ι
2121 387 2270 417 Biblioth.
2296 387 2387 418 Caes.

1312 434 1451 465 Vindob.
1477 443 1547 473 pag.
1579 434 1637 472 146
1663 439 1694 463 et
1722 431 1796 475 147)
1812 442 1935 462 novum
1950 431 2008 462 sibi
2021 431 2111 462 finxit
2127 438 2289 462 auctorem
2308 433 2387 462 1710-

1312 489 1398 509 mam
1427 478 1632 508 Anchinum:
1661 477 1716 518 qui
1747 487 1853 507 revera
1883 487 1949 507 non
1973 483 2020 507 est
2043 476 2123 506 alius
2155 476 2193 505 ab
2217 475 2386 516 Aquinate.

1312 523 1423 553 Valere
1457 532 1588 563 quoque
1620 522 1707 552 idem
1736 521 1925 552 Lambecius
1948 520 2036 551 iubet
2067 519 2249 551 Antonium
2272 520 2388 550 Verde-

1311 566 1396 597 rium
1419 567 1452 597 in
1475 566 1671 597 Bibliotheca
1701 565 1979 605 Constantinopol.
2005 565 2136 606 eiusque
2166 563 2390 604 exscriptorem

1311 611 1522 642 Possevinum
1545 618 1636 641 tomo
1661 611 1702 641 111
1726 613 1906 651 Apparatus
1935 610 2037 648 Sacri,
2070 609 2208 649 legentes
2237 609 2388 639 Thomam

1317 656 1523 693 Theacinum,
1548 655 1720 696 ipsumque
1744 655 1955 686 existimantes
1979 654 2018 684 ab
2041 653 2200 695 Aquinate
2216 652 2386 684 diversum.

1312 698 1420 738 Quid?
1444 700 1533 741 quod
1561 700 1698 730 Thomas
1720 700 1835 737 Anort,
1860 699 1975 729 eodem
1993 698 2186 729 admonente
2206 697 2388 736 Lambecio,

1311 744 1344 774 in
1369 745 1513 784 catalogo
1542 744 1769 774 Posseviniano
1794 743 1945 774 occurrit:
1973 743 2029 784 qui
2058 753 2125 773 non
2148 742 2228 772 alius
2257 741 2388 772 demum

1312 799 1411 829 quam
1434 796 1542 819 noster
1564 788 1718 829 Aquinas.

1707 895 1918 933 CAPUT
1947 896 1997 932 II.

1310 992 1421 1018 Scholae
1445 992 1588 1017 indicantur
1619 999 1648 1016 ac
1670 996 1789 1024 tempora
1813 990 1981 1022 definiuntur,
2005 991 2050 1016 ubi
2069 997 2095 1017 et
2118 992 2221 1025 quando
2246 992 2388 1025 praedictas

1383 1028 1555 1059 Quaestiones
1583 1027 1700 1051 Thomas
1720 1026 1823 1059 agitavit
1848 1027 2066 1060 elucubravitque.
2086 1027 2125 1052 De
2144 1035 2219 1058 anno,
2239 1028 2296 1052 data
2314 1035 2388 1052 occa-

1382 1064 1463 1094 sione,
1477 1063 1618 1094 disseritur,
1631 1070 1684 1095 quo
1697 1068 1801 1087 sanctus
1821 1063 1917 1087 Doctor
1930 1063 2066 1096 Neapolim
2080 1063 2113 1087 ad
2127 1063 2272 1088 docendum
2287 1071 2301 1088 a
2316 1063 2388 1096 Rege

1382 1099 1476 1124 Carolo
1495 1098 1589 1124 accitus
1609 1103 1656 1123 est.

1311 1194 1334 1224 Ι.
1357 1187 1480 1270 Loca
1504 1203 1598 1237 atque
1622 1202 1778 1236 tempora,
1795 1196 1850 1227 ubi
1874 1203 1904 1227 et
1925 1197 2053 1238 quando
2073 1198 2263 1237 Disputatas
2282 1198 2387 1235 Quae-

1421 1241 1540 1271 stiones
1568 1240 1695 1280 agitavit
1726 1247 1852 1272 sanctus
1884 1241 2048 1279 Thomas,
2078 1242 2218 1273 indicant
2247 1253 2283 1273 ac
2311 1242 2386 1274 defi-

1309 1283 1403 1314 niunt
1425 1285 1544 1315 laudati
1567 1285 1781 1326 probatissimi
1810 1285 1986 1325 scriptores.
2011 1286 2207 1326 Logothetae
2223 1294 2253 1317 et
2268 1287 2387 1319 Triveti

1309 1329 1403 1359 verba
1423 1336 1506 1360 sunt:
1529 1330 1740 1367 Quaestiones
1758 1330 1798 1360 de
1820 1330 1958 1360 Veritate
1974 1335 2004 1361 et
2019 1331 2106 1361 ultra
2121 1331 2255 1362 Parisiis
2278 1332 2384 1373 dispu-

1309 1374 1399 1404 tavit.
1433 1374 1533 1411 Quod
1556 1374 1642 1404 idem
1666 1385 1749 1415 opus
1780 1375 1818 1404 ab
1842 1374 2001 1415 Aquinate
2030 1375 2247 1415 compositum
2277 1377 2386 1407 Ptolo-

1309 1427 1420 1448 maeus
1444 1419 1590 1457 adnotat,
1616 1420 1683 1459 ipso
1707 1419 1836 1449 Thoma
1860 1420 1923 1449 iam
1949 1421 2151 1460 magistram,
2177 1430 2232 1450 seu
2257 1421 2295 1450 ad
2319 1431 2386 1460 gra-

1309 1461 1389 1492 dum
1412 1463 1581 1503 magisterii
1605 1463 1638 1493 in
1661 1463 1827 1494 Parisiensi
1844 1463 2053 1494 Universitate
2076 1471 2238 1504 promoto.
2257 1465 2291 1495 In
2316 1465 2387 1495 Dis-

1309 1507 1477 1538 sertatione
1501 1508 1540 1538 de
1555 1507 1796 1539 Commentario
1820 1508 1854 1538 in
1877 1514 2016 1549 quatuor
2034 1508 2268 1539 Sententiarum
2291 1509 2388 1540 libros

1309 1552 1418 1591 amplo
1438 1562 1584 1582 sermone
1601 1553 1811 1591 ostendimus,
1827 1552 2021 1593 Aquinatem
2035 1559 2182 1583 nostrum
2197 1563 2282 1584 anno
2305 1555 2385 1584 1253

1309 1606 1385 1626 suos
1419 1597 1451 1627 in
1475 1597 1658 1628 Sententias
1689 1597 1854 1627 inchoasse
1888 1597 2166 1635 Commentarios,
2195 1598 2388 1628 baccalaurei

1309 1650 1441 1671 munere
1474 1641 1661 1681 fungentem
1692 1642 1725 1671 in
1759 1641 1867 1672 schola
1900 1641 2000 1672 fratris
2031 1642 2119 1672 Eliae
2147 1642 2287 1673 Bruneti.
2318 1643 2388 1673 Dis-

1308 1684 1389 1715 sidio
1414 1692 1504 1716 moto
1529 1696 1547 1715 a
1571 1685 1745 1716 Guillesmo
1770 1686 1808 1716 de
1833 1686 2074 1716 Sancto-amore
2098 1686 2136 1716 ab
2164 1686 2296 1728 aliisque
2324 1687 2387 1717 Pa-

1308 1729 1490 1760 risiensibus
1514 1730 1680 1770 magistris,
1706 1731 1858 1770 denegata
1882 1730 1941 1761 fuit
1964 1741 1999 1761 ac
2024 1731 2119 1761 dilata
2142 1731 2282 1769 licentia,
2303 1741 2385 1772 quae

1308 1783 1366 1813 pro
1391 1783 1481 1815 more
1513 1784 1598 1805 anno
1629 1775 1712 1814 1254
1736 1775 1867 1805 concedi
1898 1775 2044 1805 Thomae
2069 1775 2236 1814 debuerat,
2261 1782 2297 1806 ut
2320 1786 2384 1806 eas-

1307 1817 1381 1848 dem
1405 1828 1562 1858 exponere
1584 1819 1767 1850 Sententias
1790 1826 1931 1859 pergeret
1954 1826 2118 1860 tamquam
2142 1820 2297 1859 magister.
2323 1820 2385 1850 Da-

1306 1869 1356 1893 tae
1380 1862 1543 1904 factaeque
1567 1863 1715 1894 licentiae
1738 1874 1823 1894 anno
1854 1864 1933 1894 1256
1954 1863 2083 1894 ineunte
2106 1865 2144 1894 ab
2169 1864 2386 1895 Universitatis

1308 1906 1506 1938 Cancellario
1530 1908 1720 1939 obstiterunt
1734 1908 1909 1948 pervicaces
1925 1908 2075 1948 magistri;
2091 1919 2248 1949 suamque
2261 1909 2384 1946 aulam,

1308 1961 1363 1982 seu
1389 1953 1587 1992 principium
1611 1954 1664 1983 sui
1693 1954 1863 1994 regiminis
1885 1953 2012 1990 habere,
2038 1959 2074 1983 ut
2104 1953 2304 1994 inquiebant,
2330 1964 2385 1984 seu

1308 1996 1423 2026 thesim
1447 1997 1609 2037 publicam
1632 1997 1664 2027 in
1689 1997 1761 2027 aula
1785 1997 2043 2037 archiepiscopali
2062 2007 2264 2038 propugnare
2279 2008 2388 2028 coram

1308 2041 1479 2082 palamque
1503 2051 1569 2072 non
1593 2041 1710 2082 potuit,
1734 2048 1770 2072 ut
1793 2042 1899 2072 laurea
1923 2041 2061 2072 doctoris
2085 2049 2140 2072 aut
2163 2042 2303 2082 magistri
2328 2042 2385 2073 do-

1309 2092 1445 2123 naretur.
1471 2085 1610 2116 Dissidio
1635 2086 1767 2117 demum
1791 2096 1875 2116 anno
1906 2087 1986 2117 1256
2011 2093 2066 2117 aut
2089 2086 2274 2127 insequente
2304 2088 2385 2129 1257

1310 2130 1510 2170 composito,
1535 2131 1659 2171 agnitus
1683 2141 1746 2172 pro
1766 2131 1917 2171 magistro
1941 2131 2102 2171 Aquinas,
2127 2141 2232 2170 regere
2256 2131 2387 2161 nomine

1309 2185 1369 2205 suo
1394 2175 1537 2205 scholam
1562 2175 1676 2215 coepit.
1702 2175 1786 2206 Hinc
1807 2175 1937 2213 factum,
1954 2182 1990 2205 ut
2004 2185 2078 2205 cum
2093 2175 2308 2215 superioribus
2323 2176 2385 2206 dis-

1309 2219 1380 2249 sidii
1404 2219 1510 2258 annis,
1542 2230 1722 2260 numquam
1746 2219 1930 2250 intermissis
1963 2219 2166 2258 lectionibus,
2191 2220 2387 2260 explanasset

1309 2264 1491 2294 Sententias
1505 2265 1662 2302 Thomas,
1678 2274 1788 2294 earum
1802 2264 1887 2301 loco,
1900 2270 1973 2304 post
1986 2263 2094 2303 ipsum
2111 2264 2277 2294 dissidium
2298 2275 2385 2295 com-

1309 2308 1463 2348 positum,
1484 2308 1695 2345 Quaestiones
1718 2309 1758 2339 de
1779 2309 1917 2338 Veritate
1939 2308 2062 2348 integro
2087 2308 2215 2338 biennio
2240 2309 2382 2340 traderet.

1309 2353 1455 2393 Tempus
1480 2363 1554 2392 ergo
1578 2360 1705 2391 notum,
1730 2362 1796 2393 quo
1821 2363 1892 2393 pars
1915 2352 1992 2383 haec
2007 2353 2255 2393 Disputatarum
2280 2353 2386 2390 Quae-

1308 2398 1447 2428 stionum
1472 2397 1654 2427 elucubrata
1677 2407 1695 2427 a
1718 2397 1848 2427 Thoma
1871 2397 1940 2427 fuit.

1375 2442 1450 2471 Pars
1474 2441 1569 2471 altera
1592 2441 1751 2482 sequitur,
1784 2442 1822 2472 de
1846 2451 1910 2482 qua
1933 2441 1977 2472 sic
2007 2441 2124 2472 habent
2153 2442 2331 2481 Logotheta
2355 2449 2386 2472 et

1309 2485 1474 2516 Trivetus:
1499 2487 1606 2516 Aliam
1624 2491 1754 2526 partem
1782 2485 2014 2523 Quaestionum
2038 2485 2078 2516 de
2100 2487 2246 2516 Potentia
2270 2487 2333 2516 Dei
2356 2492 2387 2517 et

1309 2531 1397 2561 ultra
1420 2531 1548 2570 scripsit
1572 2531 1604 2561 in
1636 2530 1745 2561 Italia.
1770 2531 1845 2560 Non
1868 2530 1960 2568 istas,
1985 2530 2039 2560 sed
2063 2540 2145 2571 quae
2173 2530 2387 2561 inscribuntur

1308 2575 1348 2605 de
1371 2575 1600 2615 Spiritualibus
1619 2576 1789 2612 creaturis,
1807 2575 1847 2605 de
1861 2575 1952 2605 Malo
1972 2580 2003 2605 et
2016 2574 2056 2605 de
2077 2575 2251 2606 Virtutibus
2266 2576 2304 2606 ab
2321 2578 2386 2606 An-

1308 2619 1410 2659 gelico
1434 2626 1636 2660 praeceptore
1661 2620 1693 2649 in
1717 2619 1816 2649 Italia
1841 2626 2040 2659 pertractatas
2069 2619 2270 2650 disertissime
2294 2620 2387 2650 refert

1308 2664 1524 2694 Ptolomaeus.
1550 2663 1616 2694 Viri
1639 2663 1864 2704 probatissimi,
1889 2664 1944 2704 qui
1969 2663 2067 2694 sancti
2091 2664 2237 2694 Thomae
2256 2665 2387 2694 auditor

1309 2707 1385 2746 fuit,
1401 2708 1607 2749 familiarem
1632 2718 1706 2739 cum
1730 2708 1801 2748 ipso
1826 2709 1926 2738 multo
1955 2714 2096 2748 tempore
2120 2709 2385 2739 consuetudinem

1308 2752 1430 2790 habuit,
1454 2763 1529 2783 cum
1553 2763 1657 2793 eoque
1681 2753 1814 2783 demum
1837 2753 1982 2783 extremis
2005 2752 2086 2783 vitae
2103 2753 2193 2782 annis
2208 2763 2315 2783 comes
2331 2753 2384 2783 ad-

1308 2797 1408 2828 lectus
1432 2797 1543 2827 itinera
1567 2797 1713 2836 confecit,
1734 2797 1860 2828 caeteris
1885 2797 2015 2827 fortasse
2035 2797 2237 2837 praeferenda
2256 2796 2332 2827 fides
2354 2804 2385 2828 et

1309 2841 1489 2872 auctoritas.

1376 2886 1508 2917 Reditus
1531 2886 1679 2917 Thomae
1702 2886 1735 2916 in
1759 2886 1892 2924 ltaliam,
1917 2885 2178 2916 commorationis
2193 2885 2335 2915 eiusdem
2350 2885 2383 2915 in

1310 2930 1439 2961 diversis
1454 2931 1568 2961 'Italiae
1592 2931 1688 2969 locis,
1713 2930 1894 2971 reditusque
1919 2930 1951 2960 in
1976 2930 2086 2959 urbem
2116 2929 2309 2960 Parisiorum
2334 2930 2386 2960 de-

1309 2975 1399 3005 finire
1422 2982 1567 3015 tempora
1591 2982 1736 3015 praestat,
1762 2981 1797 3005 ut
1820 2985 1886 3015 quo
1911 2975 2043 3004 demum
2071 2981 2214 3013 ternpore
2238 2974 2318 3004 hanc
2342 2974 2385 3004 al-

1309 3027 1409 3050 teram
1443 3019 1674 3056 Quaestionum
1699 3026 1821 3059 partem
1852 3018 2039 3054 confecerit,
2064 3018 2176 3048 clarius
2200 3018 2385 3049 innotescat.

1309 3065 1413 3095 Verba
1429 3064 1530 3094 refero
1545 3064 1723 3094 Ptolomaei
1735 3063 1886 3094 Lucensis
1902 3063 1982 3092 libro
1993 3063 2091 3099 XXII,
2111 3062 2211 3102 capite
2225 3070 2297 3093 xxn:
2313 3063 2388 3093 Post

1310 3114 1376 3139 tres
1399 3118 1503 3139 annos
1525 3110 1578 3139 sui
1600 3109 1781 3149 magisterii
1804 3108 1887 3137 redit
1910 3108 1943 3137 in
1968 3107 2110 3144 Italiam,
2137 3112 2278 3147 tempore
2302 3108 2386 3138 vide-

1311 3153 1384 3183 licet
1407 3153 1531 3183 Urbani
1545 3153 1602 3183 IV.
1623 3153 1677 3183 Ait
1701 3152 1795 3182 etiam
1817 3151 1918 3191 capite
1938 3159 2027 3181 xxm:
2050 3152 2144 3181 Anno
2160 3152 2293 3182 Domini
2314 3151 2387 3182 1261

1315 3197 1467 3227 Urbanus
1490 3197 1543 3227 IV
1561 3198 1593 3227 in
1613 3196 1775 3227 Cathedra
1798 3197 1886 3226 Petri
1908 3196 2006 3233 sedet,
2022 3201 2206 3236 assumptus
2223 3197 2255 3226 in
2271 3197 2385 3226 Decol-

1311 3242 1432 3272 latione
1459 3251 1485 3272 s.
1510 3241 1645 3271 Ioannis
1674 3241 1841 3280 Baptistae
1871 3238 1943 3282 (die
1970 3250 2010 3280 29
2040 3239 2208 3282 Augusti).
2234 3241 2275 3270 Et
2303 3240 2386 3280 capi-

1311 3292 1341 3316 te
1364 3293 1446 3315 xx1v:
1477 3286 1566 3316 Tunc
1588 3285 1705 3325 frater
1732 3285 1869 3314 Thomas
1891 3285 1976 3314 redit
1998 3284 2038 3314 de
2068 3285 2203 3315 Parisiis
2227 3294 2269 3314 ex
2291 3285 2387 3314 certis

1312 3331 1419 3360 causis
1442 3335 1473 3359 et
1495 3329 1539 3359 ad
1555 3330 1741 3368 petitionem
1770 3329 1894 3359 Urbani
1917 3329 2019 3358 multa
2031 3328 2119 3369 fecit
2142 3334 2173 3358 et
2185 3329 2322 3367 scripsit.
2339 3328 2386 3358 Ex

1311 3373 1360 3403 his
1384 3373 1497 3412 collige
1521 3373 1597 3403 duo:
1628 3384 1653 3403 1.
1674 3373 1750 3403 Post
1767 3382 1806 3412 ²9
1822 3372 1939 3402 mensis
1963 3372 2088 3411 augusti
2105 3373 2189 3402 diem
2206 3372 2278 3401 anni
2302 3373 2379 3402 1261

1310 3417 1344 3447 in
1364 3417 1486 3447 Italiam
1509 3417 1692 3456 remigrasse
1716 3416 1919 3456 Aquinatem:
1946 3426 1974 3446 2.
2000 3415 2103 3446 Verba
2125 3415 2179 3445 illa
2195 3416 2383 3454 Ptolomaei,

1304 3466 1380 3501 post
1403 3466 1469 3491 tres
1492 3471 1596 3491 annos
1623 3462 1675 3490 sui
1698 3461 1897 3501 magisterii,
1930 3470 1995 3490 non
2019 3460 2061 3490 ita
2085 3470 2193 3500 presso
2218 3460 2383 3501 rigidoque

1311 3505 1432 3535 calculo
1458 3505 1693 3544 computanda,
1726 3511 1762 3534 ut
1786 3504 1946 3543 completo
1971 3504 2106 3534 triennio
2131 3504 2237 3534 statim
2261 3504 2383 3535 Italiam

1310 3549 1468 3588 ingressus
1491 3548 1585 3578 fuerit
1608 3549 1762 3578 Thomas.
1788 3548 1943 3578 Lauream
1967 3548 2136 3588 magisterii
2155 3549 2194 3578 ab
2209 3548 2279 3589 ipso
2296 3559 2383 3579 acce-

1311 3600 1399 3633 ptam
1422 3593 1472 3623 vel
1495 3603 1580 3623 anno
1606 3593 1686 3623 1256
1701 3592 1751 3622 vel
1767 3592 1952 3633 insequente
1973 3594 2054 3634 1257
2069 3593 2134 3623 iam
2148 3593 2380 3624 adnotavimus.

1311 3637 1500 3668 Triennium
1523 3637 1603 3667 illud
1626 3637 1737 3667 exinde
1761 3636 1786 3667 si
1810 3647 1956 3667 numeres
1981 3637 2179 3678 completum
2192 3637 2271 3668 illud
2285 3637 2383 3668 habes
