2548 4192
2172 292 2360 317 CCCXXXVII

752 540 1397 605 DISSERTATIO
1462 543 1761 605 XXXII.

532 710 598 750 De
627 710 850 760 imperitia
877 711 924 750 in
952 710 1171 750 historiae
1200 710 1336 750 factis
1365 711 1516 761 inepte
1545 723 1599 751 ac
1628 712 1748 752 falso
1777 711 1997 762 imputata

939 784 1102 821 sancto
1132 780 1334 821 Thomae
1363 782 1591 831 Aquinati.

1022 944 1506 970 ——-·—³÷—·-—

572 1158 838 1195 CAPUTL

187 1235 191 1245 l

163 1254 316 1280 Mediodum
335 1254 360 1279 in
379 1254 500 1279 historiae
523 1254 596 1280 factis
611 1255 774 1280 recensendis
793 1263 808 1280 a
826 1260 916 1279 sancto
927 1254 1031 1279 Thema
1044 1254 1172 1286 Aquinate
1186 1261 1239 1278 ser-

236 1295 322 1316 vatam
347 1290 411 1315 scite
424 1290 554 1315 declarant
571 1298 601 1315 ac
618 1291 747 1315 vindicant
765 1295 892 1315 nostrates
912 1290 1006 1323 aliique
1030 1290 1077 1314 viri
1098 1290 1174 1315 docti.
1188 1290 1239 1314 'Va-

218 1337 222 1341 ·
238 1326 351 1363 lidiores,
370 1333 438 1358 quae
457 1326 497 1358 agi
516 1331 634 1359 possunt,
648 1326 791 1351 indicantur
809 1325 942 1351 vindiciae.

479 1422 626 1454 istoriae
650 1421 873 1452 ecclesiasticae
891 1421 970 1453 facta
989 1421 1054 1452 suis
1075 1421 1108 1451 in
1127 1421 1240 1461 Operi-

499 1468 559 1498 bus
582 1477 649 1497 non
670 1476 742 1497 raro
767 1473 889 1497 enarrat
912 1473 966 1497 aut
984 1466 1100 1496 indicat
1116 1472 1242 1496 sanctus

499 1512 655 1550 Thomas,
672 1521 753 1552 quae
768 1511 922 1541 severiore
939 1511 1067 1541 tandem
1082 1510 1151 1541 crisi
1168 1520 1243 1540 cum

500 1556 641 1586 discussa
657 1555 793 1592 fuerint,
819 1561 873 1586 aut
899 1555 995 1586 dubia
1018 1555 1145 1585 inventa
1169 1561 1243 1585 sunt

500 1607 555 1631 aut
571 1607 652 1631 certe
669 1600 755 1630 falsa.
774 1599 857 1630 Hinc
872 1609 947 1630 vero
964 1600 1002 1630 ab
1020 1599 1242 1630 audacioribus

501 1645 693 1685 quibusdam
727 1644 839 1675 criticis
868 1644 1053 1674 hominibus
1077 1644 1117 1674 de
1143 1644 1242 1674 histo-

500 1690 571 1720 riae
586 1690 745 1729 imperitia
755 1689 898 1728 Aquinas
908 1695 1081 1719 accusatus.
1093 1687 1242 1727 Egregias

165 1733 316 1765 vindicias
340 1740 472 1774 egerunt
493 1740 647 1764 nostrates
668 1733 784 1774 aliique
803 1733 861 1763 viri
887 1733 987 1771 docti,
1007 1742 1086 1773 quas
1110 1732 1242 1762 minime

168 1778 323 1818 suggessit
337 1778 435 1808 nimia
450 1788 523 1818 erga
538 1778 771 1808 sanctissimum
781 1777 956 1808 Doctorem
966 1776 1175 1814 observantia,
1188 1776 1243 1806 sed

166 1823 278 1863 utique
310 1822 482 1853 methodus
514 1822 759 1862 prudentissima
783 1821 987 1861 exposcebat,
1012 1831 1110 1861 quam
1134 1820 1193 1851 sibi
1209 1820 1242 1850 in

165 1866 252 1898 hisce
275 1867 368 1897 rebus
392 1866 563 1906 proposuit
593 1866 779 1896 servandam
803 1865 1053 1906 sapientissimus
1084 1865 1242 1896 Thomas.

233 1911 325 1942 Hanc
348 1911 520 1941 novissime
544 1910 583 1940 ad
603 1920 735 1940 examen
757 1909 882 1940 vocavit
900 1909 1154 1940 criminationem
1177 1911 1242 1940 Mi—

165 1955 259 1986 chael
286 1965 306 1986 a
340 1960 452 1986 sancto
479 1955 593 1995 Ioseph
624 1955 774 1995 hispanae
804 1955 874 1985 Iesu
902 1954 1124 1994 Redemptoris
1153 1954 1243 1984 fami-

165 1999 225 2031 liae
248 1999 415 2039 alumnus,
438 1999 471 2030 in
493 2000 738 2041 Bibliographia
762 2000 875 2030 critica
898 2009 994 2030 sacra
1026 2004 1057 2029 et
1073 1998 1241 2040 profana,

165 2050 254 2085 parte
286 2044 347 2083 IV,
370 2044 487 2082 verbo,
513 2044 652 2074 Sanctus
686 2044 822 2075 Thomas
850 2043 890 2074 de
917 2044 1054 2084 Aquino.
1081 2043 1134 2074 Ait
1166 2053 1242 2073 vero

166 2098 237 2128 pag.
259 2088 335 2128 408:
357 2102 371 2117 κ
392 2088 504 2119 Critici
527 2088 742 2119 accusationes
767 2088 840 2118 divo
864 2088 1011 2118 Thomae
1035 2087 1190 2118 intentant
1206 2098 1242 2118 ex

167 2145 182 2160 ι
204 2133 358 2164 historiae
391 2139 422 2163 et
454 2133 684 2174 chronologiae
714 2142 829 2172 parum
867 2139 1012 2163 accurata
1030 2132 1240 2172 ecognitione,

169 2189 185 2205 ιι
207 2187 306 2218 quam
329 2177 362 2207 in
385 2177 468 2207 illius
489 2178 616 2217 scriptis
639 2177 872 2217 deprehendere
896 2187 928 2207 se
949 2177 1091 2215 credunt,
1115 2177 1242 2207 desum-

456 1446 477 1491 3-

455 1518 489 1580 ἑὲ

455 1574 485 1632 D?

459 1673 473 1679 <

168 2234 184 2249 »
206 2228 286 2262 ptas.
311 2221 373 2252 Sed
396 2221 464 2251 illas
488 2221 652 2252 efficaciter
685 2222 749 2252 iam
771 2221 949 2252 refutarunt
981 2220 1038 2251 viri
1070 2231 1179 2261 graves
1212 2228 1243 2252 et

168 2279 183 2294 »
207 2265 321 2296 eruditi
354 2276 371 2296 e
395 2275 481 2296 sacra
517 2266 806 2296 Dominicanorum
837 2265 975 2296 familia:
1005 2272 1036 2296 et
1059 2266 1242 2306 praesertim

167 2322 182 2338 ι»
198 2321 235 2351 p.
262 2310 403 2341 Ioannes
434 2310 601 2341 Nicolaius
628 2310 661 2340 in
690 2310 755 2341 suis
779 2310 1001 2341 laudatissimis
1031 2310 1242 2340 annotationi-

168 2367 182 2381 »
205 2355 265 2386 bus
294 2355 334 2385 ad
361 2361 483 2385 textum
516 2355 614 2385 sancti
641 2355 808 2394 Thomae,
828 2365 864 2395 p.
891 2355 1022 2385 Natalis
1053 2355 1243 2385 Alexander

169 2406 297 2430 »tomo
331 2399 372 2429 Ill
397 2399 479 2429 Hist.
505 2399 599 2437 eccl.,
627 2399 747 2430 dissert.
773 2400 803 2437 1,
831 2399 957 2430 saeculo
987 2399 1025 2436 ΙΙ,
1055 2399 1242 2430 Cardinalis

169 2456 184 2471 >
206 2443 424 2484 Raymundus
442 2443 670 2484 Capisucchius
685 2443 898 2474 controversia
913 2453 956 2473 vn
969 2466 977 2481 ,
994 2450 1114 2483 quaest.
1132 2443 1241 2482 unica,

169 2500 193 2520 ».
207 2488 344 2519 Iacobus
366 2488 499 2518 Echard
521 2495 612 2518 tomo
637 2488 662 2518 II
679 2488 727 2518 De
758 2488 970 2527 scriptoribus
1003 2487 1081 2518 Ord.
1102 2488 1240 2518 Praedic.

169 2545 184 2560 xo
198 2542 278 2572 pag.
302 2533 362 2571 345
386 2530 442 2572 (de
451 2531 504 2573 fr.
518 2533 680 2573 Alphonso
700 2531 882 2571 Ciaconio),
902 2532 1108 2562 Gravesonus
1122 2538 1201 2562 tom.
1214 2532 1240 2562 11

171 2589 186 2605 »
208 2577 256 2607 De
275 2576 339 2607 vita
358 2576 485 2615 Christi,
502 2577 622 2607 dissert.
633 2577 717 2614 XXI,
731 2577 758 2617 ξ.
774 2587 803 2614 2,
816 2583 846 2607 et
865 2577 898 2606 in
915 2576 1031 2606 Triade
1052 2576 1242 2607 dissertatio-

171 2634 185 2650 »
208 2631 299 2659 num,
310 2621 430 2651 dissert.
441 2621 690 2652 II...Novissime
700 2631 723 2651 r.
734 2632 765 2661 p.
776 2621 985 2661 Hyacinthus
995 2621 1123 2661 Segura
1138 2620 1171 2650 in
1186 2631 1243 2651 sua

170 2678 185 2694 >v
209 2665 342 2704 Critica‚
366 2665 509 2696 discursu
534 2666 609 2704 VII,
633 2666 662 2706 ξ.
682 2667 697 2696 5
715 2666 766 2696 De
781 2676 859 2698 vera
875 2666 1090 2706 intelligentia
1116 2666 1240 2695 notitia-

172 2722 186 2738 »
209 2719 282 2740 rum
306 2710 551 2747 historicarum,
569 2720 653 2751 quae
677 2711 709 2740 in
738 2710 895 2750 Operibus
917 2711 1067 2750 Angelici
1089 2711 1242 2741 Doctoris

171 2766 186 2781 »
210 2755 430 2792 inveniuntur,
449 2761 554 2785 exacte
578 2765 613 2784 ac
631 2755 803 2794 prudenter
827 2755 865 2785 de
888 2754 947 2784 hac
970 2764 1003 2784 re
1027 2754 1158 2785 disserit.
1179 2767 1193 2782 ι»

237 2798 284 2828 De
307 2799 497 2839 Hyacinthe
513 2799 642 2840 Segura
663 2799 795 2839 eiusque
818 2799 947 2829 laudato
971 2809 1066 2838 opere
1087 2799 1163 2829 haec
1187 2799 1241 2828 ad-

171 2841 321 2873 discimus
344 2843 383 2873 ab
407 2844 522 2873 eodem
545 2843 697 2874 Michaele
717 2854 735 2874 a
751 2850 858 2874 sancto
884 2843 1009 2883 Ioseph,
1034 2851 1122 2883 parte
1141 2844 1184 2874 IV
1201 2843 1241 2874 ci-

171 2892 249 2916 tata:
277 2899 293 2914 «
315 2886 444 2927 Segura
467 2888 695 2928 Hyacinthus,
716 2888 868 2928 hispanus
891 2888 1067 2926 alonensis,
1086 2888 1164 2918 sacri
1180 2887 1240 2918 Or-

173 2942 188 2957 »
211 2929 291 2960 dinis
314 2930 587 2970 Praedicatorum,
607 2932 785 2963 liberalium
816 2932 932 2962 artium
960 2943 995 2963 ac
1025 2943 1129 2962 sacrae
1153 2932 1242 2962 theo-

174 2987 189 3002 »
211 2974 314 3014 logiae
337 2974 455 3014 lector,
480 2976 527 3005 vir
547 2977 631 3006 claro
654 2977 781 3016 ingenio
806 2977 977 3016 praeditus,
1001 2983 1032 3007 et
1055 2977 1243 3006 omnimoda

175 3031 190 3046 »
213 3018 389 3059 selectaque
413 3019 589 3050 eruditione
613 3021 771 3059 excultus,
798 3021 879 3061 stylo
903 3021 1005 3059 brevi,
1033 3022 1087 3051 sed
1111 3021 1242 3051 minime

174 3075 189 3089 »
212 3061 441 3102 perfunctoriO,
458 3064 668 3105 modestoque
685 3071 715 3095 et
729 3072 875 3095 accurato
895 3065 1030 3103 criterio,
1050 3075 1085 3095 ac
1105 3065 1242 3095 dictione

175 3119 188 3133 »
213 3106 378 3146 perspicua
410 3113 440 3137 et
463 3107 655 3147 inaffectata,
682 3109 803 3148 scripsit
830 3109 863 3139 in
895 3109 1027 3149 gratiam
1059 3109 1243 3150 praesertim

175 3163 189 3177 »
213 3150 371 3181 studiosae
385 3150 589 3182 iuventutis...
610 3159 751 3183 materna
767 3153 883 3184 scilicet
896 3154 1015 3193 lingua,
1033 3164 1115 3193 opus
1134 3153 1242 3184 inscri-

175 3207 189 3222 »
212 3201 305 3235 ptum
322 3194 342 3236 (
342 3195 441 3225 latine
441 3194 480 3236 ):
499 3196 672 3236 Cynosura
696 3198 818 3235 critica,
845 3208 916 3228 cum
945 3199 1071 3238 regulis
1100 3199 1243 3228 certiori-

175 3252 189 3266 »
212 3240 271 3270 bus
293 3240 337 3270 ad
359 3239 602 3270 discernendum
627 3251 737 3271 verum
761 3251 782 3271 a
797 3241 890 3282 falso
915 3243 946 3272 in
977 3243 1124 3272 historia.
1143 3254 1157 3269 ν

241 3283 339 3320 Quod
361 3283 470 3314 attinet
491 3285 535 3315 ad
555 3285 716 3322 historias,
732 3296 813 3325 quae
829 3286 862 3316 in
878 3286 975 3316 sancti
992 3286 1138 3316 Thomae
1158 3286 1243 3325 Ope-

172 3328 258 3358 ribus
291 3327 458 3358 recensitae
490 3329 655 3368 leguntur;
675 3329 792 3360 laudati
823 3329 981 3369 scriptoris
1014 3330 1167 3360 iudicium
1198 3337 1244 3360 est

174 3372 261 3412 apud
284 3373 433 3403 eumdem
461 3371 649 3403 Michaelem
664 3373 737 3403 loco
761 3373 847 3413 prius
865 3373 976 3403 citato:
1000 3386 1014 3401 «
1038 3374 1243 3413 Quamquam

176 3429 191 3444 »
213 3417 367 3447 historiae
403 3427 438 3448 ac
470 3417 604 3457 proinde
647 3417 742 3447 etiam
787 3418 1016 3457 chronologiae
1061 3417 1242 3456 cognitione

177 3473 192 3489 »
215 3461 384 3501 theologus
407 3461 563 3501 indigeat,
583 3471 622 3491 ne
654 3461 720 3491 eius
743 3461 941 3500 ignoratione
969 3461 1002 3490 in
1031 3461 1135 3491 varios
1160 3471 1244 3491 erro-

178 3518 193 3533 »
214 3515 263 3536 res
286 3506 419 3544 labatur,
437 3513 472 3536 ut
496 3505 570 3535 scite
586 3515 676 3535 more
699 3515 759 3535 suo
784 3505 858 3535 dixit
882 3505 1091 3535 Canariensis
1114 3505 1243 3544 Episco-

178 3561 193 3577 »
209 3559 276 3590 pus
299 3548 471 3592 (Melchior
505 3547 651 3591 Canus);
679 3556 785 3580 tamen
814 3549 913 3589 ipsius
938 3549 1077 3579 muneris
1108 3559 1174 3578 non
1198 3555 1244 3579 est

177 3605 193 3621 ›
216 3594 340 3633 singula
363 3594 443 3625 facta
469 3594 617 3636 historica
640 3601 782 3624 accurate
802 3593 972 3630 discutere;
992 3592 1174 3633 praesertim
1190 3593 1245 3622 ubi

177 3650 194 3665 »
217 3648 283 3668 non
305 3639 345 3669 de
367 3640 519 3676 historia,
545 3639 599 3668 sed
618 3638 657 3668 de
680 3638 826 3669 doctrina
851 3638 1028 3678 theologica
1046 3647 1082 3667 ex
1101 3636 1244 3678 professo

319 3701 388 3733 Opp.
408 3702 439 3726 D.
454 3701 567 3725 Thomas
586 3701 618 3725 T.
634 3701 651 3725 Ι.

1296 1169 1310 1183 »
1333 1163 1452 1187 tractat.
1474 1157 1567 1186 Tunc
1593 1156 1678 1187 enim
1701 1157 1877 1197 culpandus
1902 1158 2063 1189 dumtaxat
2082 1166 2162 1190 esset
2183 1160 2365 1201 theologus,

1296 1213 1310 1227 »
1334 1200 1360 1230 si
1383 1200 1463 1231 facta
1491 1201 1598 1238 dubia,
1624 1202 1746 1232 incerta
1775 1209 1829 1232 aut
1842 1202 2020 1242 fabulosa,
2048 1209 2212 1244 tamquam
2238 1214 2312 1235 vera
2335 1212 2367 1236 et

1297 1256 1311 1271 »
1335 1245 1495 1284 explorata
1519 1245 1696 1276 admitteret
1720 1256 1844 1287 suoque
1865 1246 2012 1286 suffragio
2035 1249 2264 1288 comprobaret.
2279 1249 2364 1280 Bene

1297 1301 1311 1315 »
1335 1296 1441 1320 tamen
1465 1295 1582 1329 posset,
1607 1299 1736 1329 prorsus
1761 1290 2082 1330 irreprehensibiliter,
2111 1292 2188 1322 nihil
2220 1293 2260 1323 de
2283 1295 2364 1324 veri-

1298 1346 1312 1360 »
1336 1338 1402 1364 tate
1417 1340 1472 1364 aut
1478 1333 1631 1374 falsitate
1636 1334 1805 1374 sactorum
1824 1335 2003 1373 decernens,
2018 1336 2086 1375 ipsa
2100 1343 2136 1366 ut
2149 1346 2222 1366 vera
2235 1338 2366 1376 permit-

1299 1390 1312 1404 »
1336 1384 1418 1408 tere:
1439 1384 1470 1408 et
1493 1378 1646 1418 permissa
1670 1379 1776 1409 solum
1799 1379 1947 1410 historiae
1970 1380 2109 1418 veritate,
2126 1381 2204 1421 quid
2226 1382 2283 1412 sub
2307 1383 2368 1412 tali

1299 1435 1313 1449 »
1336 1423 1504 1463 hypothesi
1527 1423 1703 1464 theologice
1725 1423 1893 1454 dicendum
1917 1425 1959 1455 sit
1981 1424 2101 1455 tradere
2125 1435 2160 1455 ac
2185 1425 2366 1456 docere...-

1299 1478 1313 1493 »
1336 1467 1437 1498 Facta
1460 1467 1624 1506 historica,
1643 1477 1724 1508 quae
1741 1468 1937 1508 attinguntur
1961 1479 1978 1498 a
2001 1469 2073 1499 divo
2094 1469 2224 1506 Thoma,
2241 1470 2279 1499 ab
2294 1470 2366 1509 ipso

1299 1524 1314 1538 >›
1338 1511 1551 1542 communiter
1574 1522 1640 1542 non
1664 1512 1885 1551 admittuntur,
1911 1513 1966 1543 sed
1988 1514 2091 1543 solum
2110 1515 2368 1553 permittuntur:

1299 1568 1313 1582 »
1337 1565 1403 1586 non
1427 1556 1612 1595 probantur,
1630 1557 1684 1586 sed
1708 1557 1871 1587 dumtaxat
1894 1567 1960 1587 non
1982 1557 2186 1596 reiiciuntur,
2210 1565 2246 1588 ut
2268 1558 2368 1588 dubio

1300 1612 1312 1626 >›
1337 1607 1392 1630 aut
1415 1607 1603 1639 argumento
1619 1601 1786 1640 proposito
1802 1601 1893 1632 locus
1916 1601 2132 1642 relinquatur3
2153 1609 2183 1632 et
2201 1613 2283 1643 quae
2301 1602 2368 1632 dari

1299 1656 1313 1670 »
1337 1644 1448 1684 possit,
1467 1646 1630 1685 supposita
1655 1646 1799 1682 veritate,
1819 1646 1986 1686 responsio
2009 1646 2059 1676 vel
2083 1646 2201 1676 solutio
2226 1647 2368 1686 designe-

1300 1701 1314 1716 »
1336 1695 1397 1719 tur.
1418 1689 1514 1719 Hunc
1538 1690 1674 1719 modum
1698 1689 1891 1729 procedendi
1914 1690 1986 1721 satis
2005 1701 2072 1721 esse
2095 1691 2248 1730 Angelico
2272 1691 2366 1721 Prae-

1300 1745 1314 1760 »
1338 1733 1458 1772 ceptori
1481 1732 1679 1772 familiarem,
1700 1733 1888 1764 sufficienter
1907 1741 2035 1774 norunt,
2052 1735 2108 1776 qui
2130 1735 2229 1775 ipsius
2253 1735 2368 1775 scripta

1299 1789 1314 1804 »
1337 1783 1480 1807 accurate
1503 1785 1712 1808 versarunt....
1744 1779 1856 1819 Neque
1880 1779 1991 1820 aliquis
2016 1786 2106 1818 putet
2130 1780 2274 1810 inutilem
2299 1789 2368 1810 esse

1299 1833 1314 1849 »
1336 1822 1420 1852 hanc
1437 1822 1636 1861 procedendi
1660 1823 1863 1853 methodum:
1881 1833 1956 1853 nam
1979 1834 2016 1854 ex
2032 1825 2247 1864 quorumdam
2271 1823 2366 1854 falso-

1299 1878 1314 1893 »
1336 1876 1410 1896 rum
1434 1866 1640 1905 permissione
1656 1867 1755 1906 magis
1772 1867 1938 1907 perspicua
1961 1869 2100 1899 redditur
2116 1868 2252 1898 veritatis
2271 1878 2366 1907 expo-

1299 1922 1313 1936 »
1337 1910 1408 1941 sitio
1435 1910 1490 1952 (ac
1509 1921 1605 1942 verae
1623 1911 1789 1942 doctrinae
1808 1922 1885 1942 usus
1901 1911 2077 1954 indicatur)
2081 1935 2134 1943 .....
2156 1912 2188 1943 Si
2206 1913 2286 1943 bene
2302 1913 2367 1943 divi

1300 1967 1314 1982 x·
1342 1955 1482 1985 Romae
1504 1965 1593 1986 mens
1617 1963 1828 1995 perscrutetur
1853 1963 1883 1987 et
1906 1963 2070 1987 contextus
2098 1957 2269 1987 verborum
2297 1966 2367 1996 per-

1299 2011 1313 2025 »
1336 2000 1503 2039 pendatur,
1523 2010 1562 2030 ne
1586 2010 1690 2030 unum
1712 2000 1843 2041 quidem
1861 2001 1971 2031 locum
1994 2001 2132 2031 invenire
2148 2001 2216 2039 erit,
2234 2001 2284 2031 cui
2301 2006 2367 2031 tra-

1299 2056 1314 2071 »
1337 2044 1404 2074 dita
1428 2044 1575 2074 doctrina
1599 2045 1749 2084 applicari
1772 2055 1838 2075 non
1853 2045 1962 2084 possit,
1979 2045 2102 2086 dicique
2117 2055 2183 2075 non
2206 2051 2301 2086 queat
2320 2056 2366 2075 sa-

1300 2101 1314 2115 »
1337 2088 1376 2118 tis
1400 2088 1603 2128 probabiliter
1630 2089 1741 2119 divum
1764 2089 1927 2119 Thomam
1951 2100 2014 2120 non
2039 2090 2193 2127 absolute,
2218 2090 2272 2120 sed
2296 2095 2367 2120 tan-

1300 2145 1314 2160 »
1338 2138 1404 2163 tum
1428 2133 1634 2173 hypothetice
1658 2133 1753 2164 fuisse
1783 2134 1930 2164 locutum
1952 2135 1992 2164 de
2019 2135 2094 2171 hoc,
2120 2135 2171 2165 vel
2194 2134 2249 2164 illo
2268 2133 2366 2174 facto

1299 2190 1313 2204 »
1336 2178 1496 2208 historico.
1514 2178 1611 2208 Secus
1634 2185 1740 2208 tamen
1764 2178 1964 2208 sentiendum
1988 2185 2044 2216 est,
2065 2189 2139 2208 cum
2162 2178 2252 2208 divus
2277 2178 2365 2208 Tho-

1300 2234 1314 2249 »
1337 2232 1405 2252 mas
1430 2222 1668 2252 conclusionem
1691 2222 1842 2262 aliquam,
1868 2228 1922 2252 aut
1954 2223 2141 2253 sententiam
2164 2233 2255 2252 suam
2268 2222 2365 2263 facto

1299 2279 1314 2293 »
1337 2267 1487 2297 historico
1511 2267 1642 2306 probat:
1663 2273 1738 2297 tunc
1763 2266 1848 2296 enim
1871 2267 2064 2297 credendum
2089 2273 2144 2305 est,
2170 2267 2262 2297 illum
2275 2266 2367 2307 facti

1298 2323 1312 2336 ³»
1337 2311 1465 2341 veritati
1488 2321 1652 2340 assensum
1675 2311 1855 2350 praebuisse
1878 2310 2021 2351 illudque
2045 2318 2081 2341 ut
2099 2321 2211 2341 verum
2233 2311 2267 2341 in
2290 2321 2366 2341 suae

1299 2367 1314 2381 »
1337 2355 1496 2385 doctrinae
1526 2354 1801 2385 confirmationem
1833 2355 1992 2394 allegasse.
2020 2368 2034 2383 »
2058 2355 2138 2386 Sunt
2171 2355 2256 2385 enim
2285 2355 2367 2385 facta

1297 2399 1485 2429 certissima:
1506 2406 1580 2429 sunt
1596 2399 1700 2437 etiam,
1718 2399 1756 2429 de
1773 2399 1889 2440 quibus
1906 2399 1989 2430 varie
2007 2399 2121 2430 sentire
2144 2399 2365 2439 prudentibus,

1298 2443 1462 2483 doctisque
1486 2443 1559 2473 viris
1583 2443 1665 2474 licet.

1366 2488 1402 2518 11.
1420 2488 1512 2518 Hanc
1545 2487 1610 2518 sine
1635 2487 1733 2518 dubio
1766 2488 1804 2518 ab
1834 2487 1992 2528 Aquinate
2025 2488 2215 2518 methodum
2248 2488 2366 2528 passim

1297 2539 1451 2562 servatam
1467 2531 1641 2572 comperiat
1665 2532 1800 2572 quisque
1817 2532 1849 2562 in
1873 2532 2016 2563 eiusdem
2035 2532 2184 2572 operibus
2204 2539 2364 2562 versatus:

1296 2576 1471 2617 eademque
1504 2586 1541 2606 ex
1565 2576 1718 2606 methodo
1750 2576 1958 2607 validissimas
1988 2577 2068 2607 circa
2088 2576 2185 2617 facta
2214 2577 2365 2607 historica

1296 2621 1465 2661 quaedam,
1483 2631 1564 2661 quae
1588 2620 1684 2651 dubia
1707 2627 1781 2651 sunt
1803 2627 1858 2651 aut
1880 2621 1974 2651 etiam
1991 2621 2077 2659 falsa,
2095 2621 2200 2660 promi
2216 2621 2365 2650 vindicias

1296 2675 1392 2695 nemo
1409 2675 1475 2695 non
1491 2665 1585 2695 videt.
1603 2665 1758 2705 Exempla
1774 2666 1939 2703 nonnulla,
1956 2675 2038 2706 quae
2058 2665 2259 2703 obiciiuntur,
2276 2665 2367 2695 liceat

1296 2709 1474 2749 diligentius
1508 2710 1702 2749 expendere:
1734 2719 1816 2750 quae
1850 2720 1923 2740 sane
1947 2710 2025 2740 mihi
2048 2710 2194 2739 videntur
2225 2709 2365 2739 evincere

1296 2763 1362 2783 non
1386 2754 1493 2784 solum
1517 2754 1680 2784 Thomam
1695 2754 1843 2784 historica
1866 2754 1957 2791 facta,
1974 2765 2056 2794 quae
2071 2754 2203 2793 legebat,
2228 2763 2366 2783 enarras-

1296 2808 1339 2836 se,
1357 2805 1388 2828 et
1411 2808 1447 2828 ex
1471 2799 1640 2839 hypothesi
1658 2798 1827 2839 factorum
1852 2798 1989 2838 egregias
2022 2798 2183 2828 tradidisse
2210 2797 2365 2836 theologi-

1297 2853 1347 2872 cas
1363 2842 1538 2881 doctrinas;
1557 2853 1669 2873 verum
1693 2843 1787 2873 etiam
1806 2843 1839 2872 in
1862 2842 1937 2882 ipsis
1955 2842 2040 2872 factis
2057 2842 2252 2872 recensendis
2269 2851 2364 2871 usum

1296 2897 1362 2917 esse
1387 2887 1520 2925 criterio,
1537 2898 1572 2917 ac
1591 2887 1664 2918 satis
1687 2887 1822 2918 indicare
1842 2887 2008 2917 falsitatem
2027 2896 2060 2916 se
2082 2886 2115 2916 in
2138 2886 2295 2926 aliquibus
2317 2885 2365 2915 ol-

1296 2931 1404 2961 fecisse
1422 2938 1476 2961 aut
1499 2931 1751 2971 deprehendisse.
1775 2931 1950 2961 Validiores
1978 2931 2068 2969 istas,
2093 2941 2171 2971 quas
2195 2939 2365 2970 propono,

1297 2975 1395 3006 sancti
1419 2976 1565 3006 Thomae
1588 2975 1737 3006 vindicias
1761 2975 1825 3005 iarn
1848 2975 2022 3015 aggredior.

1673 3082 1975 3118 CAPUTIL

1296 3178 1450 3211 Praecipuas
1470 3179 1533 3203 duas
1553 3178 1626 3203 affert
1644 3183 1747 3202 sanctus
1766 3177 1883 3201 Thomas
1907 3177 2011 3201 Patrum
2036 3176 2173 3201 sententias
2194 3176 2225 3200 de
2249 3180 2367 3208 tempore

1369 3214 1453 3238 caedis
1473 3222 1613 3246 puerorum
1633 3213 1821 3243 Innocentium,
1843 3220 1908 3244 quas
1934 3212 2068 3236 conciliare
2087 3212 2172 3236 studet
2196 3219 2255 3236 cum
2278 3219 2366 3235 sacrae

1369 3249 1512 3281 Scripturae
1531 3254 1609 3273 textu.
1623 3248 1875 3273 Animadversiones.
1896 3248 1948 3272 Cur
1966 3247 2065 3272 tertiam
2089 3247 2164 3271 aliam
2187 3246 2365 3279 praetermise-

1368 3283 1415 3308 rit?
1433 3284 1560 3308 Historica
1579 3285 1706 3316 quaedam
1730 3283 1794 3308 facta
1814 3283 1845 3307 ab
1871 3283 1926 3307 aliis
1946 3283 2044 3307 invecta
2069 3282 2153 3307 refert.
2173 3282 2320 3306 Falsitatem
2339 3281 2366 3305 in

1368 3319 1497 3351 aliquibus
1517 3319 1704 3351 deprehensam
1723 3319 1825 3343 indicat.

1298 3415 1321 3445 I.
1346 3408 1531 3488 Primum
1555 3413 1683 3452 profero
1707 3413 1898 3452 exemplum,
1923 3413 2011 3452 quod
2035 3417 2158 3451 tempus
2180 3411 2287 3441 caedis
2310 3410 2365 3440 In-

1415 3459 1594 3488 nocentium
1604 3457 1831 3496 parvulorum,
1842 3457 1880 3486 ab
1896 3457 2023 3487 Herode
2040 3457 2156 3494 Magno
2174 3455 2366 3485 Iudaeorum

1297 3512 1369 3541 rege
1390 3502 1509 3539 iussae,
1534 3507 1660 3540 spectat.
1687 3501 1832 3530 Thomae
1853 3501 1947 3530 verba
1973 3506 2047 3530 sunt
2061 3500 2101 3529 111
2126 3509 2236 3539 p.,qu.
2256 3509 2364 3537 xxxvr,

1299 3553 1354 3576 art.
1370 3556 1401 3575 vr
1420 3546 1457 3575 ad
1482 3546 1497 3575 3
1511 3553 1517 3575 :
1543 3559 1555 3573 ι
1570 3545 1748 3575 Dicendum
1765 3545 1854 3584 quod
1874 3545 1911 3574 de
1927 3545 2128 3584 apparitione
2143 3544 2265 3580 stellae,
2283 3552 2366 3583 quae

1301 3603 1315 3618 »
1338 3590 1490 3630 apparuit
1504 3590 1630 3629 Magis,
1649 3595 1695 3619 est
1718 3589 1834 3628 duplex
1857 3589 1978 3628 opinio.
2006 3588 2256 3628 Chrysostomus
2279 3587 2365 3617 enim

1301 3646 1315 3661 »
1339 3644 1433 3673 super
1449 3634 1645 3664 Matthaeum
1667 3639 1697 3663 et
1721 3634 1925 3674 Augustinus
1944 3632 1977 3662 in
1999 3642 2146 3662 sermone
2170 3631 2365 3671 Epiphaniae

2187 3691 2221 3723 43
