2788 4204
309 248 383 273 212

891 228 1282 268 POSTERIORUM
1309 226 1739 264 ANALYTICORUM
1767 228 1860 263 LIB.
1893 228 1906 263 I

960 453 1261 509 LECTIO
1300 452 1842 508 DECIMANONA

499 609 582 649 DE
615 603 1024 647 DIFFERENTIA
1058 601 1492 643 PRINCIPIORUM
1526 601 1903 643 COMMUNIUM
1935 602 2015 642 AB
2049 602 2303 643 INVICEM

281 748 284 751 '
306 744 373 776 Οὐκ
399 741 471 773 ἔστι
495 735 524 771 δ’
554 737 708 775 ὑπόθεσις
736 736 806 768 οὐδ’
837 738 988 780 αἴτημα,
1017 736 1032 768 ὃ
1059 734 1190 781 ἀνάγκη
1216 733 1301 768 εἶναι
1329 730 1366 766 δι’

80 2995 92 3005 ⁴
100 3000 141 3015 ατε
151 2994 180 3015 ab
190 2994 295 3019 invicem,

83 3023 105 3041 et
120 3020 150 3041 ita
168 3020 225 3042 infra
242 3026 294 3041 cum

83 3053 123 3068 un.

375 785 461 818 αὐτὸ
485 785 544 815 καὶ
568 778 677 814 δοκεῖν
705 781 850 828 ἀνάγκη.
877 781 923 813 Ού
949 781 1014 827 γὰρ
1041 780 1121 825 πρὸς
1146 780 1206 813 τὸν
1232 780 1294 822 ἔξω
1313 779 1370 812 λό-

372 841 431 876 γον
457 829 477 865 ’ἡ
505 822 697 868 ἀπόδειξις,
727 826 817 858 ἀλλά
842 827 923 869 πρός
950 825 1009 858 τὸν
1036 825 1068 857 ἐν
1095 825 1140 866 τῇ
1166 823 1270 870 ψυχῇ,
1298 825 1370 858 ἐπεὶ

373 869 450 905 οὐδὲ
475 871 710 917 συλλογισμός.
731 871 802 902 Ἀεὶ
827 871 891 917 γοὶρ
917 871 1009 903 ἔστιν
1032 870 1194 906 ἐνστῆναι
1212 870 1293 915 πρὸς
1311 870 1371 903 τὸν

373 918 435 959 ἔξω
459 916 577 963 λόγον,
605 916 696 948 ἀλλά
720 915 800 960 πρὸς
827 916 885 948 τὸν
912 915 975 948 ἔσω
999 914 1102 960 λόγον
1130 914 1189 946 οὐκ
1216 916 1279 947 ἀεί.

301 1008 386 1039 ’Ὀσα
412 1005 470 1050 μὲν
497 1003 554 1038 οὖν
579 999 702 1037 δεικτοὶ
726 1003 812 1036 ὄντα
840 1003 1011 1048 λαμβάνει
1036 1002 1140 1040 αὐτὸς
1166 1003 1212 1047 μή
1244 998 1371 1047 δείξας,

373 1051 494 1091 ταῦτ’,
521 1049 579 1081 ἑοὶν
604 1049 663 1094 μὲν
688 1044 859 1081 δοκοῦντα
882 1047 1043 1093 λαμβάνῃ
1069 1049 1116 1090 τῷ
1142 1046 1371 1091 μανθάνοντι,

373 1093 599 1134 ὑποτίθεται,
625 1095 682 1125 καὶ
715 1093 806 1125 ἔστιν
840 1093 905 1138 οὐχ
931 1094 1043 1131 ἁπλῶς
1070 1092 1246 1134 ὑπόθεσις,
1283 1094 1374 1127 ἀλλοὶ

373 1139 454 1183 πρὸς
481 1140 605 1171 ἐκεῖνον
628 1137 743 1182 μόνον·
773 1136 811 1168 ἂν
837 1133 874 1169 δὲ
893 1136 915 1174 ἦ
934 1133 1099 1182 μηδεμιᾶς
1117 1136 1254 1176 ἐνούσης
1272 1133 1371 1180 δόξης

373 1183 394 1220 ἦ
418 1185 476 1216 καὶ
503 1183 660 1221 ἐναντίας
687 1181 825 1219 ἐνούσης
841 1182 1018 1227 λαμβάνῃ,
1039 1182 1079 1215 τὸ
1098 1182 1186 1215 αὐτὸ
1205 1183 1370 1216 αἰτεῖται.

372 1230 439 1260 Καὶ
464 1227 577 1270 τούτῳ
602 1223 751 1272 διαφέρει
777 1225 933 1265 ὑπόθεσις
957 1228 1015 1259 καὶ
1038 1229 1184 1271 αἴτημα·
1212 1227 1285 1260 ἔστι
1309 1229 1373 1273 γοὶρ

375 1275 509 1317 αἴτημα
534 1272 575 1306 τό
600 1274 802 1305 ὑπεναντίον
821 1273 883 1303 τοῦ
904 1270 1137 1316 μανθάνοντος
1163 1272 1208 1314 τῇ
1227 1268 1324 1316 δόξῃ,
1352 1271 1373 1310 ἦ

375 1318 391 1350 ὃ
418 1318 457 1350 ἄν
491 1329 541 1355 τις
575 1312 781 1350 ἀποδεικτόν
815 1315 850 1348 ὃν
881 1316 1044 1363 λαμβάνῃ
1073 1318 1132 1348 καὶ
1164 1316 1294 1362 χρῆται
1326 1318 1373 1362 μὴ

374 1357 500 1403 δείξας.

307 1409 345 1438 Οἱ
369 1406 428 1451 μὲν
454 1404 511 1439 οὖν
539 1404 606 1450 ὅροι
632 1405 691 1438 οὔκ
720 1406 800 1437 εἰσὶν
834 1403 1008 1442 ὑποθέσεις
1033 1399 1128 1447 (οὐδὲ
1151 1404 1216 1450 γάρ
1241 1402 1327 1438 εἶναι
1352 1405 1373 1444 ἦ

376 1451 423 1495 μή
446 1451 639 1495 λέγονται),
661 1451 732 1482 ἀλλ’
761 1451 795 1482 ἑν
813 1452 889 1486 ταῖς
908 1448 1113 1492 προτάσεσιν
1132 1452 1166 1481 αἱ
1186 1449 1373 1490 ὑποθέσεις.

374 1495 458 1533 Teuc
482 1493 510 1529 δ’
533 1494 624 1540 ὅρους
643 1494 744 1538 μόνον
767 1492 933 1535 ξυνίεσθαι
950 1489 1013 1525 δεῖ·
1033 1494 1140 1527 τοῦτο
1157 1489 1187 1526 δ’
1211 1495 1276 1541 οὐχ
1293 1496 1376 1529 ὑπό-

375 1538 476 1581 Θεσις,
503 1541 530 1573 εἱ
555 1539 602 1583 μη
626 1540 684 1571 καὶ
702 1539 742 1572 τό
762 1537 894 1571 ἀκούειν
914 1536 1071 1570 ὑπόθεσίν
1089 1550 1140 1576 τις
1158 1536 1244 1571 εἶναι
1260 1540 1372 1583 φήσει.

370 1584 460 1615 Ἀλλ’
490 1585 573 1618 ὅσων
592 1583 696 1617 ὄντων
722 1583 769 1625 τῷ
796 1583 907 1615 ἐκεῖνα
927 1579 1012 1615 εἶναι
1036 1585 1170 1630 γίνεται
1191 1585 1232 1617 τὸ
1249 1586 1377 1631 συμπέ-

376 1640 502 1674 ρασμα.

309 1667 385 1705 Οὐδ’
417 1674 432 1704 ὁ
457 1672 649 1720 γεωμέτρης
673 1666 778 1716 ψευδῆ
805 1670 1024 1712 ὑποτίθεται,
1048 1669 1158 1716 ὥσπερ
1184 1674 1272 1712 τινὲς
1297 1674 1375 1719 ἔφα-

376 1728 452 1759 σαν,
477 1717 637 1764 λέγοντες
662 1718 703 1754 ὠς
730 1716 768 1748 οὗ
793 1710 845 1747 δεῖ
869 1717 916 1757 τῷ
941 1712 1054 1760 ψεύδει
1079 1717 1240 1762 χρῆσθαι,
1260 1719 1320 1752 τόν
1338 1714 1376 1752 δὲ

400 1762 569 1807 εωμέτρην
594 1756 774 1806 ψεύδεσθαι
798 1759 948 1804 λέγοντα
973 1756 1134 1794 ποδιαίαν
1161 1763 1225 1800 τήν
1251 1764 1289 1796 οὗ
1315 1775 1375 1796 πο-

376 1773 491 1840 διαίαν
506 1805 526 1843 ἦ
544 1805 675 1838 εὐθεῖαν
694 1805 758 1842 τήν
775 1804 1011 1851 γεγραμμένην
1030 1807 1089 1838 οὐκ
1106 1806 1238 1840 εὗΘεϊαν
1258 1806 1373 1841 οὖσαν.

373 1854 410 1884 ‘0
434 1847 472 1884 δὲ
488 1849 680 1898 γεωμέτρης
703 1845 800 1882 οὐδὲν
817 1852 1084 1894 συμπεραίνεται
1102 1852 1150 1894 τῷ
1169 1849 1272 1889 τήνδε
1290 1850 1377 1885 εἶναι

377 1896 551 1942 γραμμήν,
579 1896 618 1933 ἦν
645 1895 750 1932 αὐτὸς
776 1892 971 1941 ἔφθεγκται,
993 1896 1152 1930 ἀλλάτοί
1168 1892 1227 1930 διαὶ
1243 1896 1376 1930 τούτων

377 1941 582 1986 δηλούμενα.

304 1986 382 2021 Ἔτι
407 1986 448 2019 τὸ
474 1988 607 2029 αἴτημα
630 1986 687 2016 καὶ
714 1981 869 2021 ὑπόθεσις
895 1984 992 2016 πᾶσα
1017 1983 1039 2022 ἦ
1064 1986 1106 2024 ὥς
1134 1985 1211 2019 ὅλον
1237 1985 1258 2024 ἦ
1283 1987 1325 2025 ὥς
1344 1986 1377 2019 ἐν

379 2031 484 2077 μέρει,
512 2032 540 2062 οἱ
565 2025 592 2062 δ’
623 2027 691 2073 ὅροι
717 2022 893 2073 οὐδέτερον
919 2027 1064 2062 τούτων.

313 2073 394 2116 mx„
420 2075 478 2119 μὲν
506 2073 561 2106 οὖν
587 2070 672 2105 εἶναι
698 2071 718 2110 ἦ
738 2071 770 2104 ἓν
789 2084 823 2105 τι
845 2073 940 2117 παραὶ
957 2074 1005 2107 τοὶ
1021 2074 1135 2107 πολλοὶ
1152 2074 1211 2107 οὐκ
1230 2074 1376 2121 ἀνάγκη,

380 2122 408 2154 εἰ
435 2115 606 2159 ἀπόδειξις
632 2117 752 2158 ἔσται,
787 2114 872 2150 εἶναι
905 2117 1022 2162 μέντοι
1054 2119 1087 2151 ἓν
1119 2119 1216 2152 κατοὶ
1246 2120 1378 2152 πολλῶν

382 2163 503 2202 ἀληθὲς
529 2164 634 2195 εἰπεῖν
662 2161 807 2207 ἀνάγκη·
833 2162 871 2194 οὐ
897 2162 962 2208 γοὶρ
983 2162 1081 2197 ἔσται
1099 2163 1318 2206 τὸκαθόλου,
1339 2163 1378 2196 ἄν

406 2209 427 2246 ἢ
453 2205 558 2242 τοῦτο
578 2205 612 2250 ᾗ·
632 2206 690 2240 {etv
715 2202 753 2238 δὲ
778 2206 819 2240 τὸ
835 2204 982 2240 καθόλου
1007 2207 1055 2252 μή
1073 2206 1107 2251 ᾗ,
1135 2208 1176 2242 τό
1200 2208 1301 2251 μέσον
1320 2209 1379 2242 οὐκ

382 2265 501 2295 εσται,
534 2252 614 2285 ὥστ’
645 2246 714 2284 οὐδ’
745 2246 929 2292 ἀπόδειξις.
968 2254 1024 2284 Δεῖ
1048 2251 1113 2298 ἄρα
1138 2265 1172 2287 τι
1195 2255 1230 2286 ἓν
1255 2256 1312 2286 καὶ
1339 2254 1380 2286 τὸ

383 2298 470 2332 αὐτὸ
496 2298 551 2331 ἐπὶ
577 2296 738 2329 πλειόνων
763 2293 848 2328 εἶναι
874 2296 920 2340 μη
948 2296 1132 2342 ὁμώνυμον.

376 2439 524 2466 SYNopsts.
537 2453 571 2458 —-
588 2446 611 2464 x.
626 2436 837 2473 Argumentum
853 2441 880 2463 et
894 2435 996 2464 divisio
1011 2442 1112 2465 textus.
1124 2453 1143 2458 -
1153 2444 1180 2464 2.
1201 2437 1380 2466 Communes

317 2478 405 2507 animi
426 2476 630 2513 conceptiones
645 2477 751 2504 habent
765 2484 921 2503 commune
936 2485 1003 2504 curn
1017 2476 1079 2504 aliis
1093 2476 1241 2514 principiis
1258 2478 1379 2506 demon-

318 2517 462 2546 strationis
484 2517 563 2553 quod
584 2524 700 2544 necesse
722 2522 764 2543 est
785 2524 846 2543 esse
867 2524 919 2551 per
939 2524 969 2543 se
990 2525 1088 2550 veras3
1110 2517 1161 2544 sed
1182 2516 1333 2553 proprium
1347 2517 1381 2545 il-

317 2558 411 2586 larum
433 2563 475 2584 est
496 2557 576 2594 quod
597 2555 683 2584 etiam
704 2564 820 2583 necesse
842 2561 884 2583 est
897 2554 987 2583 videri
1004 2556 1083 2592 quod
1098 2565 1149 2592 per
1163 2565 1193 2584 se
1207 2563 1275 2584 sunt
1288 2566 1380 2585 verae.

319 2614 338 2618 —
350 2597 375 2624 3.
397 2598 516 2633 Nempe,
539 2596 612 2624 adeo
633 2603 717 2623 verae
738 2601 805 2622 sunt
826 2600 854 2622 et
874 2601 906 2622 ut
927 2594 997 2622 tales
1018 2602 1241 2632 cognoscuntur,
1259 2602 1290 2624 ut
1309 2596 1382 2625 inte-

318 2635 387 2664 riori
402 2636 545 2664 intellectu
559 2635 599 2664 eis
614 2640 738 2672 nequeat
753 2633 924 2669 contradici;
945 2640 974 2662 et
987 2633 1053 2662 ideo
1068 2644 1129 2662 non
1144 2642 1211 2663 sunt
1224 2645 1319 2673 neque
1333 2645 1382 2673 pe-

318 2675 433 2704 titiones
448 2684 542 2712 neque
556 2674 778 2711 suppositiones·
787 2691 806 2695 -
820 2682 848 2708 4.
863 2673 1040 2710 suppositio,
1056 2674 1155 2710 petitio
1171 2676 1210 2710 (et
1224 2675 1383 2712 quaestio):

318 2721 504 2744 assumuntur
524 2721 556 2742 ut
576 2714 715 2751 principia
737 2713 1017 2748 indemonstrabilia,
1045 2713 1175 2750 quamvis
1203 2715 1384 2743 demonstra-

319 2755 387 2783 bilia
408 2754 463 2782 sint
478 2763 529 2791 per
543 2754 628 2782 aliam
650 2753 807 2782 scientiam.
820 2769 839 2774 -
855 2753 880 2781 5.
902 2752 1092 2781 Definitiones
1107 2763 1124 2781 a
1138 2754 1385 2790 suppositionibus

319 2794 546 2831 distinguuntur:
574 2793 670 2822 omnis
691 2792 769 2821 enim
795 2792 895 2829 petitio
922 2792 966 2820 vel
995 2792 1155 2844 suppolsitio
1182 2793 1249 2821 dicit
1277 2793 1385 2830 aliquid

530 2993 538 3007 '⁴
557 2993 570 3039 ξ
587 2991 807 3029 communia
825 2990 1009 3040 principia
1029 2992 1077 3028 ad
1098 2992 1261 3029 invicem
1281 2992 1312 3029 *.
1334 2993 1383 3029 Et

530 3040 567 3072 ἔν’
587 3044 764 3082 dividitur
778 3044 816 3080 in
831 3051 955 3092 partes
971 3051 1060 3080 tres:
1081 3045 1119 3081 in
1129 3045 1263 3093 prima,
1275 3045 1384 3094 ponit

323 3098 601 3135 distinctionem
631 3097 896 3134 communium
924 3097 1196 3146 principiorum
1216 3099 1265 3136 ad
1288 3097 1395 3146 invi-

323 3163 425 3197 cem;
445 3151 483 3187 in
507 3151 685 3197 secunda,
698 3149 860 3187 ostendit
884 3149 1135 3186 differentiam
1155 3146 1385 3188 definitionis

323 3216 345 3240 a
372 3204 541 3252 quodam
570 3215 706 3251 genere
725 3202 998 3251 principiorum
1020 3203 1295 3250 communium,
1316 3203 1383 3240 ibi:

1424 735 1442 755 *
1457 736 1531 766 Non
1546 741 1593 765 est
1611 741 1718 765 autem
1734 734 1912 775 suppositio
1939 745 2043 775 neque
2062 735 2185 775 petitio,
2206 735 2295 776 quod
2310 745 2437 767 necesse
2451 743 2498 767 est
2523 741 2603 790 JrSeq.
2614 748 2701 771 ειμι,
2714 746 2736 765 et

1493 785 1623 819 propter
1645 779 1786 819 seipsum
1810 788 1894 817 esse,
1919 785 1950 809 et
1972 779 2070 809 videri
2094 789 2220 810 necesse
2245 786 2300 810 est.
2316 780 2392 810 Non
2411 781 2497 811 enim
2546 771 2591 790 ω’
2606 774 2638 797 ²⁵·

1493 824 1533 853 ad
1557 822 1690 853 exterius
1713 822 1869 853 rationem
1892 828 1955 861 est,
1974 823 2028 853 sed
2047 823 2087 853 ad
2106 833 2187 862 eam,
2212 833 2294 864 quae
2314 830 2360 854 est
2379 824 2413 854 in
2431 825 2496 855 ani-

1496 874 1564 905 ma;
1580 866 1736 907 quoniam
1759 876 1862 906 neque
1886 866 2101 906 syllogismus.
2126 867 2258 907 Semper
2280 867 2366 897 enim
2390 875 2436 899 est
2449 868 2497 899 in-

1494 918 1574 941 stare
1602 911 1641 941 ad
1669 910 1802 941 exterius
1830 910 2005 949 rationem,
2034 911 2089 941 sed
2117 911 2156 941 ad
2183 911 2313 941 interius
2341 911 2498 943 rationem

1494 965 1561 985 non
1584 964 1717 995 semper.

1430 999 1648 1040 Quaecunque
1677 998 1773 1038 igitur
1803 998 2060 1029 demonstrabilia
2092 998 2205 1038 accipit
2237 1008 2303 1030 esse
2335 999 2402 1040 ipse
2431 1010 2499 1032 non

1495 1044 1732 1082 demonstrans,
1763 1042 1840 1073 haec
1870 1042 1896 1072 si
1924 1042 2055 1083 quidem
2085 1042 2260 1083 probabilia
2287 1043 2419 1084 accipiat
2451 1045 2498 1076 di-

1495 1088 1604 1126 scenti,
1625 1092 1862 1128 supponuntur,
1888 1093 1919 1117 et
1941 1096 2008 1117 non
2033 1093 2079 1117 est
2102 1087 2285 1128 simpliciter
2308 1089 2498 1129 suppositio,

1495 1133 1550 1162 sed
1566 1133 1605 1162 ad
1623 1132 1715 1162 illum
1739 1132 1860 1170 solum;
1877 1131 1902 1161 si
1917 1141 1992 1161 vero
2015 1141 2120 1172 neque
2136 1131 2231 1162 unius
2249 1132 2427 1173 opinionis,
2444 1140 2500 1165 aut

1495 1176 1668 1207 contrariae
1695 1182 1751 1215 est,
1776 1175 1918 1215 accipiat,
1940 1175 2025 1206 idem
2045 1175 2131 1216 petit.
2157 1176 2199 1208 Et
2216 1176 2249 1207 in
2272 1177 2334 1208 hoc
2353 1177 2500 1209 differunt

1495 1220 1674 1261 suppositio
1705 1227 1735 1251 et
1765 1220 1893 1261 petitio;
1921 1226 1967 1250 est
1992 1220 2077 1250 enim
2107 1220 2216 1260 petitio
2246 1221 2279 1251 in
2306 1221 2500 1253 contrarium

1496 1265 1642 1296 discentis
1670 1264 1835 1305 opinioni;
1859 1271 1914 1295 aut
1936 1265 2026 1304 quod
2049 1264 2075 1294 si
2098 1264 2230 1305 aliquis,
2255 1266 2499 1297 demonstrabile

1496 1319 1571 1340 cum
1594 1309 1648 1348 sit,
1672 1308 1804 1349 accipiat
1827 1315 1857 1339 et
1880 1315 1987 1339 utatur
2009 1318 2076 1339 non
2100 1309 2330 1341 demonstrans.

1428 1404 1572 1434 Termini
1595 1404 1690 1444 igitur
1712 1413 1779 1434 non
1802 1410 1876 1434 sunt
1895 1403 2132 1444 suppositiones
2151 1402 2245 1446 (nihil
2260 1405 2346 1435 enim
2365 1415 2431 1436 esse
2445 1412 2501 1437 aut

1495 1458 1562 1478 non
1586 1458 1652 1478 esse
1668 1446 1812 1489 dicunt),
1837 1448 1943 1478 sedin
1959 1448 2231 1488 propositionibus
2254 1456 2329 1480 sunt
2351 1450 2499 1490 supposi-

1495 1492 1608 1523 tiones.
1632 1491 1803 1522 Terminos
1822 1498 1929 1523 autem
1949 1492 2056 1523 solum
2078 1492 2250 1533 intelligere
2271 1500 2414 1534 oportet3
2439 1494 2501 1526 hoc

1496 1543 1604 1567 autem
1626 1546 1694 1566 non
1713 1542 1759 1567 est
1777 1536 1974 1576 suppositio,
1994 1537 2054 1567 nisi
2073 1543 2103 1568 et
2119 1537 2227 1568 audire
2243 1538 2500 1578 suppositionem

1497 1580 1610 1622 aliquis
1626 1590 1694 1611 esse
1713 1580 1804 1611 dicat.
1822 1580 1884 1611 Sed
1900 1590 2168 1622 quorumcunque
2184 1581 2395 1621 existentium,
2410 1582 2444 1613 in
2459 1592 2500 1614 eo

1496 1625 1586 1666 quod
1607 1624 1661 1655 illa
1683 1631 1772 1663 sunt,
1795 1623 1832 1655 fit
1850 1625 2023 1655 conclusio.

1429 1670 1542 1710 Neque
1574 1675 1736 1709 geometra
1767 1668 1845 1699 falsa
1877 1669 2045 1710 supponit,
2075 1668 2155 1700 sicut
2183 1669 2315 1711 quidam
2343 1669 2502 1703 affirmant

1498 1714 1647 1752 dicentes,
1671 1714 1761 1753 quod
1783 1723 1850 1743 non
1871 1720 1998 1754 oportet
2014 1713 2093 1744 falso
2113 1713 2159 1744 uti
2168 1714 2387 1754 geometram:
2411 1725 2500 1747 men-

1496 1758 1547 1789 tiri
1562 1765 1670 1789 autem
1685 1758 1842 1788 dicentem
1861 1756 2004 1800 (lineam)
2020 1758 2115 1788 unius
2127 1758 2216 1798 pedis
2229 1769 2306 1797 esse,
2323 1769 2390 1790 non
2406 1759 2501 1791 unius

1498 1803 1601 1843 pedis:
1617 1809 1672 1833 aut
1686 1809 1803 1832 rectam
1819 1802 1978 1843 scriptam,
1992 1812 2058 1833 non
2071 1809 2188 1833 rectam
2202 1813 2279 1834 esse.
2295 1804 2357 1835 Sed
2372 1814 2500 1844 geome-

1498 1854 1546 1878 tra
1564 1846 1642 1877 nihil
1666 1846 1827 1877 concludit
1849 1846 2026 1877 secundum
2048 1846 2129 1878 hanc
2151 1847 2286 1888 lineam,
2311 1858 2409 1890 quam
2432 1848 2501 1891 ipse

1499 1891 1622 1931 posuit,
1647 1891 1703 1922 sed
1725 1901 1806 1932 quae
1829 1900 1885 1931 per
1907 1890 1984 1921 haec
2007 1891 2227 1923 ostenduntur.

1432 1987 1592 2028 Amplius,
1615 1986 1725 2028 petitio
1742 1993 1773 2017 et
1788 1986 1967 2027 suppositio
1991 1986 2107 2026 omnis,
2131 1994 2187 2019 aut
2210 1988 2292 2020 sicut
2314 1995 2420 2020 totum
2440 1995 2498 2029 est,

1499 2038 1554 2062 aut
1577 2031 1658 2062 sicut
1680 2031 1713 2061 in
1737 2038 1842 2072 parte:
1867 2031 1991 2062 termini
2015 2038 2123 2062 autem
2145 2039 2295 2064 neutrum
2317 2033 2446 2064 horum.

1432 2076 1450 2096 *
1466 2076 1590 2117 Species
1609 2075 1740 2117 quidem
1755 2075 1850 2116 igitur
1862 2085 1939 2114 esse,
1956 2082 2011 2106 aut
2027 2086 2130 2106 unum
2148 2076 2269 2118 aliquid
2287 2083 2371 2108 extra
2384 2077 2501 2118 multa,

1501 2131 1567 2151 non
1583 2129 1708 2150 necesse
1722 2126 1779 2158 est,
1797 2119 1822 2150 si
1838 2120 2066 2150 demonstratio
2090 2120 2162 2159 erit;
2186 2131 2252 2151 esse
2272 2127 2378 2152 tamen
2398 2131 2503 2155 unum

1500 2166 1539 2196 de
1562 2164 1671 2195 multis
1694 2174 1806 2194 verum
1830 2164 1932 2195 dicere
1951 2174 2076 2195 necesse
2093 2172 2156 2196 est:
2176 2175 2243 2196 non
2259 2165 2345 2196 enim
2359 2165 2417 2197 erit
2431 2166 2502 2198 uni-

1501 2209 1630 2247 versale,
1654 2208 1713 2239 nisi
1732 2208 1794 2239 hoc
1813 2208 1868 2247 sit;
1885 2208 1910 2239 si
1929 2219 2003 2239 vero
2021 2209 2195 2241 universale
2210 2220 2276 2242 non
2292 2210 2342 2249 sit,
2359 2210 2504 2242 medium

1501 2264 1567 2285 non
1600 2253 1672 2284 erit:
1704 2263 1802 2294 quare
1829 2263 1933 2294 neque
1961 2253 2199 2285 demonstratio.
2232 2254 2370 2296 Oportet
2396 2255 2504 2296 itaque

1501 2297 1621 2339 aliquid
1639 2307 1743 2328 unum
1762 2304 1792 2328 et
1806 2297 1892 2328 idem
1905 2298 1943 2329 de
1961 2298 2105 2339 plun'bus
2117 2308 2195 2339 esse,
2210 2308 2277 2330 non
2292 2299 2504 2341 aequivocum

1501 2342 1534 2373 in
1558 2341 1836 2373 demonstratione.

2528 2094 2538 2103 ·
2554 2092 2612 2120 Cap.
2626 2097 2660 2114 xi.

1435 2446 1496 2466 esse
1517 2438 1562 2466 vel
1582 2446 1643 2466 non
1665 2446 1743 2473 esse;
1771 2437 1954 2466 definitiones
1975 2444 2072 2466 autem
2094 2447 2155 2466 non
2176 2437 2276 2466 dicunt
2295 2438 2405 2476 aliquid
2425 2447 2504 2476 esse,

1434 2477 1479 2506 vel
1500 2486 1562 2506 non
1583 2486 1654 2506 esse.
1670 2493 1690 2498 —
1707 2478 1734 2505 6.
1756 2477 1882 2505 Solvitur
1903 2470 2053 2506 dubitatio.
2069 2494 2089 2499 -
2103 2487 2130 2515 7.
2152 2478 2296 2507 Probatur
2316 2477 2372 2507 alia
2392 2478 2504 2508 ratione

1435 2517 1617 2545 definitiones
1638 2526 1656 2545 a
1676 2516 1924 2554 suppositionibus
1952 2517 2104 2555 distingui:
2134 2527 2202 2546 nam
2224 2517 2320 2546 omnis
2341 2518 2503 2556 suppositio

1435 2557 1480 2585 vel
1501 2556 1601 2594 petitio
1629 2563 1672 2584 est
1699 2556 1861 2593 propositio
1889 2556 2057 2586 universalis
2084 2557 2129 2585 vel
2153 2557 2349 2594 particularis3
2378 2559 2429 2586 sed
2452 2558 2504 2586 de-

1436 2595 1529 2624 finitio
1550 2602 1685 2624 neutrum
1706 2596 1813 2624 horum
1834 2602 1891 2631 est,
1913 2596 1982 2633 quia
2002 2596 2073 2624 nihil
2092 2596 2122 2624 in
2143 2605 2178 2625 ea
2197 2596 2386 2633 praedicatur,
2408 2606 2504 2635 neque

1437 2635 1649 2671 universaliter,
1671 2644 1766 2672 neque
1794 2635 2010 2672 particulariter.
2031 2652 2051 2658 -
2067 2637 2095 2664 8.
2117 2635 2233 2672 Species
2258 2645 2310 2664 seu
2334 2636 2417 2665 ideae
2441 2638 2504 2674 pla-

1437 2675 1551 2704 tonicae
1572 2684 1633 2703 non
1657 2681 1724 2703 sunt
1744 2675 1922 2703 necessariae
1943 2676 1980 2703 ad
2002 2675 2298 2711 demonstrationem3
2323 2685 2440 2705 necesse
2461 2683 2505 2706 ta-

1438 2724 1506 2743 men
1530 2721 1573 2743 est
1602 2721 1633 2742 ut
1660 2714 1790 2742 medium
1820 2714 2075 2743 demonstrationis
2105 2715 2142 2743 sit
2170 2715 2346 2751 universale,
2374 2716 2431 2744 hoc
2461 2722 2505 2745 est

1438 2763 1531 2782 unum
1552 2760 1580 2782 et
1600 2754 1693 2789 idem,
1718 2763 1779 2782 non
1802 2754 1959 2791 aequivoce
1987 2755 2038 2782 sed
2065 2754 2188 2783 univoce
2214 2755 2250 2783 de
2271 2755 2400 2791 pluribus
2421 2765 2504 2792 prae·

1439 2793 1575 2822 dicatum.

1440 2887 1609 2924 Termini
1626 2887 1742 2937 igitur
1761 2899 1834 2924 non
1851 2887 1871 2908 *¹
1893 2894 1979 2933 etc.;
1998 2887 2036 2924 in
2051 2888 2168 2934 tertia,
2191 2888 2352 2927 excludit
2370 2901 2504 2939 quem-

1438 2940 1528 2977 dam
1544 2952 1722 2987 errorem,
1739 2940 1806 2976 ibi:
1823 2940 1968 2989 Species
1983 2941 2130 2988 quidem
2146 2941 2292 2991 igitur*
2307 2949 2376 2979 etc.
2395 2942 2505 2980 Circa

1437 2993 1604 3042 primum
1635 2993 1711 3030 duo
1741 2992 1843 3030 facit:
1873 2993 2018 3041 primo,
2053 2994 2244 3042 distinguit
2277 3007 2503 3032 communes

1438 3045 1557 3083 animi
1577 3045 1845 3096 conceptiones
1862 3046 1882 3067 *
1901 3058 1923 3082 a
1954 3045 2218 3095 petitionibus,
2254 3047 2334 3084 sive
2362 3060 2503 3097 suppo-

1439 3098 1657 3145 sitionibus3
1688 3099 1878 3145 secundo,
1916 3099 2118 3147 petitiones
2151 3107 2187 3137 et
2224 3100 2503 3149 suppositiones

1440 3151 1489 3189 ad
1516 3148 1697 3198 invicem,
1719 3151 1785 3188 ibi:
1815 3152 2068 3201 Quaecunque
2085 3153 2233 3201 quidem
2262 3153 2379 3203 igitur
2394 3154 2414 3176 '⁸¹
2433 3161 2502 3191 etc.
2531 3175 2541 3185 ·

1497 3215 1530 3241 2.
1566 3203 1675 3241 Circa
1705 3203 1874 3253 primum
1908 3205 2228 3243 considerandum
2262 3213 2320 3243 est
2348 3212 2366 3228 ³
2398 3207 2504 3256 quod

2531 2913 2543 2925 ⁸
2558 2912 2629 2935 Num.
2642 2918 2663 2941 3.

2531 2971 2541 2980 '
2555 2969 2627 2992 Num.
2641 2969 2663 2991 8.

2531 3070 2543 3082 ⁸
2553 3069 2590 3092 Cf.
2600 3070 2652 3092 lect.
2661 3075 2684 3096 v,
2694 3075 2718 3091 n.
2737 3085 2743 3091 .

2531 3107 2543 3114 ·
2553 3101 2637 3118 nom.
2647 3102 2680 3118 αι
2724 3111 2730 3117 .

2555 3174 2627 3197 Num.
2641 3181 2664 3202 ⁴·

376 3348 403 3382 α)
426 3349 503 3373 Circa
516 3348 636 3380 primum
654 3347 876 3373 considerandum
891 3351 937 3373 est.
947 3348 1040 3373 ——Edd.
1053 3349 1166 3374 Venetae
1185 3349 1278 3373 saeculi
1294 3349 1342 3373 XV
1360 3353 1386 3374 et

323 3383 400 3408 Piana
419 3384 450 3408 ita
465 3384 560 3415 legunt.
573 3384 606 3408 At
619 3383 693 3408 codd.
707 3383 873 3408 unanimiter:
893 3383 964 3408 circa
979 3384 1098 3415 primum
1112 3384 1150 3409 sic
1163 3384 1295 3416 procedit.
1318 3384 1384 3409 Con-

323 3418 494 3443 siderandum
519 3426 630 3451 namque
649 3421 688 3443 est
706 3423 753 3443 etc.
774 3418 801 3442 ln
820 3426 871 3443 uno
897 3419 953 3444 cod.
973 3419 995 3443 K
1016 3420 1128 3444 secunda
1148 3427 1226 3444 manu
1252 3419 1386 3452 corrigitur

324 3453 398 3478 lectio
417 3453 543 3486 primitiva
558 3453 625 3478 iuxta
640 3453 775 3478 lectionem
796 3453 908 3479 Pianam.
918 3468 936 3473 —
950 3454 1029 3485 Infra,
1049 3455 1122 3479 codd.
1137 3454 1221 3479 BDO:
1239 3454 1385 3480 communis

325 3488 407 3512 animi
421 3489 553 3520 conceptio
563 3488 669 3520 aliquid*
674 3489 776 3513 habet...
790 3490 933 3514 Commune
945 3489 1049 3521 quidem
1060 3489 1144 3518 habet,
1153 3490 1216 3522 quia
1226 3497 1328 3515 necesse
1338 3495 1385 3514 etc.

326 3523 411 3552 Quam
422 3524 560 3548 secundam
572 3524 686 3548 lectionis
700 3529 799 3555 partem
810 3524 904 3548 habent
918 3525 994 3549 etiam
1006 3524 1087 3549 AG.-
1096 3525 1193 3549 Verum
1209 3525 1284 3549 lectio
1300 3525 1385 3555 Piana,

326 3565 392 3590 quae
411 3558 484 3582 datur
502 3559 532 3582 ab
553 3558 607 3583 aliis
627 3559 710 3589 codd„
726 3559 857 3583 retinenda
871 3564 918 3589 est,
933 3567 986 3583 non
1001 3560 1087 3584 solum
1107 3567 1136 3584 ex
1155 3559 1194 3584 his
1210 3567 1277 3592 quae
1296 3560 1386 3585 imme-

1439 3348 1506 3374 diate
1524 3349 1667 3374 adduntur:
1694 3349 1836 3382 stoprium
1855 3353 1944 3375 autem
1964 3355 2026 3382 etc.;
2053 3351 2099 3376 sed
2118 3351 2195 3376 etiam
2214 3351 2275 3384 quia
2293 3350 2352 3376 alibi
2371 3358 2393 3376 s.
2409 3350 2505 3376 Ductor

1439 3385 1527 3417 plures
1551 3385 1611 3409 dicit
1633 3392 1692 3409 esse
1715 3392 1867 3410 communes
1893 3385 1971 3410 animi
1997 3386 2186 3419 conceptiones.
2207 3395 2221 3410 ‹
2242 3386 2385 3411 Dicendum
2410 3390 2450 3410 est
2472 3385 2504 3410 de

1441 3428 1454 3442 »
1475 3419 1595 3444 scientiae
1610 3420 1791 3453 acquisitione,
1812 3421 1882 3453 quod
1897 3421 2054 3453 praexistunt
2065 3421 2091 3446 in
2106 3421 2181 3446 nobis
2195 3421 2323 3454 quaedem
2341 3420 2504 3445 scientiarum

1442 3465 1454 3477 ι
1475 3454 1587 3486 semina,
1608 3455 1703 3480 scilicet
1716 3456 1823 3487 primae
1840 3456 2020 3488 conceptiones
2039 3456 2198 3485 intellectus,
2218 3463 2285 3489 quae
2303 3455 2389 3481 statim
2408 3454 2504 3480 lumine

1442 3499 1455 3513 »
1476 3490 1618 3515 intellectus
1633 3490 1730 3523 agentis
1750 3497 1940 3523 cognoscuntur
1958 3499 2004 3524 per
2022 3491 2123 3524 species
2137 3499 2152 3516 a
2166 3490 2331 3516 sensibilibus
2350 3490 2503 3520 abstractas,

1443 3534 1456 3548 »
1477 3525 1601 3569 siye-sint
1619 3526 1767 3558 complexa,
1786 3531 1814 3550 ut
1833 3526 1986 3559 dignitates,
2006 3526 2060 3551 sive
2078 3526 2250 3558 incomplexe,
2271 3525 2337 3550 sicut
2354 3525 2418 3550 tutio
2436 3525 2504 3550 entis

1443 3569 1456 3583 »
1477 3560 1599 3585 etunius
1618 3566 1643 3586 et
1656 3560 1818 3592 huiusmodi,
1838 3568 1904 3594 quae
1923 3561 2009 3586 statim
2027 3561 2172 3586 intellectus
2197 3559 2372 3594 apprehendit.
2392 3560 2430 3585 Ex
2448 3560 2504 3585 istis
