2548 4192
220 295 266 319 XX

225 359 495 410 doctorum
540 349 802 403 hominum
847 341 1144 410 suffragium
1191 336 1377 402 defuit,
1425 333 1556 385 ultro
1602 341 1652 381 et
1690 337 1988 380 reverenter
2034 325 2236 405 datum,
2286 347 2404 406 cum

224 427 447 495 insignes
487 421 799 474 eruditorum
837 410 1159 467 Academiae
1201 405 1442 459 eumdem
1481 402 1633 470 plane
1677 420 1737 450 ac
1780 398 2062 477 Sacrorum
2102 396 2402 476 Ant1st1tes,

224 498 446 549 animum
475 491 643 544 Nobis
673 488 860 554 scripto
893 478 1274 535 declaraverint.
1292 510 1360 514 ——
1381 475 1436 526 In
1466 473 1544 524 his
1573 482 1744 523 autem
1775 469 1950 547 htterls
1980 467 2152 546 placet
2181 488 2402 521 maxlme

226 565 531 632 obsequium
552 556 831 612 auctoritati
857 555 1079 606 Nostrae
1112 561 1161 601 et
1189 548 1307 600 huic
1332 543 1678 613 Apostolicae
1700 539 1827 618 Sedi
1853 549 2172 617 praestltum3
2195 539 2403 607 placent

225 656 368 689 mens
408 645 456 685 et
493 630 677 684 iudicia
713 628 778 679 ab
817 622 1112 676 auctoribus
1151 618 1361 687 prolata.
1410 615 1528 666 Una
1567 623 1643 664 est
1682 631 1818 689 enlm
1859 630 2090 661 omnlum
2131 631 2257 679 vox,
2302 632 2405 663 una

224 704 469 759 sententia
523 699 683 752 notari
723 708 772 748 et
809 706 915 747 tuto
956 689 1213 759 designari
1253 685 1460 739 Litteris
1500 684 1593 736 illis
1631 683 1854 748 Nostrls,
1895 702 2001 760 quo
2034 681 2261 735 tandem
2285 682 2402 734 loco

223 778 285 828 sit
321 745 662 843 praes'entium
706 767 954 819 malorum
994 762 1165 828 radix,
1215 771 1264 810 et
1302 757 1439 809 unde
1479 753 1707 823 petenda
1746 752 1989 804 remed1a.
2032 752 2240 806 Omnes
2281 775 2402 806 con-

224 845 442 898 sentiunt
479 843 750 893 humanam
781 836 1043 900 rationem,
1083 832 1123 883 si
1154 851 1183 881 a
1213 829 1387 881 divina
1416 826 1537 878 fidei
1567 824 1868 876 auctoritate
1905 823 2215 892 discesserit,
2253 825 2402 877 dubi-

223 916 466 968 tationum
506 910 742 962 fluctibus
782 919 831 959 et
873 900 1296 974 praesentissimis
1337 917 1567 950 errorum
1612 895 1853 964 periculis
1899 915 2014 947 esse
2054 896 2402 964 propositam,

223 988 347 1038 haec
385 994 553 1035 autem
592 979 817 1049 pericula
853 976 996 1028 facile
1037 992 1320 1038 evasuram,
1361 969 1401 1021 si
1440 968 1507 1020 ad
1548 966 1853 1019 catholicam
1882 966 2270 1035 philosophiam
2311 968 2402 1020 ho-

222 1057 382 1108 mines
421 1051 743 1122 perfugerint.
1589 1109 1598 1117 ·
1885 1109 1893 1117 ι

329 1123 711 1194 Quamobrem,
752 1116 1075 1170 Venerabilis
1115 1115 1294 1165 Frater
1331 1112 1546 1177 Noster,
1587 1109 1711 1161 1llud
1750 1109 1923 1161 Nobis
1965 1121 2041 1161 est
2080 1130 2403 1179 magnopere

223 1198 271 1249 in
294 1195 491 1264 optatis,
531 1205 584 1245 ut
621 1193 670 1243 S.
693 1191 930 1242 Thomae
970 1186 1224 1252 doctrina,
1266 1182 1385 1235 fidei
1421 1181 1617 1233 veritati
1657 1180 1894 1249 apprime
1935 1181 2245 1249 conformis,
2286 1202 2405 1234 cum

224 1268 272 1319 in
312 1265 549 1317 omnibus
589 1261 845 1314 catholicis
880 1257 1167 1311 Athenaeis
1214 1253 1594 1322 quamprimum
1635 1252 1923 1321 reviviscat,
1955 1264 2063 1304 tum
2092 1253 2314 1305 maxime
2354 1253 2403 1305 in

224 1339 317 1389 hac
348 1337 491 1388 Urbe
522 1334 750 1402 principe
783 1330 1013 1383 catholici
1046 1327 1284 1393 nominis,
1314 1345 1446 1393 quae
1478 1324 1548 1375 ob
1582 1344 1695 1375 eam
1728 1344 1953 1392 causam,
1972 1324 2117 1392 quod
2150 1335 2227 1376 est
2249 1324 2405 1376 sedes

221 1406 481 1459 Pontificis
519 1404 757 1471 Maximi,
805 1402 963 1454 debet
1008 1399 1315 1468 optimarum
1361 1395 1712 1448 doctrinarum
1757 1395 1911 1447 laude
1952 1396 2135 1448 ceteris
2182 1396 2404 1448 antecel-

223 1476 562 1530 lere—Huc
601 1474 798 1526 accedit
842 1471 985 1540 quod
1030 1471 1284 1536 Romam,
1327 1467 1608 1519 catholicae
1649 1467 1853 1519 unitatis
1901 1478 2164 1535 centrum,
2205 1467 2407 1520 soleant

223 1549 574 1600 adolescentes
615 1566 676 1597 ex
714 1544 851 1595 omni
891 1554 1135 1594 terrarum
1175 1541 1292 1591 loco
1332 1539 1628 1607 frequentes
1669 1538 1958 1607 celebrare,
2004 1538 2207 1606 nullibi,
2249 1559 2405 1607 quam

223 1639 383 1688 penes
412 1628 677 1685 augustam
707 1616 762 1666 B.
784 1614 918 1666 Petri
946 1612 1256 1679 cathedram,
1283 1630 1584 1680 germanam
1615 1610 2074 1679 incorruptamque
2100 1610 2406 1678 sapientiam

223 1690 375 1741 satius
414 1687 647 1739 hausturi.
687 1687 862 1753 Itaque
901 1685 941 1736 si
980 1683 1338 1753 philosophiae
1380 1682 1700 1750 christianae,
1741 1702 1898 1750 quam
1925 1681 2170 1750 diximus,
2201 1681 2410 1750 largiter

223 1761 338 1811 hinc
378 1759 526 1827 copia
565 1757 846 1824 defluxerit,
886 1776 988 1808 non
1029 1755 1176 1807 unius
1207 1754 1365 1806 Urbis
1397 1753 1587 1806 finibus
1619 1754 1865 1806 conclusa
1895 1753 2169 1821 tenebitur,
2210 1753 2304 1805 sed
2340 1753 2407 1805 ad

224 1850 401 1882 omnes
440 1829 679 1897 popuIOS,
719 1829 857 1879 velut
894 1826 1363 1878 abundantissimus
1402 1825 1583 1893 amnis,
1624 1825 1865 1877 manabit.
2111 1823 2113 1826 ’

327 1901 412 1952 Sic
451 1900 601 1968 igitur
638 1899 803 1968 primo
843 1899 958 1950 loco
995 1898 1299 1965 curavimus,
1340 1908 1394 1948 ut
1423 1897 1472 1948 in
1504 1896 1796 1949 Seminario
1835 1896 2100 1964 RomanO,
2141 1895 2191 1948 in
2223 1895 2407 1964 Lyceo

225 1971 564 2039 Gregoriano,
595 1971 643 2022 in
670 1970 968 2022 Urbaniano
999 1969 1210 2036 aliisque
1238 1968 1506 2037 Collegiis,
1534 1969 1762 2020 Nostrae
1789 1968 1962 2020 adhuc
1997 1967 2284 2020 auctoritati
2312 1967 2406 2019 ob-

223 2043 406 2109 noxiis,
436 2041 823 2110 philosophicae
863 2041 1159 2109 disciplinae
1199 2040 1487 2092 secundum
1529 2051 1756 2092 mentem
1788 2051 1838 2092 et
1862 2039 2116 2109 principia
2153 2038 2406 2092 Doctoris

221 2113 493 2181 Angelici,
525 2113 786 2164 enucleate
827 2112 1048 2164 dilucide
1089 2112 1302 2181 copiose
1343 2111 1608 2164 tradantur
1646 2123 1801 2179 atque
1843 2111 2156 2163 excolantur.
2190 2110 2262 2163 Et
2299 2130 2404 2163 rna-

220 2184 352 2235 xime
392 2183 440 2235 in
479 2184 578 2235 hoc
618 2204 824 2235 ornnem
863 2184 1072 2253 vigilare
1113 2204 1287 2235 curam
1317 2194 1367 2235 et
1406 2183 1794 2235 contentionem
1823 2182 2100 2235 doctorum
2141 2182 2406 2250 volumus,

220 2265 274 2306 ut
311 2275 437 2322 quas
475 2254 569 2323 ipsi
599 2255 860 2306 doctrinae
890 2276 1018 2323 opes
1046 2276 1107 2307 ex
1135 2255 1485 2307 voluminibus
1520 2255 1681 2307 sancti
1716 2255 1959 2307 Thomae
1987 2254 2264 2323 diligenter
2302 2253 2407 2306 col-

221 2325 457 2404 legerint,
496 2325 703 2377 easdem
744 2326 1048 2394 explicando
1098 2326 1384 2395 dilatando,
1425 2326 1650 2379 suaviter
1693 2338 1743 2378 et
1781 2326 2042 2378 fructuose
2082 2325 2408 2378 auditoribus

224 2407 519 2463 lmpertiant.

330 2466 437 2518 Sed
475 2478 738 2534 praeterea
783 2489 886 2535 quo
927 2469 1089 2536 magis
1129 2470 1256 2522 haec
1293 2469 1462 2522 studia
1502 2470 1713 2539 vigeant
1751 2481 1801 2521 et
1840 2469 2082 2537 floreant,
2120 2468 2409 2521 curandum

227 2548 319 2604 est,
357 2548 410 2588 ut
446 2549 697 2590 amatores
736 2539 1092 2608 philosophiae
1133 2541 1485 2594 Scholasticae
1526 2541 1575 2593 in
1617 2541 1726 2593 eius
1765 2541 1982 2610 gratiam
2022 2539 2231 2608 sedu10,
2262 2539 2410 2608 quod

226 2619 455 2675 possunt,
487 2609 749 2677 enitantur,
778 2611 994 2662 maxime
1016 2623 1184 2664 autem
1207 2613 1255 2664 in
1284 2613 1557 2665 societates
1579 2624 1780 2681 coeant,
1811 2623 2097 2680 coetusque
2123 2611 2410 2664 identidem

228 2678 464 2757 habeant,
495 2679 543 2730 in
565 2680 751 2747 quibus
777 2681 1062 2734 studiorum
1101 2704 1310 2736 suorum
1351 2684 1543 2737 fructus
1568 2684 1754 2753 singuli
1782 2684 1830 2736 in
1872 2683 2102 2736 medium
2129 2682 2409 2751 adducant,

229 2760 277 2800 et
316 2769 364 2800 1n
404 2770 730 2802 communem
769 2752 981 2804 afferant
1018 2754 1290 2808 utilitatem.

333 2820 480 2872 Haec
519 2833 686 2873 autem
727 2822 911 2875 iudicia
949 2836 1277 2894 mentemque
1307 2828 1554 2880 Nostram
1593 2820 1799 2879 Tecum
1835 2826 2220 2879 communicare
2246 2825 2410 2878 volui-

229 2910 369 2968 mus,
399 2891 723 2944 Venerabilis
762 2894 940 2946 Frater
978 2896 1197 2965 Noster,
1233 2899 1318 2966 qui
1359 2920 1506 2951 sacro
1535 2899 1772 2952 Consilio
1812 2919 1998 2968 praees
2038 2898 2219 2951 studiis
2259 2897 2410 2950 disci-

230 2961 478 3040 phnarum
518 2964 777 3042 regundis,
808 2977 943 3017 certa
972 2987 1063 3035 spe
1094 2968 1219 3037 freti,
1256 2991 1349 3022 nec
1390 2971 1708 3038 industriam,
1739 2990 1835 3022 nec
1868 2970 2197 3039 prudentiam
2237 2969 2411 3022 Tuam

231 3031 325 3082 hac
364 3053 411 3083 1n
452 3054 504 3112 re
543 3034 712 3086 Nob1s
753 3035 1233 3092 defuturam—Te
1262 3042 1496 3109 profecto
1537 3063 1641 3095 non
1681 3042 1803 3094 latet
1832 3042 2108 3094 doctorum
2141 3041 2412 3094 hominum

234 3112 409 3181 coetus
448 3124 554 3155 sive
583 3105 917 3184 AcademiaS,
938 3109 1288 3187 ‘nobilissimas
1315 3114 1469 3165 veluti
1498 3114 1780 3182 palaestras
1800 3113 1972 3182 fuisse,
2003 3113 2051 3165 in
2093 3112 2284 3181 quibus
2319 3111 2412 3164 viri

234 3191 438 3252 lngenio
478 3195 672 3242 peracri
713 3188 761 3228 et
786 3178 1017 3231 doctrina
1055 3194 1370 3248 praestantes
1411 3206 1527 3237 cum
1567 3206 1623 3238 se
1663 3185 1758 3254 ipsi
1781 3185 1967 3237 utiliter
2005 3195 2308 3237 exercerent
2345 3183 2412 3236 de

235 3262 462 3295 maximis
502 3246 655 3324 rebus
685 3248 966 3328 scribentes
996 3271 1054 3302 ac
1094 3252 1428 3324 disputantes,
1457 3268 1564 3309 tum
1597 3257 1959 3309 adolescentes
2001 3256 2278 3323 erudirent,
2307 3275 2412 3308 ma-

235 3333 338 3380 gno
379 3334 494 3393 cum
533 3329 852 3396 scientiarum
893 3335 1220 3376 lncremento.
1251 3325 1333 3377 Ex
1371 3327 1470 3379 hoc
1511 3328 1710 3397 optimo
1743 3349 1888 3380 more
1929 3328 2264 3395 institutoque
2304 3326 2412 3379 iun-

235 3384 615 3466 gend1v1reset
643 3390 1000 3469 mtelligentiae
1022 3393 1211 3447 lumina
1237 3397 1555 3466 conferendi,
1590 3400 1863 3452 extiterunt
1888 3400 2098 3452 illustria
2117 3399 2414 3451 Doctorum

238 3454 471 3524 collegia,
507 3458 601 3537 alia
644 3460 875 3527 plumbus
918 3464 1064 3516 simul
1109 3465 1387 3535 disciplinis
1435 3470 1663 3539 addicta,
1701 3471 1798 3524 alia
1845 3470 2205 3540 singularibus.
2242 3469 2414 3521 Vivax

238 3522 369 3601 fama
395 3537 444 3577 et
469 3528 630 3607 gloria
664 3551 841 3611 eorum
872 3537 1163 3605 permansit,
1195 3559 1344 3607 quae,
1375 3540 1629 3594 Romanis
1656 3543 1997 3595 Pontificibus
2038 3561 2142 3594 non
2182 3561 2287 3592 uno
2323 3559 2414 3592 no-

240 3613 374 3645 mme
412 3596 712 3669 faventibus,
740 3603 931 3670 ublque
971 3606 1267 3677 floruerunt,
1299 3622 1352 3662 ut
1390 3611 1438 3663 in
1479 3613 1574 3664 hac
1602 3613 1742 3666 Italia
1781 3626 1970 3682 nostra,
2001 3612 2288 3679 Bononiae,
2319 3611 2415 3663 Pa-
