2788 4204
156 386 179 419 01!

61 929 71 937 ·
91 921 144 949 ὖπὰ
180 932 269 950 ον....

61 958 97 995 μὴ
115 959 240 994 ὕπαρχον.

65 1404 292 1433 'Lucumo-8(

167 1990 183 2023 t

69 2102 182 2152 ma
187 2109 217 2128 a:
226 2108 282 2124 con-

67 2209 132 2231 ’.σε
169 2207 283 2232 nudum

68 2241 96 2258 se
223 2234 280 2256 sita.

68 2273 79 2279 -
87 2266 131 2284 nt
209 2263 232 2282 te
251 2266 284 2282 ex

201 2287 284 2309 condi-

139 2329 146 2339 .
153 2319 184 2341 Λα
191 2314 237 2335 hoc
246 2314 284 2335 lo-

1166 306 1277 341 cAP.
1307 305 1376 352 v1,
1406 304 1557 341 LECT.
1588 305 1640 340 lx

300 398 398 436 quae
427 385 634 434 opponitur
662 385 860 432 negativae
895 385 1010 422 falsae
1031 382 1062 430 δ,
1093 396 1210 433 quam
1243 384 1368 432 primo

299 439 437 489 posuit,
468 451 557 475 cum
587 438 692 476 dicit:
718 439 770 474 Et
795 438 896 486 quod
922 444 991 483 est,
1019 437 1158 474 scilicet
1183 437 1221 473 in
1242 449 1369 474 rerum

300 500 449 538 natura,
475 504 563 529 esse.
591 492 737 538 Quarto
763 498 902 537 autem,
928 490 1036 539 ponit
1065 490 1281 538 negativam
1305 502 1370 527 ve-

300 558 395 593 ram,
412 557 511 594 quae
531 544 738 593 opponitur
753 543 997 581 affirmationi
1012 544 1137 590 falsae,
1156 556 1243 579 cum
1266 543 1370 580 dicit:

299 600 351 636 Et
375 599 477 647 quod
503 610 578 635 non
607 604 676 644 est,
707 598 847 634 scilicet
879 597 919 633 in
953 609 1081 633 rerum
1116 604 1266 642 natura,
1298 609 1371 633 non

301 664 389 690 esse.

353 717 391 752 4.
413 705 506 741 Non
521 711 578 741 est
597 711 726 741 autem
747 702 1033 751 intelligendum
1059 702 1165 751 quod
1179 703 1254 739 hoc
1269 702 1375 751 quod

301 758 407 797 dixit:
438 758 548 799 Quod
574 763 628 794 est
660 765 697 794 et
724 757 825 805 quod
858 768 932 793 non
961 762 1030 801 est,
1058 756 1104 792 sit
1131 756 1374 792 referendum

301 811 351 849 ad
370 811 493 848 solam
513 810 750 848 existentiam
765 811 828 847 vel
849 822 928 846 non
948 809 1183 846 existentiam
1205 809 1374 855 subiecti,

301 864 370 903 sed
398 864 447 901 ad
470 865 546 901 hoc
571 864 677 913 quod
703 876 762 900 res
785 863 996 912 significata
1023 875 1093 912 per
1115 862 1376 911 praedicatum

301 917 388 958 insit
406 918 468 955 vel
489 930 568 954 non
587 917 673 954 insit
692 918 712 937 ⁴*
732 917 786 953 rei
806 916 1038 964 significatae
1061 928 1131 965 per
1150 915 1374 953 subiectum.

303 972 408 1011 Nam
439 983 528 1008 cum
558 971 712 1018 dicitur,
739 982 876 1007 corvus
904 975 958 1006 est
988 970 1116 1014 albus,
1146 968 1378 1016 significatur

303 1025 410 1074 quod
437 1036 517 1061 non
547 1031 616 1071 est,
639 1036 737 1071 esse,
765 1023 942 1072 quamvis
970 1023 1051 1071 ipse
1077 1034 1215 1059 corvus
1244 1022 1290 1059 sit
1318 1034 1377 1058 res

305 1079 479 1115 existens.

363 1133 394 1168 5.
424 1132 473 1167 Et
501 1130 596 1166 sieut
624 1130 716 1166 istae
746 1136 909 1177 quatuor
935 1126 1171 1165 differentiae
1201 1126 1378 1164 enuncia-

304 1185 454 1223 tionum
474 1182 720 1220 inveniuntur
739 1182 777 1218 in
793 1181 1120 1231 propositionibus
1139 1186 1161 1226 ⁸,
1183 1180 1222 1216 in
1241 1180 1379 1230 quibus

303 1236 459 1288 ponitur
477 1236 643 1273 verbum
671 1235 881 1284 praesentis
905 1233 1101 1283 temporis,
1120 1233 1171 1270 ita
1191 1232 1305 1270 etiam
1324 1232 1379 1269 in-

304 1290 510 1328 veniuntur
537 1289 576 1326 in
603 1288 932 1325 enunciationibus
960 1287 999 1323 in
1018 1287 1157 1335 quibus
1185 1293 1381 1335 ponuntur

304 1344 426 1381 verba
442 1342 634 1392 praeteriti
662 1343 725 1380 vel
754 1341 868 1378 futuri
895 1340 1091 1389 temporis.
1123 1340 1248 1388 Supra
1277 1339 1379 1376 enim

306 1397 398 1434 dixit
413 1396 433 1417 *
455 1396 561 1446 quod
575 1407 733 1432 necesse
749 1402 804 1431 est
819 1393 1127 1431 enunciationem
1144 1400 1319 1430 constare
1335 1405 1381 1429 ex

304 1450 428 1488 verbo
447 1449 511 1486 vel
540 1461 586 1486 ex
607 1461 697 1486 casu
724 1448 846 1486 verbi.
872 1448 922 1484 Et
940 1448 1015 1484 hoc
1035 1449 1091 1484 est
1110 1446 1215 1495 quod
1237 1446 1379 1483 subdit:

311 1503 421 1545 Quod
451 1502 622 1539 similiter
650 1502 848 1552 contingit,
889 1501 1029 1537 scilicet
1056 1500 1195 1537 variari
1225 1499 1380 1537 diversi-

306 1556 423 1594 mode
453 1555 762 1593 enunciationem
795 1555 897 1592 circa
926 1567 992 1600 ea,
1027 1565 1124 1602 quae
1155 1559 1243 1590 sunt
1272 1559 1381 1590 extra

299 1621 483 1659 praesens
517 1615 680 1658 tempus,
715 1608 813 1645 idest
841 1609 940 1645 circa
967 1606 1168 1656 praeterita
1192 1607 1254 1643 vel
1284 1607 1381 1643 futu-

307 1675 369 1710 ra,
399 1675 498 1712 quae
527 1670 614 1699 sunt
648 1662 941 1711 quodammodo
972 1661 1180 1697 extrinseca
1208 1667 1383 1708 respectu

306 1716 534 1765 praesentis,
565 1715 654 1765 quia
686 1727 868 1764 praesens
902 1721 958 1751 est
990 1714 1163 1751 medium
1191 1712 1383 1762 praeteriti

308 1777 346 1806 et
373 1769 500 1806 futuri.

363 1823 399 1859 6.
427 1823 477 1859 Et
505 1822 594 1871 quia
621 1821 672 1858 ita
700 1830 776 1869 est,
811 1820 991 1868 contingit
1019 1831 1136 1856 omne
1165 1818 1270 1868 quod
1299 1818 1384 1867 quis

309 1875 562 1925 affirmaverit
580 1887 735 1922 negare,
759 1882 796 1911 et
815 1886 932 1911 omne
957 1873 1062 1922 quod
1082 1873 1166 1921 quis
1191 1871 1386 1920 negaverit

309 1929 520 1966 affirmare:
548 1928 653 1977 quod
682 1928 839 1977 quidem
865 1927 1110 1964 manifestum
1137 1934 1193 1963 est
1213 1938 1257 1962 ex
1276 1937 1384 1974 prae-

309 1981 434 2019 missis
449 1981 474 2018 ζ.
496 1983 588 2019 Non
617 1982 719 2019 enim
747 1989 873 2030 potest
901 1979 1083 2018 affirmari
1102 1979 1173 2016 nisi
1196 1980 1258 2016 vel
1279 1979 1385 2027 quod

311 2035 419 2072 estin
439 2048 569 2073 rerum
588 2043 723 2073 natura
743 2034 957 2072 secundum
978 2033 1134 2083 aliquod
1153 2032 1267 2070 trium
1287 2040 1383 2068 tem—

308 2101 462 2138 porum,
482 2090 546 2127 vel
565 2090 671 2138 quod
690 2101 769 2126 non
789 2095 860 2135 est;
877 2095 914 2124 et
932 2087 1007 2124 hoc
1025 2094 1148 2124 totum
1170 2085 1350 2133 contingit
1365 2086 1384 2104 ⁴*

310 2155 461 2191 negare.
489 2142 601 2180 Unde
630 2142 874 2179 manifestum
904 2149 960 2178 est
995 2140 1100 2190 quod
1129 2151 1247 2176 omne
1276 2138 1384 2187 quod

310 2196 523 2233 affirmatur
549 2203 675 2245 potest
702 2195 843 2244 negari,
865 2202 902 2232 et
930 2207 951 2231 θ
981 2205 1182 2231 converse.

364 2250 414 2287 Et
441 2249 530 2298 quia
549 2249 752 2286 affirmatio
774 2256 811 2286 et
839 2248 988 2296 negatio
1014 2246 1198 2296 opposita
1219 2253 1306 2282 sunt
1326 2257 1383 2281 se-

311 2303 483 2340 cundum
511 2315 553 2340 se
570 2304 600 2350 *,
627 2310 759 2351 utpote
782 2315 828 2339 ex
844 2302 1022 2351 opposito
1053 2297 1379 2344 contradictoriae,

312 2368 552 2405 consequens
578 2363 634 2393 est
662 2356 767 2405 quod
796 2355 987 2405 quaelibet
1016 2353 1219 2391 affirmatio
1244 2352 1383 2388 habeat

365 2493 390 2528 ὃ)
409 2494 560 2526 Opponitur
574 2493 715 2526 negativae
723 2492 821 2526 salsae,
836 2492 902 2516 sicut
915 2491 980 2516 infra
995 2491 1086 2516 dicitur
1104 2490 1175 2523 quod
1189 2488 1307 2521 negativa
1320 2495 1382 2512 vera

311 2530 456 2563 opponitur
480 2529 657 2563 affirmationi
668 2529 794 2562 salsae.·-
803 2527 880 2552 Piana
899 2535 958 2552 cum
978 2527 1036 2552 edd.
1047 2526 1112 2551 Ven.
1123 2525 1218 2550 saecul.
1228 2524 1276 2549 XV
1291 2528 1316 2548 et
1324 2523 1384 2547 XVI

311 2566 385 2598 legit:
399 2565 544 2598 opponitur
553 2564 703 2597 negativae·
717 2564 763 2588 sed
773 2563 917 2596 opponitur
931 2562 1071 2595 negativae
1079 2561 1169 2596 salsae
1178 2559 1276 2594 optime
1289 2558 1386 2599 habent

313 2600 526 2626 sodet—Deinde
540 2605 566 2624 et
583 2606 664 2632 quam
678 2599 770 2632 primo
784 2599 878 2631 posuit
895 2606 925 2623 ex
945 2598 1043 2623 eisdem
1063 2597 1137 2622 codd.
1157 2601 1183 2621 et
1196 2596 1238 2621 ed.
1256 2602 1274 2620 a
1290 2594 1384 2619 subsu-

310 2637 410 2662 mimus
423 2635 526 2661 lectioni
536 2635 631 2660 Pinnae
643 2640 669 2660 et
681 2635 789 2659 aliarum
804 2635 862 2659 edd.
875 2635 950 2659 Ven.:
965 2641 1044 2666 quam
1055 2632 1148 2665 posuit
1162 2632 1188 2656 in
1198 2631 1291 2663 primo
1295 2637 1304 2659 ‚·
1318 2637 1386 2662 quae

311 2672 389 2698 lectio
407 2676 448 2696 est
461 2671 602 2703 impropria
615 2675 641 2695 et
653 2671 802 2695 obscura.-
811 2670 876 2694 Cod.
890 2670 927 2694 D:
946 2676 1014 2702 quae
1027 2668 1172 2700 opponitur
1183 2666 1327 2692 secundum
1342 2672 1386 2690 ne-

312 2707 449 2742 gationem
458 2707 560 2741 salsae,
574 2713 653 2739 quam
662 2705 754 2738 primo
763 2706 865 2738 posuit.
880 2705 972 2730 Melior
986 2711 1092 2737 quoque
1106 2703 1181 2728 nobis
1195 2702 1297 2726 videtur
1311 2700 1386 2726 codd.

314 2743 404 2774 lectio,
429 2742 507 2767 infra:
527 2749 594 2774 quae
608 2742 752 2774 opponitur
764 2741 903 2770 secundae,
913 2741 1012 2766 scilicet
1034 2738 1211 2773 affirmationi
1231 2734 1316 2771 (ADE
1331 2744 1386 2761 me-

313 2778 379 2809 lius,
397 2776 594 2812 affirmativae)
608 2777 699 2811 falsae
718 2782 766 2802 etc.
1329 2784 1351 2813 .’

367 2812 390 2848 ε)
406 2814 436 2838 In
446 2813 684 2846 propositionibus.
699 2813 770 2837 Haec
787 2812 867 2836 verba
880 2819 947 2845 quae
962 2812 1116 2844 supplemus
1131 2817 1161 2834 ex
1176 2809 1250 2834 codd.
1265 2808 1386 2832 omnibus

315 2849 409 2874 desunt
422 2849 448 2873 in
463 2849 548 2878 Piana,
564 2848 636 2873 cuius
650 2853 788 2881 propterea
802 2847 885 2878 lectio,
901 2847 1081 2874 inveniuntur,
1099 2846 1124 2870 in
1140 2845 1234 2877 quibus
1249 2849 1306 2874 etc.,
1322 2851 1385 2868 non-

315 2884 377 2909 nihil
391 2883 554 2909 obscuritatis
572 2883 662 2908 habet:
682 2891 732 2908 non
753 2883 822 2908 enim
835 2883 914 2907 scitur
933 2882 972 2907 cui
987 2882 1102 2915 praecise
1116 2880 1218 2910 referri,
1237 2879 1263 2904 vi
1279 2879 1386 2908 formae,

316 2919 408 2944 debeat
421 2919 556 2944 relativum
570 2919 641 2948 illud,
652 2918 679 2943 in
694 2918 795 2951 quibus.
812 2918 878 2943 Satis
892 2918 999 2950 insuper
1013 2925 1043 2942 ex
1057 2916 1205 2941 immediate
1219 2915 1386 2947 sequentibus

315 2954 440 2979 indicatur
457 2954 501 2986 (in
515 2954 743 2979 enunciationibus
756 2952 814 2987 etc.)
830 2954 923 2978 deesse
938 2953 964 2977 in
979 2951 1243 2985 propositionibus.—
1252 2951 1387 2975 Praeterea

316 2997 376 3014 cum
398 2989 472 3014 codd.
492 2989 582 3014 ABCE
605 2989 716 3021 legimus
740 2990 818 3022 paulo
840 2996 931 3022 supra:
953 2992 980 3013 et
1000 2989 1069 3013 sicut
1091 2988 1158 3012 istae
1176 2990 1293 3019 quatuor
1311 2991 1388 3010 etc.—

316 3025 380 3049 Cod.
393 3024 431 3049 D:
448 3027 475 3049 et
492 3024 561 3049 sicut
579 3025 654 3057 ipsae
671 3028 788 3056 quatuor
806 3024 982 3049 ete—Piana:
1002 3027 1028 3048 et
1045 3024 1114 3048 sicut
1132 3026 1249 3055 quatuor
1267 3027 1315 3046 etc.

367 3059 395 3094 ζ)
409 3059 583 3093 Manifestum
597 3063 637 3085 est
650 3067 687 3084 ex
700 3060 866 3092 praemissis.
879 3060 926 3084 Est
938 3059 1012 3084 lectio
1026 3059 1143 3083 omniurn
1151 3058 1232 3082 codd.
1242 3072 1261 3076 —
1272 3057 1350 3081 Piana
1362 3062 1388 3081 et

317 3094 382 3120 Ven.
393 3095 460 3119 edd.:
471 3098 604 3120 ostensum
614 3098 654 3120 est
664 3095 690 3119 in
696 3095 861 3127 praemissis.
871 3094 949 3127 Atqui
961 3094 982 3118 si
992 3099 1127 3119 ostensum
1138 3098 1178 3118 est
1187 3093 1213 3117 in
1227 3092 1386 3125 praemissis,

317 3130 406 3156 inutile
415 3130 480 3154 foret
491 3130 586 3155 iterum
599 3130 648 3155 hoc
663 3131 720 3155 loco
734 3130 879 3155 ostendere.
895 3130 1045 3154 Ostenditur
1058 3135 1145 3154 tamen
1160 3126 1226 3162 (non
1236 3128 1305 3152 enim
1317 3126 1386 3159 ete),

317 3171 344 3191 et
361 3165 435 3198 quasi
460 3165 622 3190 corollarium
645 3173 675 3190 ex
694 3165 733 3189 his
752 3165 871 3195 infertur,
891 3173 957 3198 quae
980 3165 1005 3189 in
1026 3164 1176 3197 praemissis
1200 3163 1303 3188 fuerunt
1326 3171 1385 3196 pro-

316 3201 384 3226 bata.
403 3200 470 3225 Hinc
484 3201 519 3225 A:
538 3204 565 3225 et
577 3200 640 3233 quia
659 3201 698 3225 ita
711 3204 762 3229 est,
782 3200 902 3233 sequitur
919 3200 1042 3226 concludi
1060 3200 1132 3232 quod
1150 3206 1227 3224 omne
1245 3198 1316 3231 quod
1329 3198 1387 3230 quis

317 3235 496 3270 affirmaverit
505 3241 572 3261 etc.—
582 3236 664 3260 Codd.
671 3236 728 3260 BE:
738 3239 765 3260 et
774 3236 836 3268 quia
846 3236 885 3260 ita
894 3239 941 3264 est,
955 3236 1075 3268 sequitur
1087 3235 1159 3267 quod
1170 3234 1302 3266 contingit
1311 3238 1386 3263 etc.;—

317 3272 355 3296 D:
375 3275 402 3296 et
420 3271 483 3304 quia
501 3271 540 3296 ita
559 3274 606 3300 est,
625 3271 745 3303 sequitur
762 3271 834 3303 quod
851 3271 974 3296 convenit
991 3278 1068 3295 omne
1086 3270 1158 3303 quod
1176 3269 1234 3302 quis
1253 3274 1341 3299 etc.;-
1352 3269 1386 3292 C:

318 3311 344 3333 et
356 3307 419 3340 quia
433 3307 472 3331 ita
486 3309 533 3337 est,
548 3306 620 3339 quod
632 3306 764 3339 contingit
780 3313 857 3331 omne
875 3306 946 3339 quod
964 3306 1023 3338 quis
1037 3311 1084 3330 etc.
1100 3305 1173 3335 Quae
1192 3304 1268 3329 lectio
1286 3304 1387 3328 videtur

317 3342 449 3375 requirere
462 3341 590 3374 sequitur,
610 3342 681 3374 quod
693 3341 734 3366 alii
753 3342 828 3366 codd.
847 3341 950 3366 habent.
960 3355 980 3359 -
992 3341 1058 3366 Cum
1074 3341 1149 3365 codd.
1167 3340 1257 3364 ABCE
1276 3339 1386 3371 legimus

318 3377 466 3403 immediate
480 3377 558 3402 infra:
578 3384 630 3402 non
644 3377 714 3402 enim
727 3380 819 3409 potest
831 3376 967 3410 affirmari
985 3376 1037 3401 nisi
1055 3376 1096 3401 vel
1111 3376 1182 3407 quod
1196 3378 1236 3399 est
1248 3380 1304 3405 etc.,
1319 3382 1387 3406 quae

319 3419 358 3438 est
377 3413 452 3437 lectio
471 3412 579 3437 indicata
592 3420 623 3436 ex
642 3412 720 3436 altera
734 3417 813 3445 parte,
832 3412 874 3436 vel
892 3411 964 3444 quod
982 3419 1033 3436 non
1049 3410 1226 3436 est—Piana:
1246 3417 1297 3434 non
1317 3409 1387 3434 enim

315 3451 405 3482 potest
422 3448 558 3482 affirmari
576 3447 627 3472 nisi
645 3447 748 3480 aliquid
765 3446 838 3479 quod
855 3449 895 3472 est
913 3446 1063 3471 ete—eod.
1082 3446 1118 3470 D:
1138 3453 1189 3470 non
1209 3445 1278 3469 enim
1297 3447 1388 3476 potest

318 3484 454 3518 affirmari
472 3483 524 3508 nisi
541 3482 684 3508 secundum
704 3482 776 3515 quod
789 3485 829 3507 est
847 3487 895 3506 etc.

372 3518 399 3553 η)
424 3519 458 3544 Ut
469 3519 626 3543 Ammonius
641 3517 719 3543 dicit:
738 3526 752 3541 α
764 3518 836 3542 Hanc
856 3517 924 3541 enirn
944 3515 1120 3541 affirmationis
1135 3523 1250 3548 pugnam
1265 3522 1323 3539 cum
1343 3522 1388 3539 ne-

316 3556 336 3579 *»
349 3555 453 3588 gatione
471 3554 614 3579 vocandam
637 3553 789 3578 Aristoteles
808 3552 1036 3577 contradictionem
1055 3556 1157 3582 censet,
1181 3551 1289 3583 perinde
1314 3550 1388 3582 quasi

321 3599 335 3614 »
349 3598 446 3616 nomen
465 3590 521 3623 ipse
539 3589 588 3614 hoc
603 3589 638 3613 illi
653 3588 840 3621 imposuerit...,
850 3592 879 3612 ut
893 3587 1004 3612 declarat
1023 3595 1082 3612 cum
1093 3586 1138 3611 ait:
1159 3586 1252 3618 Sitque
1265 3586 1314 3610 hoc
1327 3592 1388 3610 con-

321 3634 335 3649 »
351 3625 494 3651 tradictio:
511 3625 613 3649 tametsi
634 3631 720 3656 neque
734 3624 759 3648 in
772 3622 948 3654 affirmatione,
964 3630 1049 3655 neque
1064 3622 1090 3646 in
1105 3622 1240 3654 negatione
1253 3621 1294 3646 vel
1308 3629 1388 3646 enun-

322 3670 336 3684 ι
350 3661 460 3686 ciatione
482 3660 631 3685 huiusmodi
655 3659 795 3692 quicquam
818 3659 929 3684 locutus.
955 3658 1089 3691 Siquidem
1114 3658 1155 3682 vel
1181 3657 1250 3690 apud
1274 3657 1390 3690 apprime

2443 305 2492 351 43

1427 383 1669 431 negationem
1699 383 1769 420 sibi
1799 383 2017 432 oppositam
2038 391 2075 420 et
2100 396 2121 419 e
2147 395 2346 419 converso.
2378 383 2496 420 Cuius

1428 437 1659 474 contrarium
1688 437 1752 473 illo
1782 438 1864 474 solo
1894 437 2013 473 modo
2043 444 2173 485 posset
2202 436 2435 484 contingere,
2466 436 2495 472 si

1428 490 1553 539 aliqua
1581 490 1784 527 affirmatio
1805 490 2012 527 affirmaret
2036 489 2188 538 aliquid,
2214 489 2319 538 quod
2347 489 2495 537 negatio

1429 555 1567 591 negare
1595 556 1675 580 non
1702 551 1832 592 posset
1851 545 1882 580 ’ἢ

1484 608 1519 644 7.
1537 596 1686 633 Deinde
1707 609 1795 633 cum
1816 596 1921 634 dicit:
1935 598 1986 633 Et
2002 596 2050 633 sit
2065 597 2136 633 hoc
2150 595 2392 632 contradictio
2414 604 2495 642 etc.,

1431 649 1644 686 manifestat
1659 662 1757 698 quae
1772 650 1818 686 sit
1836 650 2005 686 absoluta
2026 649 2215 698 oppositio
2236 648 2497 685 affirmationis

1431 710 1468 739 et
1482 702 1701 749 negationis.
1715 704 1764 739 Et
1778 702 1916 751 primo,
1928 702 2142 740 manifestat
2157 715 2243 739 eam
2258 714 2327 750 per
2341 714 2496 747 nomem

1431 755 1613 802 secund0‚
1625 768 1694 804 per
1705 756 1984 802 definitionem3
2000 756 2069 792 ibi:
2085 756 2182 793 Dico
2192 761 2316 792 autem
2328 763 2396 792 etc.
2409 777 2424 782 -
2434 755 2499 792 Di-

1433 808 1481 844 cit
1501 820 1590 856 ergo
1615 809 1741 856 primo
1764 809 1869 857 quod
1890 821 1978 845 cum
2000 809 2150 845 cuilibet
2169 808 2411 845 affirmationi
2432 821 2499 857 op-

1431 869 1596 910 ponatur
1621 861 1782 909 negatio,
1805 869 1840 898 et
1860 874 1880 898 e
1901 874 2100 908 converso,
2123 861 2352 911 oppositioni
2371 861 2499 898 huius-

1434 914 1540 951 modi
1569 914 1789 963 imponatur
1821 927 1964 951 nomen
1993 915 2078 961 hoc,
2106 915 2211 964 quod
2240 914 2385 952 dicatur
2413 927 2499 951 con-

1434 967 1615 1003 tradictio.
1651 968 1726 1004 Per
1753 968 1828 1004 hoc
1857 967 1959 1004 enim
1994 968 2099 1016 quod
2127 968 2271 1015 dicitur,
2297 974 2333 1005 et
2357 968 2405 1005 sit
2429 969 2500 1005 hoc

1434 1020 1698 1065 contradictio,
1734 1020 1844 1057 datur
1875 1020 2026 1068 intelligi
2060 1021 2164 1069 quod
2197 1021 2325 1070 ipsum
2354 1034 2498 1058 nomen

1436 1072 1742 1109 contradictionis
1761 1073 1843 1121 ipse
1872 1073 2095 1121 imposuerit
2110 1075 2129 1093 '⁸
2151 1074 2380 1122 oppositioni
2401 1075 2500 1111 affir-

1435 1125 1613 1161 mationis
1633 1133 1670 1161 et
1689 1126 1910 1173 negationis,
1940 1134 1982 1162 ut
2010 1127 2240 1164 Ammonius
2270 1127 2358 1164 dicit
2375 1133 2400 1164 ²¹.

1491 1178 1524 1213 8.
1547 1178 1696 1214 Deinde
1726 1191 1815 1215 cum
1845 1179 1948 1215 dicit:
1969 1180 2065 1216 Dico
2094 1186 2218 1216 autem
2252 1181 2390 1229 opponi
2417 1188 2499 1227 etc.,

1437 1230 1569 1267 definit
1584 1231 1934 1268 contradictionem.
1953 1232 2053 1279 Quia
2068 1245 2172 1280 vero,
2189 1241 2231 1270 ut
2245 1234 2385 1271 dictum
2403 1242 2458 1271 est
2470 1235 2500 1281 *,

1437 1284 1682 1320 contradictio
1713 1293 1769 1321 est
1806 1285 1995 1334 oppositio
2026 1286 2286 1323 affirmationis
2322 1295 2357 1324 et
2390 1299 2502 1335 nega-

1436 1336 1559 1383 tionis,
1580 1337 1642 1389 illa
1671 1338 1912 1387 requiruntur
1940 1338 1989 1375 ad
2018 1339 2374 1387 contradictionem,
2405 1353 2503 1389 quae

1437 1390 1707 1439 requiruntur*
1727 1391 1775 1428 ad
1795 1392 2077 1441 oppositionem
2103 1393 2364 1430 affirmationis
2384 1401 2420 1430 et
2439 1406 2503 1430 ne-

1436 1443 1607 1491 gationis.
1631 1444 1793 1493 Oportet
1812 1453 1941 1482 autem
1971 1445 2146 1494 opposita
2165 1459 2247 1482 esse
2273 1446 2370 1483 circa
2388 1446 2502 1484 idem.

1438 1498 1486 1533 Et
1505 1497 1594 1546 quia
1614 1497 1828 1535 enunciatio
1845 1498 2081 1535 constituitur
2096 1511 2141 1535 ex
2157 1499 2326 1536 subiecto
2343 1507 2379 1536 et
2396 1512 2504 1548 prae-

1438 1550 1574 1597 dicato,
1603 1551 1804 1600 requiritur
1831 1552 1881 1589 ad
1910 1552 2248 1589 contradictionem
2270 1553 2395 1601 primo
2426 1553 2504 1602 qui-

1439 1603 1528 1640 dem
1550 1604 1656 1652 quod
1676 1605 1878 1642 affirmatio
1896 1613 1932 1642 et
1952 1606 2100 1653 negatio
2122 1606 2195 1642 sint
2211 1606 2383 1643 eiusdem
2397 1619 2505 1655 prae-

1439 1656 1566 1693 dicati:
1583 1657 1614 1693 si
1639 1658 1741 1694 enim
1763 1658 1917 1705 dicatur,
1934 1659 2040 1695 Plato
2067 1660 2196 1706 currit,
2216 1660 2323 1696 Plato
2348 1672 2422 1696 non
2452 1661 2504 1697 di-

1437 1715 1571 1758 sputat,
1592 1722 1670 1747 non
1700 1719 1756 1748 est
1785 1712 2050 1758 contradictio;
2087 1713 2275 1760 secundo,
2306 1713 2505 1762 requiritur

1439 1763 1544 1812 quod
1563 1763 1636 1800 sint
1651 1764 1698 1800 de
1724 1765 1863 1802 eodem
1880 1766 2071 1802 subiecto:
2092 1766 2239 1803 sienim
2262 1766 2416 1813 dicatur,
2439 1768 2504 1804 So-

1438 1822 1558 1853 crates
1573 1818 1701 1863 currit,
1713 1818 1819 1855 Plato
1835 1831 1908 1855 non
1921 1820 2040 1855 currit
2047 1817 2071 1866 ⁰,
2083 1832 2162 1856 non
2177 1827 2232 1856 est
2247 1820 2503 1857 contradictio,

1439 1870 1583 1917 Tertio,
1605 1871 1806 1919 requiritur
1826 1872 1931 1920 quod
1959 1872 2132 1909 identitas
2152 1873 2309 1910 subiecti
2335 1881 2371 1910 et
2397 1886 2505 1922 prae-

1440 1922 1550 1959 dicati
1578 1936 1657 1960 non
1695 1926 1821 1962 solum
1850 1925 1896 1962 sit
1933 1926 2145 1963 secundum
2174 1939 2338 1973 nomen,
2366 1927 2434 1964 sed
2462 1927 2507 1964 sit

1439 1976 1551 2013 simul
1581 1978 1794 2014 secundum
1824 1991 1904 2015 rem
1927 1987 1962 2016 et
1991 1992 2145 2016 nomen.
2168 1981 2271 2016 Nam
2298 1980 2327 2017 si
2356 1993 2434 2017 non
2463 1981 2507 2017 sit

1439 2029 1543 2066 idem
1563 2043 1706 2068 nomen
1721 2038 1740 2077 ¹,
1762 2032 2006 2069 manifestum
2027 2041 2083 2070 est
2102 2034 2207 2082 quod
2222 2046 2300 2070 non
2315 2033 2360 2070 sit
2374 2047 2451 2070 una
2471 2042 2506 2071 et

1439 2083 1576 2120 eadem
1593 2084 1818 2121 enunciatio.
1833 2086 2011 2123 Similiter
2021 2087 2233 2124 autem*ad
2249 2088 2323 2124 hoc
2343 2087 2448 2136 quod
2463 2087 2508 2124 sit

1439 2137 1653 2174 enunciatio
1673 2151 1760 2184 una,
1783 2140 1983 2188 requiritur
2006 2140 2178 2177 identitas
2198 2140 2267 2177 rei:
2290 2140 2431 2177 dictum
2453 2149 2508 2177 est

1439 2190 1540 2227 enim
1561 2203 1676 2240 supra
1693 2193 1712 2213 ’⁸‘
1727 2193 1832 2241 quod
1855 2193 2067 2230 enunciatio
2089 2207 2164 2231 una
2185 2202 2251 2240 est,
2269 2206 2366 2243 quae
2386 2207 2506 2231 unum

1439 2244 1486 2280 de
1515 2256 1593 2280 uno
1623 2245 1823 2293 significat;
1850 2254 1886 2283 et
1914 2247 2001 2284 ideo
2022 2247 2165 2284 subdit:
2185 2249 2276 2285 Non
2302 2253 2427 2284 autem
2446 2260 2507 2284 ae-

1438 2297 1610 2345 quivoce,
1632 2298 1728 2335 idest
1756 2311 1835 2336 non
1863 2300 2001 2337 sufficit
2020 2301 2194 2338 identitas
2223 2301 2389 2337 nominis
2419 2314 2507 2338 cum

1439 2350 1654 2388 diversitate
1684 2352 1747 2398 rei,
1769 2365 1867 2402 quae
1899 2354 1918 2374 *
1947 2354 2032 2390 facit
2061 2354 2429 2403 aequivocationem.

1440 2497 1454 2510 »
1471 2487 1587 2513 divinum
1611 2489 1746 2514 Platonem
1771 2490 1867 2515 horum
1886 2491 2021 2523 quodlibet
2043 2491 2156 2524 positum
2181 2499 2277 2522 nomen
2296 2492 2422 2524 reperias,
2443 2492 2508 2517 sicut

1439 2532 1454 2546 »
1470 2523 1582 2556 plurima
1594 2532 1701 2558 quoque
1720 2533 1751 2550 ex
1769 2525 1800 2550 iis
1819 2532 1964 2559 praecepta,
1984 2534 2051 2559 quae
2070 2526 2119 2551 hoc
2135 2527 2200 2551 libro
2216 2528 2248 2551 de
2263 2527 2437 2552 enunciativae
2452 2536 2508 2552 ora-

1440 2567 1454 2582 »
1470 2558 1548 2584 tionis
1567 2560 1697 2594 principiis
1716 2561 1866 2592 traduntur,
1887 2569 1946 2586 cum
1965 2562 2029 2586 locis
2053 2563 2122 2595 apud
2145 2562 2231 2595 ipsum
2255 2563 2373 2595 pluribus
2393 2563 2509 2596 dispersa

1440 2603 1454 2618 »
1469 2594 1597 2626 invenias,
1613 2600 1669 2620 tum
1688 2597 1729 2621 vel
1749 2597 1861 2621 maxime
1879 2597 1905 2621 in
1925 2597 2051 2630 Sophista
2067 2606 2080 2621 ›>
2103 2595 2145 2632 (ln
2164 2598 2208 2622 lib.
2224 2598 2266 2623 De
2280 2598 2506 2630 interpretatione,

1439 2635 1502 2655 sect.
1517 2631 1539 2661 l,
1555 2630 1580 2663 ξ.
1596 2631 1638 2656 De
1652 2631 1833 2665 affirmatione
1847 2637 1896 2657 etc.
1911 2632 1955 2657 fol.
1970 2640 2008 2663 12,
2024 2634 2074 2658 col.
2087 2633 2109 2664 3,
2123 2634 2163 2658 ed.
2175 2632 2235 2668 cin).
2252 2634 2374 2658 Fatemur
2387 2634 2508 2666 equidem

1440 2666 1515 2698 plura
1540 2674 1571 2691 ex
1593 2666 1624 2691 iis
1650 2675 1718 2699 quae
1741 2668 1895 2692 Aristoteles
1919 2669 1951 2693 de
1975 2669 2057 2701 logica
2082 2669 2158 2693 tradit
2180 2674 2316 2702 praecepta
2339 2670 2364 2693 in
2384 2670 2508 2702 Sophista

1441 2701 1552 2734 aliisque
1575 2703 1690 2727 Platonis
1715 2703 1786 2727 libris
1810 2703 1931 2734 inveniri;
1956 2704 2072 2736 dispersa
2091 2709 2192 2735 tamen,
2215 2709 2245 2728 ut
2263 2705 2417 2729 Ammonius
2441 2710 2509 2730 recte

1441 2737 1620 2762 animadvertit
1626 2746 1633 2769 ;
1653 2738 1706 2762 imo
1725 2738 1763 2763 sic
1776 2739 1945 2770 perexiliter,
1966 2739 2048 2771 inquit
2067 2740 2194 2772 Georgius
2209 2740 2410 2772 Trapezuntius,
2425 2748 2458 2766 ac
2471 2744 2508 2765 te-

1441 2773 1543 2802 nuiter,
1560 2773 1710 2806 rariterque
1723 2774 1829 2808 sactum
1844 2778 1883 2799 est
1899 2772 1927 2808 (a
1942 2775 2050 2799 Platone
2064 2775 2089 2799 in
2103 2775 2133 2799 iis
2148 2783 2215 2807 quae
2234 2776 2265 2799 ad
2281 2776 2436 2800 dialecticam
2451 2784 2509 2808 per-

1440 2807 1546 2842 tinent),
1562 2813 1591 2834 ut
1604 2809 1679 2834 casui
1693 2817 1745 2834 non
1759 2810 1869 2835 consilio
1883 2813 1909 2835 et
1923 2810 2024 2835 rationi
2037 2810 2236 2835 attribuendum
2251 2817 2305 2835 esse
2318 2811 2508 2836 contenderim.

1441 2844 1534 2876 Neque
1553 2845 1671 2869 existimo
1690 2844 1766 2869 huius
1786 2845 1922 2878 Scriptoris
1942 2846 2063 2870 iudicium
2083 2846 2275 2870 detrectandum
2300 2854 2358 2870 esse
2382 2854 2441 2870 cum
2460 2847 2507 2871 ait:

1443 2889 1455 2902 α
1468 2879 1598 2913 Quodque
1613 2880 1788 2905 admirabilius
1807 2886 1854 2911 est,
1871 2889 1952 2914 pauca
1971 2881 2078 2905 nimium
2096 2887 2123 2914 ct
2142 2881 2197 2914 ipsa
2216 2881 2322 2905 confusa
2337 2889 2366 2906 ex
2381 2882 2507 2914 antiquio-

1443 2924 1456 2938 »
1472 2915 1544 2939 ribus
1560 2916 1747 2948 (Aristoteles)
1758 2917 1863 2949 accepit.
1879 2917 1906 2941 In
1922 2916 2058 2941 dialecticis
2070 2922 2155 2941 autem
2170 2916 2230 2941 nihil
2242 2917 2358 2948 penitus:
2372 2924 2419 2941 nec
2430 2917 2507 2948 enim,

1443 2959 1456 2974 a
1472 2956 1500 2975 ut
1518 2951 1575 2983 ipse
1594 2951 1620 2975 in
1639 2951 1735 2975 codicis
1754 2952 1823 2976 calce
1841 2957 1962 2982 testatur,
1982 2952 2078 2984 aliquid
2097 2952 2143 2976 hac
2164 2952 2195 2976 de
2214 2959 2241 2976 re
2261 2957 2304 2976 aut
2323 2952 2446 2984 scriptum
2466 2957 2509 2977 aut

1443 2995 1456 3009 s
1474 2986 1569 3011 dictum
1589 2991 1655 3017 erat,
1681 2987 1750 3011 unde
1768 2987 1835 3011 facto
1854 2988 1934 3019 gradu
1953 2987 1984 3011 ad
2004 2987 2100 3012 maiora
2120 2992 2210 3019 posset
2229 2987 2354 3019 aspirare,
2374 2987 2422 3012 nisi
2441 2987 2507 3012 forte

1443 3032 1456 3044 »
1473 3022 1505 3046 de
1525 3022 1679 3046 cavillatoria
1703 3027 1728 3047 et
1753 3018 1892 3055 sop'histica
1911 3022 2090 3055 disputatione.
2117 3022 2203 3052 Quare
2228 3030 2280 3046 non
2305 3023 2395 3047 iniuria
2419 3028 2507 3048 motus

1443 3067 1456 3081 ιο
1473 3065 1579 3090 quoque
1597 3057 1679 3082 fuisse
1698 3058 1813 3088 videtur,
1833 3059 1897 3082 adeo
1916 3064 1945 3083 ut
1963 3058 2056 3090 gratias
2080 3058 2128 3082 sibi
2148 3058 2312 3086 habendasssa
2331 3058 2442 3091 posteris
2461 3067 2507 3091 pu-

1443 3103 1456 3115 »
1472 3093 1575 3123 taverit,
1595 3093 1674 3125 idque
1699 3093 1778 3117 libere
1803 3101 1855 3118 non
1879 3093 1955 3118 fuerit
1978 3093 2074 3117 veritus
2099 3094 2248 3126 postulare,
2274 3097 2330 3117 tum
2351 3094 2411 3126 quia
2436 3095 2508 3119 solus

1444 3138 1455 3150 a>
1472 3133 1555 3152 totum
1575 3128 1624 3152 hoc
1644 3128 1786 3153 disserendi
1810 3129 1941 3161 negotium
1965 3129 2128 3160 excogitavit,
2149 3128 2289 3159 inchoavit,
2309 3129 2426 3161 perfecit,
2446 3130 2508 3154 scri-

1443 3173 1456 3186 »
1472 3163 1537 3196 psit,
1558 3163 1649 3193 edidit,
1675 3168 1731 3188 tum
1751 3164 1811 3196 quia
1830 3163 1910 3188 facilis
1930 3164 1961 3188 ad
1980 3164 2067 3188 omnia
2087 3164 2191 3188 rationis
2211 3164 2313 3196 negotia
2332 3165 2372 3189 via
2391 3170 2417 3189 et
2435 3165 2508 3197 quasi

1443 3208 1456 3222 a>
1472 3199 1541 3228 trita,
1567 3199 1769 3231 communisque
1792 3200 1885 3231 cuique
1908 3199 2100 3223 constituitur»
2126 3198 2315 3231 (Comparatio
2338 3200 2458 3224 Platonis
2482 3203 2509 3225 et

1440 3234 1608 3262 Aristotelis,
1633 3234 1678 3259 lib.
1697 3235 1720 3264 1,
1746 3242 1802 3267 cap.
1820 3243 1846 3259 1v
1869 3235 1984 3259 Venetiis
2008 3234 2086 3261 1523.
2112 3243 2158 3267 per
2182 3235 2304 3259 Iacobum
2330 3235 2450 3259 Pentium
2475 3236 2508 3260 de

1441 3268 1553 3302 Leuco).

1494 3303 1518 3338 Θ)
1539 3304 1664 3329 Socrates
1678 3305 1772 3333 currit,
1784 3305 1861 3330 Plato
1876 3313 1927 3330 non
1942 3305 2036 3330 currit.
2049 3305 2097 3330 Est
2111 3305 2185 3330 lectio
2204 3305 2278 3330 codd.
2288 3320 2307 3323 —
2317 3305 2401 3329 Editio
2414 3305 2506 3330 Piana:

1442 3340 1566 3364 Socrates
1584 3340 1671 3364 currit
1684 3343 1711 3364 et
1723 3340 1801 3365 Plato
1819 3348 1870 3365 non
1890 3341 1976 3365 currit
1990 3344 2016 3365 et
2029 3348 2080 3365 non
2101 3341 2228 3372 disputat.
2248 3341 2298 3364 Sed
2318 3348 2368 3365 non
2389 3340 2509 3372 disputat

1441 3374 1576 3399 manifeste
1595 3379 1635 3399 est
1654 3375 1830 3407 superfluum,
1853 3376 1913 3407 quia
1932 3380 1972 3400 est
1990 3376 2065 3400 unice
2084 3383 2172 3400 sermo
2196 3377 2227 3400 de
2250 3376 2380 3400 identitate
2399 3376 2506 3400 subiecti

1441 3410 1586 3434 necessaria
1600 3410 1626 3434 in
1640 3410 1861 3442 propositionibus
1881 3411 2090 3435 contradictoriis.
2100 3425 2119 3430 --
2129 3411 2210 3443 Supra
2223 3419 2285 3435 vero
2301 3411 2410 3443 legimus
2430 3411 2507 3436 etiam

1441 3453 1501 3470 cum
1519 3445 1623 3469 BCDE:
1642 3445 1719 3470 Plato
1743 3445 1837 3474 currit,
1857 3446 1934 3470 Plato
1959 3453 2010 3470 non
2030 3446 2163 3478 disputat;
2182 3447 2352 3478 eamdemque
2371 3446 2506 3471 lectionem

1441 3480 1518 3505 habet
1531 3481 1562 3511 A,
1578 3480 1696 3512 quamvis
1716 3488 1824 3506 erronee
1841 3481 1943 3505 omittat
1961 3481 2137 3513 negationem:
2151 3481 2228 3506 Plato
2245 3482 2338 3511 currit,
2358 3482 2435 3507 Plato
2454 3482 2508 3507 dis-

1436 3518 1527 3547 putat.
1540 3529 1561 3535 -
1573 3516 1615 3540 P.:
1636 3515 1713 3540 Plato
1731 3515 1818 3540 currit
1835 3519 1862 3540 et
1881 3523 1931 3540 non
1953 3516 2080 3548 disputat.

1497 3549 1515 3584 ι)
1535 3551 1606 3575 Nam
1625 3551 1648 3575 si
1667 3558 1718 3575 non
1737 3551 1773 3575 sit
1791 3550 1860 3575 idem
1885 3558 1978 3576 nomen
1998 3556 2046 3576 etc.
2070 3552 2106 3576 lta
2124 3551 2153 3576 P.
2167 3559 2227 3576 cum
2250 3552 2348 3577 BCDE.
2361 3566 2373 3571 -
2392 3552 2456 3577 Cod.
2469 3553 2507 3577 A:

1445 3593 1506 3610 nam
1525 3586 1549 3611 si
1567 3593 1660 3610 nomen
1675 3586 1710 3611 sit
1727 3586 1796 3611 idem
1809 3590 1836 3611 et
1849 3593 1890 3611 res
1903 3587 2022 3616 diversa,
2037 3587 2211 3620 manifestum.
2224 3591 2264 3612 est
2276 3593 2324 3612 etc.
2345 3588 2419 3618 Quae
2432 3588 2507 3613 lectio

1445 3626 1484 3646 est
1502 3621 1573 3652 falsa,
1592 3626 1622 3645 ut
1640 3626 1709 3654 patet
1727 3629 1757 3646 ex
1776 3626 1903 3646 contextu:
1923 3622 1948 3646 in
1966 3622 2013 3646 hac
2032 3622 2100 3647 enim
2120 3622 2202 3655 prima
2221 3628 2293 3655 parte
2312 3631 2399 3648 sermo
2418 3629 2457 3648 cst
2476 3624 2508 3648 de

1445 3656 1575 3682 identitate
1594 3656 1707 3681 nominis
1714 3665 1721 3688 ;
1741 3657 1767 3681 in
1786 3658 1864 3682 altera
1882 3665 1945 3682 vero
1965 3655 2102 3691 (similiter
2121 3657 2178 3693 etc.)
2199 3659 2231 3683 de
2250 3658 2379 3683 identitate
2397 3659 2442 3683 rei.

2526 543 2533 551 ¹
2541 549 2644 564 aena-im:
2648 544 2736 570 potest.

2527 1075 2537 1085 ⁸
2547 1080 2588 1095 nc:
2598 1074 2650 1101 ipse
2657 1079 2738 1095 nomen

2528 1100 2723 1122 contradictionis

2528 1127 2646 1154 imposuit.

2627 1163 2642 1186 η

2528 1188 2678 1210 Ammonius.

2530 1235 2538 1242 ¹
2548 1233 2618 1255 Num.
2626 1232 2731 1260 praeced.

2532 1394 2540 1401 ·
2553 1392 2635 1423 (Σοάἀῖι
2647 1394 2701 1413 suut
2707 1397 2744 1413 ne

2532 1425 2648 1440 cessarza.

2637 2040 2645 2054 t

2535 2092 2542 2099 ·
2554 2097 2579 2112 c:
2590 2091 2670 2112 etiam.

2535 2202 2543 2209 ¹
2554 2201 2616 2222 Lect.
2623 2207 2671 2227 vni,
2683 2207 2705 2222 n.
2714 2206 2734 2228 13
2741 2217 2746 2227 ,

2535 2234 2599 2255 seqq.

2535 2307 2544 2316 '
2557 2306 2637 2333 Quae,
2658 2305 2746 2327 scilicet

2535 2332 2647 2364 identitas
2672 2332 2747 2353 solius

2535 2365 2645 2381 nominis.
