2788 4204
41 635 50 644 ·
63 640 93 656 ΑΒ
107 638 129 656 et
144 641 166 662 p.
175 641 207 656 m.
221 641 253 656 κι-

37 667 83 683 nu:
98 661 141 682 sub
157 667 204 682 una
216 661 251 682 di-

37 688 95 712 νὺ.,·
108 694 133 709 ιε
155 688 198 709 sub
212 688 251 710 via

37 714 172 736 devie-mis.

1113 277 1225 313 CAP.
1255 278 1344 323 ΧΠ,
1375 277 1526 314 LECT.
1556 277 1646 314 xlv

282 367 361 392 non
381 354 538 404 quidem
568 355 685 404 ipsius
713 354 883 404 supremi
912 355 1075 404 generis,
1097 355 1166 392 sed
1194 355 1351 392 alicuius

281 408 478 446 inferioris.
505 409 624 455 Quod
650 408 807 458 quidem
831 408 906 444 hoc
931 409 1050 445 modo
1078 409 1256 456 cognosci
1282 422 1350 458 po-

280 469 368 499 test:
389 462 479 511 quia
507 475 596 499 cum
625 462 765 499 animal
799 461 1004 509 accipiatur
1031 462 1187 510 aliquod
1221 475 1351 511 supre-

281 528 391 552 mum
411 528 551 564 genus,
572 515 603 552 si
630 522 765 564 postea
784 515 918 563 aliquis
938 515 1097 564 accipiat
1121 516 1351 554 divisionem

281 569 438 606 alicuius
453 570 502 606 de
516 569 757 605 inferioribus
772 569 986 616 generibus,
1004 581 1082 606 non
1102 577 1224 606 totum
1245 570 1351 619 quod

282 623 495 660 continetur
522 623 593 659 sub
622 634 763 670 genere
791 623 978 671 superiori
1008 623 1118 659 cadet
1146 624 1216 659 sub
1246 624 1307 660 illa
1331 625 1351 645 ⁹⁵

282 676 480 715 divisione.
506 677 556 712 Et
581 675 691 724 ponit
719 675 768 713 ad
796 677 871 713 hoc
900 677 1137 725 exemplum:
1159 677 1255 714 sicut
1273 689 1351 714 non

282 742 399 767 omne
419 729 560 766 animal
581 737 637 766 est
653 729 716 766 vel
736 730 909 776 totalum,
929 731 992 766 vel
1013 730 1179 767 divisum
1202 730 1349 779 pennis.

280 783 427 821 Dicitur
454 790 583 819 autem
613 782 754 819 animal
783 783 951 829 totalum,
982 784 1086 832 quod
1114 784 1231 820 habet
1253 791 1351 821 totas

281 838 359 874 alas
387 836 550 884 integras
576 844 612 872 et
636 836 846 884 continuas,
868 837 968 873 sicut
986 837 1227 886 vespertilio;
1257 837 1351 874 divi-

281 903 367 928 sum
397 898 526 927 autem
554 890 690 939 pennis
720 890 855 927 dicitur
883 890 1036 937 animal,
1067 891 1174 927 cuius
1194 891 1276 927 alae
1297 891 1351 928 di-

281 944 522 992 stinguuntur
548 955 619 992 per
647 943 817 981 diversas
844 956 1010 992 pennas⁷
1041 944 1136 981 sicut
1164 944 1351 993 accipitris

279 999 342 1035 vel
371 997 489 1034 corvi.
520 997 687 1034 Animali
716 1005 844 1034 autern
874 1010 953 1034 non
973 997 1127 1035 habenti
1153 998 1231 1034 alas
1256 1010 1350 1034 neu-

275 1059 382 1088 trum
410 1052 552 1089 horum
582 1051 778 1097 convenit;
804 1051 872 1088 sed
892 1063 1009 1088 omne
1038 1051 1178 1088 animal
1197 1051 1351 1087 volatile
1372 1083 1375 1085 ,

281 1105 495 1142 continetur
522 1106 594 1142 sub
624 1106 741 1142 altera
760 1105 898 1142 harum
919 1104 1237 1151 differentiarum,
1263 1104 1352 1153 quia

2398 281 2473 328 379

1408 368 1528 404 genus
1557 356 1662 406 quod
1692 363 1747 393 est
1766 356 1906 393 animal
1926 357 2089 393 volatile.
2113 357 2189 394 Sed
2208 357 2332 406 prima
2352 365 2388 394 et
2407 358 2475 395 irn-

1409 410 1575 447 mediata
1591 410 1803 447 differentia
1818 410 1991 447 animalis
2007 410 2210 447 attenditur
2225 424 2270 448 ex
2285 412 2359 448 hoc
2370 411 2475 460 quod

1409 476 1525 500 omne
1556 464 1696 500 animal
1721 464 1819 501 cadit
1838 465 1909 500 sub
1930 464 2127 501 divisione.
2150 466 2198 501 Et
2217 465 2266 501 ita
2287 472 2342 501 est
2361 465 2475 501 etiam

1410 517 1456 554 de
1486 517 1666 554 omnibus
1695 517 1775 554 aliis
1803 517 2018 564 generibus,
2048 518 2129 555 sive
2154 518 2385 567 accipiamus
2414 530 2475 566 ge-

1408 582 1500 607 nera
1520 583 1619 619 quae
1639 578 1726 607 sunt
1745 571 1953 608 extrinseca
1973 572 2021 608 ab
2044 572 2063 592 '¹‘
2082 571 2247 618 animali,
2270 571 2364 608 sicut
2383 572 2476 620 lapis

1409 631 1445 660 et
1463 625 1603 672 planta,
1625 624 1706 660 sive
1725 623 1787 660 illa
1807 637 1905 673 quae
1935 626 2005 661 sub
2036 625 2189 662 animali
2225 625 2475 672 continentur,

1409 677 1504 714 sicut
1527 677 1609 715 avis
1630 685 1667 714 et
1684 678 1704 698 *
1722 677 1846 726 piscis.
1867 677 1996 715 Prima
2015 685 2145 715 tamen
2166 678 2377 716 differentia
2396 679 2477 715 avis

1408 731 1612 768 attenditur
1631 731 1843 768 secundum
1865 731 2115 768 differentiam
2144 732 2183 769 in
2212 745 2328 781 quarn
2349 732 2478 769 incidit

1409 784 1535 821 omnis
1564 784 1662 821 avis:
1693 792 1729 820 et
1749 784 1885 821 eadem
1915 785 2009 821 ratio
2030 793 2086 822 est
2106 785 2154 822 de
2172 785 2287 834 pisce.
2311 786 2475 822 Conclu-

1409 837 1463 874 dit
1478 850 1568 885 ergo
1598 837 1703 886 quod
1722 837 1752 874 si
1773 837 1906 886 aliquis
1926 838 1979 874 sic
1997 839 2181 887 procedat
2200 839 2237 875 in
2255 839 2475 886 dividend0‚

1409 891 1514 939 quod
1539 891 1680 927 scilicet
1706 898 1829 927 toturn
1851 891 2016 928 divisum
2038 892 2274 929 contineatur
2300 893 2370 929 sub
2390 905 2476 941 par-

1408 944 1508 981 tibus
1537 944 1752 991 divisionis,
1782 944 1921 992 poterit
1954 945 2074 982 homo
2111 958 2342 994 cognoscere
2371 946 2476 995 quod

1409 998 1459 1034 nil
1489 1005 1545 1034 est
1574 997 1744 1034 relictum
1774 997 1821 1034 de
1851 998 1908 1034 his
1946 1011 2043 1046 quae
2071 1006 2157 1035 sunt
2185 1000 2397 1036 necessaria
2427 999 2476 1036 ad

1409 1050 1685 1088 definiendum.
1708 1050 1748 1087 Si
1767 1057 1896 1087 autem
1926 1051 2032 1088 aliter
2060 1053 2298 1100 procedatur,
2321 1065 2476 1090 necesse

1409 1112 1466 1140 est
1493 1104 1599 1152 quod
1628 1104 1755 1153 aliqua
1784 1104 2053 1153 relinquantur,
2077 1113 2112 1142 et
2132 1107 2236 1154 quod
2256 1107 2376 1143 homo
2396 1119 2475 1143 non

279 1157 493 1196 secundum
531 1159 746 1208 praedictas
790 1154 1021 1195 differentias
1059 1157 1240 1195 dividitur
1276 1158 1352 1194 hoc
1378 1152 1382 1206 Ι
1410 1165 1616 1205 cognoscat
1643 1170 1684 1194 se
1712 1157 1939 1205 integraliter
1965 1158 2142 1195 definisse
2170 1160 2200 1195 ²¹³.

279 1317 368 1343 untia
381 1317 496 1342 divisiva
501 1325 511 1347 ;
524 1317 550 1341 in
561 1316 585 1342 K
598 1316 695 1352 aliquis
707 1323 773 1341 corr.
787 1315 814 1340 in
826 1315 952 1348 aliqum-
961 1314 1113 1339 immediate
1127 1314 1192 1339 infra
1210 1314 1314 1339 AEfflL
1328 1320 1354 1339 et

1407 1314 1479 1347 quod
1493 1314 1559 1347 quid
1572 1317 1612 1339 est
1626 1314 1718 1347 ipsius.
1731 1314 1755 1338 T
1765 1321 1872 1339 erronee
1884 1322 1937 1338 om.
1952 1322 2013 1339 non.
2026 1315 2048 1339 N
2062 1323 2084 1339 s.
2099 1323 2143 1339 m.:
2157 1322 2208 1340 non
2222 1322 2289 1347 quae
2300 1319 2340 1340 est
2352 1315 2441 1347 ipsius,
2452 1321 2478 1340 et

278 1361 306 1386 p.
319 1361 356 1379 m.
376 1353 549 1385 CDNSfiuon
568 1352 673 1385 quidem
693 1355 733 1377 est
751 1351 848 1383 ipsius5
866 1350 925 1376 FG:
939 1358 991 1376 mm
1005 1350 1070 1382 quid
1082 1353 1120 1375 est
1135 1350 1218 1382 ipsius
1224 1357 1233 1379 ,·
1248 1350 1286 1380 Q:
1301 1358 1352 1375 non
1407 1350 1485 1375 huius
1505 1350 1621 1375 lectionis
1640 1351 1760 1375 videntur
1773 1357 1832 1375 esse
1846 1350 2023 1382 corruptiones
2036 1350 2164 1375 variantes
2183 1351 2390 1383 praecedentium
2402 1351 2477 1376 codd.

2503 583 2515 593 ⁸
2536 582 2569 603 Ab
2589 589 2615 604 ex
2638 583 2716 614 codd.,

2505 615 2553 630 exc.
2564 616 2600 635 ε-ο,
2612 614 2634 631 et
2649 617 2662 631 Η
2677 616 2717 638 qut

2505 636 2572 657 habet
2587 637 2629 658 lac.

2505 690 2515 699 ⁴
2530 688 2561 710 Et
2574 695 2602 710 ex
2616 689 2685 711 codd.

2506 1120 2514 1128 ’
2527 1125 2575 1144 mQ:
2598 1119 2718 1146 definivis-

2505 1152 2541 1171 η’,-
2550 1152 2575 1167 f-z
2588 1146 2719 1173 definiisse,·

2506 1178 2533 1194 o:
2549 1172 2656 1194 divisive.
