2788 4204
88 624 97 632 '
112 629 138 644 o:
152 624 233 651 plura.

88 735 95 743 ·
109 740 135 754 o:
151 733 299 762 inserendas.

87 840 98 850 '⁸
112 845 140 860 ΑΕ
154 845 211 862 οιιι.;
223 844 251 859 c:
268 840 299 859 ut.

87 999 95 1007 ·
111 1004 137 1019 o:
153 999 196 1019 vel.

87 1052 96 1062 ⁸
112 1051 185 1072 Num.
200 1056 219 1077 5.

85 1106 96 1116 ⁴*
119 1109 241 1126 annaeum:
270 1102 301 1123 Et

86 1131 164 1152 adhuc
174 1130 242 1155 add.;
253 1135 299 1154 cco„

86 1164 100 1179 τ
115 1157 187 1179 dubii.

87 1265 94 1272 ·
110 1263 173 1284 Lcct.
188 1268 267 1287 χχχιιι,

86 1295 151 1317 seqq.

186 1486 204 1511 μ-

86 1589 93 1596 ·
109 1592 183 1608 acan:
209 1591 298 1609 cumn)

87 1619 110 1640 p.
138 1619 170 1634 m.
201 1618 277 1633 crron.
294 1619 298 1632 :

85 1646 146 1665 non,-
164 1645 181 1664 Q
196 1642 218 1660 et
232 1645 251 1659 s.
267 1644 299 1658 m.

40 1681 44 1685 -
85 1672 99 1687 n
119 1672 222 1687 oman:
237 1665 299 1686 acci-

82 1693 169 1730 pimus.

106 1719 142 1741 Cf.
154 1720 204 1740 lect.
216 1724 295 1744 xxxin,

85 1751 108 1766 n.
144 1749 165 1766 et
175 1745 198 1766 8.

84 1773 105 1783 ⁸¹
143 1778 186 1793 unc
201 1777 248 1792 om.
260 1778 284 1791 o.

85 1800 95 1810 '⁸
111 1805 138 1820 o:
155 1799 192 1819 hic
207 1798 244 1819 de.

84 1907 114 1926 'az
121 1905 228 1935 sequitur
234 1904 298 1932 quod

82 1931 163 1953 eadem
175 1931 295 1959 principia

83 1958 138 1979 sint.

82 1987 90 1994 ·
108 1985 214 2006 Omnium
230 1991 258 2005 ex

84 2011 153 2033 codd.

86 2231 94 2239 ·
105 2229 165 2250 Sunt
179 2235 206 2250 ex
217 2228 297 2255 codd.‚

87 2262 136 2277 exe.
152 2262 194 2281 no.

88 2284 94 2291 ·
108 2282 191 2309 Codd.‚
201 2288 250 2303 exc.
265 2288 296 2307 Q:

88 2315 125 2330 ex.

86 2337 106 2346 “·
123 2341 138 2362 ι,
155 2341 223 2363 capp.
234 2341 293 2356 νιιι-

87 2368 136 2383 xxi.

87 2389 95 2396 “
116 2388 148 2409 Et
168 2395 195 2409 ex
219 2388 299 2419 codd.,

85 2421 288 2442 exc.nnu;u:qu1a
295 2431 300 2435 .

84 2443 105 2451 ··
121 2441 158 2462 Ex
177 2448 204 2462 ex
219 2441 297 2464 codd..

86 2474 136 2489 exc.
150 2474 209 2493 suo.

332 216 406 253 316

329 295 424 331 idest
439 295 535 331 duae
552 293 833 343 propositiones
850 292 1096 341 requirantur,
1104 291 1193 339 quia
1208 302 1285 326 una
1306 301 1395 325 con·

330 348 446 384 clusio
466 360 544 384 non
575 347 811 384 concluditur
829 345 1048 382 immediate
1072 344 1143 380 nisi
1164 355 1208 379 ex
1228 343 1393 388 duabus;

328 407 457 437 tamen
477 413 554 437 una
575 400 833 449 propositione
853 405 977 447 potest
996 397 1080 445 quis
1096 397 1149 432 uti
1169 397 1218 433 ad
1233 396 1395 432 inferen-

329 455 423 491 dum
451 454 632 503 plurimas
662 452 936 497 conclusiones,
958 451 1171 487 secundum
1200 450 1304 497 quod
1324 450 1394 486 sub

329 507 499 544 subiecto
519 515 583 544 aut
602 507 672 543 sub
701 505 917 554 praedicato
938 504 1056 539 multa
1082 503 1201 551 accipi
1221 509 1391 551 possunt.

329 562 421 598 Non
451 568 578 598 tamen
608 567 693 596 sunt
721 559 839 594 multo
864 556 1045 605 pauciora
1068 556 1252 605 principia
1276 567 1394 605 quam

330 615 609 658 conclusiones3
639 612 728 661 quia
744 610 907 660 plurima
925 610 944 630 *
968 622 1102 646 eorum
1126 621 1224 658 quae
1257 608 1394 657 princi-

328 667 399 716 piis
428 673 720 703 coassumuntur
743 664 791 700 ad
818 663 1082 700 conclusiones
1102 663 1193 699 alias
1213 662 1394 699 inducen-

329 721 396 757 das
414 721 434 741 ’¹‘
452 726 538 756 sunt
560 719 672 755 etiam
690 717 966 753 conclusiones.
984 716 1173 764 Principia
1189 716 1291 752 enim
1306 727 1393 764 pro-

327 773 535 823 positiones
567 772 628 808 hic
665 771 916 819 appellantur:
946 769 1227 818 propositiones
1265 777 1393 805 autem

328 833 392 863 aut
413 827 431 847 ²⁴⁸
451 825 635 873 assumpti
654 824 804 860 termini
820 831 883 859 aut
903 823 1062 860 immissi
1078 830 1180 868 sunt3
1198 822 1292 859 idest
1306 835 1393 871 pro-

326 879 533 928 positiones
562 878 600 914 in
629 877 855 926 syllogismis
875 877 1187 925 multiplicantur,
1209 883 1273 912 aut
1292 888 1394 912 assu-

327 932 469 969 mendo
499 931 681 968 terminos
711 931 950 978 extrinsecus,
976 931 1038 967 vel
1067 942 1180 979 supra
1208 929 1394 966 maiorem

328 985 602 1022 extremitatem
624 992 659 1021 et
676 985 695 1006 '¹‘
714 984 810 1020 infra
829 984 1032 1031 minorem,
1053 991 1094 1020 ut
1113 995 1227 1032 supra
1251 982 1394 1020 dictum

329 1046 383 1075 est
396 1039 427 1085 *,
449 1047 514 1076 aut
538 1038 759 1087 accipiendo
788 1037 972 1074 terminos
992 1036 1057 1086 qui
1078 1044 1164 1074 sunt
1192 1036 1230 1073 in
1250 1037 1392 1075 medio.

328 1093 377 1129 Et
396 1092 444 1129 ad
458 1092 563 1129 hoc*
580 1092 801 1129 addendum
823 1098 877 1127 est
896 1091 1001 1139 quod
1023 1090 1286 1127 conclusiones
1306 1097 1393 1127 sunt

328 1145 513 1183 infinitae:
534 1152 658 1194 potest
679 1145 782 1181 enim
801 1144 997 1193 quodlibet
1021 1144 1194 1181 concludi
1225 1144 1272 1181 de
1301 1156 1395 1192 quo-

327 1199 416 1236 libet
442 1200 505 1236 vel
534 1198 761 1236 affirmative
789 1199 851 1235 vel
886 1197 1072 1246 negative.
1095 1199 1144 1234 Et
1171 1210 1219 1234 ne
1247 1197 1395 1234 videre-

326 1259 387 1289 tur
413 1253 487 1290 hoc
517 1265 598 1289 esse
629 1252 860 1289 contrarium
890 1251 935 1298 ei,
966 1252 1071 1300 quod
1100 1251 1249 1299 supra*
1270 1258 1395 1287 osten-

329 1306 445 1354 derat,
465 1305 767 1355 praedicationes
796 1317 875 1342 non
903 1305 1111 1353 procedere
1131 1305 1169 1341 in
1189 1304 1394 1351 infinitum,

328 1360 518 1408 subiungit
547 1360 651 1409 quod
679 1358 825 1395 termini
857 1365 943 1395 sunt
962 1357 1072 1394 finiti:
1095 1364 1131 1393 et
1150 1358 1199 1395 ad
1217 1358 1292 1394 hoc
1310 1369 1394 1406 per-

326 1413 418 1450 tinet
454 1414 559 1462 quod
588 1424 702 1461 supra
739 1419 935 1448 ostensum
971 1418 1034 1457 est,
1061 1423 1143 1447 esse
1179 1417 1317 1447 statum
1355 1410 1394 1447 in

326 1467 686 1515 praedicationibus,
708 1466 775 1502 sed
796 1477 840 1501 ex
869 1464 1039 1501 terminis
1063 1463 1179 1500 finitis
1197 1470 1218 1491 μ
1235 1471 1395 1512 possunt

326 1520 496 1556 infinitae
512 1519 774 1556 conclusiones
788 1519 870 1555 fieri
882 1518 1094 1554 secundum
1106 1517 1275 1554 diversas
1291 1529 1394 1554 com-

327 1573 559 1619 binationes,
594 1580 636 1610 ut
662 1579 792 1609 tamen
822 1572 842 1592 ’¹‘
870 1570 1102 1620 accipiamus
1141 1570 1396 1607 communiter

328 1627 603 1674 conclusiones,
624 1633 702 1662 tam
732 1638 829 1674 quae
865 1632 952 1661 sunt
979 1637 1048 1673 per
1076 1636 1115 1660 se
1149 1636 1267 1673 quam
1295 1636 1394 1673 quae

327 1687 413 1716 sunt
432 1692 500 1728 per
525 1680 699 1717 accidens
716 1680 747 1715 *ζ
778 1678 965 1727 Loquitur
985 1678 1086 1715 enim
1107 1690 1210 1714 nunc
1226 1678 1269 1699 ²⁸*
1290 1689 1394 1714 com-

327 1733 491 1770 muniter
505 1733 552 1771 de
566 1735 585 1755 ⁵³
601 1732 839 1782 syllogismis.
862 1732 902 1769 Si
918 1744 1006 1780 ergo
1024 1731 1289 1768 conclusiones
1309 1738 1395 1768 sunt

327 1786 507 1834 infinitae,
523 1786 707 1836 principia
727 1793 856 1823 autem
877 1797 956 1822 non
972 1792 1059 1822 sunt
1078 1786 1199 1822 multo
1214 1785 1396 1833 pauciora

327 1840 647 1887 conclusionibus,
669 1839 837 1888 sequitur
856 1839 960 1888 quod
982 1838 1096 1875 etiam
1120 1837 1304 1887 principia
1324 1838 1396 1886 syl—

326 1894 576 1941 logismorum
597 1901 684 1931 sunt
712 1893 869 1930 infinita.
891 1893 983 1929 Non
1006 1904 1095 1940 ergo
1116 1899 1204 1929 sunt
1220 1892 1240 1913 *
1261 1892 1397 1928 eadem

326 1947 510 1997 principia
538 1947 715 1984 omniurn
741 1948 761 1968 '¹‘
790 1946 1112 1995 syllogismorum.

382 2002 417 2038 8.
439 2002 624 2048 Quartam
654 2000 840 2037 rationem
868 1999 977 2049 ponit
1002 1999 1070 2036 ibi:
1096 1998 1269 2047 Amplius
1290 1994 1398 2046 pri'n—

327 2055 436 2103 cipia,
456 2056 549 2092 haec
573 2055 721 2103 quidem
742 2061 824 2101 etc.,
846 2065 944 2103 quae
974 2053 1135 2090 sumitur
1155 2064 1199 2088 ex
1223 2051 1398 2089 differen-

326 2108 377 2144 tia
405 2108 606 2145 necessarii
635 2115 671 2144 et
699 2107 965 2156 contingentis;
988 2113 1023 2143 et
1051 2106 1139 2144 dicit
1165 2105 1270 2155 quod
1298 2105 1399 2154 prin-

329 2161 515 2210 cipiorum
544 2161 683 2211 quibus
710 2161 853 2198 utimur
880 2161 919 2197 in
948 2159 1180 2209 syllogismO,
1206 2159 1398 2207 quaedam

328 2222 414 2251 sunt
430 2215 683 2263 contingentia
710 2222 745 2252 et
763 2214 955 2264 quaedam
977 2220 1064 2251 sunt
1079 2214 1098 2235 ’¹‘
1114 2211 1339 2259 necessaria,
1358 2219 1401 2249 ut

327 2276 430 2317 patet
449 2269 487 2305 in
503 2270 523 2290 '¹‘
543 2269 638 2306 libro
658 2269 837 2306 Priorum
858 2269 912 2313 fl,
934 2267 1000 2304 ubi
1020 2267 1150 2304 docuit
1177 2265 1398 2315 syllogizare

329 2330 366 2359 et
391 2323 410 2343 '¹‘
431 2334 476 2358 ex
504 2322 725 2359 necessariis
755 2329 790 2359 et
819 2334 864 2358 ex
886 2322 928 2343 *ᾖ
959 2320 1276 2369 contingentibus.
1307 2319 1399 2356 Non

331 2383 459 2412 autern
480 2376 615 2413 eadem
631 2383 717 2413 sunt
736 2374 951 2412 necessaria
967 2382 1002 2411 et
1017 2373 1288 2422 contingentia:
1310 2384 1399 2421 ergo

333 2441 411 2465 non
444 2436 532 2465 sunt
564 2430 700 2466 eadem
733 2428 918 2478 principia
952 2427 1128 2465 omnium
1163 2426 1400 2475 syllogismo-

328 2494 426 2519 rum.
457 2483 505 2519 Et
532 2483 608 2519 hoc
637 2490 692 2519 est
724 2482 830 2531 quod
865 2481 1057 2519 concludit
1086 2493 1131 2518 ex
1159 2480 1218 2517 his
1251 2480 1400 2517 duabus

329 2621 344 2637 »
359 2614 423 2647 cipia
447 2613 619 2646 posteriorum
646 2617 671 2637 et
694 2611 874 2636 conclusiones
900 2611 1016 2643 priorum
1041 2616 1110 2636 sunt.
1134 2611 1167 2635 Et
1185 2610 1330 2635 secundum
1348 2610 1398 2634 hoc

330 2659 343 2672 »
359 2649 474 2682 aequalis
493 2654 534 2673 est
552 2655 676 2673 numerus
696 2647 882 2680 principiorum
898 2651 924 2671 et
938 2646 1136 2671 conclusionum
1151 2646 1177 2670 in
1190 2645 1291 2675 mediis,
1307 2650 1332 2670 et
1345 2650 1399 2670 tota

329 2695 342 2707 ›
359 2684 527 2717 inaequalitas
547 2683 663 2708 consistit
682 2683 707 2707 in
726 2690 835 2707 excessu
854 2687 1038 2712 extremorum.
1057 2681 1089 2705 Et
1108 2681 1167 2706 ideo
1181 2689 1233 2705 non
1252 2681 1335 2705 multo
1350 2680 1398 2705 mi-

327 2730 344 2744 »
359 2728 422 2745 nora
440 2719 562 2752 principia
582 2718 790 2743 conclusionibus
810 2722 878 2742 sunt.
898 2717 923 2741 Si
938 2717 1007 2741 enim
1021 2724 1114 2741 omnes
1130 2716 1230 2741 mediae
1242 2716 1397 2748 propositio-

327 2765 344 2779 »
360 2764 406 2780 nes
426 2756 607 2780 conclusiones
621 2758 710 2779 essent
728 2758 754 2778 et
773 2761 825 2777 non
839 2753 968 2785 principia,
983 2752 1106 2784 principia
1121 2757 1284 2776 remanerent
1297 2751 1398 2784 paucis—

327 2800 345 2815 s
361 2792 434 2816 sima.
454 2791 527 2815 Nunc
546 2795 633 2814 autem
648 2789 709 2822 quia
724 2788 764 2823 (ut
777 2789 873 2813 dictum
887 2787 938 2822 est)
953 2787 978 2812 in
993 2787 1084 2812 mediis
1099 2795 1151 2812 non
1165 2792 1206 2812 est
1221 2787 1398 2820 inaequalitas,

332 2838 344 2849 »
361 2827 484 2860 principia
503 2826 657 2858 ampliantur
675 2832 761 2857 usque
779 2824 812 2849 ad
829 2824 934 2848 ultimas
950 2823 1140 2852 conclusiones,
1155 2829 1223 2855 quae
1237 2823 1298 2855 quia
1311 2822 1399 2855 plures

326 2873 344 2885 ν»
361 2867 422 2887 sunt
436 2870 515 2894 quam
528 2861 626 2894 primae
644 2860 837 2894 propositiones
856 2859 882 2884 in
895 2865 1063 2891 quocumque
1077 2858 1174 2889 ordine,
1189 2865 1257 2890 quae
1276 2857 1399 2890 principia

331 2908 345 2921 ι»
362 2903 460 2922 tantum
480 2902 548 2926 sunt,
568 2896 626 2921 ideo
644 2896 766 2928 pauciora
784 2895 890 2927 quidem
908 2899 969 2919 sunt
981 2893 1104 2926 principia
1119 2893 1337 2922 conclusionibus,
1353 2892 1399 2917 sed

332 2943 346 2957 x>
362 2942 414 2958 non
432 2933 524 2958 multo.
543 2932 575 2957 Et
597 2931 647 2956 hoc
666 2939 687 2956 s.
703 2930 820 2956 Thomas
840 2930 912 2960 dicit,
936 2930 994 2954 licet
1013 2929 1069 2953 libri
1092 2928 1227 2953 incorrecti
1249 2928 1399 2961 oppositum

333 2979 346 2992 »
361 2969 511 2998 ostendant,
536 2972 561 2992 et
585 2967 634 2992 hoc
659 2967 812 2991 Aristoteles
835 2965 967 2990 intendere
989 2964 1091 2989 videtur
1114 2964 1148 2989 ibi
1170 2971 1307 2989 assumens
1329 2963 1400 2996 quod

332 3015 346 3027 ι.
361 3004 482 3036 principia
506 3002 696 3036 propositiones
723 3006 799 3032 sunt,
823 3001 1014 3033 propositiones
1037 3005 1124 3024 autem
1150 3004 1211 3024 sunt
1234 2999 1334 3024 termini
1358 3004 1401 3023 aut

332 3039 473 3064 »immissi
492 3043 536 3064 aut
559 3038 701 3070 assumpti:
721 3037 795 3070 quasi
818 3036 930 3066 diceret,
954 3035 1025 3068 quod
1044 3035 1103 3060 ideo
1124 3034 1246 3068 principia
1268 3042 1320 3059 non
1341 3039 1401 3059 sunt

333 3086 348 3099 x
364 3076 446 3100 multo
465 3074 600 3107 pauciora,
625 3074 685 3106 quia
703 3072 827 3105 principia
850 3079 903 3096 non
928 3071 1015 3095 solum
1039 3074 1100 3095 sunt
1123 3071 1222 3103 primae
1247 3070 1402 3103 propositio-

335 3122 348 3134 »
365 3118 424 3140 nes,
444 3110 491 3135 sed
510 3110 582 3140 illae,
602 3116 670 3142 quae
693 3113 754 3133 sunt
778 3107 882 3132 termini
907 3106 1017 3131 immissi
1036 3105 1062 3130 in
1081 3105 1166 3139 prima
1183 3105 1279 3139 figura,
1298 3110 1341 3130 aut
1360 3113 1401 3130 as-

336 3157 348 3169 »
365 3146 460 3178 sumpti
479 3146 504 3170 in
524 3145 637 3170 secunda
651 3149 677 3168 et
690 3144 776 3173 tertia,
791 3143 869 3171 idest,
888 3142 934 3167 sed
954 3142 1031 3166 etiam
1051 3142 1116 3166 inter
1135 3141 1258 3174 principia
1277 3148 1401 3166 annume-

337 3193 348 3204 »
365 3187 453 3206 rantur
470 3188 563 3205 omnes
582 3179 753 3213 praemissae,
774 3186 841 3211 quae
859 3186 890 3203 ex
908 3177 1025 3202 terminis
1049 3177 1173 3202 immissis
1197 3182 1242 3202 aut
1261 3177 1402 3208 assumptis

337 3228 349 3240 »
365 3216 442 3242 fiunt:
457 3221 497 3241 est
510 3216 639 3248 siquidem
652 3214 807 3247 praedicatio
821 3213 932 3238 causalis
946 3212 1118 3237 terminorum
1134 3213 1166 3237 de
1180 3211 1400 3245 propositionibus

337 3263 350 3275 »
365 3258 390 3277 et
408 3260 460 3277 non
476 3251 593 3276 identica.
606 3261 618 3273 »
640 3250 685 3283 (In
704 3250 713 3274 l
732 3249 843 3279 Foster..
859 3257 914 3282 cap.
928 3255 1001 3279 mV,
1020 3247 1036 3280 ἓ
1053 3248 1131 3273 Circa
1149 3248 1280 3277 rationes,
1299 3247 1343 3272 iol.
1359 3254 1402 3280 7ι,

335 3289 385 3313 col.
431 3306 437 3312 .

390 3287 428 3357 ὦ)
439 3322 494 3348 Sed
506 3329 543 3347 ex
557 3321 677 3347 terminis
683 3320 782 3353 finitis.
792 3333 811 3339 —
824 3320 861 3344 Ita
875 3324 914 3344 est
929 3319 1068 3350 legendum
1082 3327 1143 3344 cum
1158 3319 1233 3344 codd.
1247 3323 1276 3343 ut
1290 3322 1360 3351 patet
1373 3325 1403 3343 ex

336 3363 469 3389 contextu3
489 3365 541 3382 non
560 3362 647 3382 autem
666 3363 773 3381 erronee
792 3363 851 3380 cum
866 3355 926 3380 edit.
945 3354 1036 3381 Piana:
1056 3354 1103 3380 sed
1123 3361 1160 3380 ex
1178 3354 1299 3380 terminis
1317 3353 1404 3387 infini-

337 3395 380 3419 tis.
395 3395 415 3418 Β
434 3393 511 3418 habet
529 3392 692 3426 simpliciter,
711 3392 758 3417 sed
776 3398 814 3416 ex
832 3390 952 3416 terminis
966 3393 1081 3421 possunt
1100 3395 1157 3415 etc.:
1182 3390 1229 3415 sed
1247 3389 1310 3415 haec
1329 3389 1404 3415 lectio

337 3429 423 3454 minus
439 3427 575 3461 perspicua
593 3432 646 3458 est,
666 3432 691 3452 et
709 3427 767 3452 ideo
787 3426 944 3459 seponenda.

392 3465 416 3497 ν)
437 3464 472 3489 Et
487 3463 565 3496 ponit
584 3466 638 3488 tres
652 3462 770 3487 rationes·
786 3467 834 3487 etc.
845 3476 863 3480 —
877 3461 939 3487 AG:
960 3461 1038 3486 Et...
1053 3461 1180 3486 rationes.
1197 3460 1318 3491 Quarum
1334 3460 1406 3486 circa

335 3499 454 3531 primam
465 3499 538 3527 dicit:
548 3499 582 3524 O:
595 3499 630 3523 Et
636 3498 714 3530 ponit
725 3501 779 3523 tres
789 3497 906 3522 rationes
920 3503 1080 3522 communes.
1092 3497 1214 3526 Quarum
1225 3495 1318 3528 prima
1333 3495 1406 3521 dicit.

395 3532 418 3566 ξ)
439 3535 493 3559 Sed
511 3534 599 3566 aliquo
619 3534 698 3558 modo
717 3538 764 3558 etc.
775 3547 792 3552 -
802 3533 840 3558 H:
855 3536 881 3557 et
894 3532 984 3565 aliquo
999 3532 1078 3557 modo
1092 3532 1185 3557 dicant
1198 3531 1301 3564 aliquid
1314 3531 1408 3560 aliter;

341 3569 439 3595 scilicet
458 3569 604 3602 quadarn,-
622 3568 668 3593 AC
686 3576 739 3593 om.
751 3568 859 3593 scilicet.

918 212 1302 250 POSTERIORUM
1330 209 1760 247 ANALYTICORUM
1789 210 1883 246 LIB.
1915 211 1928 246 1

1450 287 1590 324 ultimis
1628 287 1857 334 rationibus,
1895 288 2001 336 quod
2034 288 2248 325 secundum
2284 289 2470 326 rationem
2501 291 2520 311 *ἵ

1449 340 1760 389 praemissorum,
1783 353 1871 377 cum
1900 341 2069 377 infinitae
2099 341 2172 378 sint
2193 343 2212 361 ’¹‘
2242 343 2518 391 conclusiones,

1449 394 1684 442 impossibile
1705 401 1761 431 est
1781 406 1863 431 esse
1885 394 2020 431 eadem
2035 394 2222 444 principia
2241 396 2417 433 omniurn
2446 397 2519 445 syl-

1450 447 1712 495 logismorum,
1743 454 1807 483 aut
1836 447 1949 484 etiam
1977 448 2095 485 finita.
2368 456 2370 458 ’

1504 512 1539 548 9.
1562 500 1711 537 Deinde
1746 513 1835 537 curn
1865 501 1969 537 dicit:
1997 501 2040 537 Si
2069 512 2161 538 vero
2195 501 2305 538 aliter
2338 502 2519 551 quodam-

1449 554 1560 589 modo
1591 560 1681 602 etc.,
1712 554 1876 591 ostendit
1903 554 2007 591 idem
2036 555 2221 603 analytice
2241 555 2274 603 ²¹⁸,
2295 555 2435 592 scilicet
2452 567 2522 604 per

1450 607 1614 643 rationes
1641 607 1815 656 proprias
1842 607 2053 656 principiis,
2083 608 2221 657 quibus
2250 608 2427 646 scientiae
2457 610 2521 646 de-

1449 667 1674 697 monstrant.
1697 661 1746 697 Et
1772 661 1881 709 ponit
1899 668 1973 697 tres
1993 661 2168 699 rationes.
2196 661 2307 699 Circa
2325 674 2491 711 quarum
2511 668 2522 682 ⁸

1448 713 1614 762 primam
1644 713 1732 750 dicit
1751 714 1868 762 quod,
1898 714 1929 750 si
1957 714 2091 762 aliquis
2119 727 2197 751 non
2218 716 2317 752 dicat
2345 716 2520 752 omnium

1449 766 1759 814 syllogismorum
1789 779 1871 803 esse
1901 767 2038 804 eadem
2065 767 2267 817 principia,
2297 770 2365 806 sed
2393 769 2519 818 aliquo

1450 820 1569 856 modo
1590 817 1603 843 ξ
1633 820 1731 857 dicat
1759 819 1878 866 aliter;
1909 820 2048 857 scilicet
2075 821 2180 869 quod
2214 823 2405 870 quaedam
2434 830 2523 859 sunt

1449 873 1635 922 principia
1668 874 1900 921 geometriae
1935 880 1971 909 et
2003 875 2196 922 quaedam
2231 874 2394 922 logicae,
2422 887 2520 924 quae

1451 926 1627 963 dicuntur
1653 926 1839 976 principia
1858 926 2168 975 syllogismorum
2187 928 2250 964 vel
2269 928 2520 965 ratiocinatio-

1450 992 1544 1016 num
1566 981 1597 1027 *,
1625 987 1660 1016 et
1688 980 1879 1028 quaedam
1908 987 1995 1016 sunt
2022 981 2207 1030 principia
2234 981 2465 1029 medicinae;
2486 990 2523 1019 et

1450 1033 1503 1070 sic
1523 1033 1745 1082 accipiendo
1759 1033 1945 1082 principia
1960 1034 2135 1071 omnium
2151 1034 2406 1083 scientiarum,
2418 1035 2489 1072 ista
2500 1037 2520 1057 *

1450 1087 1503 1124 sic
1523 1094 1678 1135 accepta
1703 1087 1837 1123 eadem
1858 1094 1946 1124 sunt
1958 1087 2145 1136 principia
2165 1088 2341 1125 omniurn
2361 1089 2520 1127 demon-

1450 1141 1687 1186 strationum3
1703 1141 1779 1177 hoc
1798 1153 1877 1177 non
1895 1140 1983 1177 facit
2001 1141 2050 1177 ad
2069 1142 2322 1191 propositum,
2339 1155 2417 1191 quo
2437 1143 2521 1191 quis

1449 1195 1530 1230 vult
1563 1194 1746 1230 sustinere
1783 1193 1918 1231 eadem
1953 1206 2034 1230 esse
2069 1195 2255 1244 principia
2274 1200 2307 1243 ⁰,
2337 1196 2427 1244 quia
2453 1208 2523 1245 per

1449 1248 1524 1284 hoc
1545 1248 1687 1285 dictum
1708 1247 1799 1284 nihil
1819 1247 1921 1284 aliud
1941 1247 2087 1295 dicitur,
2113 1248 2184 1285 nisi
2204 1249 2310 1297 quod
2330 1250 2522 1297 quaelibet

1451 1301 1606 1338 scientia
1636 1301 1752 1338 habet
1779 1313 1848 1337 sua
1875 1300 2070 1350 principia.
2102 1302 2180 1339 Sed
2214 1301 2321 1351 quod
2349 1302 2423 1339 sint
2460 1315 2521 1340 ea-

1451 1354 1540 1391 dem
1569 1354 1752 1403 principia
1779 1353 1892 1391 unius
1922 1354 2099 1391 scientiae
2133 1367 2231 1404 quae
2261 1362 2348 1392 sunt
2371 1356 2522 1393 alterius

1451 1408 1571 1456 (quod
1586 1415 1777 1456 oporteret
1787 1407 1817 1444 si
1832 1407 1968 1444 eadem
1985 1410 2134 1445 essent*
2147 1408 2331 1458 principia
2346 1409 2523 1446 omnium

1450 1461 1759 1509 syllogismorum
1785 1460 2034 1498 scientialium
2058 1464 2118 1508 π),
2142 1470 2196 1499 est
2225 1462 2458 1510 impossibile
2487 1469 2524 1499 et

1450 1514 1659 1560 derisibile3
1689 1514 1778 1562 quia
1798 1515 1818 1535 *
1837 1514 2051 1551 secundum
2079 1515 2154 1551 hoc
2168 1523 2390 1564 sequeretur
2417 1516 2523 1565 quod
2550 1525 2561 1535 ⁴

1450 1567 1581 1604 omnia
1611 1569 1631 1588 ²¹²
1659 1579 1758 1616 quae
1796 1574 1883 1604 sunt
1914 1567 1953 1604 in
1989 1567 2172 1615 scientiis,
2203 1576 2328 1605 essent
2365 1569 2523 1618 eadem,
2552 1585 2560 1594 ·

1451 1628 1487 1657 et
1514 1621 1565 1657 ita
1593 1633 1729 1657 omnes
1758 1620 1935 1657 scientiae
1956 1628 2081 1657 essent
2107 1633 2185 1658 una
2214 1622 2380 1659 scientia.
2411 1623 2523 1669 Quae

1451 1674 1554 1711 enirn
1584 1674 1729 1711 eisdem
1749 1682 1837 1711 sunt
1857 1674 2005 1721 eadem,
2027 1674 2098 1711 sibi
2120 1675 2140 1695 *
2168 1674 2335 1712 invicem
2355 1683 2442 1713 sunt
2462 1688 2523 1714 ea-

1451 1728 1552 1766 dem.
1571 1729 1648 1765 Sed
1666 1727 1851 1778 principia
1868 1727 2067 1764 cuiuslibet
2087 1727 2264 1765 scientiae
2293 1736 2381 1766 sunt
2400 1730 2522 1779 quod-

1451 1782 1637 1819 ammodo
1672 1781 1808 1818 eadem
1834 1781 2154 1828 conclusionibus,
2179 1782 2269 1831 quia
2297 1790 2384 1820 sunt
2410 1783 2524 1821 unius

1451 1835 1610 1883 generis.
1646 1836 1739 1872 Non
1768 1834 1870 1871 enim
1889 1840 1906 1865 Ρ
1934 1842 1989 1871 est
2018 1847 2064 1871 ex
2091 1847 2171 1872 uno
2201 1835 2240 1872 in
2269 1836 2370 1873 aliud
2403 1849 2523 1885 genus

1452 1889 1725 1935 demonstrare,
1742 1895 1785 1925 ut
1803 1900 1919 1937 supra
1938 1887 2082 1925 dictum
2104 1896 2160 1926 est
2180 1889 2211 1926 ²⁸.
2235 1889 2274 1926 Si
2294 1890 2405 1938 igitur
2422 1890 2523 1940 prin-

1453 1942 1551 1991 cipia
1576 1950 1664 1979 sunt
1680 1943 1700 1964 *
1719 1942 1868 1988 eadem,
1889 1949 2111 1991 sequeretur
2138 1942 2244 1991 quod
2268 1943 2400 1980 omnia
2425 1956 2523 1993 quae

1452 2003 1540 2032 sunt
1566 1997 1586 2018 *
1614 1995 1653 2033 in
1682 1995 1856 2043 scientiis,
1879 2002 2004 2032 essent
2032 1995 2181 2032 eadem.

1514 2061 1570 2086 10.
1593 2049 1814 2086 Secundam
1841 2049 2028 2086 rationem
2053 2049 2161 2098 ponit
2186 2049 2256 2086 ibi:
2276 2050 2330 2086 At
2349 2061 2441 2087 vero
2460 2062 2523 2088 ne-

1453 2114 1525 2152 que
1552 2103 1654 2152 quod
1679 2115 1730 2139 ex
1757 2103 1931 2140 omnibus
1959 2109 2042 2149 etc.,
2063 2114 2162 2151 quae
2190 2103 2273 2140 talis
2303 2110 2368 2140 est.
2391 2103 2436 2140 Si
2459 2103 2524 2141 ali-

1454 2156 1538 2206 quis
1566 2169 1754 2205 quaerens
1774 2156 1949 2193 omnium
1975 2155 2110 2193 eadem
2133 2168 2215 2194 esse
2233 2156 2429 2206 principia,
2449 2158 2526 2195 hoc

1453 2210 1623 2247 intendat
1642 2209 1766 2248 dicere
1786 2215 1800 2230 ⁶
1820 2209 1925 2259 quod
1955 2209 2150 2258 quodlibet
2170 2210 2452 2248 demonstretur
2480 2223 2526 2248 ex

1454 2263 1635 2313 quolibet,
1654 2264 1729 2300 hoc
1759 2270 1814 2300 est
1833 2264 1989 2300 stultum
2019 2263 2161 2310 dicere;
2182 2263 2271 2312 quia
2298 2264 2374 2301 hoc
2399 2276 2524 2314 neque

1455 2325 1510 2354 est
1528 2316 1708 2366 possibile
1729 2316 1767 2353 in
1782 2316 1990 2354 manifestis
2009 2317 2308 2363 mathematihus‚
2320 2330 2392 2354 nec
2410 2317 2449 2355 in
2469 2330 2524 2356 re-

1454 2370 1655 2408 solutione.
1686 2371 1736 2407 Et
1753 2378 1868 2407 vocat
1897 2370 2097 2407 manifesta
2125 2371 2368 2418 mathemata,
2389 2370 2485 2408 idest
2505 2373 2525 2394 *

1455 2423 1777 2462 considerationes
1795 2424 1857 2461 vel
1878 2423 2092 2472 disciplinas
2104 2425 2136 2471 ³⁸²,
2158 2425 2312 2473 quando
2334 2436 2379 2461 ex
2394 2424 2525 2474 aliqui-

1454 2478 1527 2515 bus
1541 2477 1867 2527 propositionibus
1882 2477 2090 2514 manifestis
2114 2477 2239 2515 statim
2259 2477 2416 2515 infertur
2435 2490 2525 2516 con—

1506 2609 1532 2644 o)
1549 2610 1651 2635 Eadem
1665 2615 1721 2634 esse
1730 2609 1867 2642 principia
1881 2614 1932 2634 etc.
1939 2623 1958 2628 ·—
1967 2610 2002 2635 B:
2009 2609 2146 2641 principia
2158 2609 2257 2634 omnia.
2267 2621 2286 2629 —-
2296 2609 2387 2634 Codd.:
2397 2615 2450 2641 per
2462 2608 2526 2638 hoc,-

1452 2645 1486 2672 P:
1501 2648 1615 2677 propter
1633 2645 1697 2675 hoc;
1713 2645 1737 2669 Ο
1758 2653 1812 2670 om.
1832 2645 2015 2670 dictum-A:
2035 2645 2131 2670 habeat
2155 2651 2204 2669 sua
2218 2644 2335 2676 propria
2353 2643 2526 2676 principia.—

1451 2679 1709 2705 ABCEKLMNOST
1723 2685 1749 2705 et
1762 2688 1788 2712 p.
1799 2688 1834 2705 m.
1850 2680 1886 2704 D:
1898 2680 2042 2712 principia.
2058 2680 2114 2705 Sed
2127 2679 2200 2712 quod
2211 2679 2266 2704 sint
2281 2679 2327 2712 (L,
2341 2678 2415 2714 sunt)
2430 2679 2524 2705 eadem

1448 2715 1585 2748 principia
1605 2715 1682 2740 unius
1701 2720 1763 2746 etc.;
1776 2715 1813 2741 G:
1834 2715 1888 2740 Sed
1906 2715 1977 2748 quod
1995 2715 2088 2746 eadem
2107 2714 2162 2740 sint
2175 2720 2232 2745 etc.;
2248 2715 2285 2740 H:
2305 2714 2360 2739 Sed
2378 2714 2450 2747 quod
2471 2714 2526 2740 sint

1447 2751 1586 2783 principia
1604 2751 1696 2775 eadem
1712 2755 1772 2782 etc.;
1793 2750 1832 2780 Q:
1853 2750 1909 2775 Sed
1926 2750 1998 2783 quod
2011 2750 2066 2776 sint
2080 2749 2170 2775 omnia
2185 2750 2302 2783 princip.
2321 2750 2400 2775 unius
2419 2755 2467 2776 etc.
2474 2757 2482 2781 ;
2502 2749 2525 2776 D

1453 2794 1475 2811 s.
1491 2794 1526 2811 m.
1537 2786 1681 2818 principia,
1697 2786 1744 2811 sed
1763 2793 1814 2811 non
1829 2786 1901 2818 quod
1918 2786 1973 2811 sint
1987 2786 2079 2811 eadem
2094 2785 2212 2818 princip.
2232 2785 2325 2810 Piana:
2340 2785 2485 2819 principia,
2499 2788 2527 2811 et

1453 2829 1504 2846 non
1519 2821 1573 2846 sint
1584 2821 1720 2854 principia
1733 2821 1811 2846 unius
1824 2821 1958 2846 scientiae.
1973 2821 2061 2846 Lectio
2076 2829 2098 2846 s.
2109 2829 2145 2846 m.
2158 2821 2181 2846 D
2196 2821 2322 2854 acceptari
2337 2826 2436 2854 posset,
2451 2821 2525 2846 dum-

1454 2857 1533 2882 modo
1556 2857 1663 2882 inferius
1689 2856 1836 2882 immediate
1862 2862 1922 2890 post
1939 2856 2116 2882 scientialium
2142 2857 2294 2882 retineretur
2320 2857 2375 2882 Sed
2397 2857 2471 2882 istud
2477 2864 2487 2888 ,·
2501 2861 2527 2882 at

1453 2892 1517 2917 haec
1535 2892 1615 2917 verba
1633 2900 1647 2917 a
1667 2892 1756 2917 maiori
1776 2897 1801 2917 et
1820 2892 1915 2917 saniori
1941 2897 2012 2924 parte
2031 2892 2106 2917 codd.
2126 2892 2279 2917 omittuntur
2299 2891 2349 2926 (cf.
2368 2897 2422 2917 not.
2444 2891 2525 2926 seq.).

1453 2927 1542 2953 Lectio
1561 2933 1647 2952 nutem
1675 2927 1796 2960 adoptata
1815 2935 1845 2952 ex
1872 2927 1996 2952 omnibus
2015 2928 2091 2952 codd.
2113 2928 2196 2960 magis
2224 2928 2361 2961 perspicua
2386 2932 2426 2953 est
2444 2934 2525 2962 quam

1454 2963 1534 2988 Piana
1552 2968 1578 2988 et
1596 2963 1734 2988 concordat
1753 2971 1813 2988 cum
1832 2968 1911 2988 textu.

1507 2997 1537 3033 π)
1558 2998 1783 3032 Syllogismorum
1808 2998 1993 3024 scientialium.
2007 3013 2026 3018 -
2041 2999 2098 3024 Hoc
2113 3003 2153 3024 est
2167 2998 2439 3028 demonstrationum,
2459 3005 2527 3032 quae

1455 3039 1516 3059 sunt
1534 3034 1679 3067 syllogismi
1698 3034 1819 3059 facientes
1839 3034 1905 3059 scire
1920 3033 1969 3065 (Cf.
1981 3034 2083 3065 lect.1v,
2099 3042 2125 3059 n.
2135 3033 2172 3068 9).
2186 3033 2398 3059 ACHKLMNST
2411 3039 2436 3059 et
2449 3041 2475 3066 p.
2490 3041 2526 3060 m.

1455 3070 1477 3094 D
1497 3077 1619 3095 erronee:
1639 3069 1789 3103 sytlogism.
1803 3069 2035 3099 substantialium3
2054 3069 2103 3100 EQ
2120 3077 2174 3094 om.
2187 3068 2526 3095 scientialium.-ABOEL

1456 3105 1548 3130 MNST
1567 3110 1593 3130 et
1605 3113 1631 3138 p.
1643 3113 1679 3130 m.
1692 3105 1714 3129 D
1727 3113 1781 3129 om.
1801 3103 1856 3130 Sed
1871 3105 1957 3130 istud:
1972 3105 2043 3138 quod
2057 3104 2134 3130 habet
2147 3105 2167 3130 P
2182 3105 2331 3130 immediate
2349 3109 2409 3130 ante
2421 3107 2462 3130 est
2478 3103 2527 3130 im-

1451 3141 1585 3173 possibile.
1600 3141 1634 3166 E:
1653 3141 1713 3166 Hoc
1730 3143 1770 3166 est
1789 3145 1850 3171 etc.;
1870 3140 1974 3171 GHOQ
1991 3145 2016 3166 et
2034 3148 2057 3166 s.
2072 3148 2108 3166 m.
2122 3141 2158 3167 D:
2181 3140 2259 3171 Quod
2271 3143 2311 3166 est
2329 3140 2463 3173 impossib.
2482 3137 2526 3173 (ci.

1457 3181 1510 3201 not.
1572 3176 1642 3201 eced.
1657 3193 1664 3200 .

1510 3184 1616 3246 91),τῖκῖοη
1635 3174 1705 3237 e)nim
1724 3215 1801 3236 etc.·-
1813 3211 1852 3237 0:
1875 3211 1944 3241 Quia
1963 3218 2031 3244 quae
2049 3214 2113 3236 sunt
2132 3210 2210 3236 unius
2228 3210 2344 3245 generis,
2364 3218 2416 3236 non
2435 3213 2477 3236 est
2489 3217 2528 3236 ex

1457 3255 1510 3273 uno
1528 3247 1556 3272 in
1574 3247 1651 3272 aliud
1667 3254 1752 3280 genus
1771 3246 1964 3276 demonstrare,
1984 3250 2014 3272 ut
2032 3251 2080 3272 etc.
2099 3246 2188 3272 Lectio
2207 3254 2259 3271 non
2278 3246 2356 3272 bona.

1510 3282 1537 3317 σ)
1558 3282 1684 3308 Intendat
1702 3282 1790 3308 dicere
1804 3282 2010 3312 etc.—ABGNQ
2021 3287 2047 3307 et
2060 3290 2087 3315 p.
2100 3290 2135 3307 m.
2149 3281 2187 3308 D:
2205 3281 2320 3308 intendit
2326 3290 2335 3312 ,·
2353 3281 2393 3308 G:
2413 3280 2528 3307 intendit

1458 3318 1546 3344 dicere
1558 3318 1621 3351 quia
1641 3317 1768 3351 quidlibet
1782 3317 1983 3343 demonstratur
1996 3317 2029 3343 de
2041 3318 2170 3350 quomm
2184 3317 2232 3343 sed
2247 3320 2286 3343 est
2299 3317 2411 3343 stultum
2428 3316 2526 3346 dicere,

1457 3354 1521 3386 quia
1539 3354 1588 3379 hoc
1606 3354 1716 3379 stultum
1730 3356 1770 3379 est
1785 3352 1906 3386 (stultum
1925 3356 1966 3378 est
1979 3353 2102 3387 expung.)
2118 3352 2276 3386 impossibile
2289 3355 2330 3378 est
2348 3357 2423 3378 etc.—
2433 3351 2526 3377 Prose-

1458 3389 1546 3422 quitur
1565 3389 1600 3414 P:
1620 3389 1646 3414 in
1667 3389 1814 3423 manifestis
1834 3388 2035 3419 mathematicis,
2050 3393 2076 3414 et
2090 3388 2168 3421 paulo
2181 3393 2249 3421 post,
2264 3388 2408 3423 manifesta
2425 3386 2526 3415 mathe-

1459 3425 1566 3454 matica,
1579 3430 1605 3450 et
1617 3424 1684 3450 infra
1692 3431 1792 3455 rursus,
1808 3424 1834 3450 in
1850 3424 1943 3458 manis.
1958 3423 2167 3450 mathematicis.-
2181 3429 2207 3449 at
2221 3423 2424 3449 mathematibus
2438 3422 2525 3456 legunt

1459 3461 1542 3492 prima
1560 3461 1615 3485 vice
1633 3461 1708 3485 codd.
1727 3459 1852 3489 ELNST.
1869 3467 1892 3484 s.
1906 3467 1942 3484 m.
1956 3460 1980 3484 A
1998 3464 2024 3484 et
2042 3467 2068 3492 p.
2083 3467 2118 3484 m.
2133 3459 2193 3490 CK;
2212 3459 2293 3484 altera
2310 3458 2366 3484 vice
2389 3456 2526 3483 ABCEGL

1460 3495 1552 3520 NOST
1566 3501 1630 3528 etp.
1645 3503 1681 3521 m.
1696 3495 1751 3522 DK.
1765 3495 1836 3520 Loco
1852 3500 1938 3520 autem
1953 3494 2141 3520 mathematica
2154 3494 2250 3520 habent
2267 3493 2430 3519 mathemata
2447 3491 2525 3522 ALT,

1461 3539 1486 3564 p.
1507 3538 1544 3556 m.
1563 3531 1586 3556 K
1604 3536 1643 3562 et,
1662 3536 1691 3556 ut
1707 3531 1817 3561 videtur,
1836 3529 1964 3561 CEMNQ.
1982 3529 2171 3563 Adoptavimus
2194 3529 2268 3554 codd.
2288 3528 2439 3559 lectionem,
2459 3534 2527 3560 quae

1461 3566 1603 3591 conformis
1621 3571 1662 3592 est
1679 3567 1757 3592 textui
1776 3565 1922 3591 Aristotelis
1941 3570 1967 3591 et
1985 3564 2145 3599 explicationi
2164 3572 2186 3590 s.
2199 3563 2327 3590 Thomas.

2549 303 2559 313 ⁸
2569 303 2644 325 Codd.
2652 310 2702 326 -Pat
2711 311 2764 326 con-

2550 329 2725 352 siderationem.

2549 357 2557 364 ·
2572 363 2598 377 a:
2614 359 2674 379 sunt.

2548 563 2559 573 ⁹
2575 562 2610 584 Cf.
2625 563 2678 585 lect.
2692 570 2762 591 xxxv,

2549 595 2573 610 n.
2589 595 2608 610 2.

2647 675 2660 691 ν

2549 990 2560 1000 ·“
2567 996 2593 1011 a:
2609 989 2734 1012 rationum.

2550 1043 2558 1052 ·
2567 1048 2609 1064 cx:
2624 1045 2649 1065 et
2661 1043 2717 1065 ieta.

2553 1686 2560 1694 ·
2570 1691 2585 1706 ο
2593 1685 2648 1710 (affl
2659 1687 2728 1712 om.l:

2552 1713 2609 1733 cunt
2616 1712 2722 1734 invicem.

2552 1908 2562 1916 ·
2573 1906 2637 1928 Lect.
2645 1912 2685 1928 xv.

2553 1961 2562 1970 '
2572 1965 2617 1982 im:
2633 1962 2720 1982 essent.

2551 2017 2562 2028 ’
2577 2022 2625 2042 qu
2640 2018 2727 2038 essent.

2554 2390 2561 2399 ·
2577 2388 2643 2411 Idm
2654 2395 2703 2412 om.
2717 2396 2740 2411 Α.

2553 2442 2562 2451 ·
2578 2447 2592 2463 o
2611 2447 2660 2463 om.
2680 2441 2767 2464 idest...

2553 2467 2702 2496 disciplinae.
