2788 4204
54 449 63 457 ·
74 449 109 470 Cf.
123 448 174 476 p.1‚
186 455 209 477 q.
218 455 263 475 xrv,

53 478 94 496 art.
106 481 154 497 xiv.

52 1193 61 1201 '
72 1198 107 1214 nc.
117 1203 127 1207 -
139 1198 168 1213 m:
179 1191 248 1219 quod.

300 257 344 293 18

293 335 502 372 intellectus
527 342 656 371 noster
680 334 846 381 intelligit
871 333 1078 370 materialia
1105 331 1359 369 immateriali-

292 396 359 435 ter,
381 388 430 424 ita
450 388 563 424 etiam
583 388 789 424 intellectus
814 387 963 423 divinus
984 385 1176 433 cognoscit
1201 397 1358 433 compo-

295 442 471 478 sitionem
500 448 536 476 et
561 440 787 476 divisionem
817 439 1035 486 simpliciter
1053 439 1085 475 ⁴³.

354 506 411 531 11.
442 493 590 530 Deinde
628 505 716 528 cum
746 492 850 528 dicit:
876 491 1047 527 Nomina
1076 490 1193 539 igitur
1220 490 1299 538 ipsa
1325 496 1362 526 et

294 548 410 585 verba
426 554 507 592 ete„
524 545 736 582 manifestat
755 543 860 592 quod
885 543 1028 580 dixerat
1047 543 1094 579 de
1115 542 1358 580 similitudine

294 612 437 638 vocum
453 599 502 635 ad
516 598 756 634 intellectum.
774 597 822 632 Et
835 596 972 644 prim0‚
985 596 1199 632 manifestat
1216 608 1357 644 propo-

295 653 424 697 situm;
441 650 621 696 secundo,
637 650 774 697 probat
787 661 857 697 per
871 649 1051 697 signum²';
1065 648 1133 685 ibi:
1149 649 1278 685 Huius
1292 661 1358 685 au-

294 711 366 741 tem
380 705 531 753 signum
548 710 615 738 etc.
629 702 832 738 Concludit
847 714 936 750 ergo
953 714 998 738 ex
1012 701 1230 750 praemissis
1241 701 1357 750 quod,

295 770 383 794 cum
416 757 540 792 solum
575 755 672 791 circa
706 755 1025 803 compositionem
1060 762 1097 790 et
1130 754 1358 791 divisionem

294 810 339 846 sit
365 809 503 846 veritas
523 815 559 844 et
583 807 720 844 falsitas
748 807 787 844 in
815 808 1015 854 intellectu,
1038 819 1275 856 consequens
1304 815 1360 844 est

294 862 398 911 quod
426 861 507 909 ipsa
535 860 692 897 nomina
726 868 762 897 et
781 862 912 908 verba,
936 861 1087 898 divisim
1108 868 1273 909 accepta,
1300 873 1356 897 as-

293 915 502 952 similentur
538 913 740 950 intellectui
777 914 842 963 qui
871 921 927 950 est
966 913 1045 950 sine
1081 913 1359 962 compositione

294 976 330 1004 et
358 967 565 1012 divisione;
587 966 682 1004 sicut
704 979 792 1004 cum
811 968 923 1004 homo
949 967 1011 1004 vel
1031 966 1158 1003 album
1181 967 1314 1004 dicitur
1332 963 1356 1014 ε,

289 1021 323 1058 ἐἰ
352 1020 442 1057 nihil
471 1019 574 1056 aliud
611 1020 790 1057 addatur:
829 1033 907 1056 non
936 1020 1039 1056 enim
1067 1032 1204 1056 verum
1233 1020 1359 1057 adhuc

292 1074 354 1111 vel
384 1074 520 1110 falsum
549 1081 622 1119 est;
655 1073 724 1110 sed
750 1080 885 1121 postea
919 1072 1074 1121 quando
1104 1073 1254 1109 additur
1282 1085 1360 1110 esse

292 1127 354 1164 vel
384 1138 458 1163 non
487 1138 576 1172 esse,
603 1127 646 1163 fit
672 1138 810 1163 verum
838 1127 900 1163 vel
930 1126 1077 1163 falsum.

352 1191 409 1216 12.
431 1180 515 1216 Nec
535 1187 590 1216 est
608 1179 782 1216 instantia
811 1179 858 1216 de
887 1192 952 1226 eo,
983 1179 1047 1227 qui
1069 1179 1089 1200 *
1110 1191 1179 1227 per
1201 1178 1358 1215 unicum

293 1245 437 1269 nomen
465 1244 598 1269 veram
620 1232 911 1281 responsionem
940 1232 1004 1268 dat
1023 1231 1072 1268 ad
1100 1231 1358 1279 interrogatio-

292 1298 383 1323 nem
399 1286 554 1331 factam;
570 1293 612 1322 ut
626 1298 714 1322 cum
731 1285 943 1334 quaerenti:
960 1285 1050 1333 quid
1062 1290 1168 1321 natat
1179 1285 1216 1320 in
1232 1285 1360 1321 mari?

293 1338 426 1387 aliquis
446 1339 662 1386 respondet,
676 1339 801 1386 piscis.
830 1339 933 1374 Nam
962 1337 1176 1384 intelligitur
1193 1338 1357 1373 verbum

293 1391 399 1440 quod
427 1392 494 1428 fuit
512 1391 551 1428 in
578 1391 870 1440 interrogatione
888 1390 1068 1438 positum.
1091 1391 1140 1426 Et
1167 1390 1263 1426 sicut
1289 1402 1357 1426 no—

293 1457 384 1481 rnen
414 1457 487 1493 per
513 1457 553 1481 se
588 1444 755 1493 positum
793 1456 872 1480 non
900 1443 1084 1490 significat
1120 1455 1256 1479 verum
1294 1443 1356 1479 vel

293 1499 442 1546 falsum,
463 1498 512 1534 ita
540 1510 611 1534 nec
638 1498 801 1535 verbum
820 1508 894 1544 per
919 1508 959 1532 se
987 1495 1141 1532 dictum.
1157 1516 1182 1522 -
1199 1495 1283 1531 Nec
1302 1502 1358 1531 est

293 1622 356 1646 dum
375 1619 587 1654 conformitatem
608 1619 634 1643 in
654 1618 785 1643 intellectu
810 1621 983 1650 componente
1007 1618 1048 1642 vel
1072 1617 1214 1642 dividente.
1237 1617 1357 1641 Editores

293 1657 363 1681 Piani
378 1657 443 1680 hanc
462 1655 606 1684 lectionem,
622 1658 651 1677 ut
664 1654 726 1678 mihi
745 1653 853 1683 videtur,
873 1654 1076 1685 desumpserunt
1094 1660 1124 1677 ex
1143 1653 1255 1677 editione
1271 1652 1293 1681 b,
1311 1653 1358 1677 sed

292 1691 479 1722 aliquantulum
500 1695 538 1714 est
558 1689 679 1713 intricata.
698 1689 785 1713 Altera
804 1689 844 1713 ed.
859 1695 876 1712 a
895 1693 935 1712 est
951 1689 1027 1713 etiam
1046 1688 1174 1712 intricata:
1194 1689 1239 1720 qui
1257 1687 1359 1713 iudicat

292 1734 347 1752 esse
365 1725 551 1760 conformitate
576 1731 665 1748 rerum
685 1727 711 1748 et
730 1724 878 1748 intellectus
896 1723 1076 1755 componendo
1090 1727 1117 1748 et
1132 1723 1291 1748 dividendo:
1310 1723 1358 1747 nisi

292 1763 357 1787 forte
377 1761 508 1793 irrepserit
522 1768 552 1784 ex
567 1759 719 1792 typographi
739 1759 834 1783 incuria
852 1766 908 1784 esse
925 1759 1112 1792 conformitate
1131 1759 1188 1783 loco
1208 1759 1240 1784 de
1253 1759 1359 1792 consor-

292 1798 393 1822 mitate.
403 1810 422 1815 -
432 1796 530 1820 Veneta
544 1803 558 1820 c
572 1800 597 1819 et
611 1795 674 1819 aliae
689 1793 762 1825 1526,
782 1794 846 1826 1557
862 1795 949 1826 legunt
964 1802 1023 1819 cum
1040 1795 1114 1819 codd.
1126 1794 1184 1819 DE:
1200 1794 1245 1827 qui
1258 1794 1359 1819 iudicat

293 1833 325 1858 de
348 1831 534 1866 conformitate
554 1838 642 1855 rerum
662 1834 689 1855 et
707 1830 853 1855 intellectus
870 1829 1051 1861 componendo
1070 1833 1096 1854 et
1114 1830 1266 1854 dividendo.
1286 1830 1359 1860 Quae

292 1868 368 1893 lectio
392 1867 528 1899 perspicua
547 1871 586 1890 est
611 1871 636 1890 et
660 1865 713 1890 fere
736 1866 826 1890 eadem
847 1873 906 1889 cum
926 1866 983 1889 lect.
1005 1865 1079 1889 codd.
1095 1863 1178 1890 ABC:
1199 1866 1244 1897 qui
1258 1865 1360 1890 iudicat

293 1904 326 1928 de
343 1902 530 1936 conformitate
554 1908 642 1926 rerum
663 1901 808 1926 intellectus
831 1900 1011 1932 componendo
1030 1904 1056 1925 et
1075 1900 1226 1925 dividendo.
1246 1900 1358 1925 Coniun-

293 1939 404 1963 ctionem
423 1941 449 1962 et
468 1937 665 1961 amanuensium
681 1936 812 1960 oscitantia
826 1936 921 1960 omisit.
937 1935 1008 1960 Patet
1022 1943 1084 1967 ergo
1099 1936 1236 1960 lectionem
1251 1936 1283 1960 de
1298 1943 1359 1960 con-

286 1974 430 2008 formitate
444 1973 475 1996 ab
489 1972 609 1996 omnibus
625 1972 699 1996 codd.
723 1971 884 1995 uniformiter
900 1971 1011 1996 exhiberi
1027 1971 1087 1995 item
1101 1978 1115 1995 a
1134 1971 1233 1995 duabus
1254 1971 1359 1996 Venetis

293 2010 351 2034 edd.
362 2016 429 2033 saec.
440 2008 487 2031 XV
497 2013 522 2032 et
535 2007 606 2037 XV1;
622 2014 710 2031 rerum
725 2010 751 2031 et
765 2007 911 2032 intellectus
925 2006 1106 2038 componendo
1115 2010 1142 2031 et
1152 2007 1296 2031 dividendo
1309 2006 1358 2038 legi

293 2045 368 2069 etiam
384 2049 438 2067 tum
454 2043 479 2067 in
495 2043 575 2067 citatis
589 2043 655 2072 edd.,
670 2048 725 2066 turn
739 2042 763 2066 in
784 2042 858 2067 codd.
879 2043 953 2067 Unde
973 2042 1109 2066 lectionem
1125 2042 1200 2066 istam
1215 2047 1240 2066 et
1254 2047 1360 2074 propter

292 2080 391 2104 formae
410 2078 616 2111 perspicuitatem
637 2083 662 2102 et
680 2082 786 2110 propter
805 2078 879 2102 codd.
894 2077 1070 2102 auctoritatem
1089 2077 1238 2102 suffecimus
1258 2077 1359 2102 Pianae.

346 2113 370 2148 ν)
386 2113 508 2138 Secundo
518 2113 618 2145 probat
627 2120 679 2144 per
697 2113 811 2146 signum.
831 2113 867 2137 lta
887 2113 991 2137 codd.-
1006 2112 1047 2136 P.:
1071 2113 1187 2137 secundo
1206 2113 1360 2146 manifesta-

294 2154 349 2175 tum
365 2149 464 2181 probat
478 2156 530 2181 per
548 2149 733 2181 signum-Et
752 2148 811 2180 quia
831 2148 862 2172 de
885 2147 980 2179 signis,
999 2147 1093 2180 quibus
1113 2147 1243 2180 simplices
1267 2148 1360 2173 mentis

293 2190 432 2217 conceptus
443 2184 636 2209 manifestantur
647 2191 733 2208 sermo
748 2183 986 2216 impraesentiarum
998 2188 1044 2213 est,
1055 2188 1229 2216 opportunum
1242 2183 1360 2208 ducimus

293 2229 323 2246 ex
342 2220 485 2252 Philopono
505 2220 632 2244 declarare
651 2219 751 2243 diversa
771 2219 874 2243 nomina
889 2218 984 2251 quibus
1002 2218 1075 2250 signa
1094 2218 1136 2242 illa
1156 2219 1317 2250 appellantur
1335 2219 1360 2243 in

293 2256 393 2281 schola:
409 2264 423 2278 ‹<
436 2255 503 2280 Scito
513 2254 628 2287 (inquit)
641 2254 791 2283 terminum,
812 2261 899 2279 vocem
916 2253 1068 2286 simplicem,
1089 2253 1237 2283 dictionem,
1258 2261 1360 2283 nomen,

295 2302 308 2314 2
325 2291 440 2319 verbum,
456 2291 571 2315 subiecto
581 2298 640 2321 non,
651 2290 697 2314 sed
713 2289 800 2314 habitu
811 2290 975 2322 quadamque
989 2289 1111 2314 relatione
1126 2289 1236 2314 differre.
1251 2290 1361 2320 Quando

295 2336 309 2350 a»
326 2326 394 2351 enim
414 2326 490 2350 dictio
509 2325 705 2350 ratiocinationis
724 2332 784 2357 pars
804 2325 892 2351 suerit.
913 2325 1040 2350 terminus
1055 2324 1159 2349 dicitur:
1179 2325 1282 2357 quando
1301 2332 1360 2358 pars

295 2371 309 2385 »
325 2361 515 2394 propositionis,
531 2361 627 2386 dictio:
645 2360 748 2392 quando
767 2359 842 2384 huius
858 2359 1010 2391 subiectum,
1031 2367 1141 2384 nomen:
1158 2360 1262 2392 quando
1281 2367 1361 2384 enun-

296 2407 309 2420 »
326 2397 419 2421 ciatum
439 2397 470 2420 de
489 2396 611 2425 subiecto,
632 2396 754 2420 verbum:
772 2396 876 2428 quando
895 2402 943 2419 vox
960 2395 1109 2428 simpliciter
1127 2394 1285 2426 significans,
1306 2403 1361 2420 vox

296 2442 309 2455 ³
325 2432 440 2463 simplex
457 2440 469 2454 »
492 2432 688 2463 (Commentar.
707 2437 787 2462 super
808 2431 888 2455 libros
908 2431 1060 2455 Priorum...
1078 2430 1175 2456 Lucilli
1192 2430 1363 2464 Phylalthaei

295 2467 429 2492 latinitate
449 2467 557 2491 donata.
577 2466 633 2490 Lib.
647 2466 664 2496 l,
685 2466 732 2490 col.
751 2473 780 2489 10
799 2465 913 2490 Veneriis
937 2465 1024 2498 1560).

349 2501 372 2535 ξ)
389 2502 464 2527 Sicut
477 2509 535 2526 cum
547 2502 624 2526 homo
639 2502 679 2525 vel
687 2501 775 2525 album
792 2499 890 2525 dicitu'r
900 2507 947 2525 etc.
959 2502 1005 2525 Est
1016 2500 1089 2525 lectio
1103 2500 1132 2524 Ρ.
1141 2513 1161 2518 -
1175 2501 1278 2526 ACDE:
1293 2501 1362 2526 sicut

295 2545 354 2563 cum
374 2538 441 2563 dico.
456 2537 533 2562 homo
548 2537 588 2561 vel
601 2537 697 2561 album.
707 2550 726 2554 —
737 2536 800 2560 Cod.
822 2534 855 2560 13:
870 2536 939 2560 sicut
952 2544 1010 2561 cum
1027 2535 1098 2561 dicit.
1114 2535 1192 2561 homo
1206 2541 1280 2561 etc.—
1295 2536 1361 2560 Infra

295 2581 358 2597 vero
376 2573 432 2597 cod.
443 2573 477 2596 A:
494 2579 545 2596 non
560 2571 628 2596 enim
648 2572 726 2596 habet
744 2571 831 2596 adhuc
851 2578 941 2595 verum
956 2572 996 2596 vel
1008 2571 1241 2605 salsum-Codd.
1257 2571 1359 2596 BCDE:

295 2616 347 2633 non
362 2608 431 2633 enim
450 2607 538 2632 adhuc
556 2610 596 2632 est
613 2614 703 2631 verum
723 2607 763 2631 uel
775 2607 886 2640 salsum.

349 2643 421 2668 Circa
440 2649 526 2667 autem
551 2642 769 2675 comparationem
793 2641 932 2666 institutam
951 2641 1016 2666 inter
1036 2648 1113 2665 voces
1132 2646 1158 2665 et
1176 2641 1360 2666 intellectiones

295 2679 437 2703 notandum
455 2683 507 2709 est,
527 2678 598 2711 quod
616 2685 668 2702 non
687 2677 724 2702 sic
743 2676 888 2710 accipienda
907 2682 947 2702 est
965 2675 1039 2709 quasi
1058 2676 1084 2700 in
1102 2676 1165 2709 ipsis
1180 2676 1287 2701 vocibus
1305 2676 1360 2701 sive

1042 256 1160 291 PERI
1191 254 1539 290 HERMENEIAS
1577 255 1672 292 LIB.
1704 256 1717 291 I
1750 267 1753 270 ·

1413 332 1588 369 instantia
1609 333 1656 370 de
1685 333 1806 370 verbo
1830 334 1977 383 primae
2010 342 2047 372 et
2066 335 2257 373 secundae
2280 348 2481 385 personae,

1413 394 1451 422 et
1479 386 1527 422 de
1554 387 1676 423 verbo
1706 394 1885 436 exceptae
1901 387 2109 425 actionis*:
2131 389 2220 437 quia
2233 389 2272 426 in
2291 389 2349 425 his
2378 389 2483 426 intel-

1412 438 1535 486 ligitur
1555 447 1678 476 certus
1698 447 1735 476 et
1749 441 1768 459 ⁴*
1790 440 2061 478 determinatus
2080 442 2349 479 nominativus.
2371 441 2483 479 Unde

1413 498 1469 528 est
1487 491 1667 540 implicita
1687 493 1926 541 compositio,
1942 493 2033 530 'licet
2057 507 2135 531 non
2156 494 2338 543 explicita.

1472 546 1528 581 13.
1547 545 1697 582 Deinde
1719 558 1807 582 cum
1830 546 1934 583 dicit:
1955 547 2115 596 Signum
2132 553 2257 584 autem
2279 546 2488 595 etc.‚indu-·

1414 596 1462 632 cit
1480 597 1630 645 signum
1651 611 1696 634 ex
1716 598 1873 635 nomine
1894 599 2120 648 composito,
2137 600 2276 637 scilicet
2294 600 2481 637 hircocer-

1412 662 1502 697 vus,
1538 651 1643 699 quod
1677 651 1920 700 componitur
1954 664 2000 688 ex
2033 652 2138 689 hirco
2168 660 2205 689 et
2239 665 2374 690 cervus
2397 653 2418 674 *
2447 660 2483 689 et

1413 702 1518 750 quod
1533 702 1571 739 in
1587 715 1723 750 graeco
1740 704 1874 741 dicitur
1887 705 2144 753 tragelaphos3
2165 718 2256 742 nam
2276 711 2406 756 tragos
2426 713 2482 742 est

1412 755 1550 802 hircus,
1572 763 1608 792 et
1631 756 1782 804 elaphos
1811 769 1958 794 cervus.
1980 758 2212 795 Huiusmodi
2233 758 2335 795 enim
2359 758 2481 795 nomi—

1413 820 1462 844 na
1490 808 1701 856 significant
1725 809 1877 857 aliquid,
1903 809 2043 846 scilicet
2061 810 2250 858 quosdam
2276 818 2482 860 conceptus

1406 860 1616 910 simplices,
1637 861 1722 898 licet
1741 874 1869 898 rerum
1899 862 2211 910 compositarum;
2233 870 2269 899 et
2288 863 2374 900 ideo
2403 876 2483 900 non

1414 921 1470 950 est
1496 927 1634 951 verum
1662 915 1725 951 vel
1754 915 1912 962 falsum,
1947 914 2017 951 nisi
2043 915 2198 964 quando
2228 915 2378 952 additur
2405 927 2484 953 esse

1412 968 1474 1003 vel
1495 979 1569 1004 non
1590 979 1684 1013 esse,
1713 980 1783 1016 per
1817 979 1916 1016 quae
1936 967 2157 1016 exprimitur
2175 968 2356 1005 iudicium
2377 968 2483 1005 intel—

1413 1020 1542 1057 lectus.
1564 1021 1694 1056 Potest
1722 1028 1851 1057 autern
1880 1020 1968 1057 addi
1997 1033 2075 1058 esse
2097 1022 2159 1058 vel
2189 1033 2263 1058 non
2293 1033 2390 1067 esse,
2419 1021 2483 1058 vel

1414 1073 1627 1110 secundum
1646 1085 1827 1122 praesens
1846 1081 2011 1122 tempus,
2028 1074 2133 1123 quod
2154 1082 2210 1111 est
2230 1086 2312 1111 esse
2326 1074 2388 1111 vel
2404 1086 2483 1111 non

1415 1138 1496 1162 esse
1516 1126 1554 1162 in
1574 1132 1678 1172 actu,
1706 1134 1742 1163 et
1770 1126 1857 1163 ideo
1886 1127 1961 1163 hoc
1990 1127 2124 1164 dicitur
2153 1139 2236 1164 esse
2255 1127 2483 1176 simpliciter,·

1413 1180 1475 1215 vel
1505 1179 1718 1216 secundum
1746 1187 1898 1228 tempus
1925 1180 2183 1228 praeteritum,
2210 1187 2274 1217 aut
2293 1181 2481 1227 futurum,

1415 1232 1519 1280 quod
1539 1244 1618 1268 non
1638 1240 1693 1269 est
1713 1245 1795 1269 esse
1816 1232 2046 1281 simpliciter,
2067 1233 2135 1270 sed
2153 1233 2357 1270 secundum
2377 1233 2484 1281 quid;

1413 1292 1455 1321 ut
1483 1297 1571 1321 cum
1601 1285 1735 1322 dieitur
1763 1285 1904 1334 aliquid
1933 1286 2047 1322 fuisse
2070 1287 2132 1323 vel
2161 1286 2330 1323 futurum
2359 1297 2482 1322 esse.-

1415 1338 1615 1385 Signanter
1642 1345 1770 1375 autem
1791 1338 1906 1375 utitur
1935 1340 2110 1388 exemplo
2132 1351 2177 1375 ex
2196 1338 2352 1375 nomine
2373 1338 2483 1386 signi-

1413 1390 1550 1426 ficante
1581 1391 1686 1439 quod
1719 1404 1797 1428 non
1830 1399 1886 1428 est
1913 1391 1951 1428 in
1984 1404 2112 1429 rerum
2147 1399 2298 1439 natura,
2334 1391 2372 1428 in
2405 1403 2482 1440 quo

1413 1442 1537 1479 statim
1558 1443 1696 1480 falsitas
1715 1451 1889 1493 apparet,
1912 1452 1949 1481 et
1968 1445 2073 1494 quod
2097 1445 2177 1482 sine
2204 1444 2483 1493 compositione

1412 1503 1449 1531 et
1468 1495 1653 1532 divisione
1679 1508 1758 1533 non
1789 1497 1910 1545 possit
1935 1510 2073 1534 verum
2098 1499 2161 1534 vel
2190 1498 2326 1534 falsum
2355 1509 2438 1534 esse
2457 1502 2481 1534 ⁰.

1413 1617 1573 1650 simplicibus
1598 1617 1653 1642 sive
1672 1618 1822 1651 compositis
1842 1618 1875 1643 sit
1893 1618 1985 1643 veritas
2004 1620 2045 1643 vel
2066 1618 2164 1644 falsitas
2182 1627 2235 1643 non
2259 1626 2336 1644 secus
2354 1626 2384 1643 ac
2402 1619 2426 1643 in
2446 1618 2484 1644 in-

1412 1653 1524 1678 tellectu.
1544 1653 1579 1678 Ut
1597 1653 1664 1678 enim
1685 1654 1760 1678 docet
1778 1661 1800 1678 s.
1811 1653 1927 1679 Thomas
1947 1654 1972 1678 in
1991 1661 2046 1686 par.
2060 1654 2083 1685 1,
2103 1662 2147 1686 qu.
2161 1661 2216 1685 xv1‚
2236 1653 2305 1679 artic.
2319 1661 2369 1685 vn,
2387 1654 2483 1679 veritas

1413 1688 1612 1713 enunciabilium
1632 1696 1684 1713 non
1706 1694 1745 1713 est
1765 1689 1835 1713 aliud
1858 1697 1937 1722 quam
1953 1689 2047 1714 veritas
2059 1690 2217 1714 intellectus:
2236 1689 2396 1714 enunciabile
2415 1689 2484 1715 enim

1413 1729 1453 1748 est
1471 1723 1496 1748 in
1515 1723 1644 1748 intellectu
1663 1729 1688 1748 et
1707 1729 1746 1748 est
1765 1724 1790 1748 in
1809 1732 1882 1749 voce.
1902 1725 2050 1749 Secundum
2070 1730 2155 1750 autem
2170 1725 2240 1758 quod
2260 1724 2338 1749 estin
2353 1724 2483 1750 intellectu

1412 1759 1490 1783 habet
1507 1766 1555 1791 per
1573 1766 1602 1783 se
1620 1759 1766 1790 veritatem,
1781 1760 1827 1784 sed
1841 1760 1984 1784 secundum
2004 1760 2074 1792 quod
2089 1765 2129 1785 est
2143 1760 2169 1784 in
2187 1767 2264 1790 voce,
2283 1759 2374 1784 dicitur
2391 1767 2484 1785 verum

1413 1794 1574 1819 enunciabile
1591 1795 1734 1819 secundum
1748 1795 1818 1827 quod
1832 1795 1967 1828 signficat
1980 1795 2094 1828 aliquam
2108 1795 2242 1820 veritatem
2261 1795 2416 1826 intellectus,
2430 1803 2484 1821 non

1412 1834 1519 1862 propter
1541 1829 1653 1862 aliquam
1674 1830 1807 1855 veritatem
1830 1830 1856 1855 in
1881 1830 2028 1855 enuntiabili
2047 1830 2198 1855 existentem
2223 1830 2290 1855 sicut
2312 1830 2338 1855 in
2358 1830 2483 1856 subiecto.

1414 1863 1469 1898 (Cf.
1483 1865 1540 1889 lect.
1552 1872 1602 1895 vn,
1618 1873 1644 1889 n.
1656 1863 1694 1899 3).

1468 1899 1493 1934 ο)
1515 1900 1551 1925 Et
1569 1900 1641 1932 quod
1664 1900 1721 1925 sine
1738 1900 1927 1932 compositione
1950 1904 1976 1926 et
1995 1900 2124 1926 divisione
2147 1908 2199 1926 non
2219 1900 2308 1933 possit
2326 1907 2417 1925 verum
2442 1901 2484 1926 vel

1407 1935 1510 1969 salsum
1525 1942 1588 1960 esse.
1609 1936 1643 1960 Ita
1663 1935 1775 1960 editores
1791 1936 1861 1960 Piani
1878 1943 1937 1960 cum
1953 1936 1993 1960 ed.
2007 1944 2059 1961 c.-
2074 1936 2147 1960 Duae
2167 1936 2230 1960 aliae
2250 1936 2308 1961 edd.
2323 1935 2370 1960 ab:
2390 1936 2416 1961 in
2432 1942 2484 1968 quo

1413 1971 1504 1995 statim
1517 1971 1629 2004 salsitas
1647 1974 1760 2003 apparet
1778 1974 1805 1996 et
1822 1971 1879 1996 sine
1897 1971 2086 2003 compositione
2101 1974 2128 1996 et
2141 1971 2270 1997 divisione
2279 1974 2371 2003 posset
2389 1978 2482 1996 verum

1415 2007 1455 2031 vel
1472 2006 1574 2040 salsum
1596 2013 1658 2031 esse.
1679 2006 1752 2036 Quae
1767 2011 1807 2031 est
1828 2006 1903 2031 lectio
1923 2007 1998 2031 codd.
2014 2007 2073 2038 DE,
2093 2007 2143 2031 nisi
2169 2007 2241 2039 quod
2261 2011 2372 2039 uterque
2391 2006 2482 2032 habet}

1414 2042 1461 2066 sed
1484 2041 1541 2066 sine
1558 2041 1747 2073 compositione
1770 2045 1797 2066 et
1816 2041 1944 2066 divisione
1962 2045 2054 2073 posset
2072 2047 2119 2066 etc.
2139 2042 2203 2067 Cod.
2218 2042 2254 2066 A:
2275 2041 2302 2066 in
2321 2049 2373 2075 quo
2390 2042 2484 2067 statim

1407 2077 1519 2111 salsitas
1537 2080 1664 2109 apparet,
1683 2076 1731 2102 sed
1747 2077 1804 2102 sine
1827 2077 2017 2109 compositione
2035 2080 2062 2102 et
2086 2077 2215 2102 divisione
2240 2084 2291 2102 non
2312 2080 2405 2109 posset
2428 2083 2484 2103 esse

1415 2119 1506 2137 verum
1532 2112 1572 2136 vel
1589 2112 1701 2145 salsum.
1714 2126 1734 2131 —
1749 2112 1813 2136 Cod.
1833 2112 1868 2137 C:
1888 2112 1914 2136 in
1934 2109 1990 2145 quo‘
2010 2112 2102 2138 statim
2119 2112 2231 2146 falsitas
2255 2115 2411 2144 appareret,
2436 2112 2485 2138 aed

1414 2148 1470 2172 sine
1488 2147 1677 2179 compositione
1695 2150 1721 2172 et
1740 2147 1868 2173 divisione
1886 2151 1980 2179 posset
1997 2154 2052 2173 esse
2075 2155 2166 2173 verum
2186 2147 2227 2172 vel
2242 2147 2341 2180 falsum
2360 2153 2408 2173 etc.
2432 2147 2484 2173 De-

1415 2183 1494 2215 nique
1512 2183 1545 2207 B:
1565 2183 1591 2208 in
1611 2190 1663 2215 quo
1681 2183 1772 2208 statim
1790 2183 1902 2217 salsitas
1920 2186 2046 2215 apparet,
2066 2183 2090 2208 si
2107 2183 2164 2208 sine
2185 2182 2375 2215 compositione
2396 2185 2424 2208 et
2442 2182 2483 2208 di-

1415 2218 1515 2244 visione
1533 2222 1626 2250 posset
1643 2225 1700 2243 esse
1725 2225 1815 2243 verum
1836 2219 1876 2243 uel
1887 2218 1999 2251 salsum.
2019 2219 2093 2249 Quae
2111 2219 2202 2244 ultima
2225 2218 2315 2249 lectio,
2334 2223 2434 2244 mutato
2452 2225 2484 2244 ex

1415 2254 1472 2278 cod.
1487 2254 1508 2278 C
1525 2257 1639 2286 apparet
1651 2253 1675 2278 in
1690 2257 1840 2286 appareret,
1860 2254 1923 2278 mihi
1937 2262 1998 2280 vera
2011 2254 2112 2280 videtur
2126 2259 2151 2279 et
2165 2253 2346 2286 adoptanda.-
2355 2253 2418 2278 «Ad
2438 2253 2484 2279 de-

1417 2298 1431 2312 »
1447 2289 1643 2314 monstrandam
1666 2288 1719 2313 vim
1743 2289 1868 2322 simplicis
1891 2289 2017 2319 nominis,
2043 2289 2129 2322 inquit
2151 2289 2290 2318 Boethius,
2314 2289 2387 2322 quod
2411 2289 2483 2316 omni

1417 2334 1429 2348 n
1444 2325 1550 2350 veritate
1569 2329 1646 2357 atque
1665 2324 1800 2349 mendacio
1823 2329 1920 2355 careat,
1943 2325 1994 2350 tale
2012 2325 2038 2350 in
2057 2325 2176 2358 exemplo
2198 2324 2285 2357 posuit
2309 2331 2418 2355 nomen,
2441 2324 2484 2350 cui

1417 2370 1430 2383 »
1446 2367 1488 2384 res
1508 2360 1578 2384 nulla
1596 2359 1711 2384 subiecta
1730 2359 1771 2384 sit.
1791 2359 1868 2390 Quod
1886 2360 1908 2384 si
1927 2360 1989 2393 quid
2007 2368 2098 2385 verum
2117 2360 2159 2385 vel
2178 2359 2274 2384 falsum
2286 2367 2368 2384 unum
2385 2367 2484 2385 nomen

1417 2404 1430 2418 »
1446 2394 1590 2427 significare
1608 2399 1711 2428 posset,
1734 2402 1844 2426 nomen,
1864 2395 1934 2428 quod
1954 2403 2011 2420 eam
2036 2403 2092 2420 rem
2116 2395 2247 2427 designat,
2272 2402 2341 2428 quae
2359 2394 2385 2420 in
2403 2394 2483 2420 rebus

1417 2439 1431 2454 2
1445 2438 1498 2455 non
1517 2430 1563 2461 sit,
1582 2430 1689 2455 omnino
1712 2430 1807 2455 falsum
1826 2435 1908 2461 essen
1927 2431 1974 2456 sed
1993 2439 2046 2456 non
2065 2435 2118 2462 est;
2144 2438 2196 2456 non
2217 2430 2293 2462 igitur
2315 2431 2370 2455 uua
2387 2429 2483 2458 verim

1417 2465 1595 2498 »falsitasque
1613 2465 1639 2490 in
1659 2465 1769 2499 simplici
1788 2473 1904 2498 unquam
1923 2466 2030 2491 nomine
2048 2465 2198 2499 reperietur.
2223 2465 2276 2490 Nec
2301 2465 2365 2490 illud
2388 2472 2484 2498 parvae

1417 2511 1429 2524 »
1445 2508 1520 2526 curae
1538 2500 1585 2525 fuit
1603 2508 1699 2526 nomen
1718 2509 1770 2526 non
1789 2508 1886 2533 ponere
1905 2502 1976 2533 quod
1991 2501 2098 2526 omnino
2113 2501 2174 2526 nihil
2187 2499 2349 2534 significaret,
2364 2500 2410 2526 sed
2423 2508 2483 2526 cum

1417 2545 1430 2560 ιο
1445 2535 1599 2567 signiticaret
1617 2536 1754 2569 quiddam,
1773 2541 1861 2561 tamen
1879 2543 1971 2561 verum
1990 2541 2033 2561 aut
2051 2536 2147 2561 falsum
2172 2543 2232 2561 esse
2258 2543 2311 2560 non
2330 2540 2434 2569 posset,
2453 2539 2484 2560 ut

1417 2580 1430 2595 »
1445 2579 1497 2595 non
1517 2571 1646 2596 videretur
1664 2571 1777 2596 veritatis
1797 2571 1966 2604 falsitatisque
1985 2579 2061 2596 causa
2080 2579 2151 2602 esse,
2171 2579 2203 2596 eo
2222 2571 2346 2603 quoniam
2366 2570 2428 2596 nihil
2447 2570 2482 2596 si-

1417 2617 1429 2629 »
1445 2605 1643 2639 gnificaret»(1n
1654 2606 1697 2630 lib.
1705 2607 1745 2631 De
1755 2606 1981 2638 interpretatione,
1994 2607 2040 2631 Ed.
2048 2607 2076 2637 11,
2085 2606 2151 2637 lib.1,
2162 2606 2178 2639 fi
2190 2606 2231 2631 De
2240 2606 2332 2639 signis,
2343 2613 2401 2638 pag.
2410 2604 2480 2638 307).

1415 2642 1488 2666 Hanc
1508 2641 1607 2666 Boethii
1626 2641 1813 2673 expositionem
1838 2641 1927 2674 paucis
1953 2642 2132 2674 complectitur
2156 2649 2177 2666 s.
2195 2640 2325 2670 Thomas,
2349 2648 2409 2665 cum
2431 2639 2480 2665 ait:

1415 2677 1562 2710 Signanter
1579 2679 1668 2701 autem
1687 2681 1744 2707 etc„
1763 2684 1873 2710 eamque
1891 2676 1993 2701 exhibet
2012 2676 2087 2701 lectio
2105 2683 2121 2701 a
2134 2675 2209 2701 nobis
2227 2675 2369 2709 proposita.

2511 397 2519 405 “
2530 395 2600 417 Verb.
2609 399 2675 423 grate
2686 398 2723 419 to-

2510 424 2559 447 nat,
2573 422 2641 449 pluit,
2652 426 2695 453 etc.

2511 450 2519 457 '
2529 454 2586 470 Asca·
2613 452 2723 471 omittunt

2510 477 2589 496 certus
2599 477 2629 496 et.

2510 650 2518 659 ·
2533 648 2607 670 Codd.
2631 654 2695 671 Ana.
2711 659 2722 666 -

2509 682 2554 697 mn:
2565 681 2643 697 cervo.
