2548 4192
1209 351 1274 382 DE

585 469 829 523 GESTIS
870 469 955 520 ET
994 468 1316 522 SCRIPTIS
1356 469 1458 522 AC
1498 469 1892 522 DOCTRINA

141 612 695 725 SANC‘sl
768 611 1431 723 THOMAE
1496 612 2341 750 AQUINATIS

311 817 987 869 DISSERTATIONES
1026 817 1391 867 CRITICAE
1427 818 1525 866 ET
1561 818 2163 867 APOLOGETICAE

449 972 575 1036 FR.
609 968 730 1034 10.
768 970 1027 1034 FRAN.
1071 969 1518 1033 BERNARDI
1572 968 1679 1030 DE
1732 968 2037 1032 RUBEIS

955 1120 1129 1152 ORDINIS
1153 1119 1530 1151 PRAEDICATORUM

793 1229 981 1265 (VENETIIS,
1005 1229 1084 1263 1750,
1103 1229 1204 1255 TYPlS
1224 1230 1268 1255 10.
1288 1229 1480 1254 BAPTls‘rAE
1500 1229 1686 1264 PASQUALl)

948 1457 1536 1514 PRAEFATIO

154 1671 186 1693 s,
235 1658 318 1703 ἑν
350 1657 410 1709 ‘⁴'
428 1646 580 1703 gregia
612 1645 948 1687 celebratissima
980 1645 1250 1701 Theologica
1288 1651 1330 1686 et
1368 1645 1673 1700 Philosophica
1703 1647 1864 1701 Opera,
1906 1661 2018 1702 quae
2051 1649 2346 1691 sanctissimus

239 1705 270 1725 ⁴*
287 1704 319 1730 Ψ
429 1709 624 1750 Thomas
645 1708 850 1762 Aquinas
867 1708 978 1748 bene
1003 1708 1136 1748 multa
1157 1708 1435 1756 elucubravit,
1458 1708 1626 1748 tametsi
1652 1709 1830 1750 collecta
1850 1709 1976 1750 simul
2000 1711 2145 1752 omnia
2174 1711 2347 1766 prodie-

168 1823 183 1831 Χ
325 1756 376 1866 ἶ
429 1771 511 1812 rint
543 1771 713 1812 Romae
742 1770 860 1811 iussu
888 1770 951 1811 Pii
974 1770 1028 1810 V.
1045 1770 1266 1810 Pontificis
1290 1770 1467 1810 Maximi
1489 1784 1604 1811 anno
1635 1770 1762 1824 1570.
1785 1779 1827 1812 et
1852 1772 2046 1812 Venetiis
2072 1787 2186 1813 anno
2217 1773 2344 1827 1593.

171 1868 189 1886 ,
235 1827 355 1895 εἷῇξ.
394 1862 414 1883 4
429 1839 471 1874 et
486 1832 727 1887 insequenti
748 1832 861 1887 typis
877 1832 1095 1873 Dominici
1120 1832 1344 1880 Niccolini,
1362 1838 1404 1873 et
1427 1846 1542 1873 anno
1566 1835 1692 1874 1612.
1711 1840 1936 1874 accurante
1962 1835 2124 1875 Cosma
2146 1836 2348 1877 Morelles

235 1888 237 1894 ⁴
275 1914 323 1926 --ψ
354 1896 410 1925 ⁶*-
429 1894 606 1936 Ordinis
634 1894 985 1935 Praedicatorum
1016 1894 1191 1935 alumno
1221 1894 1496 1949 Antwerpiae
1522 1908 1598 1935 seu
1631 1895 1853 1944 Coloniae,
1884 1910 1934 1936 ac
1967 1896 2141 1937 demum
2175 1898 2347 1939 Parisiis

145 1970 260 1999 anno
293 1958 421 1998 1660.
434 1957 579 1998 studio
613 1970 663 1997 ac
696 1957 845 1998 labore
879 1957 1052 1997 Ioannis
1087 1956 1254 1997 Nicolai
1276 1956 1469 1997 eiusdem
1492 1957 1678 2006 Ordinis,
1706 1971 1818 1998 vana
1843 1958 2117 1999 nihilominus
2139 1973 2188 2000 ac
2215 1960 2348 2001 inutili

147 2018 379 2076 diligentia,
397 2019 602 2074 irritoque
621 2025 729 2060 voto
751 2019 1086 2073 exquirebantur
1104 2033 1130 2059 a
1149 2019 1251 2059 viris
1273 2019 1422 2067 doctis,
1441 2019 1513 2073 qui
1534 2020 1602 2060 vel
1630 2019 1793 2060 eisdem
1813 2020 1938 2075 potiri
1960 2021 2151 2076 privatos
2174 2022 2214 2062 in
2231 2036 2347 2072 usus,

147 2082 218 2124 vel
252 2081 405 2123 eadem
439 2082 633 2137 publicas
666 2081 870 2122 invehere
903 2081 945 2122 in
980 2081 1262 2122 bibliothecas
1297 2082 1570 2136 exoptabant.
1608 2082 1720 2122 Hinc
1749 2082 1914 2137 aliquot
1937 2090 2035 2124 ante
2064 2098 2202 2124 annos
2234 2099 2350 2126 nova

147 2149 195 2186 ut
227 2144 421 2199 Operum
455 2144 649 2185 omnium
685 2143 815 2184 editio
850 2150 1076 2191 curaretur,
1112 2143 1353 2184 suadebant
1377 2144 1677 2199 urgebantque
1699 2158 1785 2185 non
1811 2145 1952 2199 pauci,
1980 2146 2053 2199 qui
2074 2146 2346 2188 sanctissimo

148 2206 364 2255 Thomae,
388 2206 568 2261 eiusque
603 2206 822 2247 doctrinae
844 2206 1235 2260 praestantissimae
1257 2206 1414 2246 addicti
1441 2213 1576 2247 erant:
1604 2207 1986 2261 consulebantque,
2010 2208 2066 2248 ita
2087 2209 2234 2264 peragi
2257 2208 2349 2251 edi-

147 2269 311 2310 tionem
345 2268 522 2318 debere,
558 2274 605 2310 ut
638 2268 863 2309 moderato
886 2268 1125 2309 admodum
1146 2268 1283 2323 pretio
1306 2269 1543 2323 comparari
1567 2282 1617 2309 ea
1641 2275 1800 2323 posset,
1823 2269 2030 2323 pluraque
2051 2269 2092 2310 in
2115 2270 2350 2312 Volumina

148 2331 374 2372 distributa
405 2331 515 2372 foret
548 2331 590 2371 in
626 2331 791 2383 Quarti
819 2331 968 2378 forma,
1004 2337 1050 2371 ut
1082 2331 1212 2379 aiunt,
1247 2330 1303 2371 ad
1338 2344 1466 2371 manu
1500 2331 1767 2371 tractandum
1790 2331 2110 2386 legendumque
2140 2332 2347 2374 facillima.

148 2387 346 2449 Singulis*
376 2393 504 2434 etiam
533 2393 841 2433 Voluminibus
875 2393 1189 2447 proponebant,
1215 2393 1426 2447 praemitti
1461 2392 1671 2446 quasdam
1694 2393 2011 2434 admonitiones
2042 2400 2253 2448 oportere,
2276 2401 2351 2436 aut
2401 2392 2403 2395 ’

149 2455 340 2503 Criticas,
375 2461 449 2496 aut
481 2455 808 2510 Apologeticas,
843 2454 898 2495 ad
931 2455 1146 2510 genuinos
1179 2448 1500 2510 germanosque
1535 2461 1650 2495 certo
1686 2454 1993 2496 discernendos
2018 2456 2120 2496 tanti
2144 2457 2349 2498 Doctoris

148 2518 302 2566 foetus,
338 2517 518 2571 eiusque
552 2517 790 2557 doctrinam
825 2517 1044 2557 innoxiam
1078 2516 1133 2557 ab
1168 2516 1325 2570 iniquis
1359 2530 1471 2571 quae
1493 2530 1569 2571 per
1592 2523 1787 2571 tempora
1811 2517 2085 2558 succedentia
2104 2518 2212 2559 latae
2237 2525 2347 2568 sunt,

150 2579 328 2621 robuste
362 2579 552 2620 censuris
586 2578 906 2619 vindicandam:
942 2585 1072 2632 atque
1107 2578 1281 2619 demum
1316 2578 1358 2618 in
1392 2579 1470 2619 hac
1504 2579 1755 2620 Novissima
1788 2579 1913 2619 simul
1948 2580 2105 2628 omnia,
2132 2586 2205 2621 aut
2226 2594 2348 2635 prae-

151 2642 276 2697 cipua
309 2647 518 2696 congesta
551 2641 722 2695 reperiri
758 2646 1026 2689 ornamenta,
1063 2641 1220 2695 quibus
1255 2641 1418 2695 priores
1453 2654 1606 2682 omnes
1639 2641 1923 2696 locupletatae
1956 2642 2204 2696 prodierant
2237 2644 2348 2684 cele-

322 1691 345 1703 f·

237 1715 240 1720 .
315 1701 414 1752 &Q

186 1745 192 1752 ι
237 1730 297 1779 δ’).
379 1764 401 1778 '2

148 1795 191 1819 οἳ
327 1766 342 1800 ⁹

74 2716 76 2718 ’
151 2700 317 2745 briores
338 2703 562 2744 editiones.
598 2703 671 2744 Ad
694 2716 783 2744 rem
805 2702 1113 2757 perficiundam
1135 2703 1511 2744 commendatione
1538 2703 1847 2759 dignissimam,
1870 2718 1984 2744 anno
2014 2704 2140 2758 1745.
2159 2704 2348 2745 delectus

151 2772 218 2808 est
249 2765 460 2820 Iosephus
494 2765 761 2813 Bettinellus,
797 2765 991 2806 Venetus
1026 2765 1282 2820 Bibliopola,
1318 2765 1391 2820 qui
1426 2779 1602 2820 operam
1636 2766 1992 2821 typographicam
2026 2766 2243 2822 dirigeret:
2279 2781 2348 2807 sa-

150 2829 292 2883 tisque
314 2841 455 2869 meam
478 2841 574 2868 esse
595 2827 845 2868 tenuitatem
867 2827 1200 2875 existimabatur,
1219 2834 1264 2868 ut
1285 2827 1376 2882 ipse
1394 2828 1513 2881 quod
1535 2828 1781 2868 litterarium
1798 2829 2038 2868 executioni
2057 2828 2348 2869 mandandum

149 2890 295 2939 fuerat,
332 2890 555 2945 negotium
589 2889 874 2930 adsumerem.
911 2890 1022 2930 Rem
1058 2903 1142 2944 ego
1176 2890 1443 2944 propositam
1478 2890 1589 2930 serio
1631 2890 1897 2945 cogitabam,
1933 2904 1986 2931 ne
2020 2890 2193 2930 tandem
2227 2891 2351 2931 labor

152 2952 294 2993 omnis
328 2952 370 2992 in
404 2952 447 2992 id
481 2965 614 2992 unum
648 2951 870 3000 recideret,
906 2958 952 2992 ut
985 2951 1105 3006 quod
1139 2966 1164 2992 a
1197 2952 1312 2992 Viris
1347 2952 1623 3000 doctissimis,
1659 2966 1708 2992 ac
1742 2953 1968 3006 praecipue
2008 2953 2141 2992 Gallis
2177 2952 2349 2993 duobus

154 3014 329 3055 Ordinis
362 3014 711 3054 Praedicatorum
737 3014 1058 3068 spectatissimis
1093 3014 1286 3062 alumnis,
1311 3014 1472 3054 Iacobo
1502 3014 1692 3067 Quetiffo
1722 3021 1764 3054 et
1784 3015 1943 3055 Iacobo
1967 3014 2178 3062 Echardo,
2207 3020 2349 3055 actum

154 3081 279 3124 esset,
315 3076 449 3116 inutili
483 3090 533 3116 ac
566 3089 889 3130 supervacaneo
923 3075 1067 3116 studio
1102 3089 1335 3131 reagerem,
1372 3082 1625 3130 coctamque
1659 3077 1743 3116 iam
1777 3077 1994 3117 crambem
2029 3090 2115 3116 non
2149 3076 2241 3116 sine
2263 3078 2349 3117 Le-

155 3144 322 3179 ctorum
347 3137 516 3177 fastidio
539 3151 830 3191 recoquerem.
862 3138 1047 3191 Absque
1069 3152 1191 3178 mora
1212 3138 1387 3178 lustrata
1407 3145 1506 3178 sunt
1528 3152 1660 3192 opera
1681 3151 1891 3192 quaeque,
1916 3138 2088 3186 maiora,
2113 3138 2347 3187 minorave,

155 3212 268 3255 quae
301 3199 435 3240 hocce
469 3199 523 3239 de
557 3205 812 3254 argumento
847 3200 1067 3240 clarissimi
1098 3200 1359 3254 Scriptores,
1386 3206 1598 3241 nostrates
1632 3206 1674 3240 et
1704 3201 1882 3248 externi,
1905 3214 1981 3254 per
2006 3206 2201 3254 tempora
2228 3201 2350 3240 evul-

155 3267 331 3318 garunt:
366 3261 596 3314 statimque
629 3255 850 3315 persensi,
870 3275 1034 3302 novum
1069 3276 1178 3316 opus
1214 3262 1365 3302 confici
1400 3276 1542 3316 posse,
1578 3262 1619 3302 in
1654 3275 1742 3315 quo
1776 3262 1831 3302 ad
1865 3262 2028 3302 alienos
2062 3262 2232 3302 labores
2257 3275 2349 3302 am-

155 3324 348 3379 plissima
380 3322 480 3363 addi
515 3323 775 3363 incrementa
808 3330 1004 3377 possent;
1040 3323 1181 3377 deque
1215 3324 1348 3364 sancti
1383 3324 1580 3364 Thomae
1613 3324 1747 3378 gestis
1780 3323 1835 3363 ad
1870 3337 1957 3364 rem
1988 3324 2228 3364 litterariam
2254 3323 2349 3363 atti-

156 3386 368 3433 nentibus,
405 3385 584 3438 eiusque
619 3385 835 3438 Operibus
868 3385 1079 3440 genuinis,
1102 3386 1282 3439 aliisque
1316 3385 1457 3425 dubiis
1487 3392 1529 3425 et
1556 3386 1801 3439 suppositis,
1823 3391 1952 3438 atque
1975 3385 2192 3425 doctrinae
2213 3385 2349 3438 pretio

158 3448 412 3488 cumulatius
447 3453 489 3487 et
521 3446 694 3486 uberius
724 3452 1060 3499 pertractaretur.
1094 3447 1239 3487 Primo
1263 3447 1365 3486 illud
1387 3447 1530 3486 animo
1557 3446 1769 3486 insidebat
1790 3447 2026 3494 consilium,
2051 3453 2097 3494 ut
2118 3447 2352 3487 Volumina

157 3523 269 3564 quae
303 3509 540 3557 ederentur,
568 3508 817 3548 exhiberent
842 3508 987 3561 Opera
1008 3508 1141 3548 sancti
1166 3508 1363 3548 Thomae
1389 3508 1538 3548 ordine
1563 3514 1747 3555 servato,
1774 3521 1905 3562 quem
1933 3508 2134 3548 materiae
2165 3507 2351 3563 dignitas

158 3572 367 3626 exposcit,
404 3570 750 3612 Commentarios
792 3583 946 3624 nempe
980 3569 1023 3609 in
1056 3569 1216 3609 Divina
1250 3570 1433 3623 eloquia,
1478 3569 1770 3624 Theologicas
1804 3569 1959 3610 deinde
1994 3570 2350 3619 elucubrationes,
