2788 4204
70 1057 131 1076 'aen
147 1054 241 1076 melius:
257 1060 280 1075 e-

68 1081 196 1103 nunciatio.

69 1109 89 1118 ’·
99 1114 125 1129 a:
141 1113 209 1135 quae.

69 1162 78 1170 ·
88 1160 183 1181 Scilicet
193 1166 220 1181 cx
229 1165 279 1180 nac.

167 1258 183 1283 Υ

67 1361 205 1384 Alexander.

316 220 364 256 36

313 309 421 345 ciatio
442 307 546 344 addit
569 319 682 355 supra
706 303 973 341 affirmativam
992 301 1214 350 particulam
1234 299 1373 347 negati-

1069 224 1188 259 PERI
1219 222 1565 260 HERMENEIAS

1605 226 1699 263 LIB.
1732 228 1744 262 I

1433 301 1479 337 de
1509 303 1730 352 substantia,
1768 317 1884 353 quam
1914 306 1961 343 de
1990 319 2133 344 novem
2167 309 2368 356 generibus
2403 309 2498 346 acci-

311 374 414 399 vam.
435 362 499 398 Ex
511 366 622 413 parte
641 359 754 395 etiarn
774 357 973 393 intellectus
988 353 1241 391 affirmativa⁰⁶
1257 365 1374 388 enun-
1433 354 1602 392 dentium
1623 354 1647 394 δ.

312 415 442 460 ciatio,
473 426 570 462 quae
595 412 777 461 significat
801 407 1118 456 compositionem
1144 405 1374 452 intellectus,

311 475 366 504 est
379 467 483 515 prior
502 466 685 513 negativa,
707 475 804 512 quae
824 461 1006 508 significat
1031 459 1258 496 divisionem
1279 458 1375 494 eius-

311 521 416 557 dem:
448 519 581 556 divisio
611 517 713 553 enim
742 514 957 551 naturaliter
979 511 1167 560 posterior
1195 518 1250 547 est
1270 523 1374 547 com-

309 574 508 622 positione,
545 583 634 608 nam
663 581 741 605 non
776 575 831 604 est
869 565 1003 603 divisio
1039 564 1108 601 nisi
1145 564 1374 612 composito-

311 639 416 672 rum,
453 626 547 661 sicut
580 636 658 659 non
687 629 742 658 est
771 619 961 667 corruptio
995 618 1065 654 nisi
1093 625 1372 665 generatorum.

309 680 373 715 Ex
394 684 505 726 parte
533 677 646 713 etiam
672 675 738 720 rei,
773 672 1000 709 affirmativa
1029 670 1254 716 enunciatio,
1276 682 1374 718 quae

310 731 492 778 significat
519 742 607 775 esse,
636 728 740 777 prior
759 734 815 763 est
843 725 1033 772 negativa,
1064 736 1162 772 quae
1191 723 1375 771 significat

309 796 383 820 non
412 796 489 820 esse
506 782 542 820 5³:
562 782 657 819 sicut
683 780 833 817 habitus
853 778 1068 815 naturaliter
1094 777 1199 826 prior
1227 784 1283 813 est
1300 776 1373 825 pri-

308 844 472 873 vatione.

361 901 397 936 4.
428 889 527 926 Dicit
555 900 644 936 ergo
678 886 783 935 quod
812 885 931 922 oratio
962 883 1201 920 enunciativa
1231 895 1309 919 una
1339 890 1375 919 et

307 942 431 990 prima
450 950 506 979 est
525 940 743 987 affirmatio,
773 939 869 976 idest
896 937 1123 975 affirmativa
1148 936 1372 973 enunciatio.

309 996 357 1032 Et
377 1003 506 1032 contra
525 996 600 1031 hoc
619 993 724 1042 quod
746 993 889 1029 dixerat
902 992 1043 1041 prima,
1065 990 1207 1027 subdit:
1228 989 1374 1026 Deinde

308 1049 470 1098 negatio,
487 1048 583 1085 idest
597 1046 771 1095 negativa
787 1046 906 1082 oratio
920 1046 949 1092 *,
963 1045 1051 1093 quia
1061 1045 1103 1063 ⁴⁶*
1119 1050 1175 1080 est
1188 1043 1375 1092 posterior

308 1102 545 1148 affirmativa,
565 1108 608 1137 ut
633 1100 775 1137 dictum
805 1106 870 1136 est.
893 1099 1037 1135 Contra
1064 1097 1102 1134 id
1122 1104 1250 1133 autem
1270 1096 1375 1144 quod

309 1155 451 1191 dixerat
485 1166 560 1191 una
573 1183 582 1201 ,
617 1153 756 1190 scilicet
786 1154 805 1174 '¹‘
838 1151 1071 1200 simpliciter,
1106 1150 1232 1186 subdit
1270 1149 1375 1198 quod

307 1208 492 1256 quaedam
512 1207 610 1244 aliae
627 1212 715 1243 sunt
732 1218 840 1252 unae,
862 1217 940 1242 non
959 1203 1186 1253 simpliciter,
1205 1203 1271 1239 sed
1289 1214 1375 1240 con-

306 1261 492 1297 zunctz'one
520 1272 618 1297 unae
639 1264 665 1295 Ὺ.

365 1315 396 1350 5.
427 1315 485 1350 Ex
513 1314 587 1350 hoc
615 1320 743 1349 autem
776 1311 882 1360 quod
914 1310 976 1346 hic
1010 1309 1143 1346 dicitur
1175 1320 1374 1355 argumen-

306 1374 404 1403 tatur
431 1365 646 1403 Alexander
674 1365 779 1414 quod
808 1363 942 1400 divisio
973 1361 1246 1398 enunciationis
1265 1360 1304 1396 in
1323 1361 1374 1397 af-

307 1420 564 1457 firmationem
589 1426 625 1455 et
649 1417 889 1465 negationem
910 1428 987 1452 non
1008 1422 1063 1451 est
1078 1414 1212 1451 divisio
1228 1413 1374 1460 generis

307 1473 345 1509 in
374 1473 529 1521 species,
560 1471 628 1508 sed
657 1470 791 1508 divisio
821 1468 986 1505 nominis
1012 1466 1227 1515 multiplicis
1248 1466 1286 1502 in
1306 1479 1375 1503 sua

307 1526 523 1574 significata.
555 1526 685 1562 Genus
720 1523 821 1559 enim
855 1521 1020 1558 univoce
1054 1519 1293 1568 praedicatur
1326 1519 1373 1556 de

307 1579 383 1615 suis
412 1578 621 1627 speciebus,
642 1589 720 1613 non
749 1575 961 1612 secundum
980 1573 1084 1622 prius
1112 1580 1148 1609 et
1165 1572 1371 1621 posterius:

305 1631 408 1668 unde
449 1631 668 1667 Aristoteles
705 1629 825 1666 noluit
868 1627 973 1676 quod
1013 1639 1078 1663 ens
1115 1634 1214 1663 esset
1254 1638 1373 1673 genus

307 1696 513 1721 commune
549 1682 740 1729 omnium,
776 1681 864 1730 quia
897 1693 966 1729 per
998 1680 1102 1728 prius
1135 1679 1375 1728 praedicatur

359 1872 386 1905 α)
404 1871 450 1895 Ex
458 1873 540 1902 parte
553 1869 634 1894 etiam
649 1868 794 1893 intellectus
813 1867 979 1901 affirmativa
993 1871 1040 1891 etc.
1059 1866 1106 1890 Est
1124 1866 1199 1890 lectio
1219 1866 1293 1890 codd.
1307 1866 1374 1890 ΑΒΕ

305 1914 384 1940 quam
407 1907 560 1938 adoptamus
581 1905 637 1928 loco
657 1903 750 1928 Pianae
765 1908 790 1927 et
807 1903 848 1927 D:
866 1910 904 1927 ex
919 1906 1000 1934 parte
1019 1905 1108 1926 autem
1128 1901 1273 1926 intellectus
1292 1901 1372 1926 etiam

305 1941 470 1976 affirmativa
484 1945 557 1965 etc.-
568 1939 631 1964 Cod.
647 1939 681 1963 E:
696 1946 733 1963 ex
742 1941 823 1970 parte
837 1938 983 1963 intellectus
998 1937 1067 1962 enim
1081 1936 1247 1970 affirmativa
1260 1941 1308 1961 etc.
1323 1937 1374 1961 Sed

305 1978 365 2010 quia
383 1977 452 2002 enim
472 1975 554 2007 magis
569 1976 652 2007 'quam
671 1977 774 2002 autem,
799 1979 868 1998 extra
886 1973 1048 2006 propositum
1071 1971 1189 2005 ponitur,
1209 1979 1320 2005 pronum
1335 1976 1374 1996 est

305 2013 398 2038 inferre
413 2012 438 2036 in
451 2010 546 2041 codice,
562 2018 592 2034 ex
606 2017 659 2042 quo
673 2010 694 2033 E
706 2009 875 2041 transcriptus
894 2014 941 2039 est,
961 2008 1041 2033 fuisse
1060 2007 1149 2036 etiam,
1165 2012 1191 2031 et
1209 2007 1240 2031 ab
1255 2007 1374 2039 imperito

304 2049 344 2073 vel
361 2048 481 2072 distracto
500 2044 649 2070 amanuensi
668 2044 792 2077 scriptum
806 2044 884 2069 enim.

359 2082 384 2115 β)
401 2083 447 2106 Ex
457 2084 538 2114 parte
551 2080 631 2105 etiam
647 2080 694 2108 rei,
710 2080 876 2113 affirmativa
890 2077 1049 2107 enunciatio,
1065 2085 1132 2110 quae
1148 2077 1284 2111 significat
1302 2084 1372 2107 assa,

299 2119 380 2151 prior
393 2121 433 2142 est
451 2116 584 2149 negativa,
600 2122 667 2148 quae
685 2115 820 2148 significat
834 2121 888 2139 non
902 2122 972 2138 assa.
987 2114 1023 2138 lta
1038 2113 1148 2145 legimus
1168 2121 1227 2138 cum
1241 2113 1321 2138 ABE:
1336 2119 1374 2137 ex

299 2157 381 2186 parte
395 2152 474 2178 etiam
490 2151 536 2180 rei,
553 2159 603 2175 non
618 2156 703 2175 autem
719 2158 778 2174 cum
793 2150 882 2175 Piana:
897 2157 934 2174 ex
943 2152 1025 2181 parte
1039 2152 1154 2174 autem.-
1165 2149 1229 2174 Cod.
1245 2149 1267 2172 D
1281 2148 1372 2173 habet:

303 2197 341 2214 ex
354 2192 435 2221 parte
450 2187 496 2212 rei.
507 2201 518 2205 -
529 2187 549 2211 C
563 2186 656 2210 omittit
673 2185 780 2210 omnino
794 2185 886 2210 verba:
902 2192 939 2210 ex
953 2188 1034 2217 parte
1052 2184 1131 2209 etiam
1151 2184 1191 2209 rei
1208 2183 1373 2218 affirmativa

303 2223 469 2251 enunciatim
488 2222 534 2247 sed
548 2221 588 2246 his
599 2221 712 2252 omissis,
723 2228 753 2245 ea
767 2228 834 2253 quae
848 2220 997 2245 immediate
1009 2225 1162 2252 sequuntur,
1177 2225 1203 2244 et
1217 2227 1283 2252 quae
1297 2219 1373 2244 habet

304 2260 381 2284 etiam
401 2259 429 2289 C,
445 2262 506 2283 sunt
520 2257 575 2282 sine
594 2255 787 2288 significatione.
798 2270 808 2274 -
819 2256 876 2280 Hoc
891 2255 1055 2288 principium,
1071 2254 1294 2288 simplicissimum
1315 2254 1374 2287 qui-

304 2296 364 2320 dem
384 2294 409 2318 in
429 2302 458 2318 se
477 2298 524 2323 est,
540 2293 586 2317 sed
600 2292 693 2316 virtute
711 2297 751 2316 est
770 2291 962 2324 propemodum
983 2290 1121 2316 infinitum.
1142 2290 1244 2315 Dixerat
1263 2298 1284 2315 s.
1299 2289 1370 2314 Tho-

304 2338 361 2355 mas
380 2330 438 2354 lect.
453 2337 474 2358 1,
494 2337 519 2352 n.
538 2328 584 2352 ult.
604 2327 768 2359 negationem
788 2327 909 2356 relative,
934 2331 1055 2359 respectu
1079 2333 1174 2358 nempe
1193 2333 1285 2350 eorurn
1304 2333 1372 2358 quae

304 2369 417 2398 possunt
435 2371 489 2388 esse
504 2368 529 2388 et
544 2371 595 2388 non
610 2370 664 2387 esse
679 2362 832 2394 praecedere
851 2361 1048 2386 affirmationem
1057 2381 1063 2392 ,
1083 2362 1144 2395 quia
1158 2369 1247 2386 revera
1261 2369 1290 2386 ea
1305 2368 1373 2394 quae

304 2404 417 2434 possunt
435 2406 489 2424 esse
509 2403 534 2423 et
552 2406 603 2423 non
623 2405 678 2423 esse
697 2397 768 2430 prius
784 2397 964 2430 concipiuntur
977 2402 1007 2421 ut
1025 2405 1078 2422 non
1091 2397 1226 2431 existentia
1241 2394 1300 2430 (seu
1319 2404 1371 2422 non

304 2435 374 2469 esse)
394 2442 473 2467 quam
492 2438 522 2458 ut
540 2433 680 2458 existentia.
700 2433 774 2457 Nunc
793 2437 880 2457 autem
900 2433 1034 2465 loquendo
1053 2433 1079 2457 in
1098 2440 1178 2457 sensu
1198 2432 1319 2457 absoluto
1336 2432 1371 2457 af-

305 2470 478 2495 firmationem
505 2469 564 2493 dicit
589 2468 743 2501 praecedere
767 2467 944 2499 negationem,
965 2473 991 2492 et
1015 2475 1070 2493 esse
1090 2475 1137 2492 seu
1157 2467 1278 2497 existere,
1298 2475 1371 2500 prae-

305 2507 395 2531 cedere
415 2512 465 2530 non
486 2511 540 2529 esse
560 2511 606 2528 seu
630 2511 682 2528 non
702 2503 817 2528 existere.
843 2503 875 2527 Et
898 2510 960 2527 vere
985 2503 1021 2527 sic
1040 2508 1088 2528 est.
1113 2504 1179 2528 Nam
1205 2502 1308 2534 negatio
1327 2511 1372 2528 ne-

305 2546 348 2574 gat
365 2548 427 2569 esse,
443 2545 468 2564 et
486 2540 544 2564 ideo
559 2539 622 2563 illud
641 2538 776 2568 subaudit;
791 2543 816 2562 at
835 2542 924 2562 contra
938 2537 1072 2563 affirmatio
1091 2537 1200 2563 affirmat
1218 2545 1280 2567 esse,
1300 2539 1371 2571 quod

304 2584 351 2609 per
370 2584 398 2600 se
418 2579 552 2607 sumptum
572 2579 639 2598 stare
664 2578 751 2606 potest
769 2573 884 2605 nihilque
909 2574 1101 2606 praesupponit.
1124 2573 1184 2603 Quo
1208 2578 1304 2598 statuto
1327 2574 1372 2598 ab-

305 2611 474 2636 stractissimo
493 2609 625 2643 principio,
641 2617 661 2634 s.
676 2608 793 2633 Thomas
812 2608 961 2640 frequenter
983 2609 1046 2633 illud
1066 2609 1175 2641 applicat
1199 2608 1371 2641 peculiaribus

305 2647 441 2676 subiectis;
456 2650 531 2678 puta:
552 2648 628 2670 actus
647 2649 686 2669 est
705 2651 777 2674 esse,
799 2643 922 2675 potentia
941 2648 980 2668 est
999 2652 1051 2668 non
1070 2651 1143 2674 esse;
1167 2651 1229 2675 ergo
1254 2643 1372 2668 absolute

304 2682 437 2714 loquendo
457 2686 528 2706 actus
547 2681 617 2713 prior
642 2684 681 2704 est
699 2679 826 2711 potentia:
843 2679 973 2712 perfectio
993 2684 1033 2703 est
1056 2686 1128 2708 esse,
1150 2678 1313 2712 imperfectio
1332 2684 1372 2703 est

304 2725 358 2743 non
377 2724 450 2747 esse;
465 2724 527 2747 ergo
542 2715 660 2740 absolute
674 2714 806 2747 loquendo
826 2714 948 2746 perfectio
962 2714 1033 2746 prior
1048 2719 1088 2739 est
1103 2713 1308 2746 imperfectione:
1323 2714 1371 2739 ha-

304 2753 373 2778 bitus
392 2760 438 2777 seu
457 2751 553 2776 habere
576 2755 616 2775 est
635 2758 708 2780 esse,
724 2749 844 2782 privatio
863 2754 903 2774 est
928 2757 981 2773 non
1000 2757 1072 2779 esse;
1094 2756 1156 2780 ergo
1179 2749 1282 2773 habitus
1301 2749 1372 2781 prior

304 2793 344 2813 est
363 2787 512 2820 privatione.
534 2786 566 2811 Et
585 2786 622 2810 sic
641 2786 673 2810 de
692 2785 806 2810 caeteris.
821 2798 832 2803 -
848 2784 956 2817 Applica
975 2785 1064 2809 eadem
1083 2784 1220 2817 principia,
1241 2789 1267 2808 et
1287 2785 1370 2816 logice

304 2828 329 2848 et
351 2830 412 2848 vere
436 2822 544 2846 inferes:
571 2829 633 2853 ergo
658 2820 791 2845 existentia
813 2820 879 2844 entis
904 2819 1083 2852 perfectissimi
1108 2819 1237 2851 praecedit
1261 2819 1371 2844 existen—

303 2859 365 2883 tiam
384 2858 450 2883 entis
470 2856 547 2887 finiti,
568 2856 639 2889 quod
663 2861 702 2880 est
722 2855 844 2888 perfectio
870 2855 947 2880 mista
966 2855 1172 2888 imperfectione,
1193 2862 1240 2879 seu
1260 2854 1372 2879 affirma-

303 2894 339 2918 tio
363 2893 438 2918 mista
461 2892 597 2924 negatione
604 2900 611 2922 ;
635 2899 698 2922 ergo
721 2890 844 2923 perfectio
862 2889 933 2915 finita
951 2891 1003 2915 dari
1025 2890 1114 2923 nequit
1137 2889 1200 2922 quin
1219 2890 1371 2922 praeexistat

304 2928 425 2961 perfectio
439 2926 544 2957 infinita,
559 2935 574 2952 a
587 2934 639 2960 qua
654 2926 694 2956 sit3
710 2934 772 2958 ergo
786 2925 896 2955 bonitas,
910 2926 1013 2956 veritas,
1028 2925 1128 2955 entitas,
1143 2932 1220 2949 causa
1235 2924 1304 2949 finita
1319 2925 1370 2950 exi-

305 2969 376 2988 stens
395 2962 518 2995 supponit
538 2970 642 2987 causam
661 2960 794 2991 infinitam,
809 2965 835 2985 et
853 2960 951 2986 infinite
969 2961 1074 2991 bonam,
1088 2959 1187 2985 infinite
1201 2967 1298 2991 veram,
1313 2959 1370 2985 infi-

304 2999 356 3023 nite
374 2998 545 3023 ens-Hisce
563 2997 673 3030 aliisque
691 2997 758 3021 bene
776 2996 865 3020 multis
891 2996 1084 3029 consequentiis
1104 2995 1193 3025 illatis,
1214 2995 1280 3020 adde
1298 2997 1369 3028 quod

304 3034 364 3066 quia
383 3034 454 3058 Deus
473 3038 513 3058 est
531 3040 598 3063 esse,
614 3037 639 3057 et
656 3031 759 3062 veritas,
774 3035 799 3056 et
813 3039 899 3062 causa,
914 3036 939 3056 et
953 3032 1062 3061 bonitas,
1078 3035 1103 3055 et
1121 3030 1243 3063 perfectio
1261 3022 1308 3055 etc.
1324 3039 1371 3063 per

305 3069 457 3098 essentiam;
472 3069 528 3092 Deo
543 3076 589 3100 per
602 3067 768 3100 hypothesim
783 3067 894 3097 sublato,
910 3067 971 3091 nihil
986 3067 1093 3091 omnino
1107 3066 1268 3098 relinquitur,
1284 3073 1370 3099 neque

303 3104 396 3128 veritas
416 3104 542 3135 cuiusque
561 3102 746 3132 affirmationis,
761 3110 846 3134 neque
865 3107 1056 3134 consequenter
1068 3101 1162 3126 veritas
1181 3101 1309 3133 cuiusque
1323 3110 1369 3126 ne-

304 3139 421 3171 gationis.
438 3138 563 3168 Quocirca
581 3137 745 3171 philosophia
764 3137 910 3162 necessario
934 3137 980 3162 Dei
1000 3137 1160 3162 existentiam
1184 3137 1369 3169 praesupponit

304 3179 329 3199 et
348 3174 373 3199 in
398 3174 469 3199 omni
489 3182 535 3198 sua
554 3173 700 3206 cognitione
719 3173 840 3205 implicite
859 3173 966 3197 includit
990 3173 1074 3197 Deum
1086 3191 1092 3203 ,
1116 3180 1170 3204 quo
1189 3176 1299 3204 negato,
1327 3179 1368 3197 se-

303 3210 387 3242 ipsam
406 3214 490 3241 negat.

356 3244 383 3279 γ)
400 3245 454 3270 Sed
466 3244 648 3270 coniunctione
668 3251 767 3269 unae-
781 3243 862 3267 Codd.
877 3243 981 3268 BCDE:
996 3243 1043 3268 sed
1061 3242 1250 3270 coniunctione,
1266 3241 1304 3266 ita
1318 3242 1367 3268 sci-

304 3280 364 3305 licet
382 3279 453 3312 quod
467 3279 595 3312 quaelibet
610 3286 702 3304 earum
721 3282 760 3304 est
778 3278 961 3303 coniunctione
975 3286 1036 3303 una.
1055 3279 1088 3303 Et
1105 3278 1168 3303 haec
1183 3277 1246 3302 mihi
1265 3277 1367 3303 videtur

305 3323 363 3340 esse
382 3315 457 3340 lectio
471 3323 592 3347 germana
607 3322 629 3340 s.
643 3314 818 3339 Thomae.-A
832 3313 920 3338 habet:
935 3314 982 3339 sed
996 3314 1179 3340 coniunctione
1193 3320 1255 3342 una,
1270 3320 1366 3346 nempe

305 3350 365 3382 legit
385 3351 466 3375 ferme
485 3358 543 3375 cum
564 3350 649 3375 Piana.
1157 3354 1160 3358 '

357 3384 382 3419 ὃ)
399 3386 484 3415 Quam
505 3386 537 3410 de
556 3392 647 3410 novem
661 3383 800 3418 generibus
814 3383 997 3409 accidentium.
1016 3384 1094 3409 Piana
1112 3383 1259 3412 immediate
1277 3391 1366 3420 prose-

305 3420 402 3452 quitur:
417 3421 463 3446 sed
477 3421 626 3446 enunciatio
635 3420 811 3453 praedicatur
824 3419 967 3444 secundum
978 3420 1056 3452 prius
1065 3423 1092 3445 et
1101 3419 1235 3452 posterius
1245 3421 1278 3447 de
1291 3419 1366 3455 affir-

305 3455 419 3480 matione
438 3459 463 3480 et
483 3456 629 3489 negatione,
641 3459 670 3481 ut
684 3455 789 3480 videtur
798 3462 850 3487 per
859 3454 907 3479 hoc
925 3455 997 3487 quod
1010 3455 1108 3481 dicitur
1117 3455 1208 3488 primo
1222 3460 1248 3482 et
1263 3455 1366 3482 deinde.

307 3489 380 3522 Ergo
398 3493 471 3515 etc.-
480 3491 552 3521 Quae
566 3491 660 3521 omnia,
671 3490 786 3522 explicite
801 3489 977 3515 constituentia
992 3491 1119 3516 minorem
1139 3490 1366 3520 argumentationis

306 3524 448 3552 Alexandri,
464 3526 557 3550 desunt
571 3526 596 3550 in
611 3526 669 3550 edd.
684 3525 788 3550 Venetis
807 3525 863 3549 Peri
876 3524 1038 3550 hermeneias
1053 3533 1119 3551 saec.
1133 3525 1181 3550 XV
1196 3531 1221 3551 et
1234 3527 1305 3558 XVI,
1320 3533 1367 3552 nec

307 3566 357 3583 non
376 3559 401 3583 in
420 3560 478 3585 edd.
493 3560 562 3593 Opp.
578 3568 599 3585 s.
609 3560 659 3585 Th.
674 3560 771 3585 Veneta
795 3559 858 3593 1595
874 3564 899 3584 et
914 3560 1051 3585 parisiensi
1071 3559 1144 3586 1660.
1164 3561 1214 3586 Sed
1227 3567 1252 3587 et
1266 3562 1367 3587 codices

1486 410 1520 445 6.
1553 409 1630 446 Sed
1650 410 1855 447 dicendum
1883 413 1988 460 quod
2011 425 2133 449 unum
2163 413 2413 451 dividentium
2433 414 2497 450 ali-

1431 462 1536 509 quod
1566 475 1773 499 commune
1800 472 1926 512 potest
1953 478 2035 502 esse
2061 466 2165 514 prius
2194 468 2310 503 altero
2341 467 2496 515 duplici-

1430 521 1502 550 ter:
1528 527 1607 551 uno
1633 516 1763 563 modo,
1790 517 2001 555 secundum
2025 519 2198 567 proprias
2227 520 2407 567 rationes,
2433 527 2498 556 aut

1431 574 1582 604 naturas
1612 568 1879 616 dividentium;
1909 571 1982 607 alio
2011 572 2143 619 modo,
2171 573 2383 610 secundum
2412 585 2496 621 par-

1430 620 1686 668 ticipationem
1698 622 1850 659 rationis
1865 624 1961 660 illius
1973 625 2188 661 communis
2204 626 2309 674 quod
2323 626 2362 662 in
2381 638 2427 662 ea
2443 626 2496 662 di-

1429 673 1580 710 viditur.
1601 675 1774 711 Primum
1791 683 1919 712 autem
1938 689 2016 713 non
2045 677 2138 714 tollit
2155 678 2497 715 univocationem*

1430 726 1589 773 generis,
1610 735 1652 763 ut
1671 728 1914 765 manifestum
1944 737 2000 766 est
2027 730 2065 766 in
2093 731 2278 778 numeris,
2300 731 2338 768 in
2358 732 2495 780 quibus

1431 778 1597 816 binarius
1626 780 1838 817 secundum
1858 782 2053 830 propriam
2073 783 2259 820 rationem
2279 785 2497 821 naturaliter

1431 839 1486 868 est
1518 832 1623 880 prior
1654 833 1818 870 ternario
1838 839 1870 879 ’ς
1900 834 1968 871 sed
2004 842 2134 872 tamen
2171 837 2376 884 aequaliter
2411 850 2496 886 par-

1429 884 1583 933 ticipant
1618 886 1803 923 rationem
1838 887 1985 935 generis
2013 887 2091 934 sui,
2117 888 2257 925 scilicet
2276 890 2296 909 ⁴*
2325 891 2496 927 numeri:

1429 938 1479 974 ita
1508 938 1610 975 enim
1645 946 1700 975 est
1732 940 1916 977 ternarius
1949 941 2151 978 multitudo
2180 950 2398 979 mensurata
2430 955 2499 991 per

1428 1004 1562 1039 unum,
1593 992 1687 1028 sicut
1707 993 1776 1029 et*
1795 993 1972 1030 binarius.
2005 994 2082 1031 Sed
2108 995 2312 1032 secundum
2341 995 2500 1044 impedit

1428 1045 1739 1082 univocationem
1768 1046 1926 1093 generis.
1962 1047 2011 1083 Et
2037 1055 2193 1096 propter
2220 1048 2295 1084 hoe
2323 1060 2387 1085 ens
2420 1062 2499 1086 non

1428 1105 1554 1146 potest
1581 1111 1663 1135 esse
1683 1111 1802 1146 genus
1818 1099 1832 1126 t
1846 1099 2074 1137 substantiae
2095 1108 2132 1137 et
2159 1100 2382 1139 accidentis:
2412 1102 2500 1151 quia

1430 1151 1468 1188 in
1495 1151 1577 1199 ipsa
1606 1151 1750 1188 ratione
1769 1153 1872 1199 entis,
1902 1154 2119 1200 substantia,
2145 1167 2243 1203 quae
2266 1162 2322 1191 est
2341 1168 2408 1192 ens
2427 1168 2499 1204 per

1430 1217 1482 1251 se,
1502 1204 1735 1252 prioritatem
1760 1206 1875 1243 habet
1894 1214 2067 1255 respectu
2086 1207 2298 1255 accidentis,
2321 1208 2426 1256 quod
2445 1217 2500 1245 est

1432 1270 1498 1294 ens
1526 1270 1595 1306 per
1623 1258 1724 1295 aliud
1753 1266 1789 1295 et
1808 1258 1846 1296 in
1865 1259 1938 1296 alio
1952 1265 1978 1296 ²¹.
2007 1260 2069 1297 Sic
2098 1272 2187 1308 ergo
2217 1261 2419 1298 affirmatio
2441 1274 2497 1298 se-

1431 1311 1600 1347 cundum
1624 1311 1819 1359 propriam
1849 1313 2034 1349 rationem
2066 1314 2170 1362 prior
2198 1321 2254 1351 est
2280 1314 2497 1362 negatione;

1430 1370 1559 1400 tamen
1583 1364 1788 1412 aequaliter
1810 1366 2034 1414 participant
2057 1367 2243 1404 rationem
2268 1367 2497 1404 enunciatio-

1430 1416 1503 1463 nis,
1520 1429 1636 1464 quam
1656 1429 1770 1466 supra
1789 1419 1932 1466 posuit,
1953 1419 2129 1456 videlicet
2153 1420 2259 1469 quod
2283 1420 2496 1457 enunciatio

1430 1475 1486 1505 est
1510 1469 1629 1505 oratio
1658 1470 1696 1507 in
1725 1483 1801 1519 qua
1827 1484 1964 1508 verum
1992 1473 2054 1509 vel
2084 1473 2220 1510 falsum
2249 1480 2315 1510 est.

1482 1534 1518 1570 7.
1549 1522 1699 1559 Deinde
1734 1536 1822 1560 cum
1852 1524 1955 1561 dicit:
1991 1526 2154 1563 Necesse
2181 1531 2236 1563 est
2259 1532 2384 1563 autem
2411 1534 2494 1573 etc.‚

1429 1574 1643 1612 manifestat
1669 1576 1884 1624 propositas
1910 1577 2126 1615 divisiones.
2148 1579 2198 1615 Et
2215 1579 2354 1627 primo,
2375 1578 2495 1616 mani-

1428 1627 1536 1664 festat
1569 1628 1752 1676 primam,
1789 1629 1929 1667 scilicet
1962 1631 2067 1679 quod
2095 1632 2308 1668 enunciatio
2342 1632 2406 1669 vel
2441 1639 2497 1668 est

1426 1692 1505 1717 una
1532 1681 1750 1730 simpliciter
1768 1683 1830 1719 vel
1851 1682 2117 1721 coniunctione
2140 1685 2159 1706 *
2184 1697 2283 1731 una;
2312 1684 2494 1732 secundo,

1427 1865 1506 1889 nostri
1525 1873 1618 1890 omnes
1641 1866 1754 1899 praefata
1776 1867 1855 1892 verba
1873 1867 2002 1892 omittunt.
2025 1867 2099 1892 Adde
2122 1867 2193 1899 quod
2212 1868 2300 1893 minor
2313 1868 2356 1894 illa
2383 1874 2409 1894 et
2422 1876 2496 1902 prae-

1427 1901 1516 1925 sertim
1535 1901 1691 1926 abbreviatio
1705 1908 1771 1934 ergo
1785 1905 1847 1933 etc.‚
1863 1910 1913 1935 qua
1928 1910 1949 1927 s.
1960 1902 2076 1927 Thomas
2091 1908 2135 1927 aut
2148 1910 2291 1935 numquam
2306 1909 2349 1928 aut
2362 1904 2495 1930 rarissime

1427 1936 1512 1966 utitur,
1527 1936 1645 1962 videntur
1658 1944 1717 1961 esse
1731 1942 1791 1962 nota
1805 1938 1961 1970 marginalis,
1976 1945 2043 1970 quae
2057 1943 2147 1971 postea
2162 1938 2239 1963 textui
2254 1938 2348 1963 inserta
2363 1944 2436 1964 est.-
2446 1940 2494 1965 Su-

1427 1979 1473 2004 pra
1487 1976 1573 1996 autem
1593 1972 1649 1997 cod.
1663 1972 1686 1996 Α
1705 1971 1771 1996 hanc
1789 1972 1891 1997 exhibet
1910 1972 2057 1998 lectionem:
2074 1973 2143 1998 unde
2156 1973 2312 1998 Aristoteles
2327 1974 2410 1999 voluit
2423 1975 2496 2007 quod

1427 2013 1473 2031 ens
1487 2014 1538 2031 non
1553 2010 1620 2032 esset
1633 2014 1717 2041 genus
1731 2008 1848 2032 omnium
1863 2008 2092 2040 praedicatorum,
2108 2016 2203 2041 nempe
2218 2009 2492 2041 praedicamentorum.

1427 2042 1648 2067 Praedicator-um
1668 2044 1726 2068 loco
1739 2043 2019 2075 praedicamentorum
2039 2051 2091 2068 non
2105 2051 2162 2068 raro
2177 2043 2268 2069 excidit
2282 2045 2494 2070 amanuensibus.

1479 2076 1501 2110 ε)
1517 2078 1644 2103 Binarius
1662 2079 1805 2104 secundum
1821 2079 1963 2110 propriam
1977 2078 2108 2104 rationem
2123 2079 2285 2104 naturaliter
2298 2082 2338 2104 est
2346 2079 2427 2112 prior
2441 2083 2494 2106 ter-

1426 2113 1511 2138 nario.
1531 2113 1612 2138 Codd.
1629 2122 1722 2139 omnes
1741 2114 1775 2138 ita
1794 2115 1919 2146 legunt—
1933 2114 2023 2139 Piana:
2042 2114 2185 2139 secundum
2206 2114 2336 2139 rationem
2350 2115 2493 2147 propriant

1421 2148 1501 2180 prior
1519 2152 1558 2174 est
1577 2154 1624 2174 etc.
1643 2149 1802 2174 Adverbium
1821 2149 1982 2174 naturaliter
2000 2154 2086 2182 potest
2108 2149 2164 2174 sine
2189 2149 2377 2175 inconvenienti
2395 2150 2492 2182 omitti,

1426 2184 1487 2216 quia
1511 2183 1666 2209 sufficienter
1684 2184 1848 2217 exprimitur,
1874 2185 1995 2214 dicendo,
2019 2185 2162 2210 secundum
2181 2185 2323 2217 propriam
2347 2185 2493 2216 rationem

1425 2219 1488 2244 illud
1508 2225 1593 2245 tamen
1610 2220 1750 2245 adiecimus
1765 2220 1880 2253 explicite
1894 2225 2000 2253 propter
2013 2220 2087 2245 codd.
2102 2219 2305 2245 unanimitatem.
2314 2233 2333 2239 -
2342 2221 2417 2246 Ratio
2430 2229 2494 2246 vem

1425 2255 1516 2280 asserti
1535 2255 1655 2280 fundatur
1673 2255 1699 2280 in
1723 2255 1848 2288 principio
1871 2260 1931 2280 nota
1950 2254 1965 2288 β
1985 2255 2117 2288 explicato.
2136 2255 2276 2280 Ternarius
2295 2255 2365 2281 enim
2383 2257 2491 2282 resulcat

1425 2298 1456 2315 ex
1470 2290 1568 2315 binario
1587 2296 1613 2316 et
1631 2299 1661 2316 ex
1675 2291 1780 2321 unitate,
1795 2291 1861 2315 sicut
1875 2298 1905 2316 ex
1920 2290 2020 2315 duabus
2033 2290 2173 2315 unitatibus
2193 2291 2356 2323 componitur
2370 2291 2492 2317 binarius.

1425 2326 1494 2358 Ergo
1513 2326 1579 2351 sicut
1601 2326 1686 2351 unitas
1710 2326 1866 2359 supponitur
1883 2334 1898 2351 a
1917 2326 2014 2350 binario
2033 2331 2059 2351 et
2077 2326 2147 2359 prior
2165 2330 2206 2351 est
2228 2325 2286 2359 ipso
2292 2334 2300 2358 ;
2325 2326 2359 2351 ita
2377 2326 2492 2352 bina-ius

1425 2362 1579 2394 supponitur
1592 2370 1607 2387 a
1625 2361 1736 2387 ternario
1755 2365 1781 2386 et
1799 2361 1857 2394 ipso
1876 2361 1946 2394 prior
1964 2366 2011 2386 est.

1477 2396 1503 2431 ζ)
1520 2397 1575 2422 Eas
1594 2405 1645 2422 non
1661 2400 1751 2430 potest
1769 2404 1824 2422 esse
1842 2404 1926 2430 genus
1940 2401 1997 2426 etc.;
2012 2401 2038 2421 et
2056 2397 2114 2421 ideo
2133 2404 2186 2422 non
2206 2396 2316 2422 univoce
2331 2397 2493 2429 praedicatur

1425 2432 1457 2457 de
1471 2433 1559 2463 rebus,
1574 2433 1693 2466 quamvis
1709 2440 1755 2457 nec
1770 2433 1874 2465 proprie
1883 2432 2032 2465 aequivoce,
2047 2433 2093 2457 sed
2103 2432 2234 2464 analogice
2249 2430 2299 2466 (Cf.
2314 2432 2371 2457 lect.
2381 2440 2406 2463 v,
2421 2441 2446 2458 n.
2461 2440 2491 2467 ¹9

1425 2473 1451 2492 et
1465 2473 1518 2492 not.
1530 2466 1568 2502 ξ).
1585 2469 1663 2493 Recte
1686 2468 1755 2493 enim
1777 2472 1998 2500 argumentamur:
2019 2467 2069 2493 Est
2081 2474 2165 2501 genus
2171 2474 2180 2497 ,-
2198 2475 2264 2500 ergo
2283 2470 2323 2492 est
2342 2468 2491 2494 univocum.

1425 2503 1458 2527 Et
1475 2503 1621 2528 viceversa:
1640 2504 1701 2529 Non
1720 2506 1760 2528 est
1774 2503 1913 2528 univocum
1920 2510 1929 2532 ‚·
1947 2510 2012 2536 ergo
2025 2510 2076 2528 non
2091 2506 2131 2528 est
2144 2509 2236 2536 genus.
2247 2516 2257 2521 -
2268 2502 2434 2535 Disputatum
2448 2508 2489 2529 eet

1425 2546 1439 2563 a
1463 2539 1628 2564 Scholasticis
1647 2544 1735 2564 utrum
1754 2546 1843 2565 revera
1862 2546 1909 2563 ens
1929 2536 2017 2572 (quod
2037 2543 2077 2563 est
2094 2538 2216 2563 ultimum
2235 2538 2267 2563 ad
2286 2538 2358 2571 quod
2376 2538 2491 2566 ascendit

1425 2581 1499 2598 mens
1518 2574 1544 2599 in
1563 2574 1778 2599 abstractionibus
1794 2573 1928 2604 idealibus,
1944 2578 1970 2598 et
1988 2581 2002 2598 a
2021 2581 2075 2606 quo
2090 2573 2115 2598 in
2130 2573 2247 2606 synthesi
2262 2573 2336 2598 ideali
2351 2580 2426 2598 mens
2445 2573 2490 2599 de-

1425 2610 1525 2634 scendit
1539 2610 1570 2634 ad
1580 2617 1675 2641 genera
1689 2614 1715 2634 et
1729 2607 1840 2643 species)
1851 2609 1884 2633 sit
1893 2608 1956 2642 quid
1969 2609 2118 2638 univocum,
2137 2613 2163 2633 et
2176 2608 2235 2633 ideo
2253 2615 2352 2640 genus,
2366 2609 2407 2633 vel
2427 2609 2489 2641 quid

1425 2645 1563 2677 analogum
1578 2650 1604 2669 et
1617 2644 1675 2669 ideo
1694 2644 1879 2669 transcendens
1893 2651 1972 2668 omne
1987 2651 2078 2675 genus.
2099 2642 2243 2667 Affirmavit
2261 2643 2354 2667 Scotus
2368 2643 2490 2668 univoca-

1423 2679 1521 2704 tionem
1541 2679 1620 2709 entis;
1635 2679 1738 2711 negavit
1752 2687 1773 2704 s.
1783 2679 1909 2704 Thomas.
1924 2678 2090 2703 Recentiores
2104 2685 2167 2703 vero
2186 2677 2304 2710 plerique
2322 2677 2388 2703 hanc
2407 2685 2488 2711 quae-

1425 2714 1535 2739 stionem
1546 2714 1612 2739 inter
1626 2714 1728 2739 inutiles
1738 2714 1892 2739 subtilitates
1907 2713 2073 2738 scholasticas
2083 2717 2277 2740 recensuerunt.
2287 2713 2338 2738 Sed
2348 2718 2489 2746 postquam

1424 2749 1530 2774 invaluit
1543 2749 1722 2782 pantheismus
1741 2749 1906 2779 idealisticus,
1920 2748 1965 2781 qui
1979 2748 2178 2773 fundamentum
2193 2748 2292 2781 quaerit
2305 2748 2331 2773 in
2345 2749 2412 2773 entis
2426 2756 2487 2774 con-

1423 2789 1499 2817 ceptu
1519 2784 1730 2815 absentissimo,
1749 2789 1810 2809 tunc
1824 2784 1928 2809 tandem
1943 2783 2075 2816 cognitum
2090 2788 2131 2808 est
2144 2783 2324 2816 quaestionem
2338 2783 2409 2808 illam
2423 2783 2490 2810 inter

1423 2819 1574 2852 praecipuas
1590 2820 1677 2844 locum
1695 2819 1798 2844 habere.
1817 2819 1868 2844 Sed
1887 2823 2018 2852 praeterea
2036 2819 2182 2852 quaestioni
2201 2819 2233 2844 de
2248 2818 2429 2844 univocatione
2446 2819 2488 2845 vel

1423 2855 1540 2887 analogia
1558 2855 1626 2880 entis·
1644 2854 1734 2879 intimo
1753 2862 1820 2879 nexu
1840 2854 1955 2879 doctrina
1978 2854 2010 2879 de
2028 2854 2118 2879 ordine
2137 2854 2372 2887 supernaturalium
2394 2854 2487 2880 verita-

1423 2894 1479 2914 turn
1499 2890 1665 2915 connectitur.
1685 2890 1762 2920 Haec,
1783 2890 1837 2914 suis
1857 2889 1920 2914 locis
1939 2889 2100 2922 explicanda,
2120 2888 2229 2914 sufficiat
2248 2889 2488 2922 impraesentiarum

1423 2925 1553 2956 innuisse,
1577 2930 1606 2950 ut
1625 2925 1736 2950 novitius
1755 2933 1808 2950 non
1828 2925 1939 2949 summis
1962 2925 2036 2950 labiis
2055 2925 2173 2956 attingat,
2198 2925 2245 2949 sed
2264 2925 2353 2950 intime
2371 2929 2489 2957 penetret

1423 2968 1490 2993 quae
1503 2960 1544 2985 hic
1559 2961 1635 2986 tradit
1653 2968 1674 2985 s.
1689 2960 1806 2985 Thomas
1821 2968 1850 2985 ac
1865 2959 1972 2985 firmiter
1985 2965 2074 2985 mente
2092 2959 2199 2985 retineat
2208 2960 2240 2985 ad
2254 2960 2381 2985 rationem
2394 2960 2487 2985 univo-

1423 2996 1529 3021 cationis
1549 2996 1719 3021 essentialiter
1738 2995 1841 3028 requiri,
1856 3000 1885 3020 ut
1904 2996 1967 3020 illud
1986 2996 2058 3028 quod
2078 2995 2169 3020 dicitur
2186 2995 2328 3020 univocum
2338 2995 2487 3028 aequamer

1422 3031 1586 3064 participetur
1599 3031 1641 3056 vel
1660 3031 1744 3064 possit
1757 3031 1900 3064 participari
1915 3038 1929 3055 a
1943 3030 2074 3064 pluribus3
2090 3030 2124 3055 ita
2138 3038 2232 3063 nempe
2250 3035 2280 3055 ut
2293 3030 2424 3056 subtracta
2437 3031 2487 3056 ism

1421 3066 1646 3099 participabilitatis
1665 3066 1840 3099 aequalitate,
1861 3074 1893 3091 eo
1911 3066 1969 3099 ipso
1988 3065 2152 3091 subtrahatur
2169 3065 2325 3091 univocatio.

1474 3101 1501 3135 η)
1523 3102 1572 3127 Est
1590 3109 1635 3127 ens
1649 3109 1702 3134 per
1719 3101 1794 3127 aliud
1812 3105 1838 3127 et
1857 3102 1883 3126 in
1902 3101 1964 3127 alio.
1989 3102 2053 3126 illud
2072 3108 2124 3134 per
2140 3101 2229 3130 aliud,
2255 3101 2326 3134 quod
2344 3100 2436 3127 dicitur
2453 3101 2486 3126 de

1422 3137 1559 3167 accidente,
1579 3137 1755 3170 accipiendum
1775 3141 1815 3162 est
1833 3144 1880 3169 per
1897 3137 2089 3170 oppositionem
2108 3137 2140 3161 ad
2159 3136 2222 3161 illud
2235 3143 2288 3169 per
2305 3143 2340 3165 se,
2360 3136 2430 3169 quod
2448 3136 2486 3162 di·

1422 3172 1486 3197 citur
1505 3173 1537 3198 de
1555 3172 1704 3198 substantia.
1724 3173 1805 3198 Porro
1818 3179 1871 3204 per
1883 3179 1911 3197 se
1929 3180 1988 3197 esse
2007 3179 2059 3197 non
2078 3172 2188 3197 excludit
2206 3179 2310 3197 causam
2324 3179 2339 3196 a
2353 3179 2406 3204 quo
2424 3171 2486 3196 aub-

1421 3207 1513 3232 stantia
1531 3207 1623 3233 habeat
1642 3215 1700 3233 esse
1719 3206 1889 3242 (substantiae
1903 3207 1972 3232 enim
1987 3212 2086 3232 creatae
2104 3212 2165 3232 sunt
2178 3215 2231 3240 per
2243 3214 2279 3236 se,
2298 3207 2345 3232 sed
2359 3214 2412 3231 non
2426 3210 2486 3232 sunt

1420 3250 1438 3268 a
1456 3242 1504 3277 se),
1524 3243 1570 3268 sed
1589 3243 1674 3268 solum
1694 3243 1805 3269 excludit
1821 3243 1964 3268 subiectum
1989 3242 2028 3267 cui
2052 3242 2182 3268 inhaereat
2199 3247 2229 3267 ut
2247 3242 2351 3268 existat:
2375 3241 2435 3275 quia
2453 3241 2485 3266 de

1421 3278 1518 3303 ratione
1533 3278 1690 3304 substantiae
1704 3283 1744 3304 est
1757 3278 1827 3312 quod
1834 3285 1885 3310 per
1893 3279 2005 3311 seipsam
2021 3283 2046 3304 et
2059 3282 2248 3311 consequenter
2262 3278 2288 3303 in
2298 3277 2383 3310 seipsa
2397 3276 2486 3303 existat

1421 3318 1446 3338 et
1460 3321 1512 3338 non
1527 3313 1553 3338 in
1567 3313 1625 3339 alio.
1641 3314 1720 3346 Igitur
1728 3322 1780 3347 per
1794 3313 1876 3343 aliud,
1896 3314 1967 3346 quod
1982 3314 2014 3339 de
2027 3313 2158 3338 accidente
2172 3312 2320 3344 affirmatur,
2335 3312 2394 3337 dicit
2407 3319 2484 3344 nega-

1421 3349 1518 3374 tionem
1538 3349 1660 3374 existendi
1679 3357 1727 3382 per
1745 3357 1781 3379 se,
1797 3353 1822 3374 et
1840 3353 2029 3382 consequenter
2046 3347 2226 3374 necessitatem
2245 3346 2392 3373 inhaerendi
2411 3346 2484 3371 alicui

1421 3384 1536 3409 subiecto
1555 3384 1728 3410 substantiali:
1744 3393 1796 3410 non
1814 3384 1884 3409 enim
1898 3384 2016 3410 accidens
2030 3383 2176 3409 naturaliter
2190 3383 2280 3414 existit,
2294 3382 2342 3408 nisi
2357 3386 2484 3415 quatenus

1422 3419 1544 3450 inexistit,
1570 3425 1598 3444 ut
1620 3419 1716 3444 dictum
1740 3424 1780 3445 est
1802 3420 1859 3444 lect.
1874 3427 1912 3450 rv,
1937 3427 1962 3444 n.
1979 3418 1992 3444 5
2004 3438 2011 3451 ,
2031 3423 2092 3444 nota
2110 3418 2131 3443 ὃ.
2151 3433 2161 3438 -
2176 3418 2257 3444 Codd.
2277 3417 2326 3444 hoc
2345 3417 2424 3442 modo
2447 3417 2484 3441 le-

1421 3459 1497 3487 gunt:
1512 3454 1684 3487 prioritatem
1703 3454 1782 3480 habet
1798 3454 1955 3483 substantia,
1974 3461 2041 3488 quae
2059 3457 2098 3480 est
2111 3461 2157 3479 ens
2166 3460 2218 3486 per
2235 3460 2263 3479 se
2277 3455 2396 3485 respectu
2414 3451 2483 3477 acci-

1422 3490 1522 3519 dentis,
1547 3490 1618 3523 quod
1636 3494 1683 3515 etc.
1712 3490 1758 3516 Sic
1775 3497 1841 3523 ergo
1859 3494 1907 3515 etc.
1930 3490 2003 3515 Hanc
2030 3490 2136 3515 alteram
2154 3488 2329 3514 inversionem
2351 3487 2483 3520 adoptavi-

1421 3533 1490 3555 mus,
1505 3525 1619 3558 seposita
1637 3525 1729 3550 Pinna:
1748 3525 1785 3551 sic
1799 3532 1864 3559 ergo
1878 3524 2024 3559 affirmatio
2033 3524 2113 3558 prior
2125 3527 2165 3550 est
2179 3523 2320 3557 negatione
2338 3521 2480 3548 secundum

1416 3560 1557 3593 propriam
1576 3560 1716 3585 rationem.

2524 681 2533 689 ·
2544 680 2579 702 Cf.
2588 681 2664 709 lect.v‚
2673 688 2695 704 n.
2706 688 2738 710 19,

2524 714 2578 732 nota
2589 707 2610 739 ξ.

2623 850 2635 866 ε

2525 901 2534 909 “
2546 899 2620 922 Codd.
2630 908 2636 922 t
2663 901 2739 930 ratio-

2524 932 2575 947 nem
2597 928 2738 954 communis,

2525 953 2615 974 scilicet
2621 957 2672 981 etc.‚
2679 957 2701 975 et
2706 954 2737 976 vi—

2526 979 2592 1000 detur
2606 980 2696 1002 melius.

2525 1006 2535 1015 '
2545 1011 2571 1027 At
2582 1006 2644 1028 sicut
2655 1008 2698 1028 ese.

2624 1103 2640 1133 ζ

2624 1279 2640 1302 η

2523 1620 2736 1667 {gutiam

2523 1674 2546 1692 et
2573 1672 2661 1695 omittit
2686 1664 2735 1695 ιοιᾶ

2523 1703 2629 1721 mmm.
