2788 4204
82 321 90 328 ·
97 324 147 340 Aac:
152 317 294 345 provenien-

20 357 27 363 ·
82 348 125 367 tes.

83 429 91 437 ¹
102 428 164 449 Lect.
177 433 222 448 xm.

83 642 92 650 ·
103 642 138 663 Ct.
154 641 193 663 lib.
205 641 227 668 l,
243 641 294 663 lect.

82 674 113 695 ιν,
129 674 151 689 11.
168 674 196 695 ¹3·

84 909 93 917 '¹
103 907 166 928 Lect.
177 912 199 927 v.

84 1274 92 1282 ·
103 1273 166 1294 Lect.
178 1279 199 1293 11.

85 1489 91 1497 ”
102 1488 162 1510 Infra
177 1494 199 1510 n.
212 1488 233 1509 6.

181 1594 196 1628 β

83 1701 92 1711 ·
103 1701 173 1722 Num.
184 1707 203 1728 5.

82 1860 93 1870 ⁸
103 1859 174 1881 Num.
185 1865 204 1887 3.

83 1914 92 1923 ·
103 1913 172 1934 Num.
183 1920 206 1940 4.

82 1968 91 1977 ·
102 1973 137 1988 sc:
149 1967 246 1998 resumit
256 1972 293 1988 er-

82 1993 293 2046 ἕοῦίῖἵῖῗέέἐῗᾶῑζ

82 2053 105 2068 n.
117 2052 140 2074 19
155 2053 204 2074 seq.

324 233 373 279 76

322 310 489 347 nientem
501 312 520 330 ⁴*
532 323 576 347 ex
589 323 646 357 eo,
657 311 761 360 quod
776 310 925 347 additur
936 309 1075 358 aliquid
1093 308 1252 357 simplici
1269 320 1385 345 enun-

324 363 489 409 ciationi3
515 363 582 401 ibi:
614 366 747 401 Utrum
772 369 896 400 autem
926 363 1117 399 contraria
1143 367 1197 398 est
1215 362 1386 410 affirma-

323 417 372 453 tio
393 418 412 436 *
443 424 511 453 etc.

378 471 445 506 Est
473 478 600 506 autem
637 468 955 505 considerandum
988 467 1092 515 quod
1122 466 1263 503 additio
1291 467 1387 503 facta

323 523 372 559 ad
399 523 657 571 praedicatum
691 523 752 558 vel
787 520 999 557 subiectum
1029 519 1260 568 quandoque
1295 519 1388 556 tollit

322 576 503 612 unitatem
534 574 816 619 enunciationis,
838 573 1069 622 quandoque
1097 585 1191 609 vero
1212 585 1289 608 non
1318 573 1385 608 tol-

323 629 371 674 lit,
393 628 487 665 sicut
505 628 645 664 additio
666 627 873 674 negationis
893 625 1110 662 infinitantis
1129 626 1148 646 '¹‘
1168 622 1384 662 dictionem.

324 681 432 718 Circa
447 681 613 729 primum
631 692 719 727 ergo
736 680 812 716 duo
833 680 935 715 facit:
956 679 1094 728 prim0,
1117 678 1280 715 ostendit
1295 677 1386 726 quid

323 734 466 770 accidat
486 733 811 769 enunciationibus
832 745 875 768 ex
892 732 1083 769 additione
1103 731 1313 779 negationis
1332 730 1386 767 in-

321 786 498 823 finitantis
514 786 735 831 dictionem;
753 786 933 832 secundo,
951 785 1113 822 ostendit
1132 784 1224 834 quid
1243 784 1388 820 accidat

322 840 419 876 circa
434 839 738 876 enunciationem
755 852 799 876 ex
814 839 1004 876 additione
1020 839 1170 875 tollente
1185 837 1385 883 unitatem;

322 892 389 929 ibi:
410 893 462 928 At
477 904 567 928 vero
589 905 704 929 unum
724 893 769 929 de
783 893 956 941 pluribus
970 892 990 912 '¹‘
1006 899 1074 928 etc.
1093 891 1203 928 Circa
1218 891 1386 940 primum

323 946 398 982 duo
428 945 530 981 facit:
560 946 703 994 primo,
732 946 956 983 determinat
985 945 1030 982 de
1061 944 1387 981 enunciationibus

322 998 617 1047 simincissimis,
639 999 676 1035 in
697 999 834 1048 quibus
855 1011 998 1035 nomen
1017 998 1167 1036 finitum
1183 998 1244 1034 vel
1265 997 1387 1034 infini-

321 1059 402 1088 tum
431 1051 583 1100 ponitur
611 1060 758 1089 tantum
787 1065 831 1089 ex
859 1060 964 1101 parte
994 1051 1168 1096 subiecti;
1199 1051 1386 1097 seeundo,

323 1105 547 1142 determinat
576 1105 622 1142 de
644 1106 987 1152 enunciationibus,
1015 1105 1052 1142 in
1079 1105 1216 1153 quibus
1245 1116 1387 1142 nomen

322 1157 471 1194 finitum
499 1159 560 1195 vel
589 1158 778 1195 infinitum
798 1159 951 1208 ponitur
970 1171 1048 1196 non
1069 1159 1192 1194 solum
1221 1170 1265 1194 ex
1283 1165 1388 1206 parte

322 1211 490 1257 subiecti,
512 1212 579 1248 sed
599 1212 711 1248 etiam
733 1224 776 1248 ex
795 1220 900 1261 parte
926 1212 1147 1261 praedicati;
1169 1211 1237 1247 ibi:
1264 1212 1388 1252 Quan-

322 1265 369 1300 do
384 1270 508 1301 autem
529 1271 583 1301 est
595 1266 743 1302 tertium
763 1266 938 1302 adiacens
954 1266 972 1285 ³
990 1274 1058 1302 etc.
1091 1265 1201 1302 Circa
1220 1264 1388 1313 primum

323 1317 399 1354 duo
416 1318 517 1354 facit:
535 1319 671 1367 primo,
688 1319 867 1367 proponit
882 1318 1044 1356 rationes
1060 1318 1246 1367 quasdam
1263 1317 1389 1354 distin-

322 1371 461 1418 guendi
485 1372 576 1408 tales
597 1372 896 1417 enunciationes;
919 1372 1100 1418 secundo,
1121 1371 1229 1421 ponit
1257 1382 1389 1407 earum

324 1424 600 1461 distinctionem
618 1433 653 1461 et
668 1425 859 1471 ordinem;
880 1425 948 1462 ibi:
976 1426 1102 1466 Quare
1117 1425 1246 1474 prima
1262 1429 1315 1460 est
1332 1425 1388 1472 af-

311 1477 485 1526 firmatio
496 1478 516 1499 '¹‘
527 1486 594 1515 etc.
613 1479 722 1515 Circa
735 1479 904 1527 primum
921 1478 997 1515 duo
1014 1478 1117 1515 facit:
1133 1477 1271 1527 prime,
1283 1477 1390 1525 ponit

323 1531 486 1568 rationes
516 1531 767 1579 distinguendi
797 1532 1080 1569 enunciationes
1115 1543 1160 1567 ex
1187 1537 1292 1579 parte
1322 1542 1389 1566 no-

322 1584 488 1630 minum;
510 1585 691 1631 secundo,
713 1585 876 1621 ostendit
895 1586 1000 1634 quod
1020 1598 1098 1622 non
1117 1591 1242 1633 potest
1271 1595 1351 1620 esse
1372 1582 1389 1612 β

324 1637 459 1674 eadem
480 1638 571 1674 ratio
602 1638 853 1686 distinguendi
874 1651 918 1676 ex
937 1646 1042 1688 parte
1071 1638 1298 1684 verborum;
1319 1636 1388 1674 ibi:

321 1691 477 1727 Pmeter
503 1693 659 1729 verbum
688 1698 812 1729 autem
838 1692 857 1711 ⁴*
888 1701 956 1729 etc.
987 1692 1098 1730 Circa
1125 1692 1294 1741 primum
1322 1691 1391 1728 tria

322 1744 427 1780 facit:
448 1745 585 1793 primo,
606 1745 786 1794 proponit
809 1746 972 1783 rationes
993 1745 1244 1794 distinguendi
1275 1757 1390 1781 enun-

323 1797 519 1845 ciationes;
541 1799 722 1846 secundo,
745 1799 897 1848 exponit
917 1799 1022 1848 quod
1043 1799 1202 1846 dixerat;
1223 1798 1291 1836 ibi:
1308 1799 1391 1835 No-

322 1862 407 1887 men
431 1858 556 1889 autem
584 1853 722 1889 dictum
751 1853 837 1889 est*
859 1861 947 1898 etc.;
968 1853 1096 1899 tertio,
1119 1853 1310 1890 concludit
1337 1851 1391 1888 in-

322 1911 487 1951 tentum;
513 1905 581 1942 ibi:
611 1907 697 1942 Erit
723 1906 843 1942 omnis
871 1907 1080 1955 affirmatio
1100 1908 1120 1926 '⁵
1142 1913 1209 1943 etc.

379 1969 412 1994 2.
435 1958 608 1996 Resumit
628 1972 716 2007 ergo
732 1959 822 1996 illud
832 1960 861 2006 *,
875 1959 980 2008 quod
995 1972 1109 2009 supra
1125 1959 1266 1996 dictum
1283 1965 1338 1996 est
1351 1958 1391 1980 *⁴*

324 2010 370 2047 de
391 2010 609 2049 definitione
639 2013 918 2059 affirmationis,
941 2014 1044 2062 quod
1070 2013 1208 2051 scilicet
1226 2013 1391 2050 affirma-

321 2063 372 2100 tio
395 2072 450 2101 est
468 2066 678 2103 enunciatio
697 2067 915 2116 significans
935 2067 1079 2115 aliquid
1100 2067 1145 2103 de
1163 2067 1311 2115 aliquo;
1337 2074 1389 2113 et,

323 2116 411 2165 quia
430 2119 592 2155 verbum
614 2127 669 2156 est
686 2120 839 2169 proprie
869 2127 959 2157 nota
989 2133 1123 2157 eorum
1145 2133 1242 2170 quae
1273 2121 1319 2158 de
1340 2121 1390 2158 al-

376 2302 400 2336 β)
422 2303 544 2328 Secundo
563 2303 678 2328 ostendit
697 2303 768 2336 quod
791 2311 842 2329 non
861 2307 952 2336 potest
970 2312 1025 2330 esse
1044 2310 1091 2330 etc.
1113 2305 1149 2330 Ita
1168 2305 1230 2337 legit
1248 2310 1273 2331 et
1291 2306 1390 2339 optime

322 2341 378 2364 cod.
389 2339 538 2364 CoePiana:
553 2339 668 2364 secundo
683 2339 754 2371 quod
768 2346 818 2364 non
830 2343 920 2371 potest
934 2346 1011 2365 etc.—-
1021 2340 1085 2365 Cod.
1101 2342 1132 2365 A:
1147 2341 1262 2366 secundo
1274 2341 1390 2367 ostendit
1408 2337 1412 2340 ’

322 2375 429 2408 quando
438 2378 527 2406 potest
541 2382 596 2399 esse
609 2379 656 2399 etc.
672 2375 744 2404 Quae
759 2374 834 2399 lectio
849 2375 912 2399 falsa
927 2381 978 2400 est:
992 2384 1101 2401 numero
1116 2376 1185 2401 enirn
1198 2376 1221 2407 5,
1232 2377 1257 2401 in
1271 2385 1324 2410 quo
1337 2377 1388 2410 agi-

322 2415 363 2434 tur
378 2411 410 2435 de
428 2410 477 2434 hoc
494 2410 612 2434 membro
631 2409 828 2441 subdivisionis,
845 2411 989 2435 ostenditur
1005 2411 1160 2437 differentias
1181 2413 1389 2437 enunciationum

322 2446 389 2470 sumi
410 2453 461 2470 non
484 2453 563 2478 posse
582 2453 612 2469 ex
632 2451 703 2477 parte
726 2446 874 2470 verborum.
899 2447 949 2470 Sed
969 2452 994 2471 et
1013 2447 1070 2471 cod.
1086 2448 1106 2471 B
1126 2455 1232 2472 erronee
1256 2448 1330 2481 legit:
1350 2455 1389 2473 se-

322 2481 409 2506 cundo
428 2480 534 2513 quando
548 2484 638 2512 potest
656 2488 710 2505 esse
729 2481 820 2505 eadem
840 2481 927 2506 oratio
947 2482 1130 2515 distinguendi
1148 2488 1196 2508 ete.

375 2516 402 2549 γ)
424 2517 464 2541 De
478 2524 530 2548 quo
548 2516 724 2549 significatur.
741 2517 785 2540 Est
800 2517 874 2541 lectio
889 2517 962 2541 codd.
978 2518 1052 2548 ΑΒΕ,
1068 2526 1147 2550 quam
1162 2519 1316 2551 adoptamus
1332 2519 1390 2543 loco

323 2552 381 2576 edd.
396 2552 424 2576 Ρ.
440 2556 464 2576 et
483 2552 562 2576 Ven.:
578 2552 610 2576 de
625 2559 678 2584 quo
697 2551 865 2584 significatur
879 2552 981 2584 a1iqu1'd
996 2553 1028 2577 de
1042 2554 1139 2586 aliquo.
1154 2554 1269 2579 Placeret
1283 2554 1389 2587 quidem

323 2595 476 2611 conservare
495 2587 604 2619 aliquid,
624 2587 743 2619 quamvis
763 2595 815 2611 non
835 2588 1019 2619 necessarium,
1040 2596 1099 2612 cum
1115 2589 1146 2613 de
1161 2589 1227 2614 facili
1247 2589 1389 2614 subintelli-

323 2627 409 2654 gatur;
429 2622 475 2647 sed
494 2630 545 2646 non
565 2627 650 2655 potest
669 2622 766 2646 admitti
786 2622 868 2652 lectio,
885 2622 916 2647 de
935 2623 1033 2655 aliquo.
1053 2625 1144 2648 Sermo
1163 2629 1203 2648 est
1217 2625 1249 2649 de
1264 2625 1388 2654 subiecto,

323 2657 376 2690 (ut,
396 2658 479 2686 hoc...‚
499 2658 598 2682 scilicet
616 2657 786 2688 subiectum),
807 2658 839 2682 de
858 2665 912 2690 quo
931 2658 1028 2691 aliquid
1048 2658 1218 2691 significatum
1234 2664 1259 2684 at
1277 2660 1325 2684 dici
1346 2667 1389 2684 ne-

323 2693 378 2725 quit
392 2693 448 2717 sine
467 2693 618 2717 confusione
638 2693 717 2725 quod,
736 2693 880 2718 subiectum
900 2693 935 2717 sit
950 2693 978 2718 id
992 2694 1025 2719 de
1039 2702 1090 2726 quo
1104 2694 1274 2727 significatur
1287 2695 1390 2727 aliquid

323 2729 355 2753 de
374 2729 476 2761 aliquo:
497 2736 557 2753 narn
577 2728 696 2759 dicendo,
712 2728 745 2753 de
758 2736 810 2760 quo
828 2728 998 2761 significatur·
1015 2729 1126 2762 aliquid,
1142 2729 1290 2761 designatur
1304 2730 1389 2755 subie-

323 2768 405 2793 ctum;
426 2764 545 2788 addendo
564 2770 663 2794 autem,
684 2764 716 2788 de
735 2771 786 2796 quo
804 2763 974 2796 significatur
994 2765 1097 2797 aliquid
1116 2765 1148 2789 de
1166 2765 1270 2797 aliquo,
1289 2765 1390 2790 videtur

322 2804 365 2824 aut
384 2800 452 2824 idem
472 2799 560 2832 repeti,
580 2804 624 2824 aut
642 2799 746 2823 indicari
770 2799 951 2831 praedicatum.

375 2834 400 2869 δ)
421 2835 526 2860 Scilicet
540 2835 737 2867 praedicatum.
757 2835 827 2859 Haec
847 2835 922 2859 lectio
941 2835 1015 2860 codd.
1031 2835 1073 2860 CE
1093 2835 1218 2860 indicatur
1232 2843 1263 2860 ex
1277 2843 1389 2868 sequen-

322 2870 399 2900 tibus,
419 2873 524 2902 oportet
542 2878 597 2895 esse
616 2878 696 2895 unum
710 2873 736 2895 et
751 2870 783 2894 de
798 2877 850 2895 uno
869 2870 998 2895 subiecto:
1017 2870 1065 2895 dici
1085 2870 1154 2895 enim
1174 2872 1206 2896 de
1220 2871 1337 2896 subiecto
1350 2876 1390 2895 est

322 2906 456 2938 proprium
475 2906 650 2938 praedicati.-
664 2905 753 2930 Piana:
773 2906 871 2930 scilicet
885 2906 1013 2938 primum.

375 2941 398 2974 ε)
419 2941 462 2966 Sit
476 2942 516 2966 vel
530 2948 632 2970 nomen,
648 2941 688 2966 vel
703 2948 795 2966 nomen
810 2941 951 2973 infinitum.
967 2941 1034 2966 Cum
1049 2941 1097 2966 hac
1112 2942 1221 2967 lectione
1235 2942 1313 2967 Piana
1327 2949 1389 2967 con-

323 2977 410 3001 cordat
420 2977 495 3001 lectio
505 2977 580 3001 codd.
590 2976 714 3001 ABG-D
732 2976 806 3009 legit:
818 2977 854 3001 sit
865 2977 905 3001 vel
915 2984 1008 3002 nomen
1017 2977 1127 3009 finitum
1143 2978 1183 3002 vel
1193 2985 1286 3002 nomen
1302 2977 1389 3010 infini-

323 3015 393 3036 tum:
412 3020 477 3044 quae
497 3012 571 3037 lectio
588 3017 627 3037 est
641 3011 723 3043 magis
738 3011 862 3044 explicita,
878 3012 976 3036 adiecto
991 3012 1118 3037 vocabulo
1129 3012 1249 3045 finitum.
1268 3013 1389 3037 Attamen

322 3047 478 3072 vocabulum
503 3048 570 3072 istud
597 3055 648 3071 non
675 3055 781 3072 necesse
805 3053 845 3072 est
869 3048 977 3080 apponi,
1002 3048 1061 3080 quia
1086 3048 1118 3072 de
1137 3048 1202 3072 facili
1227 3048 1389 3081 supponitur.

323 3082 425 3107 Dictum
442 3083 510 3107 enim
531 3088 570 3107 est
590 3083 668 3115 paulo
691 3090 769 3115 supra
784 3083 854 3116 quod
874 3090 967 3108 nomen
981 3083 1091 3116 finitum
1113 3083 1202 3108 dicitur
1221 3083 1324 3116 proprie
1343 3091 1389 3108 no-

323 3125 391 3142 men.
407 3132 426 3136 —
442 3118 476 3142 E:
497 3119 536 3143 vel
558 3125 608 3143 non
628 3118 663 3143 sit
682 3125 775 3143 nomen
796 3119 836 3143 vel
861 3126 953 3143 nomen
975 3118 1116 3151 infinitum.
1137 3119 1244 3151 Negatio
1272 3118 1390 3152 apposita

324 3161 395 3178 error
413 3159 460 3178 est.

375 3188 400 3222 ζ)
422 3189 509 3221 Ipsum
530 3196 580 3213 non
600 3196 645 3213 ens
669 3188 767 3214 dicitur
785 3196 830 3214 ens
849 3194 895 3213 etc.
916 3189 1108 3214 Animadvertat
1134 3189 1242 3214 novitius
1266 3197 1317 3214 non
1343 3197 1389 3214 ens

324 3224 370 3248 dici
386 3232 431 3248 ens
447 3232 497 3248 non
512 3225 666 3256 simpliciter
680 3225 726 3249 sed
740 3225 882 3250 secundum
897 3225 968 3257 quid,
984 3224 1033 3249 hoc
1048 3231 1087 3250 est
1102 3233 1154 3249 non
1169 3225 1266 3250 ratione
1280 3225 1328 3255 sui,
1343 3225 1389 3249 sed

323 3259 419 3283 ratione
438 3260 503 3284 entis
523 3260 594 3284 cuius
614 3267 724 3284 non-ens
744 3265 782 3284 est
806 3260 915 3291 negatio.
935 3260 1031 3284 Contra
1050 3261 1206 3293 sophistam,
1226 3260 1270 3292 qui
1290 3260 1316 3284 in
1337 3267 1388 3285 non

323 3294 390 3318 entis
410 3295 522 3320 tenebris
540 3295 655 3328 aufugit,
674 3298 700 3319 et
719 3295 848 3320 diuturna
866 3296 1056 3321 consuetudine
1075 3296 1189 3321 tenebris
1203 3295 1255 3320 inis
1274 3295 1388 3329 offundi-

324 3332 368 3353 tur
388 3328 456 3362 (pag.
476 3330 534 3364 ¹77)
555 3331 657 3355 disserit
676 3331 748 3355 Plato
768 3330 792 3355 in
812 3331 885 3361 libro,
906 3331 945 3355 cui
966 3331 1091 3363 Sophista
1106 3331 1194 3356 titulus
1210 3336 1257 3356 est.
1278 3331 1314 3355 lbi
1328 3338 1387 3364 pro-

323 3364 437 3389 bandum
457 3366 567 3390 assumit
586 3366 665 3398 quod,
681 3373 732 3391 non
747 3373 793 3391 ens
812 3367 882 3391 velut
901 3366 1076 3399 imaginando
1090 3374 1153 3396 esse,
1169 3373 1262 3391 revera
1277 3373 1329 3391 non
1344 3373 1390 3391 ens

324 3399 432 3424 dicimus
452 3399 522 3434 (pag.
542 3400 600 3434 178)
620 3406 697 3434 atque
716 3402 782 3426 inter
800 3401 847 3426 alia
867 3401 929 3426 haec
944 3402 1034 3427 habet:
1054 3412 1066 3424 ‹
1080 3402 1157 3432 Quod
1173 3402 1241 3427 enim
1261 3409 1312 3427 non
1327 3402 1389 3434 pul—

326 3443 338 3456 »
354 3435 445 3460 chrum
470 3436 567 3468 ubique
587 3437 801 3468 pronunciamus,
821 3436 869 3461 hoc
885 3445 936 3461 non
957 3437 988 3462 ab
1003 3437 1053 3462 alio
1068 3445 1203 3470 quoquam
1217 3438 1327 3462 alterum
1342 3442 1389 3468 est,

326 3479 338 3491 >·
355 3477 433 3501 quam
449 3479 462 3495 a
477 3471 575 3503 pulchri
595 3477 710 3496 natura...
731 3473 830 3497 Revera
849 3473 967 3504 sequitur
986 3480 1037 3498 non
1048 3473 1191 3505 pulchrum
1211 3480 1271 3498 esse
1285 3473 1388 3505 aliquid,

327 3514 338 3526 ³·
355 3506 563 3538 quandoquidem
588 3512 627 3531 est
650 3507 713 3531 illud
732 3508 770 3532 cui
796 3508 970 3540 opponitur....
991 3508 1142 3541 Eademque
1165 3508 1212 3533 erit
1232 3509 1264 3533 de
1284 3507 1389 3533 caeteris

326 3547 339 3561 ι
356 3540 431 3570 ratio,
456 3546 595 3573 postquam
619 3542 721 3567 alterius
741 3543 821 3574 ipsius
846 3548 935 3567 natura
954 3551 969 3567 e
987 3551 1081 3575 genere
1105 3543 1202 3568 entium
1227 3551 1287 3568 esse
1310 3551 1389 3576 appa-

326 3583 339 3596 »
356 3574 430 3599 ruit...
450 3576 559 3607 Oportet
582 3577 701 3602 audacter
720 3577 770 3602 iam
795 3578 891 3607 dicere,
911 3578 982 3610 quod
1001 3585 1052 3603 non
1072 3585 1125 3605 ens.
1146 3577 1252 3603 firmiter
1271 3583 1389 3603 naturam

1067 232 1186 267 PERI
1218 229 1565 266 HERMENEIAS
1602 224 1695 267 LIB.
1728 232 1758 267 II

1442 316 1522 345 tero
1533 309 1800 358 praedicantur
1809 310 1840 356 ³¹⁶,
1861 321 2099 358 consequens
2121 317 2176 346 est
2194 317 2235 347 ut
2251 309 2352 357 illud,
2366 310 2413 347 de
2434 321 2511 358 quo

1443 362 1583 411 aliquid
1604 363 1748 409 dicitur,
1768 363 1952 412 pertineat
1971 363 2019 400 ad
2038 375 2198 409 nomen;
2220 375 2364 400 nomen
2383 370 2511 400 autern

1443 423 1498 452 est
1525 417 1587 452 vel
1606 416 1755 452 finitum
1784 417 1845 452 vel
1869 415 2077 462 infinitum3
2101 424 2136 453 et
2164 416 2263 463 ideo,
2285 416 2392 464 quasi
2423 429 2511 453 con-

1443 469 1599 506 cludens
1619 469 1746 506 subdit
1764 469 1869 518 quod
1895 469 1983 518 quia
2009 469 2211 506 affirmatio
2242 469 2426 517 significat
2449 469 2512 506 ali-

1443 521 1534 570 quid
1563 522 1609 559 de
1639 523 1783 571 aliquo,
1814 534 2052 571 consequens
2082 531 2137 559 est
2164 530 2206 560 ut
2232 524 2327 569 hoc,
2358 523 2405 560 de
2435 535 2512 571 quo

1443 574 1673 622 significatur
1692 581 1722 622 ⁷,
1750 575 1888 612 scilicet
1917 576 2130 613 subiectum
2160 576 2440 622 affirmationis,
2469 576 2514 612 sit

1441 628 1503 663 vel
1524 640 1680 674 nomen,
1702 628 1839 665 scilicet
1868 629 2019 665 finitum
2046 629 2169 678 (quod
2197 629 2349 678 proprie
2380 629 2514 666 dicitur

1443 692 1600 727 nomen,
1611 688 1653 717 ut
1667 681 1704 717 in
1715 682 1844 718 Primo
1861 682 2003 718 dictum
2021 690 2075 718 est
2084 683 2130 728 ³¹²),
2141 682 2242 719 velin
2258 682 2511 729 nominatum,

1442 733 1538 769 idest
1570 733 1760 770 infinitum
1794 747 1959 771 nomen:
1995 735 2100 783 quod
2135 735 2267 772 dicitur
2300 735 2512 772 innomina-

1441 793 1539 833 tum,
1574 786 1663 835 quia
1694 787 1822 835 ipsum
1851 800 1929 824 non
1964 787 2137 824 nominat
2164 788 2304 836 aliquid
2333 800 2421 824 cum
2450 788 2513 825 ali-

1442 851 1517 888 qua
1534 836 1692 877 *forma
1716 840 1975 887 determinata,
2005 840 2072 877 sed
2101 841 2227 877 solum
2248 848 2422 877 removet
2450 841 2514 878 de-

1442 893 1748 930 terminationem
1787 894 1944 930 formae.
1981 894 2030 930 Et
2066 906 2114 930 ne
2153 893 2285 942 aliquis
2323 893 2463 930 diceret
2494 895 2514 916 ⁸²

1443 947 1549 996 quod
1568 947 1606 984 id
1627 948 1732 996 quod
1757 947 1795 984 in
1815 947 2067 984 affirmatione
2097 946 2292 984 subiicitur
2321 954 2376 983 est
2401 946 2513 983 simul

1442 1013 1586 1037 nomen
1626 1008 1662 1037 et
1698 1001 2005 1046 innominatum,
2036 1000 2084 1037 ad
2121 1001 2196 1036 hoc
2234 999 2513 1037 excludendum

1443 1054 1571 1091 subdit
1611 1054 1716 1103 quod
1751 1054 1790 1091 id
1815 1054 1917 1102 quod
1946 1059 2014 1099 est,
2045 1053 2183 1090 scilicet
2209 1053 2471 1102 praedicatum
2487 1051 2511 1101 δ,

1445 1108 1482 1144 in
1511 1108 1778 1156 affirmatione,
1801 1107 1939 1144 scilicet
1966 1119 2054 1153 una,
2082 1106 2128 1144 de
2159 1119 2234 1155 qua
2262 1119 2364 1143 nunc
2392 1106 2512 1155 loqui-

1444 1173 1531 1198 mur
1547 1162 1578 1207 *,
1600 1167 1745 1209 oportet
1761 1173 1839 1197 esse
1859 1173 1975 1197 unum
1996 1165 2033 1196 et
2049 1160 2094 1197 de
2114 1172 2188 1196 uno
2209 1160 2379 1196 subiecto
2394 1159 2435 1181 ³⁸*
2443 1172 2452 1206 3
2474 1167 2510 1196 et

1445 1214 1498 1251 sic
1526 1221 1676 1263 oportet
1704 1214 1810 1263 quod
1838 1213 2051 1250 subiectum
2076 1213 2157 1250 talis
2186 1212 2448 1250 affirmationis
2469 1212 2514 1250 sit

1444 1268 1506 1304 vel
1535 1280 1696 1314 nomen,
1726 1268 1787 1304 vel
1816 1279 1960 1304 nomen
1989 1266 2178 1304 infinitum
2198 1272 2220 1303 ⁸.

1500 1322 1534 1358 3.
1555 1321 1704 1358 Deinde
1725 1333 1813 1357 cum
1834 1320 1938 1357 dicit:
1958 1320 2110 1357 Nomen
2139 1325 2264 1356 autem
2295 1326 2376 1365 etc„
2399 1331 2512 1368 expo-

1445 1374 1498 1410 nit
1512 1374 1617 1422 quod
1637 1374 1794 1421 dixerat,
1822 1381 1859 1410 et
1874 1373 1962 1410 dicit
1980 1373 2085 1422 quod
2118 1385 2233 1422 supra
2246 1373 2267 1393 ³¹²
2296 1372 2439 1409 dictum
2460 1379 2515 1409 est

1445 1427 1536 1475 quid
1565 1426 1611 1463 sit
1638 1439 1800 1473 nomen,
1831 1425 1987 1475 etquid
2015 1426 2061 1463 sit
2088 1426 2388 1472 innominatum,
2418 1425 2514 1462 idest

1445 1479 1634 1517 infinitum
1654 1491 1815 1516 nomen:
1837 1479 1936 1528 quia,
1954 1491 2028 1516 non
2047 1480 2172 1525 homo,
2189 1491 2268 1516 non
2284 1486 2339 1516 est
2353 1490 2512 1525 nomen,

1445 1533 1513 1570 sed
1533 1540 1588 1569 est
1606 1532 1796 1570 infinitum
1817 1544 1972 1578 nomen,
1993 1532 2099 1578 sicut,
2116 1544 2190 1569 non
2211 1532 2340 1578 currit,
2361 1544 2440 1568 non
2459 1539 2515 1568 est

1444 1587 1620 1633 verbum,
1642 1586 1709 1623 sed
1733 1585 1924 1622 infinitum
1951 1585 2128 1622 verbum.
2150 1585 2357 1634 Interponit
2384 1592 2513 1621 autern

1445 1639 1655 1688 quoddam,
1671 1638 1777 1688 quod
1795 1639 1896 1675 valet
1915 1638 1963 1676 ad
1984 1637 2227 1675 dubitationis
2247 1637 2512 1686 remotionem,

1444 1693 1620 1730 videlicet
1655 1692 1760 1742 quod
1794 1704 1938 1729 nomen
1971 1690 2161 1728 infinitum
2195 1690 2365 1740 quodam
2394 1690 2513 1728 modo

1446 1746 1631 1794 significat
1658 1758 1791 1783 unum.
1822 1746 1914 1782 Non
1952 1744 2054 1782 enim
2083 1744 2268 1793 significat
2295 1743 2514 1794 simpliciter

1444 1812 1578 1847 unum,
1600 1799 1694 1836 sicut
1714 1810 1856 1836 nomen
1876 1798 2038 1844 finitum,
2060 1798 2165 1847 quod
2193 1797 2378 1846 significat
2395 1809 2514 1835 unam

1445 1854 1610 1890 formam
1638 1852 1786 1900 generis
1813 1852 1874 1888 vel
1903 1851 2042 1900 speciei
2070 1858 2134 1888 aut
2169 1850 2283 1888 etiam
2310 1850 2512 1899 individui,

1445 1906 1513 1944 sed
1542 1906 1579 1943 in
1599 1913 1785 1955 quantum
1805 1904 1989 1953 significat
2012 1904 2254 1952 negationem
2282 1904 2429 1941 formae
2448 1903 2512 1941 ali-

1446 1959 1552 1997 cuius
1571 1959 1602 2006 ²²,
1623 1958 1661 1996 in
1681 1971 1757 2008 qua
1785 1958 1984 2006 negatione
2007 1958 2127 1994 multa
2155 1957 2398 2005 conveniunt,
2418 1956 2514 1994 sicut

1446 2013 1484 2050 in
1505 2012 1675 2062 quodam
1689 2024 1768 2049 uno
1785 2010 1997 2048 secundum
2013 2010 2210 2048 rationem.
2237 2011 2362 2048 Unum
2379 2010 2513 2048 enim*

1448 2066 1587 2103 eodem
1615 2065 1734 2102 modo
1765 2064 1899 2102 dicitur
1926 2063 2084 2113 aliquid,
2110 2063 2206 2101 sicut
2233 2071 2270 2100 et
2297 2076 2382 2109 ens‚·
2408 2063 2511 2101 unde

1446 2120 1542 2156 sicut
1568 2119 1695 2169 ipsum
1728 2130 1802 2156 non
1840 2130 1905 2155 ens
1934 2117 2067 2155 dicitur
2099 2129 2163 2154 ens
2187 2116 2221 2163 ζ,
2248 2129 2327 2155 non
2355 2116 2512 2166 quidem

1446 2314 1460 2328 »
1477 2313 1551 2330 suam
1570 2305 1648 2330 habet
1667 2302 1708 2339 (τὸ
1729 2302 1762 2339 μὴ
1782 2300 1811 2330 ὃν
1826 2302 1933 2338 βεβαίως
1952 2301 2006 2329 ἐστὶ
2027 2301 2070 2336 τὴν
2091 2301 2174 2332 αὗτρΰ
2193 2301 2266 2337 φύσιν
2285 2299 2372 2338 ἕχον),
2386 2301 2513 2335 quemad·

1446 2350 1459 2364 »
1476 2342 1585 2366 modum
1603 2349 1727 2373 magnum
1741 2345 1796 2365 erat
1810 2347 1943 2373 magnum,
1958 2339 2149 2372 pulchrumque
2163 2343 2218 2364 erat
2230 2338 2377 2372 pulchrum,
2392 2346 2422 2363 ac
2435 2338 2513 2364 etiam

1446 2387 1459 2400 ›
1476 2384 1529 2401 non
1553 2384 1678 2408 magnum
1692 2381 1718 2402 et
1731 2384 1784 2401 non
1803 2375 1950 2409 pulchrum.
1966 2375 2117 2408 Eodemque
2131 2378 2206 2407 pacto
2224 2382 2277 2399 non
2296 2381 2352 2405 ens,
2367 2373 2513 2400 secundum

1446 2423 1458 2435 »
1475 2412 1544 2437 idern
1559 2417 1620 2442 erat,
1631 2417 1656 2437 et
1670 2417 1710 2436 est
1724 2420 1776 2436 non
1791 2419 1838 2436 ens
1853 2410 1954 2444 species
1968 2418 2020 2435 una
2035 2410 2123 2435 multis
2138 2409 2193 2434 aliis
2209 2409 2312 2435 entibus
2322 2409 2511 2435 adnumerata»

1444 2446 1523 2482 (Pag.
1538 2447 1619 2472 18ο.-
1629 2447 1676 2472 Ed.
1687 2447 1727 2472 cit.
1738 2446 1843 2472 Marsilii
1857 2445 2017 2471 Ficini.-Cf.
2033 2445 2066 2471 ib.
2082 2444 2267 2476 Parmenides,
2282 2453 2341 2479 pag.
2358 2453 2367 2469 1
2377 2451 2423 2470 ¹²2
2435 2442 2512 2480 s..)

1498 2483 1564 2514 Quia
1582 2490 1645 2508 vero
1659 2491 1680 2507 s.
1690 2482 1807 2507 Thomas
1823 2482 1857 2506 lv
1871 2481 2024 2515 Metaphys.
2040 2481 2106 2511 citat,
2120 2488 2151 2506 ex
2166 2480 2249 2514 prima
2267 2481 2324 2506 eius
2343 2480 2454 2506 lectione
2485 2487 2512 2506 e-

1445 2518 1599 2543 clarabimus
1626 2518 1737 2543 formam
1756 2518 1827 2542 illam
1844 2517 1980 2550 loquendi,
2000 2524 2051 2549 qua
2073 2515 2213 2549 sophistice
2232 2516 2343 2541 abutimr
2361 2515 2512 2542 idalium·

1443 2554 1498 2586 sive
1517 2554 1691 2586 speculativus
1706 2553 1762 2578 sive
1775 2553 1886 2578 criticus.
1895 2566 1914 2571 -
1928 2552 1981 2577 Ens
1995 2551 2070 2584 igitur
2089 2551 2265 2584 multipliciter
2278 2551 2376 2582 dicitur,
2391 2550 2512 2584 quami·

1444 2597 1524 2614 omne
1543 2597 1589 2614 ens
1609 2589 1706 2614 dicatur
1724 2596 1771 2622 per
1789 2593 1937 2620 respectum
1956 2588 1988 2612 ad
2007 2594 2090 2612 unum
2109 2587 2223 2620 primum
2243 2586 2300 2619 (Cf.
2315 2586 2358 2611 lib.
2372 2586 2396 2617 1,
2410 2586 2468 2612 loct.
2479 2593 2511 2616 v,

1445 2629 1496 2649 not.
1511 2623 1549 2658 ξ).
1569 2624 1626 2648 Alia
1653 2624 1723 2649 enim
1749 2623 1866 2648 dicuntur
1888 2623 1955 2648 entia
1973 2623 2014 2648 vel
2035 2630 2105 2652 esse,
2131 2622 2192 2654 quia
2210 2629 2257 2654 per
2275 2629 2304 2646 se
2323 2621 2419 2646 habent
2437 2628 2510 2652 esse,

1445 2659 1510 2684 sicut
1528 2659 1705 2688 substantiae,
1731 2666 1797 2692 quae
1822 2658 1994 2691 principaliter
2013 2662 2038 2682 et
2055 2665 2102 2691 per
2123 2657 2193 2690 prius
2219 2657 2286 2682 entia
2311 2656 2436 2682 dicuntur.
2454 2655 2512 2682 Alia

1444 2702 1506 2719 vero
1525 2694 1643 2719 dicuntur
1663 2694 1743 2724 entia,
1768 2693 1828 2726 quia
1847 2698 1907 2718 sunt
1925 2692 2060 2726 passiones
2079 2692 2134 2717 sive
2152 2691 2322 2725 proprietates
2341 2691 2511 2722 substantiae,

1444 2730 1509 2754 sicut
1528 2729 1631 2762 propria
1650 2729 1705 2754 sive
1724 2736 1770 2761 per
1784 2736 1812 2754 se
1827 2728 1965 2753 accidentia
1984 2727 2185 2760 uniuscuiusque
2205 2726 2369 2757 substantiae,
2389 2731 2418 2752 ut
2430 2733 2511 2759 capa-

1444 2765 1511 2790 citas
1529 2764 1630 2790 sciendi
1649 2764 1673 2788 in
1692 2764 1812 2793 homine,
1837 2763 1959 2797 gravitas
1977 2763 2002 2787 in
2028 2762 2179 2796 corporibus
2198 2767 2246 2788 etc.
2271 2762 2405 2793 Quaedam
2423 2767 2511 2788 autem

1445 2800 1562 2825 dicuntur
1575 2799 1649 2830 entia,
1665 2799 1726 2832 quia
1740 2804 1802 2823 sunt
1814 2799 1854 2823 via
1868 2799 1899 2823 ad
1914 2798 2092 2830 substantiam,
2108 2797 2175 2823 sicut
2187 2802 2274 2823 motus
2289 2802 2314 2823 et
2323 2797 2510 2830 generationes,

1443 2843 1511 2868 quae
1530 2835 1681 2860 ordinantur
1699 2835 1731 2860 ad
1750 2834 1946 2867 productionem
1966 2833 2138 2864 substantiae,
2157 2833 2224 2858 sicut
2242 2833 2274 2858 ad
2297 2833 2442 2858 naturalem
2459 2837 2511 2858 ter-

1445 2871 1554 2896 minum.
1578 2870 1635 2895 Alia
1660 2875 1746 2895 autem
1772 2869 1839 2894 entia
1864 2869 1995 2900 dicuntur,
2019 2869 2080 2902 quia
2104 2874 2165 2894 sunt
2189 2868 2367 2902 corruptiones
2391 2867 2511 2894 substau-

1443 2906 1505 2931 tiae:
1525 2905 1655 2939 corruptio
1674 2905 1744 2930 enim
1757 2910 1796 2930 est
1811 2905 1917 2930 subiecti
1932 2905 2002 2937 quod
2017 2904 2189 2937 corrumpitur
2201 2903 2242 2929 via
2256 2904 2288 2929 ad
2302 2911 2354 2929 non
2368 2910 2432 2934 esse,
2446 2903 2513 2930 sicut

1443 2941 1574 2974 generatio
1593 2947 1633 2966 est
1650 2941 1690 2966 via
1710 2941 1741 2966 ad
1760 2948 1819 2966 esse
1837 2940 2007 2970 substantiae,
2026 2945 2056 2965 ut
2074 2939 2170 2965 dictum
2189 2944 2238 2964 est.
2257 2939 2290 2964 Et
2307 2939 2367 2973 quia
2380 2938 2512 2972 corruptio

1444 2977 1595 3002 terminatur
1619 2977 1651 3001 ad
1675 2976 1857 3009 privationem,
1883 2975 1948 3000 sicut
1970 2975 2101 3008 generatio
2123 2975 2155 3000 ad
2180 2975 2304 3006 sormam,
2330 2974 2512 3000 conveniemu-

1444 3012 1515 3045 ipsae
1534 3012 1610 3037 etiam
1630 3011 1784 3044 privationes
1803 3011 1946 3036 formarum
1969 3010 2175 3036 substantialium
2193 3017 2249 3036 esse
2267 3009 2394 3035 dicuntur.
2413 3009 2446 3035 Et
2463 3009 2511 3035 ito·

1443 3055 1501 3072 rum
1517 3047 1652 3080 qualitates
1670 3048 1712 3072 vel
1731 3047 1869 3072 accidentia
1891 3046 2020 3080 quaedam
2034 3046 2152 3071 dicuntur
2169 3046 2256 3076 entia,
2275 3045 2413 3083 qui-funt
2431 3045 2511 3075 letiv-

1443 3083 1485 3108 vel
1504 3083 1650 3115 generativa
1669 3082 1838 3112 substantiae,
1857 3082 1898 3106 vel
1918 3089 2008 3107 eorum
2028 3089 2094 3115 quae
2113 3081 2257 3117 secundum
2276 3080 2389 3115 aliquam
2409 3078 2511 3106 habitu·

1445 3118 1532 3143 dinem
1551 3119 1583 3143 ad
1603 3117 1771 3142 substantiam
1797 3117 1922 3142 dicuntur.
1947 3117 2010 3142 Item
2030 3117 2179 3149 negationes
2197 3124 2288 3142 eorum
2313 3123 2380 3150 quae
2397 3115 2430 3141 ad
2445 3114 2512 3147 ab*
2534 3132 2538 3138 ι

1444 3154 1563 3179 stantiam
1577 3153 1753 3178 habitudinem
1767 3153 1875 3183 habent,
1889 3153 1930 3177 vel
1945 3152 2022 3178 etiam
2038 3152 2121 3186 ipsius
2135 3152 2291 3178 substantiae
2305 3159 2365 3178 esse
2379 3151 2510 3187 dicuntae}

1444 3189 1514 3214 unde
1533 3188 1642 3213 dicimus
1661 3189 1732 3221 quod
1752 3195 1863 3214 non-ens
1886 3191 1925 3213 est
1945 3195 2072 3213 non-ens:
2090 3188 2160 3221 quod
2180 3195 2232 3213 non
2251 3187 2379 3213 diceretur
2397 3185 2446 3212 nisi
2464 3192 2510 3212 no-

1444 3224 1538 3257 gationi
1557 3224 1645 3257 aliquo
1664 3224 1742 3248 modo
1761 3231 1820 3249 esse
1840 3228 2007 3256 competeret.

1497 3260 1635 3284 Sciendum
1654 3264 1749 3290 tamen,
1769 3259 1838 3284 addit
1857 3267 1878 3283 s.
1893 3258 2019 3289 Thomas,
2039 3259 2110 3292 quod
2129 3258 2251 3291 praedicti
2270 3258 2341 3283 modi
2360 3256 2463 3283 essendi
2476 3256 2508 3282 ad

1443 3300 1554 3328 quatuor
1567 3300 1679 3328 possunt
1693 3295 1789 3320 reduci.
1804 3295 1869 3319 Nam
1881 3302 1963 3319 unum
1978 3301 2077 3325 eorum,
2093 3294 2164 3327 quod
2184 3298 2224 3319 est
2243 3301 2291 3319 ens
2312 3291 2508 3322 debilissimum,

1443 3335 1484 3356 est
1502 3335 1602 3355 tantum
1621 3330 1646 3355 in
1665 3330 1776 3360 ratione,
1796 3330 1891 3355 scilicet
1910 3329 2012 3362 negatio
2027 3335 2053 3355 et
2070 3329 2191 3363 privatio:
2214 3336 2282 3362 quaa
2301 3328 2411 3358 dicimus
2429 3326 2456 3352 in
2469 3333 2509 3352 ra-

1443 3367 1513 3391 tione
1526 3373 1593 3397 esse,
1609 3365 1669 3399 quia
1683 3366 1747 3391 ratio
1761 3366 1794 3390 de
1809 3365 1845 3390 eis
1860 3365 2004 3397 negotiatur
2018 3365 2093 3398 quasi
2106 3365 2138 3390 de
2152 3364 2310 3397 quibusdam
2324 3361 2508 3394 entibumdum

1444 3402 1476 3426 de
1494 3402 1531 3426 eis
1551 3400 1660 3426 affirmat
1678 3402 1718 3426 vel
1738 3406 1814 3433 negat
1836 3401 1932 3433 aliquid
1951 3400 2113 3434 (secundum
2132 3399 2195 3433 quid
2213 3404 2299 3424 mntem
2324 3397 2441 3424 differant
2463 3403 2508 3422 ne·

1444 3437 1511 3469 gatio
1530 3442 1556 3462 et
1574 3437 1698 3470 privatio,
1722 3437 1754 3461 cf.
1770 3436 1812 3461 lib.
1826 3437 1848 3467 1,
1873 3437 1929 3462 lect.
1945 3444 1983 3467 w,
2002 3440 2055 3461 not.
2069 3435 2113 3470 μ).
2136 3435 2214 3461 Aliud
2231 3434 2292 3460 huic
2315 3433 2463 3467 proximum
2481 3432 2508 3457 in

1444 3472 1573 3497 debilitate
1593 3477 1646 3502 est,
1665 3472 1809 3497 secundum
1834 3472 1906 3505 quod
1930 3471 2062 3504 generatio
2086 3476 2112 3496 et
2134 3469 2265 3503 corruptio
2283 3472 2310 3494 et
2327 3472 2415 3494 motus
2439 3467 2508 3493 entia

1444 3508 1576 3532 dicuntur:
1600 3507 1696 3533 habent
1720 3507 1789 3532 enim
1812 3507 1908 3540 aliquid
1931 3506 2072 3532 admistum
2097 3506 2130 3531 do
2153 3504 2295 3539 privatione
2318 3507 2345 3529 et
2361 3502 2508 3536 negatione.

1443 3543 1509 3568 Nam
1529 3548 1615 3568 motus
1635 3547 1674 3567 est
1691 3547 1764 3568 actus
1788 3542 1962 3575 imperfectus.
1982 3542 2100 3567 Tertium
2122 3545 2210 3566 autem
2234 3539 2325 3565 dieitur
2348 3538 2421 3571 quod
2445 3538 2507 3563 nihil

1443 3578 1520 3603 habet
1539 3578 1572 3603 de
1590 3583 1715 3603 non—ente
1733 3577 1888 3608 admistum,
1907 3577 1985 3602 habet
2001 3582 2090 3602 tameo
2108 3577 2168 3601 essa
2191 3573 2290 3605 debile,
2310 3573 2372 3607 quia
2395 3581 2449 3599 non
2468 3578 2508 3599 est

2541 317 2549 325 ”
2560 315 2595 338 Cf.
2606 316 2645 338 lib.
2652 317 2670 343 1,
2677 317 2753 343 lect.v,

2541 348 2564 364 n.
2574 349 2598 369 4.
2614 354 2624 359 -
2634 349 2704 365 asca:
2718 343 2754 365 di-

2541 371 2632 391 cuntur.

2642 584 2657 609 Υ

2542 689 2550 697 ·
2562 688 2623 709 Lect.
2633 694 2663 714 tv,
2675 694 2698 710 n.
2708 693 2736 716 ¹3·

2542 843 2550 851 ·
2561 847 2616 863 Aac:
2627 841 2657 863 ab
2664 841 2754 873 aliqua.

2542 879 2552 899 ⁴.
2569 874 2583 889 s
2599 876 2604 889 :
2628 874 2685 895 quta
2709 873 2756 896 per

2541 894 2756 952 zamae-{ms

2541 947 2632 975 aitqua.

2541 976 2645 1022 ἑνέἇαῖε
2667 973 2755 1002 aliquis

2640 1049 2654 1075 ὃ

2540 1163 2551 1174 ·
2561 1169 2587 1184 a:
2602 1162 2612 1183 l
2668 1163 2714 1184 mr.

2542 1190 2561 1198 ··
2572 1194 2586 1210 c
2595 1188 2683 1211 omittit
2700 1188 2754 1211 aab·

2541 1216 2610 1237 iecto.

2542 1378 2551 1388 ·
2561 1377 2612 1400 Lib.
2619 1360 2637 1403 1,
2648 1377 2700 1400 ieet.
2709 1383 2740 1400 iv.

2542 1970 2551 1978 ·
2560 1969 2597 1991 ct.
2608 1969 2662 1991 lect.
2672 1968 2720 1996 cit„
2731 1975 2754 1991 n.

2540 2001 2652 2044 βὸοάἀμ
2661 2027 2682 2044 r.
2691 2029 2697 2044 :
2709 2028 2755 2044 au-

2540 2050 2594 2071 lem.

2639 2121 2654 2151 t
