2788 4204
82 498 91 507 ⁶
110 502 126 518 n
149 502 196 518 non
217 499 294 518 recte:

80 529 142 551 quae
167 525 204 544 est
221 522 295 550 prior

80 549 167 571 altera.

79 760 214 786 'De‘cens,ex
221 759 290 781 codd.

79 866 88 876 ·
101 865 211 891 Scilicet,
234 870 262 886 ex

76 891 148 914 codd.

76 922 209 945 ‘Codd.-rt
221 921 291 946 euim,-

77 955 109 971 u:
123 948 209 976 igitur.

76 1036 86 1046 “
97 1034 172 1060 codd.
179 1040 290 1062 eumpro—

71 1061 244 1117 maxxec'.
263 1067 289 1082 s:

75 1142 86 1152 ⁹
153 1140 288 1162 d.-i²m:

75 1167 138 1190 enon

1199 303 1311 340 CAP.
1342 304 1390 350 11,

323 377 427 427 prius
454 378 551 415 inest
583 378 747 415 medium
781 375 899 426 quarn
927 379 1188 427 praedicatum
1208 387 1237 417 0‘.
1265 382 1390 418 Relin-

322 431 449 480 quitur
468 443 558 479 ergo
573 431 678 480 quod
693 431 753 467 illa
770 431 991 480 propositio,
1009 444 1085 480 qua
1105 445 1182 469 non
1199 441 1255 470 est
1274 435 1388 471 altera

321 484 425 533 prior
439 485 469 531 *,
499 484 544 520 sit
571 483 803 521 immediata.

378 538 412 574 3.
434 538 581 584 Tertio,
601 537 669 574 ibi:
689 537 898 585 Propositio
926 542 1051 574 autem
1080 544 1135 574 est
1160 546 1243 585 etc.,
1265 547 1387 576 osten-

322 590 376 627 dit
402 590 492 638 quid
525 590 571 627 sit
592 589 814 639 propositio,
835 602 934 638 quae
956 590 1109 640 ponitur
1136 591 1174 628 in
1203 591 1388 629 definitio-

320 655 368 680 ne
397 643 640 681 immediatae
676 643 956 692 propositioniS.
987 644 1036 680 Et
1074 644 1172 681 circa
1209 645 1283 681 hoc
1319 645 1388 682 tria

321 696 418 734 facit.
435 697 566 734 Primo
585 708 754 744 namque
775 697 906 734 definit
923 697 1226 746 propositionem
1246 698 1386 748 simpli-

321 749 421 797 citer,
434 749 563 786 dicens
577 750 598 770 *
612 750 717 798 quod
731 748 941 800 propositio
962 758 1018 787 est
1028 751 1387 802 RIEQEQAEZOEPHUH·

320 802 500 850 ciationis,
522 803 560 840 in
588 815 664 851 qua
691 804 931 852 praedicatur
957 799 1079 840 unum
1113 804 1160 841 de
1188 817 1279 842 uno.
1310 806 1387 842 Ha—

321 855 383 892 Bet
402 868 505 893 enlm
525 856 738 893 enunciatio
763 857 857 894 duas
876 864 1013 906 partem,
1033 857 1173 895 scilicet
1186 859 1206 879 ³⁸
1221 859 1386 895 affirma-

319 908 462 946 tionem
502 918 538 946 et
579 909 833 958 negationem.
871 910 1033 959 Oportet
1074 919 1202 948 autem
1235 912 1256 932 *
1283 912 1387 960 quod

319 962 444 999 omnis
473 963 695 1012 syllogizans
723 965 879 1000 alteram
909 975 1042 1000 earum
1069 972 1279 1019 proponat,
1309 977 1387 1002 non

318 1022 446 1052 autem
474 1025 693 1065 utramque:
722 1017 796 1054 hoc
825 1016 928 1053 enim
958 1025 1012 1053 est
1038 1017 1236 1066 proprium
1252 1019 1272 1037 ⁴
1294 1018 1386 1064 eius,

318 1068 382 1116 qui
397 1081 419 1105 a
433 1070 617 1119 principio
637 1070 900 1118 quaestionem
920 1078 1063 1107 movet.
1091 1071 1202 1108 Unde
1225 1083 1295 1119 per
1313 1071 1387 1108 hoc

317 1131 512 1170 separatur
529 1122 738 1172 propositio
753 1136 776 1159 a
794 1123 1043 1172 problemate.
1065 1123 1170 1160 Sicut
1188 1123 1302 1160 etiam
1317 1124 1337 1145 *
1349 1124 1387 1160 in

316 1187 394 1211 uno
423 1176 642 1224 syllogismo
679 1189 758 1213 non
796 1176 1030 1213 concluditur
1063 1176 1132 1212 nisi
1165 1189 1307 1223 unum,
1337 1177 1387 1213 ita

317 1236 466 1276 oportet
493 1229 597 1277 quod
616 1229 838 1278 propositio,
859 1241 958 1277 quae
983 1237 1038 1266 est
1057 1229 1263 1277 syllogismi
1285 1230 1385 1278 prin-

317 1279 470 1329 cipium,
491 1282 538 1319 sit
564 1294 652 1320 una.
674 1283 759 1321 Una
787 1290 916 1319 autem
932 1289 993 1318 est
1020 1282 1058 1318 in
1077 1294 1153 1330 qua
1182 1290 1238 1319 est
1264 1295 1385 1319 unum

220 1366 226 1373 .
273 1351 288 1367 ·-
317 1333 366 1370 de
393 1347 484 1372 uno.
513 1335 624 1373 Unde
653 1349 721 1386 per
748 1336 823 1372 hoc
851 1334 955 1383 quod
989 1335 1279 1384 Philosophus*
1297 1336 1385 1373 dicit

300 1396 438 1424 tunam
463 1387 510 1425 de
538 1400 632 1435 uno,
663 1396 858 1438 separatur
883 1388 1093 1437 propositio
1129 1389 1177 1425 ab
1207 1389 1383 1426 enuncia-

315 1439 435 1488 tione,
457 1453 555 1490 quae
585 1441 718 1479 dicitur
740 1442 887 1491 plures,
918 1441 955 1478 in
984 1454 1059 1490 qua
1087 1443 1195 1490 plura
1231 1442 1287 1493 de¹
1306 1455 1384 1479 uno

277 1521 287 1526 -
316 1494 379 1530 vel
406 1507 527 1532 unum
558 1494 605 1532 de
633 1495 802 1544 pluribus
830 1494 1205 1546 praedicatggfftzff
1222 1497 1256 1530 «ξι.
1276 1484 1380 1533 ὠμὴ

368 1560 406 1596 4.
429 1548 625 1594 Secundo,
655 1548 722 1585 ibi:
752 1545 1061 1594 Dialectica·⁷etc.,
1082 1547 1189 1596 ponit
1210 1547 1384 1584 differen-

315 1600 408 1639 tiam
443 1601 537 1638 inter
565 1601 799 1639 dialecticam
831 1601 1133 1650 propositionem
1162 1608 1198 1637 et
1226 1601 1384 1638 demon-

315 1653 527 1701 strativam,
564 1654 692 1692 dicens
721 1653 825 1703 quod
854 1666 943 1690 cum
971 1654 1179 1703 propositio
1194 1654 1215 1675 *
1228 1653 1386 1702 accipiat

315 1706 472 1744 alteram
504 1703 667 1757 partem⁴
689 1707 977 1754 enunciationis,
1012 1707 1204 1744 dialectica
1238 1707 1384 1744 indiffe-

366 1912 394 1945 a)
413 1912 484 1937 Nam
499 1912 687 1944 praedicatum
707 1911 880 1938 conclusionis
895 1915 942 1936 etc.
956 1912 996 1936 Ad
1011 1911 1208 1936 declarationem
1225 1911 1303 1936 -huius
1323 1918 1381 1943 sen-

311 1948 406 1973 tentiae
423 1947 535 1972 novitius
553 1947 739 1972 animadvertat
756 1946 797 1971 hic
815 1954 964 1972 sermonem
978 1954 1037 1971 esse
1051 1954 1103 1971 non
1117 1947 1149 1971 de
1161 1946 1321 1977 inductione,
1336 1946 1382 1971 sed

311 1983 346 2008 de
357 1983 510 2016 syllogismo
527 1982 738 2013 demonstrativo,
751 1982 795 2015 qui
810 1982 925 2015 procedit
942 1990 973 2007 ex
987 1981 1221 2013 universalior-ibus,
1237 1989 1303 2014 quae
1322 1987 1385 2010 sunt

311 2018 397 2052 priora
415 2018 502 2051 quoad
521 2023 636 2042 nostram
655 2017 827 2050 cognitionem
846 2018 1035 2049 intellectivam,
1053 2023 1082 2042 ut
1100 2018 1196 2042 dictum
1210 2022 1250 2042 est
1270 2015 1381 2052 (lect.1v,

311 2062 339 2079 n.
349 2051 405 2088 16).
419 2053 519 2078 Deinde
530 2053 579 2078 sibi
593 2059 722 2086 proponat
735 2053 803 2078 hunc
812 2054 854 2078 vel
865 2053 944 2078 alium
958 2053 1070 2078 similem
1084 2053 1281 2086 syllogismum:
1299 2052 1382 2077 Omne

310 2089 413 2114 animal
430 2092 471 2114 est
487 2089 656 2117 sensitivum,·
669 2089 717 2114 sed
735 2088 820 2114 omnis
838 2089 916 2114 homo
935 2092 974 2114 est
992 2089 1107 2117 animal,-
1121 2096 1187 2121 ergo
1206 2088 1291 2113 omnis
1303 2088 1381 2113 homo

310 2128 352 2150 eet
367 2124 518 2150 sensitivus.
532 2125 560 2148 In
579 2124 628 2148 hoc
646 2124 802 2156 syllogismo
817 2125 933 2149 medium
953 2130 992 2150 est
1005 2125 1115 2150 animal.
1134 2124 1214 2148 Porro
1227 2123 1379 2148 sensitivam

311 2160 383 2194 prius
397 2160 558 2193 praedicatur
574 2167 622 2184 seu
633 2159 701 2184 inest
719 2159 806 2184 medio
820 2160 846 2184 in
861 2160 958 2184 maiori
1023 2168 1064 2184 am
1079 2159 1194 2184 subiecto
1207 2159 1380 2183 conclusionis

311 2196 383 2229 quod
396 2201 436 2220 est
447 2195 541 2220 homo:
554 2195 671 2227 quinimo
685 2195 743 2220 ideo
753 2195 907 2220 sensitivam
922 2195 988 2220 inest
1001 2195 1096 2220 homini
1108 2195 1168 2227 quia
1180 2195 1248 2219 inest
1261 2194 1380 2225 animali,

312 2231 386 2256 cuius
404 2230 484 2255 hoino
498 2235 539 2255 est
551 2230 662 2263 species.
676 2231 728 2255 Sed
742 2231 812 2263 prius
827 2230 904 2255 etiam
919 2229 1061 2255 affirmatur
1075 2222 1257 2259 mediumff'sffu
1270 2230 1379 2257 animal,

311 2267 346 2292 de
363 2266 469 2291 homine
487 2266 513 2290 in
531 2266 643 2295 minori,
662 2274 741 2298 quam
760 2266 792 2291 de
810 2267 868 2299 ipso
887 2265 1028 2291 affirmetur
1050 2266 1203 2291 sensitivam
1227 2265 1253 2289 in
1276 2266 1380 2290 conclu-

311 2302 394 2333 sione;
406 2301 460 2326 imo
479 2306 584 2326 eatenus
598 2301 750 2326 sensitivam
763 2300 903 2326 affirmatur
922 2302 954 2326 de
973 2301 1079 2326 homine
1097 2301 1123 2326 in
1135 2301 1306 2331 conclusione,
1321 2300 1380 2333 quia

312 2338 345 2362 de
363 2337 421 2370 ipso
439 2336 545 2361 homine
558 2336 713 2362 affirmatum
727 2342 767 2362 est
779 2338 805 2362 in
820 2337 919 2362 minori
932 2337 1002 2370 quod
1017 2337 1050 2361 sit
1064 2336 1287 2361 animab—Verba
1301 2343 1379 2367 opor-

312 2376 358 2402 tet,
370 2380 455 2404 usque
469 2372 502 2396 ad
519 2372 564 2396 illa
577 2373 656 2404 prius
674 2372 742 2397 inest
761 2373 847 2398 medio
866 2380 945 2405 quam
963 2373 1080 2397 subiecto
1098 2372 1231 2402 inclusive,
1246 2372 1339 2396 desunt
1354 2371 1379 2395 in

312 2409 401 2434 codice
419 2410 448 2439 Β,
463 2409 510 2434 sed
528 2408 682 2441 supplentur
700 2408 726 2432 in
750 2413 810 2433 nota
829 2408 963 2440 marginali
977 2408 1019 2432 vel
1038 2408 1070 2432 ab
1091 2407 1148 2440 ipso
1168 2407 1318 2431 amanuensi
1337 2407 1378 2431 vel

310 2452 328 2469 a
346 2452 424 2470 manu
438 2444 554 2469 eiusdem
573 2443 690 2468 aetatisae-
700 2444 727 2467 In
742 2444 799 2468 cod.
814 2443 835 2468 C
850 2443 925 2468 lectio
940 2443 1017 2467 Piana
1033 2448 1059 2467 et
1073 2443 1147 2467 codd.
1162 2442 1259 2474 integra
1271 2441 1380 2466 refertur

311 2480 340 2505 in
358 2480 473 2512 margine
493 2478 547 2513 (fol.
566 2478 579 2503 5
602 2483 672 2509 rect„
687 2479 736 2503 col.
748 2478 793 2511 2),
813 2479 938 2503 declarata
957 2486 1004 2510 per
1021 2478 1100 2502 verba
1119 2485 1185 2510 quae
1204 2478 1268 2502 intra
1287 2485 1380 2509 paren·

310 2515 397 2540 thesin
411 2515 570 2540 claudimus:
589 2523 601 2536 κ
613 2514 679 2538 Nam
691 2514 866 2546 praedicatum
881 2513 1055 2538 conclusionis
1070 2521 1117 2545 per
1129 2513 1201 2545 prius
1216 2513 1283 2537 inest
1293 2512 1379 2537 medio

313 2559 328 2574 ι
344 2558 424 2583 quam
443 2550 559 2575 subiecto
578 2549 689 2580 (scilicet
705 2549 900 2582 conclusionis),
920 2549 960 2573 cui
979 2549 1090 2580 (scilicet
1101 2548 1217 2573 subiecto
1235 2548 1379 2573 conclusio-

312 2596 327 2609 ,
344 2585 400 2620 nis)
420 2586 497 2610 etiam
516 2593 563 2618 per
581 2585 652 2617 prius
671 2585 740 2609 inest
759 2585 874 2609 medium
899 2592 977 2617 quam
1002 2584 1176 2616 praedicatum
1200 2584 1286 2615 (idest
1308 2583 1380 2615 quod

313 2630 328 2645 ιι
344 2621 378 2647 de
399 2621 516 2646 subiecto
538 2620 712 2646 conclusionis
731 2620 811 2652 prius
830 2620 1010 2652 praedicatur
1027 2619 1143 2644 medium
1168 2626 1247 2651 quam
1267 2618 1379 2651 praedi-

313 2666 328 2680 »
341 2657 458 2688 catum).
475 2665 489 2680 s

366 2690 392 2725 β)
414 2691 493 2722 Quod
506 2699 566 2716 cum
581 2691 732 2723 propositio
747 2695 794 2715 etc.
803 2704 824 2710 --
834 2690 916 2715 Codd.
930 2690 1042 2715 AHKR:
1068 2690 1140 2722 quod
1147 2690 1299 2722 propositio
1304 2697 1313 2718 ;
1331 2690 1378 2715 sed

310 2726 363 2752 hoc
380 2727 407 2752 in
421 2734 483 2752 casu
499 2726 574 2751 AHR
593 2734 653 2756 non,
667 2726 788 2758 accipiat,
809 2726 864 2757 sed,
879 2726 983 2757 accipit,
999 2733 1058 2750 cum
1071 2726 1094 2750 K
1108 2726 1194 2758 legere
1208 2725 1339 2755 deberent,
1354 2730 1379 2750 et

311 2770 373 2788 cum
390 2762 420 2792 P,
439 2762 579 2787 dialectica
596 2765 695 2786 autem.
718 2762 784 2786 Hinc
809 2769 869 2786 cum
889 2761 908 2785 Ρ
927 2761 1038 2793 aliisque
1062 2761 1136 2785 codd.
1155 2761 1296 2786 retinemus
1318 2769 1378 2786 cum

380 2798 470 2826 esitio,
494 2802 520 2822 et
539 2797 690 2822 eorumdem
709 2797 784 2822 codd.
803 2797 952 2822 auctoritate
977 2797 1152 2829 expungimus
1168 2799 1257 2821 autem
1277 2796 1377 2821 Pianae.

312 2833 421 2866 Insuper
432 2834 456 2858 A
469 2838 496 2858 et
509 2833 575 2857 forte
587 2832 663 2857 etiam
679 2833 700 2857 B
714 2832 779 2857 infra
793 2833 894 2864 legunt:
917 2832 1091 2864 quodcunque
1109 2839 1209 2861 eorum,
1223 2832 1281 2856 loco
1295 2839 1378 2864 quan-

311 2875 413 2901 cunque
431 2875 537 2897 earum,
555 2872 586 2892 ut
609 2868 708 2900 optime
725 2868 804 2892 habet
826 2867 904 2892 Piana
923 2875 982 2892 cum
1008 2868 1064 2892 aliis
1089 2867 1322 2899 codd.—Denique
1341 2868 1377 2892 A:

310 2903 398 2929 omnis
417 2903 568 2932 dictet-tim,-
587 2902 666 2928 forte:
680 2903 831 2935 propositio
850 2903 997 2928 dialectica.

365 2939 400 2964 Ut
422 2943 510 2963 autem
533 2938 582 2963 hac
605 2938 632 2962 in
649 2946 678 2963 re
701 2939 787 2963 omnis
812 2938 960 2963 eliminetur
983 2938 1141 2966 obscuritas,
1166 2938 1303 2963 recolenda
1318 2942 1379 2962 sunt

312 2980 380 3006 quae
398 2973 508 2998 diximus
527 2973 570 2998 lib.
585 2973 595 2997 l
613 2973 676 2998 Peri
688 2974 865 3003 hermeneias,
886 2974 943 2998 lect.
955 2981 1006 3004 vu,
1026 2979 1079 2998 not.
1093 2981 1124 3006 γε
1143 2981 1238 3006 nempe
1257 2973 1378 2998 enuncia-

310 3008 409 3034 tionem
428 3013 454 3033 et
471 3008 676 3041 pmposifionem
694 3016 747 3033 non
766 3009 882 3033 subiecto
901 3016 948 3033 seu
966 3009 1069 3033 realiter
1082 3008 1148 3033 inter
1159 3016 1190 3033 se
1203 3009 1337 3041 distingui3
1353 3014 1379 3033 et

311 3044 370 3069 ideo
388 3043 537 3076 promiscue
555 3043 622 3068 sumi
635 3051 650 3068 a
664 3043 835 3076 philosophis.
854 3044 905 3069 Sed
921 3044 1068 3068 notavimus
1082 3044 1159 3068 etiam
1174 3044 1376 3076 proposit-ionem

311 3083 338 3104 et
355 3079 574 3110 enunciationem,
599 3079 659 3103 licet
676 3087 728 3103 non
752 3079 868 3109 realiter,
890 3083 977 3103 tamen
1002 3079 1192 3112 comparatione
1210 3084 1236 3104 et
1254 3079 1377 3104 relatione

310 3114 397 3147 aliqua
415 3114 524 3139 differre.
543 3114 608 3139 Nam
627 3114 772 3139 enunciatio
790 3119 831 3138 est
847 3114 929 3139 oratio
943 3114 969 3138 in
982 3122 1035 3147 qua
1048 3122 1140 3139 verum
1158 3115 1199 3139 vel
1219 3115 1313 3139 falsum
1328 3120 1376 3146 est,

310 3155 339 3174 ut
357 3150 415 3174 lect.
435 3149 475 3174 cit.
495 3149 590 3174 dictum
608 3153 661 3179 est,
680 3154 706 3174 et
723 3149 782 3174 ideo
801 3148 980 3182 complectitur
997 3150 1141 3182 quamlibet
1158 3155 1257 3181 partem
1277 3155 1375 3176 contra-

311 3185 438 3215 dictionis,
457 3184 512 3209 sive
530 3183 707 3209 affirmativam
726 3184 782 3208 sive
799 3185 953 3216 negativam,
967 3185 1024 3209 'sive
1037 3185 1210 3210 universalem
1225 3185 1281 3210 sive
1299 3185 1375 3218 parti—

311 3220 433 3250 cularem,
449 3220 504 3244 sive
520 3227 610 3244 veram
629 3219 684 3244 sive
697 3219 797 3251 falsam,
812 3219 867 3244 sive
880 3227 960 3244 unam
979 3220 1033 3245 sive
1051 3221 1147 3253 plures.
1166 3221 1216 3245 Sed
1232 3220 1375 3245 enunciatio

309 3260 352 3280 est
369 3255 512 3288 propositio
531 3255 635 3287 quando
656 3254 800 3279 assumitur
817 3259 847 3279 ut
864 3262 924 3288 pars
943 3255 1088 3287 syllogismi
1107 3256 1139 3280 ad
1157 3255 1253 3287 aliquid
1271 3256 1376 3280 conclu-

308 3291 434 3316 dendum.
453 3288 629 3315 Haeffautem
647 3289 789 3322 propositio
807 3295 852 3314 aut
869 3291 976 3315 alteram
1000 3296 1099 3323 partem
1122 3290 1309 3315 enunciationis
1329 3298 1375 3314 seu

308 3325 517 3351 contradictionis
537 3325 704 3350 determinate
722 3324 802 3349 sumit
819 3325 851 3349 ad
870 3325 967 3358 aliquid
985 3326 1183 3351 determinatum
1202 3331 1228 3350 et
1248 3330 1317 3350 certo
1336 3325 1374 3349 in-

309 3361 454 3390 ferendum,
469 3365 495 3385 et
509 3360 599 3385 dicitur
613 3360 755 3393 propositio
769 3361 981 3391 demonsuativa3
995 3366 1038 3386 aut
1051 3361 1225 3386 indifferenter
1234 3360 1377 3392 quamlibet

309 3396 495 3421 enunciationis
510 3401 609 3428 partem
623 3395 734 3420 assumit
747 3395 780 3419 ad
791 3396 999 3421 concludendum
1013 3396 1145 3429 probabile
1160 3400 1185 3420 et
1199 3395 1257 3419 ideo
1272 3402 1376 3427 semper

310 3431 444 3462 incertum,
464 3436 490 3456 et
507 3431 616 3456 habetur
634 3430 777 3463 propositio
795 3430 934 3456 dialectica.

363 3466 391 3501 γ)
411 3466 485 3492 Unde
503 3467 597 3494 etiam,
617 3469 643 3490 et
661 3466 687 3490 in
702 3465 878 3498 proponendo
896 3471 944 3491 etc.
956 3466 1037 3491 Codd.
1057 3470 1083 3490 et
1100 3465 1140 3490 ed.
1155 3464 1275 3490 a:·unde
1293 3465 1373 3490 ctiam

308 3504 338 3527 'et
356 3500 394 3536 (et
411 3502 494 3527 omitt.
513 3500 658 3533 BGHIKM)
673 3501 700 3525 in
714 3501 941 3533 propositionibus
959 3499 1006 3534 (R,
1026 3501 1052 3525 in
1073 3499 1260 3534 proponendo)
1279 3500 1375 3531 accipit

308 3540 451 3571 utramque
465 3537 643 3570 (CDEHLRS,
663 3534 826 3569 utramlibet)
841 3539 949 3568 partem
968 3536 1004 3569 (Q
1019 3543 1072 3560 om.
1078 3538 1185 3567 partem
1212 3535 1374 3567 propositio-

307 3572 352 3598 κίε
369 3573 421 3606 (Η,
439 3572 647 3599 enunciationis:
665 3572 716 3602 GS,
735 3571 973 3603 contradictionis),
994 3571 1064 3595 unde
1081 3571 1161 3595 etiam
1193 3570 1373 3600 BEHKNQT,

306 3608 382 3633 ande
394 3608 432 3642 et)
446 3607 598 3641 quaerendo
617 3607 747 3640 proponit
761 3605 806 3640 (E,
823 3605 952 3640 ponit).--
961 3606 1027 3631 Pbc:
1045 3606 1115 3631 unde
1132 3605 1212 3631 etiam
1226 3609 1253 3630 et
1267 3605 1293 3630 in
1308 3612 1373 3637 pro-

305 3643 432 3675 ponendo
445 3643 542 3676 accipit
556 3643 709 3668 utramlibet
717 3645 825 3675 partem
831 3641 1064 3670 contradictionis,
1075 3645 1101 3666 et
1115 3641 1265 3673 quaerendo
1272 3647 1373 3673 propo-

1422 304 1572 341 LECT.
1602 305 1637 341 V

1445 391 1568 420 renter
1601 384 1735 433 accipit
1763 397 2016 433 quancunque
2052 397 2183 422 earum
2203 383 2231 414 Ρ·
2248 386 2375 423 Habet
2409 386 2511 424 enim

1443 436 1546 472 viam
1566 437 1614 474 ad
1635 446 1820 486 utranque
1839 433 1986 487 partem
2007 438 2322 485 contradictionis,
2340 451 2386 475 eo
2406 440 2510 487 quod

1445 500 1489 523 ex
1516 491 1775 537 probabilibus
1803 491 1984 540 procedit.
2015 491 2125 528 Unde
2155 491 2267 527 etiam
2295 499 2331 528 et
2358 491 2396 528 in
2423 505 2510 540 pro-

1441 542 1621 588 ponendo
1654 543 1787 592 accipit
1814 544 2030 580 utramlibet
2064 551 2212 592 partem
2251 544 2511 582 contradictio-

1441 593 1498 629 nis
1527 602 1562 630 et
1595 596 1813 643 quaerendo
1846 597 2024 645 proponit
2048 601 2074 633 ⁷.
2101 597 2410 634 Demonstrativa
2443 610 2507 634 au-

1442 654 1519 682 tern
1554 649 1762 696 propositio
1797 650 1931 698 accipit
1967 650 2123 686 alteram
2151 657 2299 698 partem
2334 650 2508 687 determi-

1442 706 1546 745 nate,
1582 701 1670 748 quia
1703 714 1900 750 nunquam
1932 703 2047 739 habet
2075 703 2354 739 demonstrator
2385 702 2506 750 viam,

1442 751 1512 787 nisi
1540 752 1588 789 ad
1608 766 1744 791 verum
1770 755 2124 792 demonstrandum.
2146 755 2255 792 Unde
2276 755 2389 792 etiam
2409 768 2507 793 sem-

1441 816 1510 852 per
1537 807 1789 854 proponendo
1819 807 1952 856 accipit
1982 820 2116 845 veram
2144 817 2291 857 partem
2322 809 2506 846 contradi-

1443 857 1575 893 ctionis
1590 855 1614 895 δ.
1632 860 1791 908 Propter
1818 860 1893 899 hoc
1921 860 2033 897 etiam
2051 861 2162 898 *non
2190 861 2403 909 interrogat,
2439 862 2506 900 sed

1442 910 1566 956 sumit,
1597 912 1661 959 qui
1690 913 1934 958 demonstrat,
1965 914 2071 960 quasi
2100 922 2233 951 notum
2254 920 2276 950 ¹.

1499 964 1530 999 5.
1562 965 1713 1011 Tertio,
1752 965 1824 1002 ibi:
1858 967 2083 1002 Enunciatz'o
2111 973 2236 1003 autem
2265 975 2346 1013 etc„
2377 967 2509 1004 definit

1442 1017 1745 1054 enunciationem
1783 1030 1881 1066 quae
1918 1018 2069 1066 ponitur
2101 1019 2139 1056 in
2176 1019 2392 1056 definitione
2420 1033 2507 1069 pro-

1440 1069 1656 1117 positionis,
1692 1070 1819 1107 dicens
1857 1071 1960 1118 quod
2002 1072 2213 1109 enunciatio
2249 1073 2508 1121 complectitur

1429 1130 1625 1170 ‘utranque
1652 1131 1800 1171 partem
1830 1123 2143 1171 contradictionis,
2168 1133 2209 1161 ut
2233 1137 2277 1161 ex
2306 1126 2411 1162 dictis
2439 1139 2505 1175 pa-

1423 1174 1501 1211 'tet.
1541 1175 1643 1221 Quid
1677 1184 1804 1212 autern
1833 1177 1878 1213 sit
1907 1177 2150 1214 contradictio
2188 1177 2201 1204 t
2235 1188 2508 1226 consequenter

1441 1228 1619 1274 ostendit,
1651 1228 1779 1265 dicens
1799 1229 1905 1277 quod
1925 1230 2169 1267 contradictio
2188 1232 2208 1252 ’¹³
2230 1239 2284 1266 est
2303 1232 2503 1280 oppositio,

1441 1281 1546 1317 cuius
1565 1282 1585 1302 ³³⁶
1603 1294 1682 1318 non
1712 1290 1767 1318 est
1794 1282 1966 1319 medium
1994 1283 2205 1321 secundum
2234 1295 2285 1320 se.
2317 1285 2504 1331 Quamvis

1441 1334 1543 1370 enim
1568 1334 1587 1355 *
1616 1334 1654 1371 in
1682 1335 1893 1383 privatione
1923 1343 1959 1371 et
1986 1336 2136 1383 habitu,
2171 1345 2208 1374 et
2239 1336 2278 1372 in
2313 1338 2505 1375 contrariis

1439 1387 1668 1424 immediatis
1701 1400 1780 1424 non
1808 1388 1853 1425 sit
1881 1389 2052 1426 medium
2082 1389 2179 1426 circa
2213 1391 2503 1428 determinatum

1439 1441 1669 1487 subiectum,
1699 1449 1829 1478 tamen
1849 1449 1904 1478 est
1928 1442 2100 1478 medium
2120 1443 2351 1495 SimElletelT)
2379 1455 2469 1493 narn
2484 1445 2504 1463 ⁴*

2441 309 2511 356 157

1438 1493 1532 1542 lapis
1560 1506 1684 1542 neque
1706 1506 1851 1540 caecus,
1882 1507 2006 1542 neque
2025 1495 2160 1532 videns
2181 1503 2246 1541 est,
2278 1504 2313 1532 et
2331 1491 2506 1533 albedo}

1439 1558 1563 1594 neque
1582 1559 1665 1595 par,
1686 1559 1811 1595 neque
1830 1547 1954 1596 impar
1973 1555 2038 1584 est.
2067 1549 2115 1585 Et
2133 1549 2207 1585 hoc
2229 1550 2248 1570 '¹‘
2268 1549 2381 1594 etiam
2402 1549 2504 1597 quod

1437 1600 1580 1636 habent
1609 1599 1655 1636 de
1684 1599 1969 1637 immediatione
1999 1601 2096 1638 circa
2126 1601 2417 1639 determinatum
2446 1615 2505 1638 su-

1438 1652 1629 1699 biectum,
1667 1653 1809 1690 habent
1835 1653 1874 1689 in
1901 1662 2087 1702 quantum
2115 1654 2256 1702 aliquid
2283 1651 2506 1704 participant

1439 1695 1797 1800 contradictionisf:
1827 1719 1917 1743 nam
1945 1707 2107 1755 privatio
2128 1715 2183 1744 est
2210 1708 2358 1755 negatio
2387 1708 2426 1744 in
2445 1720 2504 1744 su-

1643 1791 1655 1793 ..
1667 1766 1715 1803 ,ss-

1660 1802 1667 1817 ᾖ
1685 1795 1723 1811 ιίγι

1748 1802 1754 1809 ’
1777 1796 1842 1829 ιΛᾏ
1879 1806 1912 1833 ‘s

1891 1827 1952 1888 J

1438 1911 1485 1936 nit.
1495 1911 1561 1936 Infra
1575 1912 1775 1936 demonstrativa
1784 1912 1927 1944 propositio
1937 1912 2112 1944 proponendo
2121 1912 2217 1944 accipit
2228 1919 2316 1937 veram
2322 1915 2430 1944 partem
2440 1920 2502 1938 con—

1436 1947 1620 1976 tradictionis;
1639 1955 1702 1978 ergo
1716 1955 1746 1972 ex
1759 1948 1880 1980 opposito
1895 1948 2032 1977 dialectica,
2046 1948 2222 1979 proponendo
2236 1948 2330 1979 accipit
2351 1948 2502 1973 utramlibet

1430 1985 1539 2013 partem
1553 1983 1779 2011 contradictionis,
1799 1986 1825 2008 et
1839 1983 1990 2014 quaerendo
2007 1983 2152 2015 proponit:
2170 1983 2370 2007 demonstrativa
2390 1991 2440 2008 non
2461 1983 2500 2007 in-

1436 2020 1570 2050 terrogat,
1589 2018 1637 2042 sed
1654 2018 1747 2047 sumit,
1767 2018 1812 2050 qui
1831 2019 2007 2045 demonstrat,
2027 2018 2104 2050 quasi
2127 2021 2218 2042 notum
2225 2025 2233 2047 ;
2252 2026 2314 2050 ergo
2333 2026 2363 2043 ex
2381 2019 2501 2050 opposito

1435 2052 1562 2077 dialectica
1572 2053 1731 2085 quaerendo,
1742 2053 1893 2078 utramlibet
1905 2053 2109 2078 contradictionis
2120 2058 2218 2085 partem
2224 2053 2502 2085 proponam-obscura

1435 2092 1475 2112 est
1493 2088 1568 2112 lectio
1587 2089 1661 2113 codd.
1679 2092 1785 2120 partem
1799 2089 1999 2121 propositionis.
2019 2088 2210 2113 Enunciationis
2225 2088 2294 2113 enim
2313 2096 2373 2121 pars
2388 2093 2427 2113 est
2440 2097 2499 2121 pro-

1435 2123 1537 2155 positio,
1553 2124 1598 2148 sed
1613 2124 1796 2156 propositionis
1811 2132 1863 2149 non
1882 2129 1922 2149 est
1939 2132 1999 2156 pars
2014 2131 2081 2157 quae
2099 2124 2132 2148 sit
2151 2123 2227 2148 etiam
2247 2124 2397 2156 propositio.
2417 2124 2499 2155 Unde,

1430 2161 1538 2190 partem
1557 2159 1750 2184 enunciationis
1769 2167 1911 2191 possumus
1930 2160 2018 2192 utique
2037 2167 2096 2183 cum
2115 2159 2138 2183 H
2158 2159 2251 2191 legere,
2267 2167 2319 2183 non
2333 2165 2419 2184 autem
2432 2167 2500 2191 par-

1435 2197 1487 2218 tem
1502 2194 1693 2226 propositionis
1713 2193 1762 2228 (Cf.
1778 2194 1842 2219 infra
1855 2195 1912 2219 lect.
1922 2194 1982 2228 m).

1487 2227 1512 2259 ὃ)
1534 2229 1604 2259 Quia
1618 2237 1761 2262 numquam
1774 2230 1853 2254 habet
1865 2230 2087 2254 demonstrator...
2102 2229 2198 2260 accipit
2213 2236 2301 2254 veram
2316 2233 2424 2261 partem
2437 2236 2498 2254 con-

1434 2264 1611 2289 tradictionis.
1631 2265 1666 2289 lta
1679 2266 1736 2289 edd.
1757 2265 1777 2289 P
1797 2270 1822 2289 et
1841 2265 1915 2295 Ven.,
1930 2273 1977 2289 nec
1991 2273 2043 2289 non
2058 2265 2131 2289 codd.
2147 2264 2211 2288 infra
2225 2264 2325 2289 citandi.
2345 2266 2371 2289 S.
2381 2264 2497 2289 Thomas

1433 2300 1541 2332 opponit
1559 2308 1712 2332 processum
1729 2300 1959 2325 demonstrativum
1979 2299 2111 2332 processui
2130 2300 2269 2324 dialectico.
2288 2300 2430 2324 Processus
2445 2300 2498 2324 dia-

1433 2335 1538 2359 lecticus
1557 2335 1589 2359 ad
1604 2340 1730 2367 utranque
1748 2340 1847 2368 partem
1867 2335 2070 2360 contradictionis
2091 2342 2138 2360 seu
2156 2335 2188 2359 ad
2208 2335 2349 2366 probabilia
2367 2335 2457 2366 tendit,
2473 2340 2499 2361 et

1433 2370 1492 2394 ideo
1511 2378 1541 2395 ex
1559 2375 1669 2402 utraque
1687 2370 1892 2395 contradictionis
1918 2376 1989 2403 parte
2014 2378 2061 2395 seu
2086 2378 2116 2394 ex
2141 2377 2194 2394 uno
2212 2370 2253 2394 vel
2278 2371 2358 2394 altero
2376 2370 2498 2403 probabi·

1434 2405 1496 2429 lium
1515 2406 1694 2438 oppositorum
1708 2406 1835 2440 roedit3
1854 2413 1993 2438 processus
2012 2411 2098 2430 autem
2118 2405 2334 2430 demonstrativus
2349 2406 2450 2430 nonnisi
2465 2406 2497 2430 ad

1432 2448 1526 2471 unum,
1547 2448 1599 2465 non
1618 2440 1750 2473 probabile
1765 2441 1811 2466 sed
1825 2446 1922 2466 certum
1937 2446 1963 2466 et
1976 2448 2067 2465 verum
2081 2441 2223 2470 ordinatur;
2239 2440 2301 2472 erg'o
2315 2441 2346 2465 ab
2361 2449 2414 2465 uno
2428 2446 2497 2466 certo

1433 2481 1458 2500 et
1474 2484 1537 2501 vero
1556 2481 1651 2500 movet.
1670 2476 1745 2501 Unde
1769 2484 1908 2509 processus
1934 2476 2079 2501 dialecticus
2098 2483 2129 2500 ex
2153 2475 2329 2508 probabilibus
2354 2477 2497 2508 procedens

1433 2516 1472 2536 est
1490 2512 1522 2536 de
1536 2519 1588 2535 uno
1607 2512 1638 2536 ad
1658 2512 1723 2536 duo:
1743 2517 1782 2536 est
1800 2512 1884 2541 enim,
1903 2512 1985 2544 inquit
2003 2519 2024 2536 s.
2039 2511 2163 2541 Thomas,
2184 2511 2216 2535 de
2234 2511 2364 2543 principiis
2383 2512 2415 2536 ad
2435 2520 2495 2536 con-

1433 2547 1575 2571 clusionem
1594 2555 1652 2571 cum
1673 2547 1809 2571 formidine
1827 2547 1931 2571 alterius
1946 2546 2117 2571 conclusionis
2132 2546 2279 2579 oppositae;
2293 2552 2318 2571 et
2332 2546 2368 2571 sic
2388 2552 2449 2571 sunt
2462 2547 2496 2571 ibi

1431 2582 1487 2612 tria,
1507 2582 1661 2614 principium
1680 2582 1776 2607 scilicet
1794 2588 1819 2607 et
1838 2583 1903 2607 duae
1922 2582 2109 2611 conclusiones,
2130 2587 2155 2606 et
2173 2589 2224 2606 una
2243 2582 2381 2612 conclusa,
2405 2587 2430 2606 et
2449 2582 2496 2606 alia

1432 2617 1567 2643 formidata
1582 2617 1631 2651 (Cf.
1645 2617 1670 2642 in
1683 2618 1692 2642 1
1712 2618 1753 2642 De
1767 2617 1866 2646 anima,
1878 2618 1935 2642 lect.
1950 2625 1984 2648 1v,
1999 2617 2070 2642 circa
2081 2615 2301 2651 finem).·-C0dd.
2320 2617 2494 2642 ACDEGHIL

1432 2653 1484 2677 ΜΟ
1503 2652 1598 2678 habent
1616 2661 1676 2677 cum
1696 2653 1786 2677 Plana:
1805 2653 1857 2678 nisi
1878 2653 1915 2677 ad
1938 2660 2028 2677 verum
2044 2653 2289 2681 demonstrandum,
2309 2658 2334 2677 et
2357 2653 2432 2677 codd.
2453 2653 2496 2677 BC

1432 2688 1684 2718 DEGHIMNOQST
1704 2696 1763 2713 cum
1783 2688 1891 2713 eadem:
1913 2688 2010 2720 accipit
2033 2695 2122 2712 veram
2142 2691 2289 2720 partem.-
2302 2688 2325 2712 K
2344 2688 2437 2712 dubius
2457 2694 2497 2712 est

1433 2724 1518 2755 quoad
1535 2724 1644 2756 primam
1663 2728 1763 2756 partem
1782 2723 1847 2755 (nisi
1859 2724 1896 2748 ad
1911 2724 2029 2755 verum)‚·
2047 2728 2072 2748 et
2091 2724 2177 2756 quoad
2196 2725 2302 2748 alteram
2321 2728 2420 2756 partem
2439 2723 2495 2755 (ac-

1431 2759 1496 2790 cipit
1515 2760 1617 2791 ueram)
1637 2759 1706 2783 dubii
1725 2764 1784 2783 sunt
1803 2759 1877 2783 codd.
1897 2760 1950 2784 AL.
1969 2759 2047 2791 Igitur
2066 2759 2139 2784 codd.
2159 2759 2229 2784 BNR
2247 2764 2316 2783 certo
2341 2759 2436 2790 legunt,
2459 2758 2496 2783 ad

1432 2802 1530 2823 unum,·
1548 2799 1574 2819 et
1591 2794 1666 2819 codd.
1685 2794 1741 2824 KR,
1759 2794 1857 2826 accipit
1880 2802 1976 2819 unam:
1994 2794 2088 2827 quibus
2103 2794 2231 2819 accenseri
2250 2799 2359 2826 possunt
2374 2793 2495 2818 lectiones

1431 2829 1523 2854 dubiae
1537 2830 1647 2854 aliorum
1660 2830 1833 2854 codd-Bona
1847 2835 1887 2854 est
1899 2830 1973 2854 lectio
1987 2830 2025 2854 ad
2039 2837 2129 2854 verum
2143 2829 2388 2856 demonstrandum,
2403 2837 2494 2861 quam-

1430 2865 1470 2890 vis
1490 2865 1614 2898 acceptari
1633 2865 1716 2898 possit
1739 2865 1814 2890 lectio
1833 2866 1906 2890 codd.
1925 2865 2002 2889 BNR.
2018 2865 2052 2890 Ut
2065 2865 2133 2890 enim
2154 2865 2217 2895 dixi,
2242 2865 2267 2889 in
2287 2864 2335 2888 hoc
2354 2869 2394 2888 est
2408 2864 2495 2888 discri-

1431 2908 1492 2926 men
1511 2900 1577 2926 inter
1595 2901 1842 2925 demonstrationem
1867 2906 1892 2925 et
1914 2900 2095 2932 syllogismum
2114 2900 2287 2930 dialecticum,
2307 2900 2376 2932 quod
2398 2899 2441 2923 illa
2464 2907 2494 2924 ex

1429 2944 1483 2960 uno
1501 2936 1626 2969 principio
1644 2936 1731 2960 tendat
1749 2936 1781 2960 ad
1799 2944 1882 2960 unum
1901 2941 1970 2960 certo
1989 2936 2209 2965 concludendum,
2229 2935 2277 2960 iste
2296 2940 2381 2959 autem
2398 2942 2428 2959 ex
2441 2942 2493 2958 uno

1430 2971 1557 3004 probabili
1576 2972 1609 2996 ad
1627 2971 1679 2996 duo
1697 2971 1820 3004 pervenit,
1840 2979 1953 3003 quorum
1972 2979 2052 2995 unum
2071 2976 2111 2995 est
2129 2971 2260 2995 conclusio
2280 2970 2359 3000 illata,
2383 2970 2493 2994 alterum

1430 3012 1470 3031 est
1489 3006 1622 3031 conclusio
1641 3006 1783 3031 formidata.
1803 3006 1891 3031 Lectio
1910 3006 2015 3038 insuper
2032 3006 2129 3037 accipit
2147 3013 2227 3030 unam
2245 3008 2353 3037 partem
2373 3005 2493 3029 sustineri

1430 3047 1523 3074 potest,
1533 3042 1568 3066 ob
1583 3042 1700 3070 eamdem
1716 3042 1872 3074 assignatam
1887 3042 2192 3066 rationem.—Notandum
2208 3041 2319 3072 denique
2333 3040 2403 3072 quod
2418 3040 2492 3065 codd.

1429 3077 1745 3107 ABCDEIKLMNOQST
1763 3077 1857 3101 habent
1871 3080 1978 3108 partem
1990 3076 2182 3108 propositionis
2199 3077 2255 3100 loco
2264 3079 2371 3107 partem
2386 3079 2492 3100 contra-

1430 3113 1566 3141 dictionis,
1586 3118 1615 3137 ut
1633 3112 1710 3137 habet
1728 3113 1806 3137 Piana
1820 3120 1880 3136 cum
1899 3112 1962 3136 GH:
1982 3120 2061 3144 quam
2080 3112 2215 3136 lectionem
2234 3111 2374 3136 retinemus
2393 3111 2426 3135 ob
2450 3118 2494 3135 ra-

1428 3148 1525 3172 tionem
1543 3148 1700 3179 assignatam
1715 3147 1741 3172 in
1756 3147 1880 3180 superiori
1894 3152 1954 3172 nota
1967 3147 2018 3180 (Cf.
2030 3147 2128 3172 Albert.
2143 3147 2227 3178 Magn.
2241 3147 2267 3170 in
2281 3147 2291 3170 I
2305 3146 2406 3171 Poster.
2425 3153 2491 3171 ana-

1428 3184 1511 3216 lytic„
1527 3188 1597 3208 tract.
1610 3184 1638 3214 ll,
1659 3191 1714 3215 cap.
1726 3182 1773 3214 ιν).

1481 3218 1504 3250 ε)
1524 3218 1579 3242 Sed
1596 3218 1677 3243 sumit
1691 3222 1739 3243 etc.
1758 3218 1794 3242 lta
1812 3218 1887 3242 codd.
1901 3217 2274 3247 ABDEHIKLNQST.-Cod.
2293 3217 2327 3241 C:
2346 3216 2394 3241 sed
2410 3216 2492 3242 sumit

1428 3253 1493 3285 quid
1506 3253 1583 3285 quasi
1597 3253 1765 3278 notum—E:
1780 3253 1857 3285 quasi
1871 3253 2014 3278 nota.—.O:
2029 3253 2076 3277 sed
2089 3252 2170 3277 sumit
2184 3252 2229 3284 qui
2238 3252 2403 3276 demonstrat
2416 3251 2492 3284 quasi

1422 3295 1475 3320 per
1493 3295 1520 3313 se
1539 3291 1663 3313 notum.—
1675 3288 1758 3312 PMR:
1776 3288 1824 3313 sed
1841 3288 1922 3312 sumit
1941 3287 2012 3319 quod
2030 3288 2194 3312 demonstrat
2217 3287 2293 3319 quasi
2310 3290 2410 3311 notum.

1480 3322 1506 3355 ζ)
1528 3323 1600 3353 Quid
1617 3326 1706 3348 autem
1724 3323 1760 3347 sit
1777 3323 1954 3348 contradictio
1974 3328 2022 3347 etc.
2041 3323 2122 3347 Codd.
2141 3323 2199 3346 AB:
2220 3322 2281 3353 quia
2302 3329 2364 3346 vero
2381 3325 2488 3347 contra-

1428 3358 1509 3383 dictio
1523 3358 1636 3390 ponitur
1650 3358 1676 3382 in
1691 3357 1843 3390 definitione
1856 3357 2056 3385 enunciationis,
2071 3357 2136 3389 quid
2153 3357 2188 3382 sit
2206 3357 2382 3382 contradictio
2400 3364 2491 3382 conse--

1428 3397 1545 3425 quenter.
1565 3393 1663 3423 Verba,
1683 3393 1746 3425 quia
1764 3399 1826 3417 vero
1844 3400 1929 3425 usque
1942 3393 1974 3417 ad
1993 3393 2184 3417 enunciationis
2203 3392 2328 3417 inclusive
2341 3392 2488 3417 desideran-

1427 3434 1469 3453 tur
1489 3428 1514 3452 in
1533 3428 1588 3452 aliis
1608 3428 1681 3452 codd.
1701 3432 1726 3452 et
1744 3428 1770 3452 in
1789 3428 1847 3452 edd.
1865 3427 1942 3452 Piana
1955 3433 1980 3452 et
1993 3428 2066 3457 Ven.,
2081 3427 2106 3451 in
2119 3427 2225 3459 quibus,
2240 3427 2389 3460 postpositis
2409 3427 2490 3452 citatis

1428 3463 1526 3493 verbis,
1547 3463 1632 3487 statim
1651 3462 1769 3495 incipitur
1787 3462 1912 3487 sententia
1930 3462 1980 3487 hoc
1999 3463 2094 3487 modo:
2114 3463 2178 3494 quid
2195 3466 2284 3487 autem
2302 3463 2337 3487 sit
2354 3463 2490 3488 contradi-

1427 3499 1479 3524 ctio
1499 3503 1546 3523 etc.
1565 3498 1695 3527 Causalis,
1714 3505 1781 3530 quae
1799 3497 1825 3522 in
1844 3497 1930 3522 verbis
1949 3498 2023 3522 codd.
2042 3498 2087 3521 AB
2106 3498 2264 3529 continetur,
2286 3506 2338 3522 non
2357 3499 2426 3523 male
2443 3506 2489 3531 ap—

1426 3533 1546 3565 ponitur,
1566 3533 1627 3565 quia
1645 3541 1665 3557 s.
1676 3532 1792 3558 Thomas
1811 3533 1919 3565 explicat
1932 3540 1977 3559 cur
1995 3529 2027 3557 de
2039 3533 2249 3558 contradictione
2261 3533 2434 3566 Philosophus
2448 3533 2490 3559 hic

1428 3569 1536 3595 disserat
1542 3576 1550 3596 ,·
1569 3573 1680 3593 attamen
1699 3568 1730 3592 ab
1749 3567 1796 3592 hac
1816 3567 1924 3592 lectione
1940 3568 1986 3592 AB
2005 3568 2148 3600 adoptanda
2166 3568 2335 3599 abstinemus,
2354 3574 2409 3593 tum
2428 3569 2490 3601 quia

1428 3603 1503 3628 lectio
1522 3604 1598 3628 Pinna
1617 3603 1656 3628 his
1669 3611 1736 3636 quae
1748 3603 1894 3628 immediate
1912 3603 2068 3635 praecedunt
2085 3603 2152 3628 bene
2171 3604 2336 3634 connectitur,
2355 3609 2411 3628 tum
2427 3604 2489 3637 quia

1427 3647 1475 3671 pro
1494 3646 1523 3664 se
1541 3638 1618 3663 habet
1635 3638 1810 3663 auctoritatem
1828 3638 1946 3663 omnium
1963 3637 2044 3663 ferme
2063 3638 2189 3663 codicum.

2631 859 2646 884 δ

2535 895 2562 914 'n
2570 901 2574 914 :
2582 899 2657 921 quare
2665 896 2734 916 etiam
2741 911 2747 916 .

2632 930 2643 946 ε

2631 1166 2680 1179 ,κ’

2532 1181 2620 1202 fs*
2635 1184 2649 1213 t

2534 1242 2542 1250 “
2558 1240 2718 1262 Contradictio

2532 1273 2580 1288 om.
2596 1273 2745 1293 occetano-r.

2532 1298 2540 1306 ·
2551 1303 2681 1319 neemiam:
2697 1299 2742 1320 cui.

2532 1342 2569 1361 'aa
2575 1347 2621 1362 om.
2629 1342 2710 1363 emim.-
2717 1349 2742 1364 r:

2531 1366 2554 1396 in
2566 1367 2654 1389 habitu.

2522 1410 2560 1420 2,-
2579 1399 2667 1418 ine--

2533 1703 2541 1709 “
2556 1708 2584 1723 a:
2605 1702 2634 1723 de
2651 1705 2738 1724 natura

2532 1728 2639 1750 contrad.

2754 1119 2784 1132 a<

2671 1129 2739 1167 ..³¹1⁹st
2751 1132 2754 1135 ·
2778 1133 2785 1151 ι

2534 1446 2541 1453 ·
2551 1451 2571 1466 1:
2586 1448 2618 1466 ut.
2767 1457 2771 1475 3

2503 1492 2517 1495 “
2532 1495 2643 1547 ἷδῖἂὶῐῖ-
2654 1499 2745 1523 :Fut-⁷
2761 1487 2785 1531 ⁴(

2533 1556 2539 1562 “
2547 1533 2626 1575 lgddd.
2634 1565 2644 1570 -
2653 1561 2727 1575 maim
2737 1563 2742 1576 :

2533 1579 2576 1601 hoc
2589 1581 2668 1601 etiam.
