2548 4192
913 271 968 307 IN
999 271 1036 307 S.
1059 270 1299 307 THOMAM
1327 271 1652 318 AQUINATEM

182 365 197 380 ι
219 352 308 382 aliter
329 350 409 381 levia
427 348 665 390 (philosophiae
678 349 901 379 Aristotelicae
916 349 1062 389 exempla
1079 358 1180 389 aequo
1191 359 1251 388 pa-

182 409 196 423 »
219 397 314 427 tiaris
331 394 456 435 animo)
476 400 606 433 propter
622 393 777 423 diversam
798 400 944 424 naturam
963 393 1138 433 utriusque.
1160 393 1251 423 Unde

181 452 196 468 »
219 446 250 471 et
272 439 439 470 hominem
462 438 501 468 ad
524 437 677 468 iustitiam
701 445 809 468 movet
833 438 1011 468 secundum
1035 437 1252 467 conditionem

182 497 196 512 »
219 491 350 515 naturae
372 482 541 513 humanae.
567 482 678 512 Homo
702 489 810 512 autem
826 482 1002 512 secundum
1019 481 1181 521 propriam
1198 491 1251 511 na-

182 541 197 557 »
219 535 324 559 turam
347 527 452 564 habet,
476 526 562 566 quod
583 527 625 556 sit
648 526 740 556 liberi
757 527 903 556 arbitrii.-
926 533 956 556 et
979 526 1052 556 ideo
1076 526 1108 555 in
1129 535 1178 562 eo,
1195 525 1251 566 qui

182 585 197 601 »
219 572 313 603 habet
336 581 433 602 usum
456 570 544 600 liberi
569 570 696 608 arbitrii,
722 581 788 600 non
807 570 842 601 fit
858 570 960 600 motio
981 580 999 600 a
1018 570 1086 600 Deo
1104 570 1143 599 ad
1162 569 1251 600 iusti-

181 628 196 644 »
219 616 307 654 tiam,
331 616 450 656 absque
468 619 555 645 motu
572 615 665 645 liberi
680 615 817 645 arbitrii.
837 615 898 645 Sed
913 614 957 645 ita
972 614 1112 644 infundit
1128 614 1251 644 donum

181 673 196 688 ›
219 660 336 701 gratiae
367 658 585 697 iustificantis,
610 659 699 699 quod
723 659 817 690 etiam
841 659 937 689 simul
961 669 1035 689 curn
1058 658 1120 689 hoc
1144 666 1252 690 movet

181 718 196 733 »
219 705 356 735 liberum
375 703 539 734 arbitrium
556 703 600 733 ad
614 703 733 734 donum
749 705 880 744 gratiae
895 703 1126 744 acceptandum
1142 703 1174 733 in
1191 703 1249 741 his,

180 761 196 777 ›
219 749 274 790 qui
290 755 365 779 sunt
379 748 475 778 huius
491 747 642 778 motionis
658 758 795 788 capaces.
809 760 823 775 a>
843 748 971 778 Motum
985 748 1082 778 istum
1099 754 1129 778 et
1143 755 1250 778 actum

178 793 267 824 liberi
289 793 405 824 arbitrii
422 792 522 832 magis
545 799 582 823 ut
604 792 759 832 explanet,
777 792 907 832 inquirit
930 799 985 823 art.
1002 803 1045 830 1v,
1069 792 1183 822 Utrum
1207 792 1251 822 ad

178 838 435 879 iustificationem
461 837 550 876 impii
573 838 761 877 requiratur
783 842 888 867 motus
901 837 986 878 fidei
994 837 1012 867 ,9
1038 849 1052 864 «
1071 836 1250 867 Dicendum

180 893 195 909 ι
219 881 361 923 (inquit)
386 881 475 922 quod
499 880 579 911 sicut
603 881 723 911 dictum
743 888 789 911 est
808 879 885 923 (art.
896 891 1008 921 praec.
1026 879 1074 922 111)
1091 886 1195 911 motus
1213 881 1250 910 li-

180 938 195 953 »
215 927 284 957 beri
302 926 430 957 arbitrii
449 926 618 966 requiritur
632 926 672 958 ad
685 924 942 956 iustificationem
956 925 1057 965 impii,
1074 925 1251 955 secundum

180 983 195 999 :a
218 971 307 1012 quod
330 981 420 1001 mens
444 970 584 1001 hominis
608 977 755 1000 movetur
769 980 787 999 a
803 970 884 1000 Deo.
908 970 995 1000 Deus
1019 976 1127 999 autem
1142 975 1252 999 movet

181 1027 195 1042 υ
218 1015 359 1046 animam
373 1014 525 1052 hominis,
541 1014 754 1045 convertendo
770 1024 840 1044 eam
855 1014 895 1044 ad
914 1014 1066 1053 seipsum,
1086 1019 1123 1043 ut
1138 1013 1252 1043 dicitur

180 1072 195 1087 ι
218 1060 251 1090 in
274 1060 355 1090 Psal.
371 1069 484 1090 Lxxxtv
507 1057 600 1101 (vers.
617 1056 652 1100 7)
676 1058 853 1088 secundum
876 1057 971 1088 aliam
989 1058 1125 1088 litteram
1149 1055 1253 1098 (apud

181 1116 196 1132 »
217 1105 437 1144 Augustinum
462 1109 493 1134 et
515 1103 648 1142 antiqua
672 1100 874 1143 Psalteria).·
892 1102 982 1132 Deus
1006 1107 1040 1132 tu
1064 1106 1252 1131 convertens

181 1161 196 1176 »
219 1148 393 1188 vivificabis
408 1157 475 1178 nos.
496 1147 537 1177 Et
552 1147 625 1176 ideo
641 1146 681 1176 ad
697 1145 954 1176 iustificationem
972 1145 1063 1185 impii
1083 1144 1253 1185 requiritur

179 1204 194 1220 ι»
217 1199 326 1222 motus
349 1191 481 1228 mentis,
505 1200 571 1231 quo
596 1190 789 1221 convertitur
811 1190 844 1220 in
867 1190 984 1220 Deum.
1008 1189 1114 1219 Prima
1143 1195 1251 1219 autem

156 1252 158 1254 -
179 1248 195 1264 »
218 1235 383 1267 conversio
415 1235 448 1266 in
471 1234 644 1266 Deum'fit
673 1245 729 1275 per
752 1234 868 1274 fidem,
899 1234 1077 1264 secundum
1109 1232 1188 1263 illud
1212 1233 1252 1262 ad

178 1291 193 1308 2
216 1280 379 1311 Hebraeos
394 1290 437 1316 x1,
452 1290 481 1310 v.
493 1280 528 1310 6:
553 1279 762 1310 Accedentem
786 1279 830 1309 ad
843 1279 949 1308 Deum
966 1283 1090 1318 oportet
1108 1277 1250 1314 credere,

179 1337 194 1353 ²>
216 1326 293 1366 quia
307 1330 364 1363 est.
379 1325 426 1357 Et
443 1324 516 1354 ideo
540 1330 648 1354 motus
667 1322 741 1353 fidei
757 1322 925 1363 requiritur
941 1322 981 1352 ad
996 1321 1252 1352 iustificationem

150 1386 156 1387 ν
179 1364 346 1409 Υίπιρῖἰῖἶ»
373 1368 454 1399 Heic
478 1378 545 1398 non
569 1367 649 1398 sistit
672 1367 815 1397 doctrina
833 1367 991 1397 Thomae.
1017 1367 1098 1396 Rem
1113 1365 1250 1406 splendi-

177 1413 248 1444 dius
273 1413 409 1444 declarat
440 1419 496 1443 art.
519 1423 539 1442 v
562 1411 742 1452 inquirens,
780 1411 895 1442 Utrum
919 1411 963 1442 ad
995 1410 1250 1451 iustificationem

177 1459 267 1498 impii
290 1458 478 1498 requiratur
500 1462 606 1487 motus
628 1456 721 1486 liberi
743 1456 871 1486 arbitrii
894 1456 926 1485 in
941 1460 1110 1495 peccatum
1123 1454 1142 1485 Ξ)
1163 1454 1251 1484 Nihil

175 1502 333 1533 haesitans
349 1502 486 1532 aientem
503 1500 692 1532 sententiam
702 1500 838 1540 profert:
859 1513 874 1528 ι
887 1499 1078 1537 Dicendum,
1090 1500 1248 1539 inquiens,

179 1558 195 1575 υ
217 1546 340 1588 quod...
365 1545 546 1577 iustificatio
570 1545 661 1585 impii
680 1552 726 1575 est
745 1545 875 1585 quidam
893 1551 1012 1582 motus,
1029 1553 1095 1584 quo
1110 1543 1256 1573 humana

179 1603 195 1620 ι»
217 1601 308 1622 mens
332 1597 479 1629 movetur
502 1600 520 1620 a
542 1590 612 1620 Deo
628 1599 646 1619 a
661 1596 743 1620 statu
767 1588 886 1629 peccati
911 1588 945 1618 in
961 1594 1078 1618 statum
1102 1587 1247 1618 iustitiae.

178 1648 195 1664 2
217 1635 355 1676 Oportet
378 1634 474 1674 igitur
495 1634 586 1675 quod
608 1634 749 1664 humana
766 1643 856 1663 mens
880 1643 913 1663 se
935 1632 1049 1662 habeat
1072 1632 1111 1662 ad
1127 1639 1249 1662 utrum-

178 1691 194 1708 ,
217 1689 280 1721 que
303 1686 519 1710 extremorum
540 1678 715 1709 secundum
741 1683 859 1708 motum
885 1677 977 1707 liberi
999 1676 1142 1714 arbitrii,
1168 1676 1249 1707 sicut

179 1737 195 1753 2
217 1734 251 1755 se
273 1724 368 1755 habet
390 1733 517 1764 corpus,
541 1722 682 1753 localiter
705 1729 832 1752 motum
851 1722 890 1752 ab
907 1721 1015 1762 aliquo
1031 1726 1192 1758 movente,
1210 1721 1249 1751 ad

179 1781 194 1797 ιι
217 1769 300 1800 duos
323 1768 476 1799 terminos
507 1774 625 1798 motus.
659 1766 865 1797 Manifestum
889 1771 935 1796 est
958 1771 1076 1802 autem,
1100 1765 1133 1794 in
1157 1771 1248 1795 motu

179 1826 195 1842 ιι
217 1813 311 1844 locali
335 1821 519 1853 corporum,
542 1811 632 1852 quod
655 1820 771 1850 corpus
794 1817 923 1840 motum
946 1809 1062 1840 recedit
1077 1819 1096 1839 a
1111 1809 1247 1839 termino

179 1870 195 1886 ι
216 1867 236 1888 a
257 1867 336 1899 quo,
361 1863 391 1887 et
414 1856 533 1887 accedit
555 1856 596 1886 ad
619 1854 791 1885 terminum
815 1854 855 1884 ad
878 1864 986 1895 quem.
1007 1853 1099 1884 Unde
1123 1860 1250 1894 oportet

177 1914 194 1930 ι
216 1902 307 1943 quod
329 1911 420 1932 mens
442 1901 594 1938 humana,
619 1900 698 1929 dum
721 1898 917 1936 iustificatur‚
931 1908 995 1938 per
1013 1903 1132 1928 motum
1157 1898 1250 1928 liberi

179 1958 195 1975 »
217 1947 346 1978 arbitrii
377 1945 502 1976 recedat
525 1954 543 1974 a
566 1950 695 1984 peccato
720 1949 751 1974 et
773 1943 900 1974 accedat
923 1943 963 1972 ad
985 1941 1148 1973 iustitiam.
1187 1943 1248 1973 Re-

177 2003 195 2020 v
217 2000 323 2022 cessus
346 1996 454 2020 autem
477 1995 508 2020 et
531 1998 674 2019 accessus
690 1988 722 2018 in
740 1993 827 2018 motu
843 1987 936 2018 liberi
953 1987 1082 2017 arbitrii
1097 1986 1249 2026 accipitur

178 2047 194 2063 ι
216 2034 395 2066 secundum
417 2033 656 2064 detestationem
682 2039 712 2063 et
734 2032 938 2062 desiderium.
963 2031 1048 2062 Dicit
1071 2031 1157 2061 enim
1179 2033 1248 2062 Au-

178 2092 194 2108 »
217 2079 362 2121 gustinus
379 2076 480 2121 (tract.
491 2077 592 2108 XLVI
603 2077 636 2107 in
651 2077 709 2115 Io.‚
721 2086 810 2107 num.
827 2075 861 2119 8)
879 2085 1039 2116 exponens
1054 2075 1144 2113 illud,
1159 2077 1248 2106 Mer-

177 2137 194 2152 a·
217 2124 369 2156 cenarius
386 2127 493 2153 autem
508 2121 624 2163 fugit:
640 2121 834 2162 Affectiones
851 2126 982 2151 nostrae
1001 2125 1106 2150 motus
1125 2121 1248 2151 animo-

179 2181 194 2196 »
218 2178 291 2199 rum
314 2173 400 2198 sunt.
425 2167 575 2203 Laetitia,
600 2167 702 2196 animi
724 2165 888 2206 diffusio...
913 2166 1019 2201 timor,
1040 2165 1142 2194 animi
1153 2164 1247 2206 suga

178 2225 194 2241 ι
217 2218 296 2244 est...
321 2211 536 2252 Prvgrederis
551 2211 670 2248 animo,
688 2220 759 2241 cum
777 2210 900 2250 appetis
909 2209 1026 2250 :fugis
1039 2210 1158 2246 animo,
1176 2219 1247 2240 cum

178 2270 194 2285 a>
217 2257 342 2288 metuis.
376 2256 513 2296 Oportet
545 2254 640 2295 igitur
663 2254 752 2295 quod
775 2254 808 2284 in
840 2252 1062 2285 iustificatione
1094 2253 1184 2293 impii
1209 2253 1249 2283 sit

177 2313 192 2329 ι·
215 2306 320 2332 motus
344 2300 436 2332 liberi
458 2300 586 2330 arbitrii
608 2299 740 2340 duplex:
765 2308 860 2337 unus,
885 2308 951 2339 quo
969 2307 1033 2338 per
1053 2297 1247 2328 desiderium

178 2358 194 2374 »
216 2346 325 2377 tendat
347 2345 380 2375 in
404 2344 463 2375 Dei
486 2344 658 2374 iustitiam:
683 2350 714 2374 et
736 2343 827 2381 alius,
852 2353 918 2383 quo
942 2343 1117 2373 detestetur
1140 2352 1247 2382 pecca-

177 2401 193 2417 »
215 2397 296 2422 tum.
311 2402 326 2417 ι
353 2389 535 2429 Utrumque
557 2398 633 2418 vero
658 2395 765 2418 actum
788 2398 853 2417 una
877 2386 1011 2418 caritatis
1034 2386 1133 2416 virtus
1164 2397 1247 2416 exer-

176 2441 244 2466 cet:
272 2447 287 2462 <
309 2434 470 2471 Quoniam
504 2433 544 2462 ad
572 2433 718 2463 eamdem
749 2432 899 2463 virtutem
931 2430 1065 2471 pertinet
1097 2431 1247 2471 prosequi

178 2490 194 2506 ι»
216 2489 320 2510 unum
339 2477 564 2518 oppositorum
581 2484 611 2507 et
627 2477 769 2516 refugere
788 2476 877 2506 aliud
891 2475 944 2518 (ut
961 2476 1008 2506 ait
1026 2476 1092 2514 ipse
1112 2475 1249 2506 Tkomas

178 2535 194 2550 ι
216 2523 260 2554 ad
281 2521 318 2565 1).
344 2522 385 2552 Et
407 2521 480 2552 ideo
504 2521 585 2551 sicut
603 2521 643 2551 ad
657 2521 816 2551 caritatem
836 2521 971 2560 pertinet
986 2519 1114 2558 diligere
1130 2519 1247 2559 Deum,

179 2579 195 2595 ›
217 2567 261 2598 ita
283 2567 379 2597 etiam
403 2565 547 2596 detestari
570 2572 707 2606 peccata,
732 2574 789 2605 per
811 2574 894 2605 quae
917 2563 1023 2594 anima
1046 2570 1208 2603 separatur
1230 2574 1248 2594 a

179 2624 195 2640 »
217 2612 298 2642 Deo.
313 2624 328 2638 »
354 2610 566 2640 Disertissime
587 2609 732 2640 Thomas
756 2609 849 2640 docet
871 2609 903 2639 in
927 2607 1018 2648 impii
1042 2607 1248 2638 conversione

176 2662 208 2686 et
229 2654 452 2686 iustificatione
475 2661 604 2684 motum
626 2653 743 2694 requiri
767 2659 798 2683 et
820 2660 928 2684 actum
954 2651 1044 2682 liberi
1067 2651 1195 2690 arbitrii,
1210 2652 1247 2682 li-

173 2700 283 2731 beram
305 2699 403 2730 fidem
426 2699 459 2729 in
483 2699 608 2735 Deum,
634 2698 765 2728 liberam
788 2698 847 2729 Dei
871 2697 1092 2734 dilectionem,
1117 2696 1248 2726 liberam

174 2744 417 2775 detestationem
439 2743 568 2784 peccati.
595 2743 686 2780 Quae
711 2752 786 2773 curn
809 2742 851 2773 ita
866 2741 1031 2782 splendida
1047 2740 1119 2779 sint,
1137 2750 1247 2771 caecu-

173 2788 256 2820 tierit
278 2788 414 2819 Zornius
438 2794 584 2828 oportet,
609 2787 677 2817 imo
711 2786 886 2817 deliraverit
915 2792 1016 2818 sectae
1048 2785 1247 2825 praeiudiciis

173 2839 359 2873 occupatus,
383 2832 499 2863 thesim
522 2831 669 2862 Thomae
693 2831 844 2869 tribuens,
865 2841 948 2872 quae
970 2831 1128 2860 hominem
1146 2840 1246 2861 enun-

175 2877 236 2908 ciat
259 2878 292 2907 in
317 2878 445 2917 negotio
469 2877 687 2907 conversionis
704 2877 835 2916 passive
857 2885 892 2906 se
914 2875 1042 2905 habere.

243 2921 295 2950 III.
320 2921 416 2951 Recte
438 2920 583 2951 sentienti
598 2920 746 2950 Thomae
769 2920 802 2950 in
826 2930 865 2950 eo
889 2920 1049 2959 dogmate,
1074 2919 1164 2959 quod
1179 2929 1246 2958 gra-

175 2964 238 2995 tiae
262 2964 386 2994 divinae
409 2964 626 2995 necessitatem
656 2970 775 3004 spectat
798 2964 838 2994 ad
857 2971 944 2994 actus
969 2964 1140 2993 exerendos
1164 2963 1245 2995 salu-

175 3014 268 3046 tares,
292 3008 390 3038 veluti
412 3009 629 3038 adversantem
652 3008 774 3039 inducit
794 3008 946 3039 Scotum:
975 3020 989 3035 α
1003 3008 1136 3038 Ioannes
1156 3008 1247 3038 Duns

180 3064 195 3079 ν
218 3052 343 3090 Scotus‚
368 3053 525 3094 inquiens,
551 3050 611 3082 fuit
633 3059 670 3082 ut
692 3053 725 3082 in
749 3052 827 3090 aliis,
851 3052 893 3082 ita
916 3052 975 3082 hac
997 3061 1128 3092 quoque
1150 3052 1183 3082 in
1203 3062 1246 3090 re,

179 3108 194 3123 ›
217 3097 256 3126 ab
280 3106 319 3126 eo
343 3096 562 3126 dissentiens...
586 3096 741 3127 Docuisse
764 3097 917 3126 nimirum
941 3096 1074 3126 Scotum
1098 3096 1246 3126 nonnulli

178 3151 196 3168 i>
218 3141 386 3170 observant
399 3138 485 3182 (vide
499 3140 719 3171 Chemnitium
734 3141 811 3171 Loc.
822 3140 975 3179 theolog„
987 3141 1075 3170 Loco
1086 3140 1134 3170 De
1146 3140 1246 3170 libero

180 3197 195 3212 ³>
218 3184 357 3222 arbitrio,
378 3194 446 3224 cap.
461 3181 544 3226 vm):
561 3184 719 3215 Homines
741 3186 812 3215 sine
832 3185 944 3225 gratia
964 3189 1103 3214 naturae
1126 3185 1247 3214 viribus

180 3241 196 3256 x·
212 3238 310 3269 posse
332 3238 484 3259 exercere
506 3238 603 3268 opera
619 3229 787 3259 moraliter
804 3229 898 3266 bona,
915 3229 1029 3269 quihus
1046 3229 1087 3259 de
1101 3238 1246 3269 congruo

180 3286 196 3301 >›
219 3278 406 3304 mereantur
419 3273 562 3313 gratiam
573 3278 706 3313 gratum
712 3272 893 3313 facientem
902 3280 913 3303 .·
923 3272 1027 3302 addita
1039 3272 1172 3308 ratione,
1185 3274 1247 3302 nisi

180 3330 196 3345 a
212 3322 359 3358 ponatur
381 3318 530 3347 meritum
555 3318 703 3357 congrui,
730 3327 792 3348 non
810 3326 908 3357 posse
929 3317 1035 3346 Deum
1058 3316 1189 3356 defendi
1206 3316 1247 3346 ab

180 3374 196 3389 »
218 3362 400 3401 acceptione
408 3370 636 3401 personarum.
653 3360 729 3397 Quo
745 3361 816 3401 ipso
833 3371 851 3390 a
865 3359 1031 3399 Pelagiana
1045 3360 1164 3390 haeresi
1180 3370 1246 3390 non

179 3418 196 3433 ιι
218 3406 331 3446 procul
355 3416 387 3436 se
407 3406 513 3435 abesse
529 3405 650 3434 Doctor
672 3405 895 3436 subtilissimus
919 3403 992 3434 satis
1015 3411 1144 3435 testatus
1161 3410 1216 3434 est.
1229 3416 1243 3431 »

179 3450 260 3488 Quis
285 3460 429 3491 unquam
453 3449 666 3488 excogitasset,
690 3448 767 3479 haec
790 3449 823 3478 in
841 3457 1056 3489 programma
1081 3457 1177 3477 suum
1199 3447 1246 3477 in—

178 3494 262 3525 trudi
277 3494 422 3524 aZornio
440 3493 591 3534 potuisse,
603 3494 727 3523 variam
749 3493 888 3523 Thomae
891 3492 1067 3533 fortunam
1084 3493 1116 3521 in
1132 3492 1248 3522 scholis

179 3539 436 3579 Pontificiorum,
455 3538 649 3578 praesertim
677 3537 856 3574 Gallorum,
882 3534 1058 3566 enarranti?
1081 3536 1172 3572 Quae
1195 3545 1246 3566 ve-

179 3583 238 3613 luti
260 3583 347 3614 Scoti
371 3584 465 3614 verba
489 3592 525 3612 ex
549 3581 732 3612 Chemnitio
761 3581 951 3619 afferuntur,
975 3581 1085 3611 locum
1108 3579 1247 3610 indicant

178 3626 211 3657 in
236 3627 278 3658 IV
302 3627 404 3667 Sent.,
429 3627 499 3657 dist.
520 3636 589 3665 xrv,
616 3636 670 3666 qu.
694 3636 716 3656 n
739 3625 794 3656 ubi
818 3625 861 3656 sic
890 3625 933 3655 ait
955 3625 1076 3655 Doctor
1105 3623 1246 3654 subtilis:

2275 283 2382 310 CCCIX

1308 362 1322 377 e:
1344 350 1525 381 Peccator...
1543 357 1648 390 potest
1663 360 1705 380 ex
1721 349 1924 380 naturalibus
1939 359 2014 380 cum
2030 349 2195 380 communi
2210 349 2375 381 influentia

1307 406 1321 420 »
1345 394 1541 425 considerare
1558 401 1723 435 peccatum
1740 394 1959 432 commissum,
1971 400 2007 424 ut
2016 393 2206 424 offensivum
2222 394 2281 424 Dei
2298 401 2328 425 et
2344 401 2381 426 ut

1307 450 1322 464 »
1345 446 1454 469 contra
1468 439 1572 479 legem
1589 439 1739 477 divinam,
1757 445 1788 469 et
1803 445 1839 469 ut
1854 438 2032 469 aversivum
2048 448 2067 468 a
2082 438 2163 476 Deo,
2181 444 2212 468 et
2228 445 2264 468 ut
2278 438 2379 478 impe-

1307 494 1322 509 »
1345 483 1480 513 ditivum
1503 483 1645 524 praemii,
1670 490 1701 514 et
1723 490 1759 514 ut
1780 483 1980 513 inductivum
1996 481 2191 522 supplicii...
2209 482 2250 512 Et
2273 489 2379 522 potest

1307 538 1321 553 w
1344 527 1491 558 voluntas
1514 528 1622 568 ipsum
1644 528 1703 558 sub
1723 527 1828 568 aliqua
1843 527 1970 558 inarum
1985 527 2178 557 rationum...
2198 526 2376 558 detestari...

1307 583 1321 597 ²>
1344 571 1452 602 Potest
1475 572 1570 602 etiam
1592 572 1650 602 ista
1674 571 1837 602 detestatio
1862 582 1927 602 esse
1951 571 2088 602 totaliter
2111 570 2377 601 circumstantiata

1307 627 1321 641 ›>
1345 615 1583 646 circumstantiis
1606 615 1780 646 moralibus
1799 615 1956 646 debitis...
1982 616 2041 646 Iste
2065 621 2173 646 autem
2194 621 2303 645 motus
2328 614 2378 644 di-

1307 671 1321 686 »
1345 659 1425 690 citur
1447 660 1574 698 attritio,
1599 667 1630 691 et
1653 667 1699 691 est
1722 660 1887 700 dispositio
1912 660 1975 690 sive
1991 661 2140 690 meritum
2164 659 2205 689 de
2227 668 2374 699 congruo

1306 715 1320 729 »
1344 704 1384 734 ad
1407 704 1598 734 deletionem
1621 705 1740 745 peccati
1763 704 1949 735 mortalis...
1974 704 2007 734 Si
2031 710 2077 734 est
2100 703 2215 734 attritio
2235 702 2372 743 perfecte

1307 759 1320 773 »
1345 748 1608 779 circumstantiata
1630 748 1663 779 in
1687 758 1798 788 genere
1822 748 1938 786 moris,
1962 748 2086 778 videtur
2109 747 2243 778 omnino
2268 747 2374 787 dispo-

1307 803 1321 818 »
1344 792 1415 823 sitio
1440 792 1596 823 sufficiens
1620 793 1660 823 ad
1689 792 1860 831 iustitiam,
1884 792 1917 823 in
1939 792 2075 823 termino
2099 791 2182 822 illius
2206 790 2373 822 attritionis

1307 847 1321 862 »
1344 836 1602 877 acquirendam...
1626 837 1686 867 Vel
1709 837 1794 867 enim
1811 843 1936 876 oportet
1954 836 2066 874 dicere,
2084 836 2173 876 quod
2189 834 2375 866 iustificetur

1307 892 1322 906 ι»
1344 887 1489 921 peccator
1513 880 1579 910 sine
1602 880 1692 911 omni
1716 880 1921 920 dispositione
1941 880 2106 911 sufficienti
2121 881 2161 911 de
2177 889 2322 920 congruo
2337 890 2376 910 ex

1307 936 1321 951 »
1344 931 1431 965 parte
1455 924 1536 954 eius:
1561 931 1592 955 et
1614 934 1670 964 per
1693 934 1891 964 consequens
1915 924 2048 964 difficile
2071 930 2118 955 est
2138 924 2266 961 salvare,
2284 924 2375 964 quod

1307 981 1322 996 »
1344 968 1432 1008 apud
1443 969 1548 999 Deum
1566 978 1629 998 non
1644 969 1686 998 sit
1701 970 1841 1008 acceptio
1852 978 2123 1008 personarum...»
2139 967 2374 1008 Animadverte,

1304 1013 1436 1042 minime
1467 1011 1570 1042 fidum
1602 1012 1698 1042 fuisse
1721 1011 1894 1043 Chemnitii
1922 1013 2081 1043 calamum
2111 1012 2143 1043 in
2177 1012 2374 1052 decerpendo

1305 1056 1391 1087 Scoti
1414 1063 1515 1087 textu:
1548 1056 1720 1097 ipsumque
1748 1056 1786 1086 de
1810 1066 1870 1086 suo
1900 1056 2055 1086 addidisse
2085 1056 2180 1086 verba
2211 1056 2281 1094 illa,
2305 1058 2376 1087 sine

1304 1101 1427 1141 gratia,
1446 1107 1477 1130 et
1491 1099 1554 1138 illa,
1580 1110 1642 1130 non
1662 1105 1768 1140 potest
1781 1101 1872 1130 Deus
1890 1100 2029 1141 defendi.
2055 1100 2187 1131 Scotum
2202 1110 2298 1130 suum
2314 1111 2374 1141 pro

1304 1144 1385 1174 virili
1408 1144 1530 1174 nobiles
1554 1143 1621 1174 eius
1646 1144 1791 1184 discipuli
1806 1144 2021 1174 vindicarunt:
2047 1144 2183 1184 satisque
2197 1153 2375 1175 memorare

1305 1188 1383 1218 mihi
1411 1188 1504 1218 fuerit
1527 1188 1666 1227 Vegam,
1695 1187 1877 1226 Delfinum,
1902 1188 2112 1219 Faventinum
2143 1195 2173 1219 et
2195 1189 2375 1219 Antonium

1305 1232 1490 1272 Hiquaeum
1522 1232 1555 1262 in
1586 1232 1696 1262 latiore
1724 1232 1791 1262 eius
1821 1232 1885 1262 loci
1913 1232 2150 1263 commentario.
2190 1232 2375 1263 Admonent

1305 1286 1438 1314 omnes,
1463 1276 1584 1307 viribus
1617 1276 1821 1307 naturalibus
1843 1276 1998 1306 addidisse
2031 1276 2179 1306 subtilem
2201 1276 2375 1307 Doctorem

1305 1320 1498 1360 praesidium
1521 1321 1711 1361 influentiae
1733 1322 1926 1351 communis:
1950 1327 1980 1351 et
1997 1320 2078 1351 hanc
2098 1321 2299 1360 influentiam
2314 1320 2375 1351 Dei

1304 1365 1377 1395 ideo
1393 1375 1593 1396 communem
1611 1365 1737 1403 dictam,
1754 1365 1843 1405 quod
1858 1365 2033 1395 secundum
2051 1365 2154 1405 legem
2170 1364 2372 1395 ordinariam

1304 1410 1433 1440 divinae
1446 1410 1623 1450 sapientiae
1637 1409 1736 1440 datur
1752 1411 1843 1440 iuxta
1855 1410 2052 1450 exigentiam
2069 1418 2198 1446 causae,
2209 1414 2239 1439 et
2253 1410 2374 1449 operis,

1304 1459 1335 1485 et
1358 1455 1484 1484 motivi:
1506 1454 1651 1494 adeoque
1675 1454 1807 1484 demum
1830 1453 1945 1484 auxilia
1960 1453 2075 1493 gratiae
2090 1453 2212 1483 divinae
2236 1463 2302 1483 non
2323 1462 2373 1483 ex-

1304 1498 1399 1529 cludi.
1423 1499 1543 1529 Textus
1567 1498 1699 1529 afferunt
1722 1498 1943 1539 quamplureS,
1968 1498 2023 1538 qui
2047 1504 2188 1528 mentem
2211 1497 2297 1527 Scoti
2321 1507 2375 1537 pa-

1303 1542 1463 1580 tefaciunt,
1484 1542 1657 1582 Pelagianis
1677 1542 1865 1573 commentis
1882 1542 2016 1572 omnino
2033 1542 2205 1572 adversam.
2230 1541 2318 1572 Haec
2335 1551 2375 1571 ne

1303 1587 1487 1618 intellexerit
1509 1584 1662 1617 Zornius?
2229 1584 2231 1586 ’

1692 1718 1890 1755 CAPUT
1920 1718 1988 1755 IV.

1302 1823 1341 1847 De
1359 1822 1448 1848 schola
1462 1823 1645 1855 Nominalium,
1660 1831 1726 1856 quos
1737 1832 1751 1848 a
1765 1823 1908 1848 Thomistis
1923 1823 1991 1848 male
2004 1822 2105 1847 habitos
2120 1822 2154 1847 ait
2167 1822 2285 1847 Zornius.
2299 1822 2374 1846 Ioan-

1374 1866 1435 1884 nem
1449 1859 1600 1884 wesselum
1615 1858 1747 1884 confundit
1765 1867 1823 1884 cum
1843 1860 1937 1884 Ioanne
1956 1859 1988 1883 de
2005 1858 2146 1883 Wessalia:
2168 1858 2240 1882 cuius
2255 1865 2372 1882 errorum

1374 1895 1527 1927 proscriptio
1545 1895 1611 1919 iusta
1629 1895 1780 1920 ostenditur.
1799 1895 1882 1919 Verae
1901 1902 1930 1919 ac
1948 1894 2046 1919 solidae
2064 1893 2199 1926 Aquinatis
2218 1893 2314 1918 laudes.
2329 1893 2374 1918 Di-

1375 1931 1452 1955 cteria
1467 1931 1553 1955 Zornii
1572 1931 1597 1955 in
1615 1931 1758 1956 Ecclesiam
1773 1930 1925 1955 Romanam.
1945 1929 2034 1963 Iniqua
2047 1929 2247 1954 lansenistarum
2267 1936 2375 1961 compa-

1374 1966 1438 1991 ratio
1457 1974 1516 1991 cum
1535 1966 1718 1991 Dominicanis.

1302 2080 1325 2111 I.
1430 2080 1525 2112 Scoto
1542 2080 1673 2112 transilit
1689 2081 1741 2111 ille
1755 2081 1796 2111 ad
1804 2080 2003 2112 Nominales:
2025 2080 2170 2117 Quorum
2181 2078 2372 2114 doctrinam,

1429 2125 1481 2163 ait,
1506 2126 1582 2166 ipsis
1604 2126 1788 2156 auctoribus
1814 2126 1958 2166 Collegio
1974 2130 2004 2155 et
2018 2124 2185 2154 Facultate
2199 2122 2374 2153 Parisiensi

1302 2170 1419 2207 eiectis,
1431 2170 1559 2210 publice
1575 2171 1714 2210 proponi
1737 2175 1906 2201 vetuerunt
1930 2168 2126 2199 Thomistae.
2151 2168 2240 2198 Tum
2260 2177 2296 2197 ex
2311 2168 2371 2198 Ba-

1301 2213 1387 2244 luzio
1419 2214 1500 2244 libro
1532 2215 1574 2245 IV
1602 2215 1879 2245 Miscellaneorum
1908 2213 2123 2255 defensionem
2148 2212 2369 2242 Nominalium

1301 2257 1404 2296 refert,
1424 2259 1585 2289 Ludovico
1600 2259 1656 2289 XI
1669 2257 1766 2301 (anno
1789 2256 1884 2300 1473)
1901 2258 2050 2295 oblatam,
2068 2257 2122 2297 qui
2134 2257 2372 2296 postulantibus

1307 2303 1490 2340 ssomistis,
1519 2302 1636 2333 Oltami
1664 2309 1693 2333 et
1716 2303 1936 2333 Nominalium
1967 2302 2063 2332 libros
2086 2310 2103 2331 e
2124 2301 2240 2332 scholis
2270 2302 2370 2331 elimi-

1302 2347 1425 2378 nandos
1448 2347 1603 2379 edixerat.
1628 2347 1795 2387 Ignoscant
1813 2346 1902 2384 mihi,
1919 2345 1944 2376 si
1959 2345 2064 2385 vagari
2080 2355 2188 2385 cogor,
2204 2351 2371 2385 vagantem

1302 2397 1338 2421 ut
1360 2391 1508 2432 insequar
1530 2391 1660 2422 Petrum
1681 2391 1845 2422 Zornium.
1871 2391 2019 2430 Ignarum
2035 2399 2067 2420 se
2082 2390 2210 2429 praebet
2225 2389 2371 2420 adversae

1302 2434 1467 2475 fortunae,
1492 2446 1591 2476 quam
1614 2446 1725 2476 passus
1749 2442 1796 2466 est
1819 2435 2009 2466 Guillelmus
2033 2433 2193 2472 Okamus‚
2219 2433 2275 2474 qui
2297 2439 2372 2473 post

1302 2479 1520 2511 Roscellinum
1544 2480 1845 2520 Compendiensem,
1860 2478 2080 2510 Nominalium
2097 2478 2239 2508 scholam
2263 2477 2371 2508 erexit:

1306 2537 1320 2552 ι
1339 2525 1395 2555 Vir
1418 2526 1549 2566 quidem
1581 2525 1658 2556 acris
1686 2524 1803 2564 ingenii
1827 2530 1891 2554 erat
1915 2523 2061 2564 (minime
2083 2527 2264 2562 suspectum
2298 2522 2371 2552 Wa-

1306 2582 1320 2597 ›>
1341 2570 1433 2610 dingi
1457 2571 1670 2601 testimonium
1690 2570 1797 2609 accipe
1813 2570 1844 2599 in
1869 2565 2072 2608 bibliotheca)
2097 2566 2152 2597 sed
2175 2566 2306 2597 minime
2321 2576 2371 2596 so-

1305 2626 1319 2641 »
1342 2614 1414 2644 brii:
1439 2615 1512 2654 plus
1536 2614 1622 2645 enim
1644 2614 1770 2644 volebat
1793 2623 1900 2653 sapere
1924 2622 2023 2653 quam
2046 2611 2226 2651 oportebat,
2251 2620 2309 2640 nec
2334 2610 2371 2641 ti-

1304 2670 1318 2685 »
1341 2659 1423 2690 muit
1445 2659 1478 2689 in
1502 2659 1626 2690 caelum
1657 2668 1694 2688 os
1725 2667 1822 2688 suum
1845 2667 1963 2697 ponere
1991 2663 2022 2687 et
2045 2665 2164 2686 sacram
2197 2654 2371 2694 deprimere

1305 2715 1318 2730 >>
1341 2703 1560 2742 pontificiam,
1584 2702 1784 2743 nimiumque
1808 2701 1955 2732 extollere
1982 2699 2217 2740 imperatoriam
2240 2698 2370 2738 dignita-

1303 2759 1318 2773 »
1340 2754 1416 2779 tem.
1450 2747 1612 2788 insipienti
1639 2747 1708 2777 zelo
1733 2753 1763 2777 et
1795 2746 1888 2776 nimis
1912 2744 2032 2775 ardenti
2063 2743 2228 2774 defendere
2259 2742 2369 2773 volens

1303 2803 1318 2818 »
1340 2792 1563 2823 Franciscanae
1587 2790 1778 2832 paupertatis
1802 2789 2026 2827 excellentiam,
2051 2787 2164 2819 timens
2187 2787 2322 2818 incidere
2336 2787 2369 2816 in

1304 2849 1318 2864 »
1341 2847 1455 2874 manus
1479 2836 1604 2867 Ioannis
1622 2836 1709 2866 XXII
1726 2835 1816 2865 valde
1840 2833 1985 2865 contrarii
2001 2833 2164 2863 Minorum
2187 2831 2367 2869 sententiae,

1304 2894 1318 2908 ²
1341 2881 1422 2922 fugit
1445 2891 1520 2912 cum
1543 2880 1695 2911 Michaele
1719 2879 1890 2910 Caesenate
1913 2878 1953 2908 ad
1976 2877 2177 2908 Ludovicum
2199 2876 2367 2914 Bavarum,

1304 2938 1318 2953 »
1341 2926 1398 2966 qui
1420 2932 1497 2956 tunc
1516 2925 1684 2956 Caesarem
1707 2924 1831 2964 agebat:
1856 2922 2041 2965 scripsitque
2064 2921 2307 2960 intemperanter
2322 2919 2368 2949 ni-

1304 2982 1318 2996 »
1341 2970 1401 3000 mis
1425 2977 1533 3000 contra
1557 2970 1718 2999 Ioannem.
1731 2980 1745 2994 »
1772 2967 1900 2997 Patebat
1918 2973 2056 2996 attamen
2069 2971 2143 3005 post
2159 2964 2225 2995 eius
2244 2964 2369 2994 obitum

1302 3015 1410 3045 schola
1432 3013 1667 3044 Nominalium:
1685 3012 1741 3053 qui
1757 3011 1876 3041 nedum
1890 3009 2084 3047 Thomistas,
2102 3009 2156 3039 sed
2172 3008 2267 3039 etiam
2282 3007 2369 3038 Scoti

1301 3059 1433 3089 asseclas
1457 3058 1600 3098 aliosque
1628 3055 1830 3087 scholasticos
1854 3054 1935 3085 nacti
1966 3060 2039 3083 sunt
2062 3053 2263 3083 adversarios.
2293 3052 2368 3082 Plus

1301 3113 1405 3144 aequo
1429 3113 1503 3132 vero
1528 3101 1665 3132 faventes
1680 3100 1807 3131 Okamo
1824 3106 1854 3129 et
1870 3098 1994 3128 Ioannis
2018 3098 2104 3128 XXII
2124 3096 2296 3127 memoriae
2310 3096 2369 3126 ini-

1301 3148 1428 3188 quiores
1453 3146 1548 3176 fuisse
1572 3152 1715 3176 auctores
1739 3143 1954 3180 articulorum,
1980 3141 2035 3182 qui
2059 3152 2143 3172 anno
2174 3141 2254 3182 1473
2272 3140 2369 3170 oblati

1301 3192 1429 3222 fuerunt
1438 3190 1516 3229 Regi
1527 3188 1782 3221 christianissimo
1794 3186 1958 3217 Ludovico
1969 3186 2022 3224 XI,
2034 3186 2100 3216 sine
2110 3185 2248 3225 partium
2263 3184 2368 3215 studio

1301 3235 1462 3266 adnotavit
1483 3233 1602 3264 Natalis
1620 3232 1796 3263 Alexander
1814 3231 1847 3260 in
1861 3230 2001 3261 Historia
2024 3230 2131 3260 eccles.
2157 3229 2272 3259 saeculi
2295 3228 2367 3258 XIII

1301 3287 1331 3310 et
1346 3279 1430 3316 XIV,
1448 3278 1548 3317 capite
1558 3288 1588 3315 v,
1603 3284 1659 3307 art.
1670 3287 1713 3307 111.
1730 3275 1950 3306 Nominalium
1965 3274 2128 3304 historiam
2144 3273 2234 3303 molli
2251 3280 2281 3303 et
2295 3282 2368 3312 pro-

1301 3334 1400 3363 penso
1412 3323 1533 3353 calamo
1544 3327 1647 3351 narrat
1657 3320 1788 3351 Iacobus
1799 3319 1974 3349 Bruckerus
1984 3318 2017 3347 in
2028 3317 2167 3348 Historia
2179 3316 2282 3347 critica
2297 3316 2366 3355 phi-

1300 3366 1465 3406 losophiae
1489 3373 1579 3396 tomo
1599 3365 1658 3402 111,
1683 3363 1814 3403 periodo
1831 3374 1870 3400 11,
1890 3369 1977 3402 parte
1994 3362 2037 3399 11,
2061 3362 2142 3391 libro
2163 3361 2204 3398 II,
2231 3370 2298 3399 cap.
2315 3371 2366 3398 111,

1301 3411 1439 3442 sectione
1454 3420 1506 3447 m,
1523 3409 1550 3449 ἓ.
1571 3409 1622 3438 28.
1641 3408 1708 3438 Cur
1731 3417 1796 3437 non
1814 3416 1900 3444 vero,
1918 3416 1992 3435 cum
2015 3405 2232 3442 Melanchton,
2249 3411 2285 3434 ut
2299 3404 2367 3444 ipse

1301 3455 1353 3492 ait,
1370 3454 1530 3484 Lutherus
1553 3453 1671 3492 aliique
1693 3450 1917 3481 Nominalibus
1940 3449 2057 3480 addicti
2080 3449 2213 3479 essent?
2234 3450 2278 3478 At
2299 3448 2367 3488 ipse

1302 3500 1432 3529 demum
1451 3497 1536 3528 testis
1552 3503 1598 3526 est
1613 3502 1704 3526 tomo
1721 3495 1773 3532 IV,
1793 3493 1925 3533 periodo
1941 3504 1990 3531 111,
2011 3500 2098 3533 parte
2113 3493 2141 3531 l,
2158 3492 2238 3522 libro
2255 3492 2297 3531 II,
2318 3502 2367 3522 ca-

1301 3543 1365 3583 pite
1380 3553 1412 3580 11,
1429 3542 1457 3581 ξ.
1471 3549 1505 3581 9;
1525 3541 1622 3571 Ηαηε
1637 3539 1772 3579 denique
1788 3542 1905 3568 sectam
1922 3539 1950 3568 si
1965 3547 2027 3567 non
2044 3542 2142 3567 totam
2159 3537 2366 3577 expiravisse,

1301 3592 1386 3618 certe
1409 3586 1452 3616 ad
1474 3586 1586 3615 incitas
1615 3583 1793 3619 redactam,
1819 3587 2012 3612 momentum
2037 3591 2099 3611 non
2123 3582 2262 3621 amplius
2285 3581 2370 3611 inter

1301 3631 1504 3662 scholasticos
1527 3629 1718 3659 recentiores
1741 3627 1868 3657 mereri.
