2548 4192
979 254 1034 290 IN
1066 254 1104 290 S.
1128 253 1371 290 THOMAM
1398 253 1724 301 AQUINATEM

242 330 472 370 comparanda3
497 330 658 372 simulque
681 331 876 362 subiicienda
900 332 1042 363 Caietani
1067 331 1317 369 animadversio,

241 381 278 406 ut
293 374 460 406 difficultas
475 375 583 406 omnis
597 383 771 407 evanescat.
790 376 840 407 Sic
856 376 899 407 ait
912 376 965 407 ille
976 377 987 407 I
1000 387 1078 417 par„
1091 387 1121 418 q.
1134 387 1196 414 th,
1212 382 1267 407 art.
1283 377 1315 406 3:

237 419 428 459 Respondeo
442 420 624 457 dicendum,
642 420 729 460 quod
743 421 832 451 circa
847 421 908 451 hoc
923 422 1088 452 invenitur
1103 422 1225 462 duplex
1239 430 1317 451 san-

238 469 363 494 ctorum
379 465 557 495 Doctorum
573 465 750 495 sententia:
765 466 822 495 illa
840 471 947 496 tamen
958 466 1160 506 probabilior
1177 465 1313 503 videtur,

237 508 324 548 quod
344 509 466 549 Angeli
488 509 586 539 simul
609 518 681 540 cum
709 515 863 540 creatura
888 520 1044 551 corporea
1071 516 1149 541 sunt
1172 511 1313 540 creati...

236 554 384 593 quamvis
407 554 608 584 contrarium
638 563 701 584 non
730 555 773 584 sit
800 555 1015 595 reputandum
1046 565 1228 586 erroneum.
1260 554 1315 584 Ait

235 606 312 627 vero
336 597 369 627 in
392 597 602 638 Expositione
629 597 751 638 primae
774 598 961 630 Decretalis:
997 612 1012 627 α
1029 599 1121 630 Alius
1146 599 1205 629 fuit
1229 608 1314 629 error

239 653 254 668 ιν
277 641 424 681 Origenis
448 642 617 682 ponentis,
643 643 734 684 quod
756 643 844 674 Deus
868 654 886 673 a
910 643 1067 684 principio
1092 643 1206 674 creavit
1230 643 1313 673 solas

239 698 254 713 ι
277 685 454 726 spirituales
471 693 643 725 creaturas;
668 694 699 718 et
714 694 825 728 postea
844 688 1038 729 quibusdam
1054 698 1164 719 earum
1180 697 1312 728 peccan-

238 743 254 758 »
276 730 372 769 tibus,
397 731 512 761 creavit
535 741 680 772 corpora,
705 732 822 773 quibus
846 732 937 774 quasi
961 733 1154 774 quibusdam
1177 732 1312 762 vinculis

237 786 253 802 ιι
275 774 453 815 spirituales
476 775 669 806 substantiae
693 777 912 817 alligarentur3
931 787 967 807 ac
984 777 1009 807 si
1029 777 1209 817 corporales
1228 786 1312 807 crea—

237 832 253 846 »
274 826 364 850 turae
387 829 455 850 non
478 819 596 851 fuerint
611 831 648 851 ex
665 821 831 862 principali
850 821 909 852 Dei
932 821 1110 852 intentione
1125 821 1311 862 productae,

237 876 252 891 1»
274 864 350 905 quia
373 864 498 895 bonum
527 872 608 896 esset
635 875 687 896 eas
715 873 798 904 esse;
827 866 883 896 sed
906 866 1014 897 solum
1042 866 1083 896 ad
1110 865 1311 907 puniendum

236 921 252 936 2
274 915 441 949 peccatum
465 909 678 949 spiritualium
709 917 934 949 creaturarum,
960 921 1035 941 curn
1054 917 1161 941 tamen
1189 910 1312 940 dicatur

235 965 252 980 ιν
274 953 407 984 Genesis
431 961 458 984 1:
494 954 577 985 Vidit
602 955 694 986 Deus
717 960 854 993 cuncta,
886 964 970 996 quae
993 955 1127 996 fecerat
1157 959 1188 984 et
1215 959 1311 984 erant

235 1009 250 1025 ²0
274 998 368 1028 valde
391 998 483 1029 bona.
509 999 602 1029 Unde
625 999 665 1029 ad
688 999 751 1030 hoc
772 999 1007 1030 excludendum
1026 999 1117 1030 dicit:
1142 998 1248 1029 Simul
1270 998 1310 1028 ab

235 1054 250 1069 >
273 1043 364 1073 initio
393 1044 545 1083 temporis
568 1048 739 1084 utramque
765 1044 806 1074 de
829 1044 929 1074 nihilo
953 1043 1095 1074 condidit
1110 1048 1307 1079 creaturam,

235 1099 250 1114 »
272 1087 473 1127 spiritualem
490 1092 521 1117 et
536 1088 749 1128 corporalem,
761 1088 944 1128 angelicam
961 1087 1106 1118 videlicet
1126 1092 1156 1117 et
1172 1086 1308 1117 munda-

234 1143 250 1158 »
272 1141 358 1161 nam.
373 1143 388 1158 »
414 1131 518 1162 Docet
533 1141 608 1171 ergo
625 1131 730 1171 priore
753 1131 827 1162 loco
851 1131 891 1162 ad
915 1132 1012 1162 fidem
1036 1131 1225 1162 catholicam
1241 1140 1308 1160 non

230 1175 387 1215 pertinere
401 1175 623 1206 simultaneam
639 1175 805 1217 utriusque
819 1177 977 1216 angelicae
988 1182 1019 1206 et
1028 1175 1210 1206 mundanae
1225 1184 1308 1205 crea-

230 1225 320 1250 turae
343 1219 552 1250 creationem:
583 1220 676 1250 docet
699 1220 796 1251 altero
820 1221 910 1259 loco,
934 1220 997 1251 fide
1021 1219 1175 1251 catholica
1198 1226 1307 1250 tenen-

230 1263 310 1294 dum
333 1273 401 1294 esse
419 1270 588 1305 utramque
608 1264 696 1295 illam
716 1271 892 1296 creaturam
911 1264 1074 1296 conditam
1092 1275 1111 1294 a
1124 1264 1195 1294 Deo
1210 1263 1307 1294 fuisse

196 1363 208 1365 ’
224 1352 401 1384 verissima.
426 1353 545 1394 Accipe
567 1362 644 1384 vero
668 1353 811 1385 Caietani
839 1353 1165 1384 animadversionem:
1199 1366 1213 1380 «
1227 1352 1306 1383 Mihi

231 1410 246 1425 »
268 1397 403 1436 videtur,
420 1397 509 1439 quod
526 1397 626 1429 sciens
643 1396 826 1441 (Thomas)
846 1408 882 1429 ac
898 1399 1038 1439 prudens
1055 1398 1132 1428 haec
1149 1397 1306 1438 scripserit

230 1454 246 1470 ι
268 1439 362 1485 (loco
390 1442 486 1473 citato
514 1442 635 1483 primae
664 1441 789 1486 partis).
819 1444 903 1474 Nam
931 1443 985 1473 illa
1011 1443 1107 1473 verba
1135 1441 1305 1473 Decretalis

229 1495 245 1514 s
266 1486 500 1527 interpretanda
522 1494 598 1518 sunt
620 1487 653 1518 in
677 1497 788 1526 sensu,
812 1487 846 1518 in
869 1498 936 1529 quo
960 1487 1057 1525 fiunt,
1082 1487 1182 1526 magis
1206 1496 1305 1527 quam

229 1542 245 1559 2
266 1531 300 1562 in
319 1541 414 1562 sensu
438 1541 537 1573 quem
561 1531 697 1563 faciunt:
723 1539 754 1563 et
776 1539 813 1563 ut
836 1532 911 1563 dicit
933 1543 958 1563 s.
975 1532 1121 1562 Thomas
1144 1531 1178 1562 in
1197 1531 1304 1571 Expo-

229 1588 245 1605 »
266 1575 381 1607 sitione
404 1576 489 1607 illius
513 1577 700 1615 Decretalis,
727 1577 822 1607 verba
845 1577 899 1607 illa
923 1576 1068 1617 apposita
1092 1582 1166 1606 sunt
1195 1582 1304 1606 contra

228 1632 244 1648 ι
266 1629 407 1652 errorem
429 1621 577 1661 Origenis
601 1628 632 1652 et
655 1631 779 1659 eorum,
804 1621 860 1662 qui
884 1627 1011 1662 ponunt
1035 1627 1191 1651 creaturas
1214 1620 1303 1660 spiri-

228 1677 244 1692 »
265 1665 367 1696 tuales
390 1672 516 1696 tantum
540 1675 607 1696 esse
630 1675 687 1706 per
709 1676 743 1696 se
766 1666 937 1706 productas
954 1676 972 1695 a
989 1665 1074 1703 De03
1099 1675 1134 1696 ac
1158 1671 1303 1705 postmo-

228 1721 244 1736 »
266 1709 346 1740 dum
369 1716 500 1750 propter
523 1710 675 1741 demerita
698 1720 824 1748 earum,
849 1710 1029 1750 corporales
1048 1716 1204 1740 creaturas
1227 1719 1302 1749 pro-

228 1766 244 1781 »
266 1754 376 1785 ductas
405 1754 512 1786 fuisse.
556 1755 649 1785 Unde
677 1764 753 1786 cum
788 1754 956 1795 dupliciter
988 1760 1132 1785 teneatur
1159 1753 1302 1793 Angelos

227 1811 242 1826 »
265 1798 440 1839 productos
457 1808 524 1830 esse
540 1805 612 1830 ante
628 1809 779 1839 corpora,
803 1799 922 1830 scilicet
939 1805 1106 1839 tamquam
1121 1808 1170 1828 res
1186 1798 1230 1828 sic
1246 1807 1303 1838 per

227 1855 243 1871 ι
263 1852 298 1873 se
321 1843 512 1883 productas,
541 1843 631 1884 quod
654 1850 785 1884 propter
807 1853 918 1874 earum
941 1842 1113 1881 demerita,
1143 1843 1302 1883 quodam-

226 1899 242 1915 »
264 1887 364 1918 modo
381 1897 438 1928 per
452 1887 608 1926 accidens,
633 1888 774 1918 mundus
798 1897 972 1928 corporeus
988 1887 1029 1918 sit
1043 1887 1235 1927 productus;
1251 1887 1302 1917 vel

225 1943 242 1959 ›
262 1931 448 1972 simpliciter
475 1938 506 1963 et
532 1932 698 1970 absolute,
726 1932 816 1973 quod
845 1942 882 1963 ex
909 1932 1075 1963 voluntate
1103 1931 1162 1962 Dei
1186 1931 1301 1971 Angeli

225 1986 240 2004 ιι
262 1977 488 2017 praecesserint
503 1977 665 2008 mundum
680 1977 854 2015 visibilem;
878 1976 1049 2008 Decretalis
1065 1976 1129 2014 illa,
1153 1976 1300 2017 quamvis

224 2030 240 2048 ›
261 2021 440 2052 secundum
463 2022 558 2052 verba
585 2027 755 2063 utramque
783 2021 978 2062 positionem
1002 2021 1161 2059 destruat,
1190 2027 1300 2052 contra

224 2076 240 2093 »
261 2065 399 2106 primam
419 2072 538 2104 tamen,
557 2073 724 2107 tamquam
747 2073 857 2097 contra
880 2066 1046 2104 haeresim,
1067 2065 1300 2106 interpretanda

223 2120 239 2138 »
261 2116 325 2149 est,
349 2111 390 2142 ad
413 2111 587 2142 secundam
605 2121 692 2148 vero,
717 2117 883 2152 tamquam
902 2111 942 2141 ad
961 2110 1068 2141 minus
1088 2110 1297 2151 probabilem,

222 2167 238 2182 ι»
260 2154 411 2196 applicari
435 2162 550 2196 potest.
574 2156 616 2186 Et
638 2155 718 2186 ratio
742 2155 838 2186 huius
862 2155 986 2196 glossae
1010 2162 1067 2193 est,
1097 2155 1172 2196 quia
1196 2155 1297 2185 deter-

223 2211 238 2226 »
260 2198 452 2230 minutiones
480 2200 557 2231 istae
581 2200 709 2230 nonnisi
729 2207 838 2231 contra
871 2200 995 2241 aliquos
1019 2209 1138 2230 errores
1162 2209 1297 2230 consue-

222 2249 238 2271 ἡ
259 2250 374 2275 verunt
392 2243 468 2277 fieri.
483 2257 498 2272 »
525 2245 617 2275 Hanc
636 2245 865 2285 theologorum
889 2254 1099 2275 communem
1117 2244 1296 2275 doctrinam

219 2288 342 2328 egregie
360 2288 496 2319 illustrat
514 2289 688 2330 Dionysius
708 2289 865 2328 Petavius,
885 2289 1143 2329 theologicorum
1163 2289 1295 2328 dogma-

218 2338 290 2363 tum
313 2333 534 2373 peritissimus,
558 2334 639 2364 libro
660 2334 671 2364 I
697 2334 735 2364 de
759 2334 899 2374 Angelis,
917 2333 1018 2374 capite
1032 2344 1083 2372 xv,
1105 2333 1159 2364 ubi
1179 2334 1219 2363 ad
1241 2333 1296 2363 illa

218 2376 390 2408 Decretalis
412 2378 507 2408 verba
525 2379 616 2419 quod
631 2378 742 2409 attinet
755 2379 798 2409 sic
813 2379 856 2409 ait
879 2388 969 2409 num.
992 2379 1048 2409 13:
1077 2391 1091 2405 «
1106 2378 1140 2408 ln
1155 2377 1217 2408 isto
1234 2377 1295 2408 Ca-

221 2433 237 2448 »
258 2431 345 2452 none
360 2432 423 2452 vox
439 2423 537 2453 simul
551 2423 667 2453 eodem
683 2433 816 2454 sensu...
835 2423 976 2463 ponitur,
993 2429 1030 2453 ut
1045 2422 1084 2453 sit
1103 2423 1292 2463 aequaliter.

220 2477 235 2493 »
257 2467 302 2496 At
323 2473 450 2497 sanctus
469 2467 614 2497 Thomas
633 2467 666 2497 in
685 2467 871 2507 Opusculo,
895 2477 962 2508 quo
986 2467 1183 2497 Decretalem
1205 2466 1294 2496 illam

219 2522 234 2537 ι
257 2510 414 2550 exposuit,
425 2517 532 2542 censet
545 2511 588 2542 ita
604 2511 778 2542 decrevisse
793 2512 963 2552 Synodum
978 2511 1128 2541 adversus
1145 2510 1292 2550 Origenis

219 2566 234 2581 x»
257 2564 412 2593 errorem,
429 2556 485 2596 qui
502 2555 655 2596 spiritales
679 2562 836 2586 creaturas
853 2556 948 2594 solas,
963 2565 999 2586 ac
1015 2565 1072 2596 per
1087 2565 1120 2585 se
1135 2555 1174 2585 ab
1198 2555 1291 2586 initio

218 2609 233 2626 »
256 2599 399 2630 conditas
413 2600 584 2638 asserebat;
602 2610 770 2640 corporeas
784 2610 860 2631 vero
875 2610 913 2631 ex
927 2599 1091 2637 accidenti,
1102 2609 1168 2630 non
1183 2606 1291 2630 autem

217 2654 232 2670 υ
255 2652 292 2674 ex
315 2643 464 2684 primaria
488 2644 713 2683 destinatione,
743 2651 779 2675 ut
802 2655 841 2675 eo
865 2645 953 2675 velut
976 2654 1097 2675 carcere
1120 2643 1291 2684 spirituum

217 2699 232 2715 »
255 2687 367 2718 delicta
396 2689 554 2729 plecteret.
585 2689 710 2720 Contra
740 2699 824 2730 quos
857 2689 1062 2720 Innocentius
1094 2688 1138 2719 ita
1170 2689 1290 2727 sanxit;

217 2744 232 2759 ι
255 2738 424 2774 utramque
448 2733 555 2772 simul,
580 2734 642 2764 hoc
666 2740 713 2764 est
736 2734 803 2774 pari
827 2733 962 2764 consilio
979 2740 1010 2764 et
1026 2733 1188 2774 primario,
1213 2743 1290 2763 con-

217 2788 232 2804 »
254 2776 398 2818 stitutam
421 2788 440 2808 a
463 2778 544 2816 Deo,
569 2778 666 2819 idque
690 2778 728 2808 ab
752 2778 844 2809 initio
867 2778 1032 2818 temporis,
1057 2778 1119 2808 hoc
1143 2784 1199 2816 est,
1223 2788 1290 2808 non

217 2833 232 2848 ι
254 2831 292 2852 ex
315 2822 406 2852 omni
430 2822 620 2854 aeternitate.
635 2836 650 2850 ›
682 2822 766 2853 Addi
797 2823 890 2863 plura
917 2823 950 2853 in
975 2833 1009 2853 re
1031 2833 1087 2863 per
1118 2832 1185 2853 sese
1209 2823 1290 2853 clara

215 2875 282 2896 non
306 2866 432 2897 debent.

285 2910 322 2940 ΙΙ.
347 2911 497 2952 Sequitur
519 2912 687 2952 Expositio
711 2913 744 2942 in
769 2912 886 2943 librum
906 2912 991 2943 beati
1004 2912 1159 2952 Dionysii
1177 2911 1217 2942 de
1231 2912 1290 2941 Di-

217 2954 301 2984 vinis
329 2955 530 2986 Nominibus.
555 2957 646 2987 Hanc
665 2956 786 2997 primae
810 2957 890 2997 parti
914 2956 1066 2987 Summae
1093 2955 1291 2995 theologicae

217 2997 419 3029 subiunctam
438 3000 563 3030 exhibet
582 3001 730 3031 Romana
746 3001 843 3031 editio
860 3001 934 3031 anni
956 3002 1048 3042 1570.
1074 3001 1122 3030 De
1138 3010 1290 3040 germano

217 3041 316 3072 hocce
340 3042 404 3073 divi
427 3043 576 3075 Thomae
608 3045 697 3076 foetu
727 3045 950 3076 testimonium
982 3045 1148 3085 perhibent
1171 3051 1290 3075 veteres

216 3095 345 3124 ornnes,
370 3096 428 3117 nec
451 3088 516 3118 ulla
539 3095 628 3119 mota
647 3096 694 3120 est
711 3090 751 3120 ab
774 3089 1062 3130 intemperantioris
1079 3089 1201 3119 criticae
1218 3099 1290 3119 cen-

216 3130 340 3171 soribus
365 3131 541 3162 difficultas.
566 3133 771 3164 Ptolomaeus
795 3134 947 3164 Lucensis
974 3133 1056 3164 libro
1079 3134 1181 3164 XXIII
1206 3134 1288 3164 Hist.

216 3174 337 3213 eccles„
362 3175 462 3215 capite
484 3186 537 3206 inv
560 3177 619 3207 ait:
643 3177 724 3208 Item
747 3179 876 3219 scripsit
898 3188 997 3219 super
1019 3178 1136 3208 librum
1160 3178 1200 3208 de
1229 3179 1289 3208 Di-

216 3220 299 3250 vinis
322 3220 523 3251 Nominibus.
554 3221 746 3252 Guillelmus
770 3222 808 3253 de
832 3223 942 3253 Tocco
966 3223 999 3252 in
1025 3222 1099 3253 Vita
1121 3222 1289 3263 Aquinatis

215 3263 317 3303 capite
336 3275 377 3302 1v,
394 3264 500 3305 Super
521 3265 717 3306 Dionysium
737 3266 777 3297 de
794 3267 924 3298 Divinis
941 3267 1141 3297 Nominibus.
1166 3267 1289 3297 Eadem

214 3308 309 3338 verba
331 3308 449 3339 habent
473 3309 606 3340 Ioannes
630 3310 669 3340 de
692 3310 856 3341 Columna
881 3317 912 3342 et
934 3311 1199 3342 Bartholomaeus
1223 3312 1287 3341 Lo-

213 3352 352 3392 gotheta.
377 3353 525 3384 Trivetus
544 3353 577 3383 in
593 3353 755 3385 Chronico
780 3355 820 3385 ad
843 3365 965 3385 annum
990 3364 1072 3396 1274
1095 3355 1194 3385 libros
1208 3355 1287 3385 Dio-

214 3398 304 3437 nysii
317 3398 357 3428 de
369 3398 499 3428 Divinis
513 3398 704 3429 Nominibus
757 3401 914 3439 exposuit.
934 3399 1111 3429 Bernardus
1128 3399 1287 3429 Guidonis

213 3441 300 3481 apud
314 3442 498 3473 Oudinum:
521 3443 692 3474 Tractatus
706 3444 872 3473 continens
886 3444 1114 3483 expositionem
1130 3443 1285 3473 librorum

212 3485 297 3516 beati
313 3487 468 3527 Dionysii
482 3487 522 3517 de
539 3488 668 3518 Divinis
683 3487 884 3518 Nominibus.
908 3487 998 3517 Paria
1014 3487 1154 3517 scribunt
1168 3487 1286 3526 Pigno-

213 3538 285 3568 nus,
309 3530 546 3566 Valleoletanus
570 3538 601 3562 et
624 3542 648 3562 s.
666 3531 859 3562 Antoninus.

278 3575 596 3607 Praetermittendum
619 3586 686 3606 non
710 3583 757 3606 est
779 3576 945 3606 laudatum
960 3575 1216 3606 Valleoletanum
1232 3575 1284 3604 ad-

213 3617 285 3648 dere
302 3620 402 3650 veluti
420 3631 439 3650 a
454 3621 584 3651 Thoma
607 3620 849 3652 Commentario
873 3630 933 3651 suo
953 3619 1113 3660 expositos
1132 3619 1229 3650 libros
1245 3619 1285 3649 de

2331 277 2451 302 CXXXV

1379 333 1518 365 Caelesti
1535 335 1746 374 Hierarchia,
1772 338 1908 378 itemque
1930 338 1971 368 de
1992 339 2219 371 Ecclesiastica
2238 342 2447 383 Hierarchia‚

1375 377 1415 407 de
1430 379 1574 419 Mystica
1590 381 1764 422 Theologia
1781 387 1812 412 et
1827 392 1937 412 omnes
1952 383 2115 423 Epistolas
2129 385 2268 415 eiusdem
2279 387 2449 427 Dionysii:

1374 421 1558 461 Pignonum
1580 434 1656 455 vero
1673 435 1779 456 unam
1809 426 1922 457 addere
1947 427 2179 467 expositionem
2208 429 2240 458 in
2269 429 2386 460 librum
2408 432 2448 462 de

1377 465 1516 498 Caelesti
1530 468 1741 501 Hierarchia.
1766 472 1809 501 At
1825 471 1953 501 delusos
1976 471 2049 502 illos
2066 482 2132 502 non
2149 473 2267 512 pudeat
2284 473 2372 504 fateri
2391 473 2448 517 (ut

1374 510 1509 542 Echardi
1532 513 1635 543 verbis
1659 513 1823 557 utamur);
1853 522 1884 545 et
1906 526 1988 556 quae
2012 517 2132 547 Alberti
2155 517 2263 556 Magni
2288 525 2389 556 erant,
2414 519 2447 549 in

1373 562 1483 586 sancto
1506 556 1646 588 Doctore
1668 558 1855 599 duplicasse.
1880 560 1992 600 Neque
2015 561 2109 590 verba
2133 561 2326 591 Henschenii
2343 569 2373 592 et
2388 563 2446 592 Pa-

1372 600 1535 639 pebrochii
1552 602 1718 641 negotium
1738 603 1901 642 facessant,
1922 604 1978 645 qui
1997 611 2088 635 tomo
2104 605 2175 635 VIII
2193 605 2296 635 martii
2312 605 2344 635 in
2361 608 2446 636 Ana-

1370 643 1458 674 lectis
1482 645 1522 675 ad
1545 646 1644 676 vitam
1669 647 1767 678 sancti
1791 647 1939 678 Thomae
1962 649 1990 689 ξ.
2016 659 2042 687 1,
2067 658 2138 688 pag.
2157 658 2216 690 741
2246 649 2290 679 sic
2313 649 2445 681 habent:

1375 701 1389 715 (ε
1412 688 1447 718 In
1464 697 1624 721 conventu
1641 701 1666 722 s.
1678 691 1840 723 Dominici
1856 693 2068 732 Neapolitano
2129 699 2176 723 est
2191 700 2349 733 praeterea
2368 694 2446 724 cella

1374 746 1388 759 »
1411 743 1435 763 S.
1453 733 1601 765 Thomae
1616 735 1650 765 in
1666 735 1848 775 piissimum
1864 737 2015 767 sacellum
2032 743 2239 776 commutata,
2254 737 2309 768 ubi
2324 745 2355 768 et
2367 738 2446 769 liber

1374 790 1388 804 »
1410 777 1520 817 Supra
1535 779 1732 820 Dionysium
1747 781 1787 810 de
1800 781 1939 811 Caelesti
1951 781 2151 811 Hierarchia
2175 782 2303 822 propria
2319 793 2344 813 s.
2354 783 2444 813 Tho-

1373 834 1387 848 »
1410 831 1482 852 mae
1501 833 1599 853 manu
1619 824 1816 864 conscriptus
1831 824 1974 855 habetur.
1999 825 2067 855 Nos
2081 825 2142 865 ipsi
2157 836 2242 856 anno
2263 827 2339 857 1661
2363 827 2443 858 Nea-

1373 878 1386 893 »
1410 865 1478 905 poli
1500 866 1534 896 in
1558 866 1638 898 festo
1662 878 1687 898 s.
1705 868 1853 898 Thomae
1877 868 2062 908 existentes,
2092 870 2216 910 singula
2245 870 2304 901 ista
2327 881 2442 902 monu-

1372 923 1386 937 »
1410 917 1517 941 menta
1540 911 1679 942 venerati
1707 922 1829 943 sumus.
1849 925 1863 940 2>
1891 915 1933 943 At
1957 913 2042 943 enim
2067 914 2137 954 quis
2161 915 2266 945 credat
2292 916 2441 956 Neapoli-

1368 960 1460 984 tanos
1475 955 1663 986 consodales
1678 956 1911 987 Praedicatores
1926 955 2042 999 (verbis
2057 965 2131 988 utor
2139 959 2294 989 Antonini
2305 960 2442 990 Touron

1367 997 1401 1028 in
1418 998 1490 1029 Vita
1506 1009 1531 1029 s.
1543 999 1691 1030 Thomae
1706 1000 1760 1031 lib.
1779 1001 1833 1039 VI,
1851 1001 1951 1041 capite
1967 1000 2017 1044 vl)
2037 1003 2190 1042 Angelico
2209 1003 2341 1034 Doctori
2357 1004 2438 1034 eius-

1367 1052 1430 1082 que
1445 1043 1564 1082 gloriae
1581 1043 1813 1077 addictissimos
1837 1045 1987 1076 hactenus
2008 1047 2041 1076 in
2065 1047 2199 1077 tenebris
2217 1048 2442 1088 consepultum

1366 1086 1530 1127 reliquisse
1547 1098 1646 1128 opus,
1668 1088 1693 1118 si
1710 1089 1839 1129 propria
1854 1089 1934 1120 illud
1951 1101 2048 1121 manu
2066 1098 2219 1122 exarasset
2233 1090 2397 1133 Aquinas?

1433 1131 1544 1162 Nolim
1568 1142 1628 1172 ego
1648 1133 1804 1164 celebrem
1828 1134 1999 1165 instaurare
2016 1146 2051 1166 ac
2068 1146 2196 1166 movere
2220 1137 2440 1177 quaestionem

1365 1174 1446 1205 inter
1460 1176 1545 1206 viros
1562 1176 1687 1207 criticos
1703 1177 1868 1217 agitatam;
1885 1189 2026 1220 quorum
2042 1180 2093 1210 alii
2108 1180 2213 1220 Opera
2229 1181 2326 1220 vulgo
2341 1182 2439 1211 Areo-

1359 1221 1509 1260 pagitica
1524 1220 1670 1252 reiiciunt
1683 1222 1803 1261 omnia,
1819 1223 1979 1254 vindicant
1993 1224 2045 1254 alii
2064 1224 2154 1254 editis
2169 1225 2337 1264 apologiis.
2359 1225 2438 1256 Satis

1365 1270 1412 1294 est
1442 1264 1506 1295 divi
1530 1265 1677 1296 Thomae
1710 1273 1810 1297 aetate
1834 1267 1970 1298 dubium
2000 1268 2127 1299 nullum
2157 1269 2195 1299 de
2219 1266 2354 1308 νοθεία,
2385 1276 2440 1300 aut

1365 1309 1588 1349 suppositione
1602 1310 1762 1350 ingestum
1773 1310 1877 1354 (quod
1891 1312 1924 1342 in
1935 1312 2152 1344 dissertatione
2166 1314 2206 1343 ad
2217 1313 2371 1344 Catenam
2385 1324 2439 1344 au—

1364 1363 1450 1383 ream
1466 1354 1705 1397 adnotavimus)
1722 1363 1758 1386 ut
1774 1366 1857 1396 opus
1874 1367 1932 1397 pro
1949 1357 2090 1397 genuino
2106 1357 2261 1396 habitum,
2277 1358 2438 1388 omnium-

1363 1408 1426 1438 que
1450 1409 1505 1429 ore
1529 1399 1742 1438 celebratum,
1767 1401 1885 1442 absque
1910 1402 1975 1432 ulla
1998 1401 2114 1432 nimiae
2148 1402 2338 1433 credulitatis
2362 1410 2439 1433 nota

1363 1452 1423 1473 suo
1439 1444 1585 1474 Thomas
1601 1443 1844 1475 Commentario
1861 1446 2038 1477 illustraret.
2060 1446 2172 1476 Fidem
2188 1447 2335 1485 auctoris,
2353 1447 2438 1487 quis-

1362 1487 1434 1527 quis
1454 1488 1507 1518 ille
1525 1488 1628 1526 fuerit,
1644 1496 1747 1520 versat
1762 1489 1822 1520 alia
1837 1491 1999 1531 quaestio;
2019 1491 2190 1531 ipsumque
2207 1491 2439 1522 heterodoxum

1362 1531 1470 1571 fuisse,
1494 1539 1550 1563 aut
1572 1533 1852 1573 Apollinaristam,
1882 1542 1938 1566 aut
1964 1535 2228 1576 Monophysitam
2257 1545 2312 1566 seu
2337 1536 2436 1576 Euty-

1361 1576 1512 1607 chianum
1535 1584 1648 1618 putant
1672 1579 1831 1616 nonnulli,
1855 1579 1904 1609 vel
1928 1589 1965 1609 ex
1981 1579 2052 1620 ipso
2068 1580 2150 1610 libro
2171 1580 2212 1611 de
2226 1581 2355 1611 Divinis
2369 1581 2436 1611 No-

1360 1622 1499 1652 minibus
1514 1629 1703 1661 argumento
1727 1622 1892 1654 haereseos
1909 1624 2112 1664 deprompto.
2137 1627 2239 1664 Aegre
2258 1625 2436 1655 admodum

1360 1665 1438 1696 mihi
1467 1667 1678 1706 persuaserim
1707 1677 1787 1707 ego,
1820 1668 2000 1698 haeresibus
2031 1669 2148 1699 librum
2175 1669 2268 1699 illum
2297 1677 2434 1708 scatere,

1359 1720 1475 1751 easque
1499 1711 1606 1741 nobile
1630 1711 1795 1751 ingenium
1820 1712 1883 1742 divi
1907 1713 2055 1743 Thomae
2079 1723 2144 1743 non
2170 1713 2432 1754 deprehendisse,

1358 1761 1413 1784 aut
1429 1761 1510 1785 certe
1535 1755 1677 1795 cognitas
1694 1757 1733 1786 ad
1753 1756 1945 1787 catholicum
1965 1764 2111 1798 torquere
2135 1767 2265 1788 sensum
2280 1759 2430 1790 voluisse.

1358 1798 1480 1839 Integra
1502 1799 1561 1830 hac
1585 1800 1623 1830 de
1647 1810 1679 1830 re
1699 1801 1883 1831 Dissertatio
1904 1802 2056 1842 sequitur,
2080 1802 2113 1832 in
2137 1812 2201 1842 qua
2224 1813 2283 1842 pro
2300 1804 2430 1840 meritis,

1357 1850 1393 1873 ut
1416 1853 1542 1882 censeo,
1566 1845 1703 1875 auctoris
1727 1846 2025 1885 Areopagiticorurn
2049 1847 2274 1877 orthodoxiam
2295 1848 2360 1878 lato
2381 1858 2430 1878 ca-

1355 1887 1443 1918 lamo
1466 1888 1606 1919 vindico,

1423 1933 1475 1963 III.
1500 1933 1548 1963 De
1571 1932 1668 1963 latina
1685 1933 1827 1965 eiusdem
1843 1934 2055 1974 Areopagitici
2075 1934 2146 1965 libri
2161 1935 2316 1974 versione,
2331 1945 2430 1977 quam

1355 1977 1498 2017 egregius
1522 1977 1675 2018 interpres
1691 1978 1783 2009 divus
1797 1979 1942 2009 Thomas
1966 1979 2119 2017 adhibuit,
2136 1979 2245 2019 paucis
2260 1990 2351 2019 agere
2366 1979 2429 2011 hoc

1353 2021 1427 2052 loco
1451 2021 1551 2052 liceat.
1585 2022 1621 2052 In
1644 2022 1862 2054 dissertatione
1893 2023 1926 2054 in
1956 2023 2110 2054 Catenam
2139 2033 2268 2054 auream
2291 2031 2429 2055 vetustas

1354 2066 1433 2096 duas
1456 2066 1657 2097 laudavimus
1681 2066 1827 2107 Operum
1850 2068 2148 2108 Areopagiticorum
2171 2068 2282 2098 latinas
2298 2069 2428 2099 transla-

1353 2110 1472 2141 tiones:
1498 2111 1628 2142 alteram
1652 2111 1779 2142 saeculo
1807 2122 1895 2142 nono
1920 2112 2097 2143 confectam
2126 2113 2165 2142 ab
2190 2113 2307 2143 Ioanne
2330 2113 2427 2144 Scoto

1353 2155 1507 2195 Erigena,
1537 2155 1627 2186 cuius
1651 2156 1798 2187 meminit
1821 2157 2006 2187 Anastasius
2031 2157 2285 2187 bibliothecarius
2313 2158 2345 2187 in
2370 2168 2427 2188 sua

1353 2200 1391 2230 de
1415 2200 1550 2230 Scholiis
1576 2201 1701 2231 Ioannis
1726 2201 1978 2242 Scythopolitani
2003 2208 2033 2232 et
2057 2201 2154 2231 sancti
2178 2201 2307 2231 Maximi
2331 2202 2426 2232 latine

1352 2244 1480 2275 redditis
1496 2244 1710 2275 Praefatione:
1737 2245 1866 2275 alteram
1883 2256 1900 2275 a
1917 2246 2034 2275 Ioanne
2050 2245 2230 2283 sarraceno,
2247 2246 2302 2286 qui
2319 2247 2425 2276 Abbas

1351 2300 1376 2319 s.
1394 2289 1538 2320 Andreae
1563 2289 1768 2320 Vercellensis
1788 2289 1907 2320 ordinis
1927 2290 2167 2320 Canonicorum
2183 2291 2281 2330 regul.
2300 2290 2423 2329 dicitur,

1351 2333 1537 2364 adornatam
1566 2333 1673 2364 medio
1705 2333 1824 2364 circiter
1852 2334 1979 2364 saeculo
2012 2334 2215 2365 duodecimo.
2248 2334 2424 2375 Utramque

1350 2388 1386 2408 ac
1401 2378 1524 2409 tertiam
1540 2378 1670 2418 insuper
1685 2378 1846 2408 Ambrosii
1863 2378 1983 2408 abbatis
1994 2378 2264 2416 Camaldulensis;
2284 2386 2315 2409 et
2330 2389 2423 2420 quar-

1350 2429 1426 2459 tam,
1451 2423 1506 2453 sed
1529 2422 1758 2462 imperfectam,
1784 2429 1819 2453 ut
1833 2433 1914 2464 quae
1938 2423 2045 2453 solum
2061 2423 2176 2453 Divina
2192 2423 2332 2454 Nomina
2348 2434 2422 2454 con-

1348 2466 1428 2497 tinet
1451 2477 1486 2497 ac
1510 2466 1677 2507 mysticam
1701 2467 1908 2507 theologiam,
1933 2467 2062 2497 Marsilii
2083 2467 2201 2505 Ficini;
2225 2474 2256 2497 et
2276 2468 2423 2508 quintam

1348 2511 1496 2552 denique,
1513 2511 1611 2541 instar
1630 2512 1874 2551 paraphraseos,
1894 2511 2041 2542 Thomae
2065 2512 2184 2542 abbatis
2206 2512 2422 2551 Vercellensis,

1347 2565 1423 2586 cum
1452 2555 1598 2596 Dionysii
1628 2555 1829 2586 Carthusiani
1859 2556 2105 2586 Commentariis
2136 2556 2357 2596 complectitur
2387 2567 2422 2587 ac

1347 2607 1483 2640 praestat
1497 2600 1594 2630 editio
1607 2600 1807 2631 Coloniensis
1822 2601 1972 2641 impensis
1985 2601 2074 2631 Petri
2087 2601 2225 2638 Quentel
2238 2611 2324 2631 anno
2336 2600 2424 2632 1536

1347 2643 1402 2674 fol.
1418 2647 1447 2675 A
1472 2644 1550 2675 folio
1574 2645 1635 2686 377
1653 2644 1771 2675 laudati
1795 2645 1955 2675 Sarraceni
1979 2645 2075 2675 latina
2098 2645 2200 2675 versio
2219 2652 2348 2685 prostat.
2370 2646 2421 2675 Li-

1346 2689 1419 2719 bros
1447 2689 1487 2719 de
1518 2689 1676 2726 Caelesti,
1707 2689 1811 2730 deque
1841 2690 2068 2720 Ecclesiastica
2095 2690 2314 2727 Hierarchia,
2344 2690 2420 2720 latio

1346 2733 1505 2771 redditos,
1535 2735 1699 2775 Magistro
1718 2734 1859 2764 Iohanni
1877 2734 1916 2764 de
1935 2734 2150 2771 Saresberiis‚
2179 2734 2294 2764 eximio
2318 2734 2419 2773 gentis

1345 2778 1497 2818 Anglicae
1521 2785 1552 2809 et
1575 2778 1691 2808 saeculi
1711 2778 1760 2808 sui
1776 2778 1856 2817 viro,
1881 2785 2045 2818 nuncupat
2061 2778 2263 2815 Sarracenus3
2287 2778 2418 2808 librum-

1346 2832 1409 2863 que
1425 2823 1464 2853 de
1482 2823 1612 2853 Divinis
1635 2823 1836 2860 Nominibus,
1857 2829 2070 2863 caeterosque,
2092 2822 2198 2852 Odoni
2219 2832 2245 2853 s.
2264 2823 2419 2863 Dionysii

1345 2867 1522 2898 reverendo
1541 2867 1664 2898 Abbati.
1690 2868 1781 2898 Hanc
1805 2867 1965 2897 Sarraceni
1994 2867 2230 2897 translationem
2254 2867 2417 2905 adhibuit,

1346 2911 1552 2952 sequiturque
1581 2912 1672 2942 divus
1696 2911 1840 2942 Thomas
1869 2911 1902 2941 in
1931 2922 1989 2941 suo
2018 2911 2050 2940 in
2079 2911 2196 2941 librum
2223 2911 2263 2941 de
2289 2912 2418 2942 Divinis

1346 2956 1537 2987 Nominibus
1556 2956 1807 2986 Commentario.
1829 2956 1876 2986 De
1893 2966 1925 2985 re
1941 2955 2123 2992 certissima,
2143 2965 2240 2995 quam
2259 2955 2336 2985 inita
2352 2956 2417 2986 col-

1345 3000 1464 3031 latione
1488 3007 1518 3031 et
1537 3000 1707 3031 oculorum
1724 3000 1938 3040 experimento
1955 3000 2187 3039 deprehendere
2205 2999 2318 3040 cuique
2333 3000 2416 3039 licet,

1347 3044 1500 3075 fusiorem
1519 3055 1585 3075 non
1604 3051 1693 3075 vacat
1711 3045 1873 3075 instituere
1893 3054 2082 3074 sermonem.

1413 3089 1475 3119 Sed
1499 3089 1565 3119 aliis
1589 3089 1621 3119 in
1646 3089 1795 3129 operibus
1819 3089 1918 3118 modo
1950 3088 2035 3119 Scoti
2059 3087 2212 3127 Erigenae
2235 3088 2415 3119 versionem

1345 3133 1473 3164 adhibet
1494 3133 1657 3174 Aquinas,
1678 3134 1777 3163 modo
1802 3133 1978 3170 Sarraceni,
1999 3139 2035 3162 ut
2058 3132 2209 3172 exemplis
2237 3132 2415 3164 innotescit.

1344 3178 1399 3208 Ait
1414 3178 1466 3208 ille
1483 3178 1494 3208 1
1512 3188 1589 3218 par„
1610 3188 1664 3218 qu.
1684 3188 1706 3215 1,
1723 3185 1778 3208 art.
1799 3185 1848 3207 tx:
1873 3190 1887 3204 «
1905 3177 1988 3207 Dicit
2002 3177 2176 3217 Dionysius
2191 3187 2202 3206 1
2221 3187 2289 3217 cap,
2306 3177 2415 3208 Caele—

1347 3235 1361 3249 »
1384 3222 1438 3252 stis
1462 3222 1677 3252 Hierarchiae:
1698 3222 1895 3262 Impossibile
1918 3227 1965 3252 est
1993 3221 2082 3251 nobis
2111 3222 2207 3251 aliter
2230 3222 2338 3252 lucere
2367 3222 2414 3252 di—

1346 3279 1360 3293 »
1384 3268 1493 3297 vinum
1518 3267 1657 3304 radium,
1682 3268 1745 3296 nisi
1768 3267 1923 3296 varietate
1941 3275 2109 3296 sacrorum
2135 3266 2328 3296 velaminum
2353 3267 2414 3296 cir-

1346 3323 1360 3337 »
1383 3311 1607 3341 cumvelatum.
1626 3323 1640 3338 »
1663 3311 1755 3347 Quae
1779 3320 1894 3350 nempe
1926 3311 2020 3339 verba
2043 3316 2118 3339 sunt
2147 3310 2233 3340 Scoti
2262 3310 2414 3348 Erigenae

1342 3355 1537 3395 interpretis;
1570 3355 1658 3384 aliter
1681 3355 1719 3384 ab
1743 3355 1914 3384 Sarraceno
1937 3354 2032 3384 latine
2063 3354 2183 3383 reddita
2207 3354 2333 3383 Etenim
2359 3364 2412 3383 ne-

1341 3409 1403 3438 que
1419 3399 1573 3438 possibile
1595 3399 1692 3429 aliter
1715 3399 1805 3428 nobis
1827 3398 2092 3438 supersplendere
2119 3398 2334 3427 thearchicam
2359 3407 2413 3427 ra-

1341 3443 1441 3479 dium,
1463 3443 1526 3472 nisi
1549 3443 1705 3472 varietate
1727 3447 1912 3472 sanctorum
1938 3443 2131 3472 velaminum
2154 3451 2284 3471 sursum
2308 3443 2412 3472 active

1341 3487 1615 3517 circumvelatum.
1626 3486 1785 3516 Sarraceni
1796 3486 1897 3515 versio
1913 3492 1969 3523 est,
1981 3495 2045 3526 qua
2059 3485 2158 3515 utitur
2168 3486 2179 3514 I
2191 3495 2268 3524 par„
2280 3496 2334 3526 qu.
2346 3496 2410 3524 xm,

1341 3537 1395 3560 art.
1416 3541 1449 3567 11,
1470 3530 1582 3560 obiect.
1606 3537 1634 3559 2:
1658 3543 1672 3557 <z
1698 3529 1782 3559 Dicit
1804 3529 1978 3570 Dionysius
1994 3540 2004 3559 1
2021 3539 2087 3569 cap.
2106 3530 2144 3559 de
2161 3529 2283 3559 Divinis
2298 3530 2410 3560 Nomi-

1343 3587 1357 3601 »
1380 3574 1483 3604 nibus:
1499 3573 1650 3604 Omnium
1661 3574 1853 3604 Sanctorum
1865 3574 2086 3614 theologorum
2097 3574 2253 3614 hymnum
2269 3575 2412 3605 invenies

1343 3630 1356 3645 »
1379 3618 1424 3648 ad
1436 3618 1544 3649 beatos
1558 3618 1741 3648 thearchiae
1754 3627 1927 3658 processus
1945 3617 2184 3658 manifestative
2198 3623 2229 3648 et
2247 3618 2412 3649 laudative
