2788 4204
45 501 54 510 ·
63 506 107 522 mc
127 500 201 526 legere
221 499 256 520 vi-

45 527 127 548 dentur
135 529 156 548 et
165 525 255 547 melius:

44 553 107 575 dicto
122 553 163 578 (vel
179 552 258 573 dicen-

45 579 82 603 do)
88 579 160 607 quod,-
165 582 186 609 et
193 578 259 599 omit-

44 609 95 627 tunt
122 605 258 632 particulam

44 634 125 679 ‘eii-ante
131 637 213 652 vocem
219 630 260 652 ad·

71 660 82 679 t

45 684 196 742 Festina

44 738 169 764 accipitur.

46 764 144 784 loannes
149 767 261 790 gramma-

44 789 113 811 ticus.

150 825 158 840 t

43 978 56 986 ¹
67 975 150 999 Codd.:
159 977 183 997 et
196 975 239 996 ita.

43 1081 142 1130 λοίὲὶάἀ.
152 1089 157 1103 :
178 1081 222 1102 sed
235 1081 259 1102 in

51 2133 124 2155 'Aa
220 2137 262 2154 uc:

46 2158 223 2187 qwdmm.

136 2281 167 2308 ·λ

48 2338 223 2367 *cad-:fiet

1138 307 1249 343 CAP.
1280 308 1348 355 IV,
1378 308 1529 346 LECT.
1558 309 1609 345 VI

285 389 405 425 verba
440 398 649 435 parumper
681 386 840 423 differat.
864 387 965 433 Quia
998 387 1100 422 enim
1135 386 1355 423 Aristoteles

285 442 501 489 frequenter
528 439 636 487 ponit
667 439 791 475 dicere
823 451 894 487 pro
923 440 1140 487 affirmare,
1168 451 1215 475 ne
1246 440 1354 475 dictio

284 505 355 542 pro
374 493 629 541 affirmatione
647 499 830 538 sumatur,
847 492 974 528 subdit
988 492 1007 510 ³*
1028 491 1133 539 quod
1155 504 1243 540 pars
1272 505 1354 529 ora-

285 545 398 582 tionis
426 545 611 592 significat
630 550 671 580 ut
696 545 817 589 dictio,
839 551 875 580 et
894 544 998 580 addit
1024 556 1102 580 non
1123 550 1163 580 ut
1183 546 1354 592 affirma-

286 599 358 634 tio.-
386 597 493 646 quasi
523 597 682 643 diceret,
704 596 918 633 secundum
947 609 1102 633 sensum
1131 598 1352 645 Porphyrii,

286 663 365 687 non
384 650 588 698 accipiatur
604 650 625 671 *
643 662 745 686 nunc
763 650 873 686 dictio
893 649 1106 686 secundum
1126 650 1231 698 quod
1250 650 1353 687 idem

288 710 343 740 est
371 703 476 751 quod
504 703 722 751 affirmatio.

340 755 597 804 Philosophus
625 762 766 801 autem,
788 755 852 803 qui
882 754 1015 791 dicitur
1041 756 1202 792 Ioannes
1230 768 1353 803 gram-

287 808 447 845 maticus
465 815 485 854 ¹,
500 808 623 845 voluit
642 807 746 856 quod
766 808 861 844 haec
888 807 1057 844 definitio
1079 808 1259 845 orationis
1289 809 1352 846 da-

288 868 389 898 retur
408 862 534 897 solum
563 860 610 898 de
631 861 801 897 oratione
829 861 1006 909 perfecta,
1029 873 1074 897 eo
1095 861 1200 910 quod
1227 870 1353 910 partes

287 925 366 950 non
379 914 558 951 videntur
572 926 655 950 esse
670 913 740 950 nisi
756 913 911 950 alicuius
926 914 1092 961 perfecti,
1109 914 1204 951 sicut
1219 927 1354 952 omnes

286 974 413 1014 partes
439 967 578 1003 domus
597 967 809 1003 referuntur
828 966 877 1003 ad
897 966 1076 1003 domum:
1098 974 1134 1003 et
1153 967 1239 1004 ideo
1258 969 1279 989 ³²
1297 980 1354 1004 se-

289 1019 458 1056 cundum
486 1019 613 1067 ipsum
642 1020 722 1055 sola
751 1019 871 1055 oratio
892 1019 1059 1067 perfecta
1086 1020 1202 1056 habet
1228 1028 1354 1069 partes

288 1071 565 1119 significativas.
588 1071 666 1108 Sed
694 1079 822 1107 tamen
850 1071 911 1107 hic
930 1072 950 1092 ³¹⁶
970 1071 1238 1119 decipiebatur,
1267 1073 1356 1121 quia

288 1125 461 1173 quamvis
490 1136 626 1160 omnes
650 1131 776 1172 partes
804 1124 1013 1160 referantur
1034 1124 1287 1172 principaliter
1306 1126 1355 1162 ad

286 1184 409 1213 totum
441 1177 653 1224 perfectum
678 1181 710 1223 ²,
744 1175 935 1223 quaedam
978 1183 1107 1212 tamen
1134 1185 1260 1224 partes
1298 1190 1354 1214 re-

286 1229 457 1265 feruntur
475 1229 524 1265 ad
552 1229 678 1277 ipsum
707 1227 939 1274 immediate,
965 1227 1060 1264 sicut
1086 1229 1210 1277 paries
1240 1237 1276 1266 et
1303 1237 1355 1266 te-

288 1288 391 1318 ctum
410 1281 459 1318 ad
479 1281 652 1327 domum,
674 1288 711 1317 et
729 1280 905 1316 membra
924 1280 1101 1327 organica
1129 1281 1178 1318 ad
1197 1282 1355 1319 animal:

287 1331 590 1383 quaedamrvero
619 1332 873 1370 mediantibus
891 1333 1060 1381 partibus
1087 1334 1357 1383 principalibus

286 1387 451 1435 quarum
480 1394 567 1423 sunt
593 1393 736 1435 partes;
765 1385 861 1422 sicut
894 1386 1039 1434 lapides
1068 1387 1281 1425 referuntur
1307 1389 1357 1425 ad

290 1439 452 1476 domum
477 1439 669 1476 mediante
689 1438 849 1487 pariete;
879 1439 987 1475 nervi
1007 1446 1135 1476 autem
1155 1441 1175 1460 ⁴⁵
1205 1448 1242 1477 et
1270 1453 1356 1478 ossa

288 1492 336 1529 ad
357 1492 497 1528 animal
517 1492 772 1529 mediantibus
796 1491 980 1528 membris
1001 1492 1196 1540 organicis,
1218 1494 1358 1531 scilicet

288 1557 407 1581 manu
422 1551 459 1581 et
471 1545 570 1594 pede
580 1545 601 1566 *
610 1551 648 1581 et
661 1543 892 1581 huiusmodi.
906 1544 969 1581 Sic
979 1557 1069 1592 ergo
1085 1557 1221 1583 omnes
1230 1554 1356 1595 partes

252 1614 262 1652 j
289 1597 470 1634 orationis
483 1597 738 1646 principaliter
756 1598 968 1634 referuntur
983 1597 1032 1634 ad
1044 1598 1256 1636 orationem
1271 1611 1356 1648 per-

289 1650 438 1696 sectam,
456 1650 562 1687 cuius
576 1662 664 1698 pars
679 1657 735 1686 est
749 1649 869 1686 oratio
884 1650 1116 1698 imperfecta,
1133 1663 1232 1700 quae
1243 1652 1356 1690 etiam

289 1703 372 1751 ipsa
389 1703 504 1740 habet
522 1710 647 1751 partes
671 1702 934 1750 significantes.
957 1703 1068 1740 Unde
1091 1703 1160 1741 ista
1187 1704 1356 1742 definitio

291 1755 470 1792 convenit
483 1763 562 1805 tam
578 1755 737 1792 orationi
756 1755 958 1804 perfectae,
970 1768 1086 1804 quam
1097 1756 1353 1805 imperfectae.

347 1809 380 1845 5.
401 1808 551 1846 Deinde
571 1821 659 1845 cum
680 1808 784 1845 dicit:
809 1808 905 1844 Dico
933 1814 1058 1845 autem
1084 1815 1124 1846 ut
1139 1811 1251 1847 homo
1273 1818 1356 1859 etc.,

291 1860 446 1909 exponit
472 1861 708 1910 propositam
738 1860 1011 1898 definitionem.
1038 1862 1087 1898 Et
1113 1862 1251 1910 primo,
1277 1876 1356 1901 ma-

290 1913 439 1951 nifestat
451 1926 589 1951 verum
616 1926 698 1951 esse
722 1913 827 1962 quod
852 1913 1001 1960 dicitur;
1022 1915 1203 1962 secundo,
1234 1917 1357 1953 exclu-

291 1964 345 2003 dit
372 1965 509 2003 falsum
537 1966 789 2012 intellectum;
809 1966 878 2003 ibi:
908 1966 982 2003 Sed
999 1979 1074 2004 non
1102 1980 1177 2005 una
1197 1970 1357 2006 hominis

205 2024 264 2045 Ἠ»
289 2018 437 2067 syllaba
462 2026 530 2056 etc.
557 2019 723 2068 Exponit
758 2031 846 2066 ergo
875 2020 895 2040 '¹‘
918 2020 1023 2068 quod
1048 2020 1191 2058 dixerat
1218 2022 1361 2070 aliquid

284 2071 454 2119 partium
474 2071 654 2109 orationis
674 2085 757 2109 esse
773 2071 1077 2120 significativum,
1089 2073 1183 2110 sicut
1197 2075 1272 2111 hoc
1291 2088 1358 2112 no-

291 2132 382 2160 men
399 2125 525 2171 homo,
546 2125 651 2174 quod
671 2133 726 2162 est
738 2126 759 2146 ’²
776 2137 864 2173 pars
884 2125 1075 2173 orationis,
1092 2126 1276 2174 significat
1295 2128 1358 2164 ali·

292 2176 395 2225 quid,
416 2177 484 2214 sed
503 2190 581 2214 non
610 2178 794 2225 significat
818 2185 859 2214 ut
883 2178 1084 2215 affirmatio
1111 2187 1176 2216 aut
1194 2181 1355 2228 negatio,

292 2229 381 2278 quia
399 2242 478 2267 non
497 2230 681 2277 significat
713 2242 791 2267 esse
808 2231 871 2267 vel
900 2243 974 2267 non
994 2243 1082 2268 esse.
1109 2233 1159 2268 Et
1178 2233 1253 2269 hoc
1272 2233 1357 2270 dico

292 2282 424 2319 nonin
444 2290 531 2319 actu
543 2283 568 2330 ²,
589 2283 658 2320 sed
672 2283 797 2320 solum
826 2283 865 2320 in
892 2283 1071 2331 potentia.
1097 2286 1227 2322 Potest
1256 2286 1356 2323 enim

293 2334 434 2383 aliquid
453 2335 554 2383 addi,
573 2348 644 2384 per
667 2336 773 2373 cuius
799 2335 1033 2373 additionem
1052 2337 1095 2373 fit
1113 2338 1134 2358 *
1156 2338 1357 2376 affirmatio

292 2387 355 2424 vel
382 2388 545 2436 negatio,
566 2388 706 2425 scilicet
733 2388 763 2426 si
791 2388 953 2426 addatur
980 2389 1015 2426 ei
1042 2390 1218 2428 verbum.

347 2509 366 2544 ι)
387 2510 499 2535 Ioannes
514 2510 715 2543 grammaticus.
735 2510 927 2536 commentaria
945 2519 998 2536 non
1017 2512 1144 2538 habemus
1158 2522 1225 2546 quae
1248 2515 1356 2540 loannes

292 2546 475 2578 grammaticus
494 2543 581 2579 (Flor.
600 2553 666 2570 saec.
681 2545 726 2570 Vll
745 2545 838 2580 Eccl.),
858 2546 902 2579 qui
921 2551 947 2571 et
971 2547 1130 2580 Philoponus
1149 2550 1358 2581 cognominatur,

293 2580 395 2612 scripsit
408 2580 434 2604 in
449 2580 543 2604 librum
562 2580 619 2604 Peri
634 2580 793 2611 hermenias;
818 2582 863 2606 sed
884 2581 938 2606 eius
955 2582 1028 2606 citata
1042 2584 1167 2608 sententia
1181 2584 1295 2609 innuitur
1310 2594 1357 2610 suo

293 2615 319 2639 in
332 2616 509 2640 Commentar.
520 2615 545 2639 in
556 2615 599 2639 lib.
611 2616 619 2639 I
634 2616 759 2640 Priorum
770 2617 906 2650 analytlc„
922 2625 978 2649 cap.
988 2618 1071 2647 11,col.
1080 2626 1111 2651 27
1124 2616 1256 2652 (Venetiis,
1272 2620 1356 2655 1560).

293 2650 419 2675 Eamdem
434 2650 669 2683 interpretationem
678 2651 754 2675 tradit
767 2651 791 2676 b.
802 2652 937 2676 Albertus:
953 2661 966 2674 ‹
979 2652 1011 2676 Et
1025 2653 1093 2685 quia,
1105 2654 1190 2686 inquit
1204 2655 1229 2679 in
1240 2663 1358 2687 persona

294 2694 309 2709 >o
323 2686 481 2714 Aristotelis,
494 2685 672 2710 immediatum
687 2693 770 2718 genus
785 2686 1001 2718 interpretationis
1016 2692 1056 2712 est
1069 2689 1150 2713 oratio
1165 2690 1284 2722 perfecta,
1299 2691 1357 2715 ideo

295 2730 308 2743 »
324 2728 480 2753 quaeremus
505 2720 628 2745 orationis
652 2720 779 2753 perfectae
803 2721 977 2746 definitionem
1001 2724 1146 2748 secundum
1170 2725 1292 2757 logicum.
1316 2726 1358 2750 Sic

295 2765 308 2778 »
325 2756 394 2780 enim
408 2756 583 2788 compositum
603 2756 815 2788 correspondebit
834 2757 1063 2789 componentibus:
1083 2759 1144 2791 quia
1163 2768 1223 2784 cum
1242 2760 1357 2785 definivi-

295 2799 309 2814 »
325 2799 384 2815 mus
410 2798 506 2815 nomen
532 2795 558 2815 et
581 2791 698 2821 verbum,
719 2790 881 2816 definivimus
905 2797 983 2824 prout
1005 2798 1066 2817 sunt
1089 2795 1217 2819 elementa
1235 2796 1357 2821 orationis

295 2836 308 2848 ι
325 2825 539 2858 perfectissimae;
558 2831 694 2858 propterea
708 2826 785 2851 etiam
804 2827 835 2851 de
850 2827 965 2852 oratione
984 2828 1129 2860 loquentes,
1149 2835 1178 2854 ut
1196 2831 1228 2855 de
1247 2831 1358 2863 perfecta

296 2871 309 2883 ι
326 2861 482 2893 loquimur»
503 2859 548 2893 (In
567 2861 631 2885 lib.1
650 2861 713 2885 Peri
726 2861 808 2886 herm.
824 2867 921 2887 tractat.
938 2862 980 2893 1V,
1000 2871 1055 2896 cap.
1074 2872 1096 2893 1,
1112 2864 1138 2888 in
1156 2865 1284 2900 princip.).
1306 2867 1357 2891 Sed

294 2900 321 2920 et
334 2895 400 2920 hanc
422 2895 576 2920 sententiam
596 2896 780 2928 praedocuerat
803 2897 940 2929 Sydanus,
964 2898 1001 2922 uti
1024 2898 1102 2923 refert
1124 2900 1246 2925 Boethius
1270 2909 1313 2934 op.
1333 2907 1359 2926 et

297 2940 310 2952 2
326 2930 374 2955 loc.
389 2930 430 2955 cit.
439 2938 498 2962 pag.
510 2930 572 2954 321:
589 2940 602 2952 «ι
614 2931 736 2962 Syrianus
750 2939 826 2961 vero,
847 2932 890 2964 qui
910 2932 1066 2957 Philoxenus
1081 2936 1290 2967 cognominatur,
1306 2944 1358 2961 non

296 2973 311 2987 ν
326 2969 398 2996 putat
419 2965 548 2989 orationes
571 2973 642 2995 esse,
667 2973 776 2998 quarum
795 2966 937 2991 intellectus
958 2968 991 2992 sit
1010 2968 1190 3001 imperfectus,
1210 2976 1287 3003 atque
1300 2971 1358 2996 ideo

298 3009 310 3022 »
327 3006 374 3023 nec
392 3006 435 3024 eas
449 2999 548 3031 aliquas
560 2999 655 3024 habere
669 3005 762 3032 partes.
776 3001 841 3025 Nam
857 3009 916 3026 cum
931 3002 1003 3026 dicit:
1023 3003 1100 3028 Plato
1118 3004 1144 3029 in
1159 3006 1304 3031 Academia
1319 3006 1358 3031 di-

298 3043 311 3057 >
327 3037 437 3065 sputans
446 3041 456 3063 ‚⁰
473 3034 535 3059 haec
549 3035 671 3066 quoniam
685 3035 798 3067 perfecta
814 3044 866 3060 non
887 3042 939 3067 est,
959 3042 1057 3069 partes,
1077 3039 1172 3071 inquit,
1188 3049 1240 3065 non
1254 3041 1356 3065 habet.»

349 3067 375 3102 κ)
397 3069 466 3099 Quia
485 3069 604 3101 quamvis
623 3077 712 3094 omnes
729 3074 825 3102 partes
843 3072 996 3104 reserantur
1013 3073 1200 3106 principaliter
1218 3076 1256 3100 ad
1274 3079 1358 3101 totum

291 3104 440 3137 perfectum
456 3108 526 3128 etc.-
537 3104 617 3128 Codd.
627 3105 715 3129 ABCE
730 3105 890 3130 uniformiter
905 3107 1006 3139 legunt:
1021 3108 1084 3140 quia
1095 3110 1216 3142 quamvis
1230 3111 1359 3136 orationis

291 3142 387 3171 partes
411 3139 564 3171 referantur
582 3139 770 3171 principaliter
787 3141 825 3165 ad
843 3144 927 3165 totum
945 3143 1104 3176 perfectum.
1129 3145 1180 3169 Sed
1202 3145 1265 3170 haec
1284 3146 1358 3170 lectio

297 3174 383 3198 minus
409 3173 470 3197 mihi
494 3174 578 3206 placet
601 3181 680 3206 quam
703 3174 781 3199 Plana
803 3183 869 3208 quae
894 3181 934 3201 est
957 3178 1014 3202 cod.
1033 3178 1055 3202 D
1080 3185 1106 3203 et
1123 3180 1188 3204 Ven.
1209 3181 1266 3205 edd.
1286 3181 1358 3205 Prin-

298 3209 393 3241 cipium
416 3209 485 3233 enim
505 3208 545 3232 hic
568 3216 582 3232 a
605 3208 739 3234 s-Thoma
764 3211 913 3235 enunciatur
935 3213 1005 3244 quod
1024 3213 1164 3238 universim
1184 3215 1287 3247 respicit
1300 3223 1359 3247 par-

297 3244 361 3268 tium
380 3243 531 3268 relationem
554 3244 585 3268 ad
609 3248 706 3274 totum,
721 3249 750 3268 ut
773 3250 843 3276 patet
861 3247 979 3279 exemplo
999 3248 1108 3273 adducto
1127 3250 1159 3274 de
1179 3249 1318 3282 parietibus
1328 3250 1359 3274 ‘in

295 3278 387 3303 ordine
406 3279 438 3302 ad
453 3279 569 3308 domum,
584 3283 609 3302 et
623 3279 655 3303 de
675 3279 799 3304 membris
814 3281 941 3312 organicis
960 3282 986 3306 in
1000 3283 1090 3308 ordine
1108 3284 1140 3308 ad
1159 3285 1261 3309 animal.
1282 3285 1359 3315 Quod

298 3314 403 3346 quidem
423 3313 575 3345 principium
594 3313 734 3345 applicatur
748 3314 839 3339 deinde
858 3316 972 3347 partibus
986 3318 1124 3343 orationis:
1142 3319 1187 3344 Sic
1199 3326 1264 3351 ergo
1283 3325 1359 3344 etc.-

298 3349 413 3373 Admitto
432 3348 458 3372 in
477 3353 546 3372 textu
559 3348 747 3380 priucipaliter
768 3354 824 3373 tum
849 3351 908 3382 quia
927 3359 1021 3376 omnes
1040 3353 1140 3377 codices
1169 3354 1231 3378 illud
1255 3354 1358 3384 habent,

297 3389 353 3408 tum
373 3383 431 3416 quia
446 3391 460 3407 a
473 3391 494 3407 s.
509 3383 612 3407 Thoma
629 3383 692 3408 infra
711 3383 843 3415 indicatur,
858 3386 1010 3418 applicando
1029 3388 1191 3412 enunciatum
1206 3388 1358 3421 principium

245 3418 247 3420 ’
299 3419 331 3443 ad
349 3423 435 3451 partes
453 3418 583 3442 orationis.

350 3452 379 3487 λ)
401 3454 436 3478 Et
454 3453 503 3478 hoc
521 3453 579 3478 dico
599 3460 649 3478 non
669 3453 695 3477 in
714 3457 784 3482 actu,
803 3453 850 3478 sed
868 3459 914 3479 etc.
934 3456 1004 3480 Haec
1023 3456 1098 3480 lectio
1113 3457 1188 3481 Piana
1203 3462 1229 3481 et
1242 3458 1359 3481 omnium

298 3489 364 3513 Ven.
380 3489 437 3513 edd.
457 3496 509 3512 non
529 3489 665 3512 concordat
683 3496 742 3512 cum
762 3489 836 3513 codd.
850 3490 916 3514 ΑΒΕ
936 3490 980 3522 qui
1003 3491 1124 3515 omittunt
1146 3492 1295 3523 particulam
1314 3500 1358 3516 ne-

299 3529 417 3556 gantem,
437 3531 465 3548 ac
485 3524 586 3555 legunt:
607 3526 634 3547 et
654 3523 702 3548 hoc
724 3523 782 3548 dico
803 3523 829 3548 in
852 3527 922 3548 actu.
947 3524 1020 3554 Quae
1043 3526 1117 3550 lectio
1141 3527 1225 3558 quoad
1247 3526 1356 3550 formam

299 3566 352 3583 non
370 3558 490 3583 cohaeret
509 3566 567 3582 cum
586 3558 768 3590 sequentibus:
787 3559 834 3583 sed
851 3559 934 3583 solum
955 3559 981 3583 in
996 3560 1126 3591 potentia.
1145 3562 1265 3585 Attamen
1285 3562 1359 3585 lectio

296 3593 355 3626 ipsa
375 3593 451 3618 Piana
470 3594 565 3626 aliquid
591 3593 736 3618 necessario
755 3593 779 3617 vi
798 3594 935 3625 particulae
959 3595 1074 3625 negantis
1099 3595 1274 3628 subintelligit.
1298 3596 1360 3620 Vult

296 3628 370 3653 enim
388 3636 410 3653 s.
424 3628 540 3653 Thomas
560 3629 630 3661 quod
649 3628 746 3661 aliquid
764 3628 874 3661 partium
892 3629 1013 3654 orationis
1033 3638 1085 3654 non
1104 3629 1228 3662 significat
1245 3635 1273 3655 ut
1292 3630 1359 3655 affir-

2425 307 2470 343 31

1466 389 1502 424 6.
1523 387 1672 424 Deinde
1693 399 1780 424 cum
1801 387 1905 424 dicit:
1926 387 2001 423 Sed
2018 398 2092 423 non
2114 397 2189 423 una
2208 386 2368 423 hominis
2387 394 2470 433 etc.,

1412 441 1574 477 excludit
1601 441 1738 478 falsum
1752 441 1995 477 intellectum.
2017 440 2066 476 Et
2087 446 2216 487 posset
2242 439 2317 475 hoc
2345 439 2472 475 referri

1410 492 1459 529 ad
1487 493 1707 530 immediate
1727 493 1882 540 dictum,
1902 501 1944 529 ut
1969 492 2014 529 sit
2042 505 2175 529 sensus
2200 491 2305 540 quod
2329 504 2472 528 nomen

1410 544 1478 581 erit
1497 546 1698 583 affirmatio
1718 547 1780 583 vel
1800 546 1962 594 negatio,
1983 545 2013 582 si
2032 545 2124 594 quid
2152 545 2186 581 ei
2212 544 2383 590 addatur,
2405 544 2473 581 sed

1409 610 1487 634 non
1511 599 1541 635 si
1569 599 1730 636 addatur
1749 599 1783 635 ei
1803 611 1880 635 una
1899 598 2064 635 nominis
2092 598 2247 646 syllaba.
2279 596 2356 634 Sed
2385 596 2473 644 quia

1408 650 1496 686 huic
1530 652 1656 688 sensui
1691 664 1770 688 non
1803 651 2036 688 conveniunt
2053 652 2073 670 ⁴*
2101 651 2222 687 verba
2255 649 2471 698 sequentia,

1409 711 1559 750 oportet
1587 704 1691 752 quod
1720 705 1901 741 referatur
1924 704 1972 741 ad
1997 703 2047 751 id,
2068 703 2173 752 quod
2194 715 2310 751 supra
2329 702 2472 739 dictum

1409 763 1465 792 est
1492 756 1530 793 in
1560 757 1778 793 definitione
1807 757 1998 803 orationis,
2028 756 2167 793 scilicet
2199 755 2304 804 quod
2331 754 2475 803 aliquid

1407 809 1572 856 partium
1602 809 1682 846 eius
1710 810 1756 846 sit
1783 809 2074 857 significativum
2103 808 2306 857 separatim
2327 808 2356 844 *.
2394 807 2473 844 Sed

1409 861 1498 909 quia
1511 874 1599 910 pars
1614 862 1770 898 alicuius
1789 862 1901 898 totius
1919 862 2052 898 dicitur
2070 861 2223 910 proprie
2242 861 2345 908 illud,
2366 860 2472 909 quod

1409 914 1628 951 immediate
1642 915 1748 951 venit
1766 914 1815 951 ad
1835 914 2140 951 constitutionem
2166 914 2291 961 totius,
2307 926 2386 950 non
2405 925 2470 950 au-

1408 974 1486 1002 tem
1502 979 1589 1015 pars
1602 967 1735 1015 partis;
1755 966 1843 1003 ideo
1858 967 1932 1003 hoc
1951 967 2234 1014 intelligendum
2250 974 2306 1003 est
2325 966 2372 1003 de
2386 978 2471 1015 par-

1409 1019 1508 1055 tibus
1528 1032 1574 1055 ex
1594 1019 1731 1067 quibus
1746 1019 1966 1056 immediate
1986 1019 2220 1056 constituitur
2248 1019 2380 1066 oratio,
2401 1018 2469 1055 sci-

1410 1071 1495 1107 licet
1514 1072 1562 1108 de
1581 1071 1738 1108 nomine
1758 1079 1794 1108 et
1812 1072 1945 1118 verbo,
1962 1084 2040 1108 non
2068 1079 2196 1108 autem
2223 1072 2270 1109 de
2302 1072 2471 1120 partibus

1410 1124 1575 1160 nominis
1585 1125 1647 1160 vel
1666 1124 1786 1171 verbi,
1799 1136 1895 1172 quae
1916 1133 2003 1161 sunt
2021 1125 2187 1172 syllabae
2206 1125 2267 1162 vel
2287 1125 2429 1161 litterae
2438 1130 2468 1160 fl.

1411 1177 1460 1212 Et
1487 1176 1574 1212 ideo
1604 1176 1738 1213 dicitur
1761 1176 1867 1225 quod
1894 1189 1980 1224 pars
2005 1177 2183 1213 orationis
2209 1185 2264 1214 est
2284 1177 2468 1225 significa-

1410 1228 1488 1264 tiva
1507 1235 1679 1277 separata
1697 1229 1728 1276 *,
1745 1241 1823 1265 non
1842 1236 1970 1266 tamen
1990 1230 2070 1266 talis
2090 1242 2188 1277 pars,
2205 1242 2302 1278 quae
2322 1237 2378 1267 est
2394 1242 2472 1267 una

1411 1280 1576 1318 nominis
1604 1281 1759 1329 syllaba.
1790 1282 1839 1318 Et
1870 1282 1945 1318 hoc
1978 1282 2190 1319 manifestat
2223 1283 2262 1319 in
2299 1282 2470 1330 syllabis,

1412 1346 1510 1381 quae
1538 1334 1770 1382 quandoque
1788 1342 1948 1382 possunt
1967 1347 2049 1371 esse
2077 1335 2252 1372 dictiones
2270 1348 2339 1383 per
2366 1349 2406 1372 se
2426 1336 2472 1372 si-

1411 1386 1649 1433 gnificantes:
1670 1387 1766 1423 sicut
1792 1387 1866 1423 hoc
1895 1387 1999 1435 quod
2028 1387 2112 1424 dico
2141 1400 2222 1433 rex,
2243 1388 2473 1436 quandoque

1411 1446 1467 1475 est
1484 1451 1562 1476 una
1578 1440 1598 1461 *
1613 1439 1724 1476 dictio
1739 1452 1808 1488 per
1823 1452 1863 1476 se
1879 1440 2108 1487 significans3
2128 1440 2166 1476 in
2182 1448 2364 1488 quantum
2378 1453 2473 1477 vero

1412 1492 1592 1540 accipitur
1618 1499 1660 1528 ut
1687 1505 1764 1529 una
1788 1493 1977 1541 quaedam
2007 1493 2150 1541 syllaba
2168 1493 2280 1529 huius
2308 1493 2472 1530 nominis

1411 1546 1554 1591 Sorex,
1574 1545 1723 1591 soricis,
1745 1558 1823 1582 non
1851 1545 2034 1593 significat
2062 1545 2202 1594 aliquid
2229 1558 2298 1594 per
2325 1558 2385 1592 se,
2407 1545 2475 1582 sed

1412 1605 1468 1634 est
1494 1610 1572 1635 vox
1600 1599 1691 1634 sola.
1722 1598 1846 1635 Dictio
1875 1598 1977 1635 enim
2010 1599 2200 1646 quaedam
2235 1606 2290 1634 est
2318 1610 2474 1646 compo-

1412 1650 1498 1687 sita”
1513 1663 1558 1687 ex
1573 1651 1743 1699 pluribus
1762 1651 1934 1698 vocibus,
1946 1658 2075 1687 tamen
2089 1651 2127 1688 in
2142 1650 2389 1698 significando
2409 1651 2473 1687 ha-

1412 1704 1476 1740 bet
1490 1703 1779 1752 simplicitatem,
1797 1704 1835 1740 in
1846 1711 2029 1752 quantum
2041 1704 2178 1740 scilicet
2189 1704 2371 1751 significat
2385 1703 2472 1740 sim-

1411 1756 1550 1805 plicem
1571 1756 1801 1793 intellectum
1815 1757 1846 1793 *.
1868 1758 1916 1793 Et
1939 1757 2025 1793 ideo
2045 1756 2083 1805 in
2103 1764 2286 1805 quantum
2316 1764 2371 1793 est
2396 1769 2474 1793 vox

1413 1809 1636 1858 composita,
1656 1817 1781 1858 potest
1794 1809 1936 1846 habere
1963 1816 2111 1858 partem
2139 1821 2236 1857 quae
2261 1809 2306 1845 sit
2323 1820 2400 1845 vox
2418 1806 2471 1855 *ἢ

1412 1861 1451 1898 in
1466 1870 1650 1911 quantum
1667 1869 1795 1899 autern
1812 1869 1867 1898 est
1885 1862 2044 1910 simplex
2063 1862 2102 1898 in
2121 1861 2379 1909 significando,
2395 1874 2474 1898 non

1412 1922 1536 1964 potest
1563 1916 1705 1951 habere
1732 1922 1879 1964 partem
1915 1915 2199 1962 significantem.
2226 1914 2337 1951 Unde
2365 1915 2473 1962 sylla-

1413 1969 1485 2005 bae
1513 1967 1670 2016 quidem
1698 1975 1785 2004 sunt
1811 1980 1940 2015 voces,
1961 1967 2029 2004 sed
2048 1980 2126 2004 non
2154 1974 2240 2003 sunt
2262 1979 2379 2004 voces
2405 1979 2475 2015 per

1414 2034 1454 2058 se
1483 2020 1747 2068 significantes.

1467 2073 1676 2110 Sciendum
1704 2080 1833 2110 tamen
1866 2072 1971 2121 quod
1998 2072 2037 2108 in
2071 2071 2288 2108 nominibus
2317 2084 2474 2120 compo-

1414 2126 1510 2173 sitis,
1541 2138 1638 2175 quae
1666 2125 1915 2174 imponuntur
1938 2126 1958 2146 '¹‘
1987 2125 2035 2162 ad
2069 2125 2358 2172 significandum
2392 2137 2473 2161 rem

1414 2179 1626 2228 simplicem
1655 2191 1701 2215 ex
1729 2178 1855 2227 aliquo
1884 2178 2072 2215 intellectu
2101 2177 2325 2226 compositO,
2349 2185 2474 2226 partes

1414 2231 1626 2269 secundum
1661 2231 1921 2280 apparentiam
1956 2230 2096 2279 aliquid
2130 2230 2357 2278 significant,
2390 2230 2475 2266 licet

1414 2297 1493 2322 non
1508 2284 1721 2322 secundum
1736 2284 1934 2322 veritatem
1948 2284 1978 2320 ²¹⁸.
2000 2284 2048 2319 Et
2066 2283 2152 2320 ideo
2173 2283 2299 2319 subdit
2313 2283 2417 2331 quod
2436 2283 2474 2319 in

1416 2337 1640 2386 duplicibus,
1656 2337 1752 2374 idest
1770 2337 1808 2373 in
1829 2336 2046 2373 nominibus
2062 2335 2291 2384 compositis,
2308 2336 2474 2383 syllabae

1416 2403 1515 2439 quae
1542 2398 1702 2439 possunt
1730 2403 1812 2427 esse
1828 2391 1847 2410 ⁴*
1868 2389 2058 2435 dictiones,
2078 2389 2116 2426 in
2137 2388 2412 2437 compositione
2432 2389 2474 2408 ⁹⁶*

1413 2516 1491 2540 matio
1510 2520 1553 2539 aut
1570 2513 1680 2546 negatio,
1701 2513 1760 2546 quia
1779 2521 1831 2537 non
1850 2510 1975 2544 significat
1993 2519 2052 2536 esse
2070 2512 2113 2536 vel
2133 2519 2183 2536 non
2203 2519 2269 2536 esse.
2283 2512 2333 2536 Sed
2348 2512 2408 2544 quia
2422 2520 2474 2536 non

1413 2549 1557 2583 significare
1574 2554 1603 2574 ut
1621 2548 1817 2574 affirmationem
1837 2552 1881 2572 aut
1899 2547 2060 2578 negationem
2080 2547 2186 2577 intelllgi
2210 2552 2294 2579 potest
2309 2547 2337 2574 in
2357 2552 2414 2571 actu
2433 2555 2475 2572 so-

1414 2586 1548 2610 lummodo
1566 2585 1607 2609 vel
1633 2584 1709 2608 etiam
1732 2583 1757 2607 in
1781 2583 1907 2615 potentia3
1933 2582 1990 2606 ideo
2014 2582 2082 2606 addit
2106 2590 2127 2605 S.
2142 2582 2258 2606 Thomas
2284 2582 2354 2614 quod
2379 2582 2475 2614 aliquid

1413 2621 1523 2653 partium
1537 2619 1658 2644 orationis
1673 2618 1791 2651 quamvis
1806 2626 1857 2642 non
1872 2616 1995 2648 significet
2009 2617 2034 2641 in
2048 2622 2104 2641 actu
2119 2622 2148 2641 ut
2160 2616 2293 2641 affirmatio
2308 2622 2351 2641 aut
2366 2618 2474 2648 negatio,

1412 2655 1538 2688 significet
1555 2660 1643 2679 tamen
1661 2654 1687 2678 in
1706 2653 1826 2686 potentia.
1846 2653 1936 2677 Potest
1953 2652 2021 2676 enim
2040 2652 2141 2684 aliquid
2160 2653 2226 2676 addi
2245 2657 2293 2676 etc.
2313 2652 2474 2676 Manifestum

1412 2697 1452 2715 est
1466 2691 1531 2715 hanc
1542 2697 1601 2714 esse
1615 2694 1730 2714 mentem
1745 2696 1766 2713 S.
1778 2688 1897 2712 'rhomae
1903 2694 1910 2717 ;
1930 2688 1977 2711 sed
2000 2695 2056 2711 eam
2077 2687 2159 2711 forma
2177 2692 2232 2711 tum
2246 2688 2320 2712 codd.
2341 2692 2396 2711 tum
2415 2687 2473 2711 edd.

1413 2726 1480 2750 haud
1499 2725 1636 2758 perspicue
1655 2724 1738 2749 tradit.

1466 2760 1495 2794 μ.)
1516 2761 1579 2785 Ideo
1597 2760 1646 2784 hoc
1664 2758 1864 2790 intelligendum
1882 2761 1922 2782 est
1940 2757 1972 2781 de
1982 2756 2112 2788 partibus,
2128 2764 2164 2781 ex
2178 2757 2269 2789 quibus
2288 2762 2334 2781 etc.
2350 2757 2422 2781 Hanc
2437 2757 2472 2781 le-

1413 2797 1525 2820 ctionem
1544 2802 1693 2826 germanam
1713 2793 1862 2818 s.Thomae
1886 2792 2044 2816 restituimus
2068 2800 2098 2816 ex
2117 2792 2190 2816 codd.
2210 2792 2339 2822 omnibus,
2354 2800 2383 2816 ac
2402 2792 2472 2816 deni—

1413 2839 1465 2864 que
1488 2839 1518 2855 ex
1540 2830 1639 2854 Veneta
1659 2829 1770 2854 editione
1785 2828 1807 2852 b.
1824 2841 1842 2845 —
1861 2827 1945 2851 Editio
1969 2827 2046 2851 Piana
2066 2835 2125 2851 cum
2146 2827 2246 2850 duabus
2267 2827 2323 2851 edd.
2347 2834 2379 2851 ac
2399 2827 2473 2858 plura

1412 2866 1514 2896 omittit,
1529 2865 1648 2898 quamvis
1663 2872 1677 2888 a
1691 2869 1778 2888 mente
1797 2871 1818 2887 s.
1833 2862 1950 2886 Thomae
1970 2870 2022 2886 non
2038 2862 2144 2886 aberret.
2164 2861 2238 2893 Legit
2252 2862 2333 2885 enim:
2350 2861 2409 2886 ideo
2424 2862 2472 2886 hoc

1413 2909 1464 2926 non
1481 2900 1680 2933 intelligendum
1694 2903 1733 2923 est
1748 2898 1780 2923 de
1790 2898 1913 2929 partibus
1928 2897 2039 2921 nominis
2054 2897 2094 2921 vel
2108 2897 2185 2924 verbi,
2201 2903 2267 2928 quae
2279 2900 2341 2920 sunt
2354 2897 2472 2929 syllabae

1413 2937 1454 2961 vel
1473 2936 1587 2960 litterae.
1612 2935 1704 2959 Addita
1724 2934 1847 2966 particula
1867 2932 1990 2964 negativa,
2010 2939 2104 2963 nempe
2123 2932 2232 2962 legendo
2253 2938 2303 2955 non
2323 2931 2471 2963 intelligen-

1413 2971 1491 3000 dum,
1511 2970 1637 2995 sententia
1656 2977 1677 2994 s.
1688 2969 1805 2993 Thomae
1820 2973 1946 2997 servatur;
1971 2967 2075 2990 minime
2093 2974 2155 2990 vero
2179 2966 2351 2998 perspicuitati
2376 2974 2470 2990 consu-

1413 3006 1485 3031 litur:
1509 3006 1569 3038 quia
1592 3005 1686 3034 illatio,
1706 3004 1765 3028 ideo
1783 3004 1831 3028 hoc
1850 3008 1896 3026 etc.
1913 3010 1964 3026 non
1975 3001 2084 3033 perfecte
2094 3001 2231 3033 respondet
2246 3001 2389 3032 praemisso
2400 3006 2470 3025 ante-

1414 3041 1526 3065 cedenti:
1545 3040 1592 3065 sed
1616 3039 1678 3071 quia
1693 3046 1761 3070 pars
1786 3044 1832 3062 etc.
1854 3037 1920 3061 Huic
1937 3037 2005 3061 enim
2025 3037 2132 3060 nectitur
2151 3036 2226 3065 illud,
2248 3036 2280 3060 de
2294 3036 2419 3067 partibus
2434 3043 2472 3060 ex

1413 3076 1506 3108 quibus
1525 3075 1676 3099 immediate
1694 3074 1864 3098 constituitur
1882 3072 1968 3096 oratio
1987 3076 2034 3095 etc.

1466 3110 1490 3145 ν)
1507 3110 1596 3134 Dictio
1606 3109 1674 3134 enim
1689 3109 1819 3141 quaedam
1830 3111 1868 3132 est
1877 3106 2021 3138 composita
2031 3111 2098 3130 etc.-
2104 3106 2184 3130 Codd.
2191 3106 2294 3129 ABDE:
2310 3105 2390 3130 dictio
2400 3106 2469 3130 em'm

1413 3149 1453 3170 est
1466 3145 1597 3177 quaedam
1612 3151 1667 3168 vox
1685 3142 1931 3175 composita-eod.
1940 3142 1974 3165 C:
1990 3141 2070 3165 dictio
2079 3141 2147 3165 enim
2158 3144 2197 3165 est
2211 3141 2315 3172 quidem
2331 3148 2386 3165 vox
2399 3149 2468 3166 com-

1408 3180 1510 3212 posita:
1523 3187 1590 3212 quae
1603 3179 1677 3203 lectio
1692 3183 1732 3202 est
1746 3178 1777 3202 ad
1792 3185 1898 3202 sensum
1913 3177 2021 3200 aliorum
2036 3176 2110 3200 codd.
2127 3176 2239 3207 Utraque
2254 3175 2328 3200 lectio
2343 3176 2410 3200 bona
2423 3181 2470 3201 est.

1414 3215 1439 3240 Si
1454 3215 1532 3238 Piana
1541 3215 1684 3246 adoptetur,
1696 3221 1742 3245 per
1751 3213 1793 3237 illa
1801 3213 1878 3236 verba
1893 3211 1973 3236 dictio
1982 3211 2050 3235 enim
2062 3216 2108 3235 etc.
2120 3219 2140 3234 s·
2148 3211 2263 3234 Thomas
2274 3211 2392 3235 enunciat
2402 3211 2470 3243 prin-

1414 3250 1508 3281 cipium
1520 3250 1550 3273 de
1561 3248 1630 3273 omni
1645 3248 1754 3272 dictione
1769 3247 1922 3279 composita;
1938 3252 1962 3270 at
1972 3246 1993 3270 si
2003 3253 2062 3270 vera
2072 3251 2111 3270 est
2121 3246 2195 3270 lectio
2206 3246 2288 3274 codd..
2302 3246 2380 3270 verba
2391 3246 2471 3271 dictio

1413 3285 1481 3309 enim
1497 3289 1544 3308 etc.
1555 3283 1699 3307 referuntur
1708 3283 1740 3306 ad
1755 3282 1890 3306 dictionem
1905 3281 1930 3305 in
1945 3281 2090 3312 exemplum
2101 3281 2219 3312 positam,
2230 3288 2322 3312 nempe
2338 3281 2434 3308 Sorex,
2446 3286 2472 3305 et

1414 3319 1460 3343 erit
1475 3326 1568 3343 sensus
1579 3317 1730 3342 sententiae:
1742 3317 1822 3342 dictio
1832 3317 1899 3341 enim
1912 3316 2001 3340 Sorex
2014 3319 2053 3340 est
2062 3316 2191 3347 quaedam
2202 3323 2257 3340 vox
2270 3316 2414 3347 composita
2423 3321 2470 3340 etc.

1467 3352 1490 3385 ξ)
1512 3353 1586 3382 Quae
1604 3352 1639 3377 sit
1653 3359 1715 3376 vox.
1735 3352 1781 3375 Est
1800 3353 1855 3375 lect.
1871 3351 1943 3375 codd.
1959 3351 2104 3375 cmi—B:
2124 3358 2191 3382 quae
2209 3354 2247 3375 est
2268 3358 2329 3375 vox.
2348 3351 2385 3374 A:
2404 3358 2471 3382 quae

1412 3389 1447 3413 sit
1466 3395 1521 3412 vox
1540 3395 1591 3411 non
1610 3386 1796 3419 significatIva.
1820 3386 1898 3418 Igitur
1917 3393 1972 3410 vox
1990 3385 2093 3417 ponitur
2115 3386 2146 3409 ab
2168 3385 2289 3409 omnibus
2314 3385 2408 3409 nostris
2428 3393 2470 3410 co-

1414 3423 1548 3447 dicibus.—
1562 3422 1590 3445 P.
1606 3426 1631 3445 et
1644 3428 1683 3449 ac,
1704 3428 1750 3445 nec
1770 3429 1822 3444 non
1841 3422 1881 3445 ed.
1901 3419 1979 3444 1526:
1999 3427 2066 3451 quae
2084 3423 2123 3444 est
2141 3427 2226 3444 rex.—
2241 3421 2287 3444 Ed.
2307 3420 2337 3444 b.-
2355 3427 2422 3452 quae
2436 3421 2470 3445 si-

1412 3458 1553 3490 gnificet.—
1566 3457 1728 3487 Adoptamus
1748 3456 1892 3485 lectionem,
1907 3462 1973 3487 quae
1987 3455 2022 3479 sit
2036 3462 2098 3482 vox,
2118 3460 2173 3478 tum
2193 3460 2298 3487 propter
2313 3463 2471 3480 consensum

1413 3493 1495 3521 codd.‚
1509 3497 1564 3515 tum
1580 3491 1639 3522 quia
1652 3490 1771 3514 cohaeret
1784 3498 1843 3514 cum
1858 3491 1888 3514 iis
1899 3498 1964 3521 quae
1978 3490 2123 3514 immediate
2134 3496 2291 3522 sequuntur:
2307 3490 2332 3514 in
2343 3494 2471 3522 quantum

1412 3530 1501 3551 autem
1521 3529 1560 3550 est
1577 3526 1692 3556 simplex
1711 3530 1758 3549 etc.
1784 3525 1871 3549 Posita
1889 3530 1974 3549 tamen
1997 3524 2044 3548 hac
2063 3525 2178 3555 lectione,
2198 3530 2242 3549 aut
2264 3525 2412 3550 addendum
2431 3531 2472 3551 est

1412 3561 1567 3585 vocabulum
1587 3560 1764 3593 significativa
1777 3561 1833 3584 cod.
1845 3561 1867 3584 A
1878 3558 2016 3593 (particula
2031 3560 2108 3590 enim,
2124 3567 2183 3589 non,
2199 3565 2238 3584 est
2252 3560 2407 3594 corruptio),
2427 3566 2472 3585 aut

1413 3596 1621 3628 supponendum,
1641 3595 1706 3619 sicut
1729 3595 1907 3619 adnotavimus
1932 3594 1959 3619 in
1977 3595 2100 3627 margine.
2124 3595 2201 3625 Quod
2219 3595 2295 3620 etiam
2314 3595 2439 3620 indicatur
2457 3604 2472 3620 a

1412 3631 1470 3655 lect.
1490 3631 1531 3655 ed.
1550 3630 1579 3654 b:
1597 3637 1664 3662 quae
1682 3629 1821 3662 significet.

2500 662 2509 669 ⁶
2521 666 2533 681 c
2540 667 2545 681 ε
2556 662 2698 688 congruunt.

2500 814 2509 821 ·
2519 818 2555 834 Bc:
2568 814 2713 840 separatum.

2596 1140 2616 1165 μ

2499 1238 2602 1286 ἑίξοάἀα
2611 1245 2712 1267 separa·

2501 1455 2509 1463 ”
2520 1461 2540 1475 a:
2549 1456 2636 1476 estana
2642 1460 2711 1481 quae·

2502 1480 2563 1501 dam.
2583 1492 2594 1496 -
2612 1486 2654 1502 ac:
2676 1482 2713 1502 est

2501 1506 2625 1534 quaedam.

2602 1667 2614 1683 ν

2502 1770 2510 1778 ·
2521 1769 2650 1796 Cf.lect.1n,
2657 1774 2711 1796 n.13.

2503 1814 2510 1821 ⁵
2521 1813 2609 1840 Nempe
2624 1820 2669 1835 vox
2679 1814 2711 1835 ,η’-

2500 1840 2646 1867 gnficaliva.

2597 1867 2608 1898 ξ

2502 2140 2510 2147 “
2521 2138 2603 2159 Codd.:
2612 2138 2635 2159 in
2641 2144 2711 2165 quan-

2501 2166 2547 2185 tum
2555 2165 2710 2192 imponuntur.

2502 2297 2509 2305 ·
2523 2295 2648 2321 Cf.lect.iv,
2655 2301 2713 2317 n.1o.

2502 2331 2510 2339 ·
2521 2336 2577 2351 auc:
2595 2330 2664 2351 eliam
2681 2337 2714 2352 es-

2503 2362 2536 2377 se.

2503 2384 2521 2391 ··
2532 2388 2557 2403 c:
2569 2383 2713 2410 compositio-

2502 2415 2560 2429 nem.
