2548 4192
917 271 972 308 IN
1003 272 1040 308 S.
1063 271 1305 308 THOMAM
1332 272 1657 319 AQUINATEM

185 351 275 383 omni
298 361 428 392 prorsus
451 349 704 390 interpolationis
735 350 806 380 labe
828 350 1030 388 immunem,
1056 350 1125 381 miti
1149 351 1257 380 animo

185 396 427 426 demonstrasse.
453 396 496 425 At
527 394 647 424 mirum
675 394 812 434 denique
845 401 891 425 est
923 395 1035 425 eadem
1064 394 1126 434 legi
1150 404 1258 425 recusa

185 446 367 470 commenta
394 439 427 469 in
451 438 574 478 Opere,
600 438 690 479 quod
713 438 911 478 inscribitur,
937 439 1127 469 Innocentia
1157 439 1257 470 vindi-

184 490 258 515 cata
282 483 375 524 etc-g
400 494 426 521 1,
446 492 536 514 num.
559 493 585 512 1.

251 528 332 559 Siste
354 528 462 558 lector.
485 526 604 557 Malam
626 525 743 565 fidem,
760 537 859 567 quam
882 527 1008 567 pridem
1036 526 1177 558 Ioannes
1199 528 1257 558 Ni—

184 573 269 604 colai
295 577 327 602 et
356 572 415 602 alii
445 572 645 602 Parisienses
681 572 850 612 magistri,
877 571 1059 612 allegantes
1091 573 1258 612 exemplar

183 626 284 648 unum
318 616 470 646 illiusmet
502 615 650 646 editionis
678 615 902 653 Morellianae,
928 615 1014 656 quod
1039 625 1141 655 penes
1173 618 1258 656 ipsos

180 666 270 698 erat,
290 659 486 690 adamussim
501 660 666 690 Romanae
692 659 823 689 editioni
846 659 1023 697 conforme,
1040 668 1257 700 opposuerant

182 704 367 744 Theophilo
391 704 590 745 Raynaudo,
615 703 641 734 is
666 703 790 734 amoliri
814 704 869 734 abs
900 714 933 734 se
963 705 1087 742 studet,
1113 705 1256 736 vindiciis

181 749 258 780 actis
281 749 314 779 in
330 748 534 790 Syntagmate
550 748 590 778 de
606 747 707 778 Libris
724 748 859 788 propriis
876 758 966 779 num.
986 749 1036 779 33:
1057 762 1072 777 α
1090 749 1165 779 Non
1187 750 1254 787 erit,

184 806 200 821 2
222 794 342 833 inquit,
361 802 536 833 operosum
556 792 637 823 hanc
656 792 761 822 labem
785 793 954 832 detergere.
972 793 1182 824 Verissimum
1197 794 1254 834 igi—

183 849 199 866 »
221 844 274 868 tur
295 843 353 875 est,
371 837 462 878 quod
485 837 547 867 dixi
571 837 610 867 de
634 836 872 868 adulteratione
895 843 1003 868 textus
1018 838 1166 877 praedicti
1185 849 1255 869 san-

183 890 199 910 »
221 881 262 912 cti
285 881 433 912 Thomae
457 881 538 912 facta
561 891 618 921 per
640 881 796 912 Cosmam
819 882 977 913 Morelles.
1006 881 1111 912 Causa
1134 889 1252 921 autem,

183 938 198 954 ²
221 936 278 957 cur
299 925 467 957 inventum
490 926 530 956 sit
553 926 720 966 exemplar
742 925 885 956 eiusdem
909 926 1056 956 editiOnis
1079 928 1251 964 sincerum,

183 983 198 998 ι
219 970 279 1001 ista
303 977 358 1002 est.
381 971 423 1001 D.
450 970 643 1000 Bernardus
665 970 705 1000 de
733 970 837 1000 ῚῚιονο
866 970 978 1000 doctor
1000 970 1172 1010 hispanus,
1197 971 1253 1012 qui

182 1027 198 1043 1»
220 1015 344 1046 Romae
367 1014 533 1054 negotium
556 1013 785 1054 Conceptionis
805 1015 952 1053 urgebat,
979 1014 1173 1054 deprehensa
1200 1015 1254 1046 illa

182 1071 197 1087 ›
219 1059 318 1090 sancti
342 1059 489 1090 Thomae
513 1058 736 1098 depravatione
759 1067 815 1098 per
839 1058 959 1088 dictum
987 1058 1115 1089 fratrem
1138 1059 1252 1090 Morel-

181 1116 198 1132 ι
219 1103 283 1142 les,
299 1104 404 1134 dicam
429 1103 478 1133 illi
499 1102 633 1142 impegit
663 1102 752 1142 apud
782 1102 920 1132 Paulum
951 1102 993 1139 V,
1019 1112 1038 1132 a
1065 1112 1132 1143 quo
1161 1103 1253 1133 frater

180 1160 196 1176 ι
219 1147 396 1188 praedictus
419 1146 591 1186 increpitus
619 1153 650 1177 et
678 1146 831 1176 multatus
855 1147 991 1176 mutavit
1003 1146 1127 1186 solium
1152 1147 1251 1184 illud,

180 1203 196 1220 »
217 1191 446 1222 adulteratione
475 1190 606 1222 sublata.
632 1190 802 1221 Caeterum
825 1196 943 1220 exstare
965 1190 1120 1221 dicuntur
1147 1191 1180 1221 in
1204 1191 1252 1221 his

179 1248 195 1264 »
217 1235 282 1267 oris
297 1242 328 1266 et
351 1235 423 1265 alibi
446 1234 532 1265 varia
554 1234 744 1275 exemplaria
766 1234 910 1265 eiusdem
933 1234 1080 1265 editionis
1103 1235 1252 1275 deprava-

179 1292 196 1308 »
217 1286 284 1318 tae,
306 1286 343 1310 ut
365 1279 593 1310 Villananovae
617 1279 661 1310 cis
679 1278 882 1310 Avenionem
904 1279 937 1310 in
962 1279 1130 1310 Carthusia
1155 1279 1251 1310 Vallis

178 1336 194 1352 ι»
215 1323 468 1366 Benedictis-mis,
481 1330 519 1354 et
533 1323 642 1354 Anesii
659 1323 746 1364 apud
760 1323 960 1363 Allobroges,
977 1330 1008 1354 et
1023 1323 1251 1364 Aquis-Sextiis

159 1365 304 1409 ‘repud
326 1368 448 1409 Salyos.
465 1368 513 1398 Ex
535 1368 652 1409 quibus
675 1368 785 1409 liquet,
806 1377 858 1398 me
882 1368 961 1399 nihil
976 1368 1167 1408 imposuisse
1186 1368 1250 1399 Co-

178 1425 194 1441 »
216 1422 303 1443 sinae
326 1412 493 1450 Morelles,
519 1413 575 1443 sed
604 1412 868 1443 adulterationem
895 1413 935 1443 ab
965 1423 1004 1443 eo
1037 1412 1153 1443 factam
1183 1423 1250 1444 esse

178 1469 195 1485 ι
215 1457 273 1488 rite
296 1456 484 1488 convictam.
507 1469 522 1485 »

241 1501 314 1532 Rite
337 1501 520 1532 convictum
543 1501 588 1532 ais
617 1501 772 1532 Cosmam
795 1501 943 1532 Morelles
972 1501 1011 1532 de
1040 1501 1151 1532 falsato
1179 1512 1249 1532 san-

174 1545 216 1578 cti
238 1545 387 1577 Thomae
410 1552 508 1584 textu,
532 1546 677 1586 pluribus
701 1546 864 1586 expunctis
887 1543 1012 1576 verbis?
1041 1546 1075 1575 ld
1099 1546 1166 1576 eius
1189 1546 1248 1577 ini-

120 1583 128 1590 ”
173 1599 278 1632 quum
301 1589 423 1620 facinus
447 1591 616 1631 quomodo
639 1588 778 1630 probas?
797 1590 974 1621 Bernardus
998 1590 1037 1620 de
1060 1590 1184 1628 Thoro,
1200 1591 1247 1621 in-

173 1634 267 1676 quis,
293 1634 397 1665 dicam
426 1634 565 1666 Cosmae
597 1634 744 1665 Morelles
774 1634 907 1674 impegit
934 1634 1021 1675 apud
1052 1634 1190 1665 Paulum
1218 1636 1247 1666 V

174 1678 348 1710 Summum
363 1678 568 1710 Pontificem:
589 1679 614 1709 is
635 1679 791 1719 increpuit
806 1679 914 1719 ipsum
937 1679 1109 1720 ipsumque
1132 1679 1247 1710 multa-

172 1723 236 1754 vit:
255 1723 428 1763 increpitus
455 1723 508 1753 ille
531 1723 748 1764 multatusque
772 1724 907 1754 mutavit
935 1723 1070 1761 folium,
1097 1723 1247 1764 deprava·

173 1767 261 1799 tione
284 1767 423 1798 sublata:
447 1767 521 1798 hinc
544 1778 620 1798 vero
649 1767 876 1807 exemplarium
900 1767 1083 1804 discrimen,
1105 1778 1246 1808 quorum

174 1811 234 1842 alia
257 1811 387 1849 sincera,
403 1822 471 1842 non
494 1812 564 1842 alia.
586 1812 681 1843 Facta
702 1819 733 1842 et
756 1812 886 1852 quidem
910 1812 1001 1852 plura
1030 1811 1142 1842 habeo.
1167 1812 1246 1843 Scri-

172 1861 280 1896 ptores
303 1856 454 1896 probatos
479 1866 515 1886 ac
542 1862 636 1886 testes
659 1856 882 1886 convenientes
905 1855 1019 1886 adduci
1043 1856 1169 1894 debent,
1190 1857 1246 1897 qui

172 1900 285 1930 eadem
299 1900 402 1930 testati
418 1900 536 1931 fuerint
558 1910 593 1930 ac
613 1900 730 1940 scripto
747 1900 940 1941 reliquerint,
957 1907 993 1931 ut
1009 1900 1067 1931 sibi
1090 1908 1244 1932 constent.

171 1943 366 1984 Scriptore'm
389 1954 465 1975 vero
489 1951 666 1985 testemque
692 1954 796 1985 neque
813 1955 916 1975 unum
932 1944 1019 1975 affert
1040 1945 1245 1985 Raynaudus.

169 1988 259 2020 Num
282 1987 359 2019 haec
374 1988 596 2029 ipsiqnarranti
613 1989 806 2020 credendum
823 1989 926 2026 fuerit,
943 1999 1042 2030 quem
1063 1990 1130 2020 sine
1146 1990 1244 2021 dubio

171 2033 355 2064 convictum
379 2040 524 2064 tenemus
540 2034 579 2064 de
596 2033 740 2074 pluribus
763 2034 832 2064 aliis
847 2033 880 2064 in
898 2034 1102 2075 Aquinatem,
1119 2034 1152 2064 in
1169 2045 1244 2065 con-

169 2077 293 2108 sodales
317 2077 385 2108 eius
409 2078 590 2118 excogitatis
623 2076 818 2108 mendaciis?
843 2079 918 2109 Non
948 2088 1050 2118 pauca
1072 2079 1187 2109 nostris
1211 2079 1243 2110 in

169 2121 450 2153 Dissertationibus
469 2123 612 2163 exempla
636 2129 789 2163 prostant.

235 2166 331 2197 Plura
354 2166 433 2196 mihi
457 2174 582 2207 praesto
607 2173 700 2204 sunt,
724 2167 841 2207 quibus
865 2166 1064 2197 historiolam
1087 2167 1243 2207 excogita-

169 2216 237 2241 tam
260 2211 448 2242 convellam.
474 2211 546 2242 Alia
569 2211 716 2242 editionis
740 2221 759 2242 a
787 2211 908 2242 Cosma
940 2212 1088 2242 Morelles
1118 2219 1242 2242 curatae

168 2255 358 2295 exemplaria
381 2255 498 2286 sincera
524 2265 602 2293 esse,
618 2255 736 2296 inquis,
753 2266 835 2296 quae
851 2255 968 2286 scilicet
986 2256 1103 2287 habent
1116 2256 1240 2297 folium

169 2304 351 2336 mutatum,·
369 2300 430 2330 alia
445 2300 622 2340 depravata,
637 2310 720 2340 quae
726 2300 815 2341 folio
829 2305 952 2331 mutato
968 2307 1082 2331 carent.
1099 2301 1242 2331 Pronum

169 2350 235 2374 erat
251 2350 287 2374 ut
309 2344 478 2384 depravata
501 2344 717 2384 proferrentur
732 2345 940 2385 exemplaria,
963 2355 1045 2386 quae
1069 2345 1172 2376 adhuc
1191 2356 1242 2376 ex-

169 2394 250 2418 stare
273 2387 410 2428 plurima
433 2389 599 2426 deberent,
624 2389 703 2420 locis
732 2389 875 2420 indicatis
899 2399 981 2429 quae
1011 2389 1096 2420 adire
1126 2390 1242 2430 cuique

167 2431 285 2469 liceret,
307 2439 342 2463 ut
364 2433 493 2473 propria
516 2433 686 2464 oculorum
702 2433 891 2473 experientia
915 2434 1172 2473 depravationem
1189 2434 1241 2464 de-

169 2475 386 2516 prehenderet.
404 2477 527 2508 Profert
542 2487 582 2508 ne
598 2478 703 2518 aliqua
728 2475 942 2518 Raynaudus?
961 2477 1121 2508 Astutiam
1137 2478 1241 2508 homi-

169 2519 264 2550 minis
287 2520 518 2551 animadverte:
541 2521 724 2558 Caeterum,
745 2521 927 2562 inquientis,
944 2527 1074 2552 exstare
1089 2522 1243 2552 dicuntur

169 2565 202 2594 in
226 2565 276 2595 his
299 2566 366 2595 oris
399 2570 430 2596 et
460 2565 538 2596 alibi
561 2567 653 2596 varia
687 2566 886 2606 exemplaria
921 2566 1061 2596 eiusdem
1095 2567 1242 2598 editionis

167 2608 374 2649 depravatae.
392 2609 460 2640 Cur
475 2610 592 2650 inquis,
609 2616 740 2641 exstare
755 2610 938 2641 dicuntur?
957 2610 991 2640 ld
1008 2610 1140 2640 minime
1156 2611 1239 2642 satis.

167 2653 342 2684 Historiola
366 2661 402 2684 ut
425 2661 564 2691 constet,
589 2655 723 2685 omnino
747 2665 830 2694 opus
854 2661 901 2685 est
927 2661 963 2685 ut
986 2656 1092 2695 reipsa
1116 2661 1242 2686 exstent

167 2697 283 2728 alicubi
306 2698 475 2738 depravata
507 2699 705 2739 exemplaria.
733 2699 820 2729 Haec
851 2706 957 2729 tamen
990 2699 1103 2729 nullibi
1135 2699 1240 2730 videre

167 2742 362 2783 Raynaudus
386 2743 507 2782 potuit:
529 2753 632 2784 neque
656 2744 818 2784 probatos,
836 2753 918 2784 quos
942 2743 1131 2780 nominaret,
1156 2744 1240 2775 viros

166 2786 297 2824 invenit,
315 2787 371 2827 qui
395 2794 480 2818 certo
503 2797 571 2818 rem
596 2795 791 2818 testarentur.
816 2787 991 2828 Quidpiam
1016 2795 1123 2818 tamen
1149 2798 1239 2829 repo-

167 2831 311 2861 nendum
335 2830 451 2862 fuerat:
472 2832 557 2862 unde
580 2832 743 2869 dicuntur,
760 2832 881 2873 inquit,
899 2837 1028 2862 exstare
1051 2834 1083 2863 in
1107 2833 1157 2864 his
1174 2835 1241 2864 oris

169 2880 201 2906 et
221 2875 301 2906 alibi
324 2877 416 2906 varia
440 2877 640 2916 exemplaria
664 2877 812 2908 editionis
835 2877 1041 2916 depravatae.

235 2922 279 2950 At
302 2919 432 2950 ubinam
465 2926 595 2951 exstare
626 2921 758 2951 demum
790 2921 973 2952 dicuntur?
996 2921 1136 2961 Reponit
1167 2921 1238 2952 ille:

174 2962 403 2994 Villananovae
418 2965 471 2994 cis
493 2966 687 2996 Avenionem
712 2967 744 2995 in
771 2966 945 2996 Carthasia
975 2966 1074 2996 Vallis
1101 2966 1238 2996 Benedi-

167 3007 291 3037 ctionis.
308 3007 466 3038 Festivam
489 3009 600 3050 utique
623 3020 690 3040 rem
714 3010 937 3040 animadverte.
954 3010 1099 3040 Primum
1122 3010 1238 3050 depra—

167 3055 262 3081 vatae
284 3050 432 3082 editionis
454 3053 638 3093 exemplum
660 3054 826 3084 inventum
843 3054 939 3084 fuisse
962 3061 1065 3084 narrat
1089 3055 1236 3095 Raynau-

164 3095 225 3125 dus
241 3095 273 3125 in
289 3094 407 3125 Pietate
424 3096 640 3135 Lugdunensi,
657 3099 690 3128 in
704 3097 877 3129 Carthasia
893 3099 1031 3138 quadam
1043 3099 1076 3128 in
1092 3102 1237 3129 extrema

164 3140 352 3182 Arecomica
369 3147 450 3169 ora:
467 3140 625 3171 invenitur
647 3142 781 3172 alterum
798 3144 830 3173 in
851 3143 1024 3173 Carthusia
1055 3143 1154 3174 Vallis
1176 3144 1237 3173 Be-

166 3183 353 3214 nedictionis
377 3184 422 3214 cis
437 3184 642 3216 Avenionem.
658 3186 709 3216 Ad
724 3186 795 3226 pios
819 3197 893 3226 ergo
915 3194 1032 3217 ascetas
1056 3187 1237 3218 Carthusia-

166 3238 226 3258 nos
250 3227 447 3267 pergendum
479 3235 536 3266 est,
558 3236 595 3259 ut
624 3230 662 3260 de
694 3230 833 3261 facinore
863 3231 1069 3263 convincatur
1100 3231 1236 3262 Cosmas

167 3272 324 3303 Morelles.
343 3271 524 3310 Caeterum,
540 3273 650 3304 locum
664 3274 718 3304 ubi
728 3274 804 3306 haec
815 3276 971 3315 posterior
981 3275 1158 3312 Carthusia‚
1170 3286 1236 3306 non

173 3318 416 3348 Villananovam
441 3324 556 3348 vocant
577 3319 766 3358 geographi,
791 3320 846 3349 sed
880 3321 1135 3351 Villam-novam.
1154 3321 1236 3351 lose-

166 3362 252 3403 phus
269 3362 425 3392 Morotius
442 3361 474 3391 in
491 3361 631 3392 Theatro
648 3362 886 3402 Chronologico
911 3364 988 3394 sacri
1005 3364 1236 3395 Carthusiensis

168 3406 298 3437 Ordinis
318 3406 522 3436 Carthusiam
538 3407 675 3445 appellat
696 3407 899 3438 Villaenovae
921 3409 1013 3438 iuxta
1028 3409 1235 3444 Avenionem,

167 3456 199 3482 et
218 3451 472 3487 Villanovanam,
490 3456 520 3481 et
539 3451 638 3481 Vallis
651 3451 886 3482 Benedictionis
899 3452 939 3482 de
964 3452 1138 3482 Villanova.
1158 3453 1237 3482 Item

168 3495 375 3535 depravatum
394 3502 510 3525 exstare
528 3495 708 3535 exemplum
726 3495 771 3525 ais
787 3496 914 3526 Anessii
928 3496 1016 3535 apud
1034 3496 1234 3536 Allobroges,

168 3544 200 3570 et
214 3540 315 3580 Aquis
337 3540 457 3570 Sextiis
472 3539 560 3579 apud
574 3540 702 3579 Salros.
723 3540 839 3569 Parum
857 3546 921 3569 erat
937 3540 1118 3577 admonere,
1135 3541 1235 3570 Anes-

167 3584 251 3614 sium
275 3585 432 3615 civitatem
457 3594 523 3614 esse
546 3584 768 3624 Allobrogum,
786 3590 817 3614 et
839 3584 1016 3623 Salyorum
1046 3585 1157 3624 Aquas
1179 3584 1235 3614 Se-

166 3628 270 3658 xtias:
290 3629 478 3668 exposcebat
500 3628 657 3668 diligentis
679 3628 737 3658 viri
760 3629 845 3659 bona
872 3627 969 3666 fides,
996 3634 1032 3659 ut
1054 3628 1162 3667 locus,
1186 3628 1236 3658 vel

2264 287 2383 314 CLXVII

1311 351 1505 382 coenobium
1521 352 1571 382 vel
1595 352 1785 383 bibliotheca
1803 352 2002 392 indicaretur,
2017 354 2072 384 ubi
2087 355 2223 392 Anessii,
2234 362 2266 386 et
2279 357 2382 397 Aquis

1311 395 1422 426 Sextiis
1445 396 1669 435 adservaretur,
1695 398 1978 438 quaerendumque
2002 397 2083 428 foret
2105 399 2290 438 depravatae
2319 401 2384 431 edi-

1310 439 1405 469 tionis
1429 441 1597 480 exemplar.
1615 441 1749 472 Ioannes
1772 441 1934 472 Nicolaius
1959 442 2132 482 exemplar,
2149 443 2238 483 quod
2261 444 2384 475 nullam

1310 483 1404 514 habet
1427 484 1705 524 depravationem,
1728 485 1878 516 indicavit
1900 486 2024 516 Parisiis
2048 493 2166 517 exstare
2195 487 2279 527 apud
2304 498 2381 518 suos

1311 528 1506 559 consodales.
1525 529 1633 560 Simile
1656 529 1784 570 profero
1806 540 1878 569 ego,
1894 530 1984 571 quod
1999 530 2033 560 in
2049 537 2158 561 nostro
2182 531 2305 561 Veneto
2323 533 2382 562 sub

1310 573 1548 612 nuncupatione
1570 574 1692 604 Rosarii
1713 574 1870 604 coenobio
1885 575 2075 605 adservatur.
2086 575 2286 615 Exemplaria
2300 585 2382 616 quae

1309 616 1397 653 vidit,
1408 624 1565 648 memorat
1579 617 1765 648 Vincentius
1778 618 1935 648 Baronius
1950 619 1983 648 in
1997 619 2078 649 libro
2093 619 2305 659 Apologetico
2321 620 2379 659 IV,

1309 661 1448 691 sectione
1472 662 1510 699 11,
1526 661 1544 702 ξ
1564 662 1592 699 3,
1609 672 1680 702 pag.
1699 663 1753 703 73,
1770 662 1825 692 ubi
1849 662 1892 693 sic
1916 663 1972 693 ait:
1999 663 2127 700 Vellem,
2147 663 2306 694 docuisset
2322 674 2381 695 nos

1309 702 1543 748 (Raynaudus),
1560 707 1674 746 quibus
1697 706 1801 737 verbis
1823 707 1910 737 hunc
1932 707 2036 737 locum
2060 709 2243 747 corruperit
2257 708 2379 738 Morel-

1309 749 1372 786 les,
1399 759 1471 779 eum
1496 750 1591 781 editio
1621 751 1709 781 illius
1739 752 1917 781 consentiat
1947 752 2102 789 caeteris,
2131 761 2191 782 nec
2222 757 2380 792 appareat

1307 793 1421 833 quibus
1444 793 1548 824 verbis
1564 796 1668 834 possit
1690 795 1770 825 haec
1792 795 1975 835 corruptela
1999 795 2186 826 adhaerere.
2208 795 2303 835 Fugit
2324 796 2377 827 de-

1308 837 1404 878 nique
1429 838 1596 877 depravata
1618 838 1695 869 haec
1712 839 1820 875 editio,
1837 849 1918 879 quae
1939 839 2054 870 alicubi
2078 846 2219 878 exstaret,
2241 840 2378 871 solertis-

1307 881 1406 912 simos
1430 882 1751 923 diligentissimosque
1785 882 1953 919 Quetifum
1978 890 2009 914 et
2031 883 2213 914 Echardum
2244 884 2278 914 in
2300 885 2377 915 Elo-

1306 926 1360 965 gio
1383 926 1526 956 eiusdem
1550 926 1709 956 Morelles.

1373 970 1477 1009 Pergit
1499 980 1591 1000 suam
1614 977 1715 1000 texere
1746 970 1928 1009 apologiam
1951 971 2159 1011 Raynaudus:
2184 972 2378 1003 Bernartius

1305 1013 1346 1044 de
1360 1014 1475 1050 Thoro,
1486 1013 1644 1054 inquiens,
1654 1015 1710 1054 qui
1718 1014 1840 1044 Romae
1859 1015 2022 1055 negotium
2040 1015 2261 1055 Conceptionis
2280 1026 2376 1058 urge-

1306 1058 1370 1094 bat,
1381 1058 1579 1097 deprehensa
1590 1058 1647 1088 illa
1657 1059 1761 1088 sancti
1780 1058 1918 1088 Thomae
1936 1058 2166 1098 depravatione
2178 1070 2241 1100 per
2254 1061 2373 1091 dictum

1297 1101 1444 1141 fratrem
1467 1102 1634 1139 Morelles,
1658 1102 1762 1132 dicam
1789 1102 1837 1132 illi
1855 1103 1988 1143 impegit
2005 1103 2093 1142 apud
2113 1103 2250 1134 Paulum
2274 1104 2375 1142 Quin-

1306 1151 1391 1176 tum:
1413 1156 1434 1175 a
1457 1155 1520 1185 quo
1537 1146 1727 1185 praedictus
1749 1146 1868 1176 Frater
1886 1147 2062 1186 increpitus
2080 1152 2111 1177 et
2129 1148 2283 1179 multatus
2306 1159 2375 1179 mu-

1306 1191 1385 1220 tavit
1398 1189 1533 1230 folium.
1557 1190 1644 1220 Haec
1668 1190 1845 1230 Raynaudo
1869 1190 1936 1220 sine
1954 1197 2032 1221 teste
2055 1191 2190 1221 narranti
2213 1201 2375 1232 opponere

1304 1234 1396 1264 liceat
1418 1234 1582 1264 Thomam
1606 1234 1784 1264 Strozzium
1807 1234 1838 1264 S.
1865 1234 1887 1264 1.
1912 1234 1968 1275 qui
1992 1245 2067 1265 cum
2096 1235 2129 1265 in
2153 1235 2377 1267 Controversia

1305 1277 1534 1318 Conceptionis
1553 1278 1699 1309 historice
1719 1278 1873 1318 descripta
1892 1278 2130 1318 diligentissime
2149 1289 2185 1310 ea
2203 1280 2311 1310 omnia
2330 1291 2375 1311 re-

1305 1322 1383 1353 ferat
1404 1322 1486 1353 libro
1507 1323 1549 1353 IX
1563 1333 1645 1363 quae
1669 1323 1791 1353 Romae
1815 1323 1873 1353 sub
1897 1323 1998 1353 Paulo
2022 1323 2050 1354 V
2074 1323 2264 1362 acciderunt,
2289 1325 2375 1356 dicae

1304 1366 1442 1398 Cosmae
1466 1367 1613 1398 Morelles
1637 1367 1803 1407 impactae,
1827 1367 2004 1408 mutatique
2027 1368 2066 1398 ab
2091 1378 2129 1398 eo
2154 1367 2221 1398 folii
2239 1369 2374 1400 mentio-

1303 1421 1378 1441 nem
1402 1412 1523 1442 nullam
1542 1411 1663 1451 ingerit.
1684 1412 1808 1442 Eodem
1827 1411 1969 1442 Strozzio
1989 1418 2067 1442 teste
2085 1422 2156 1452 pag.
2180 1413 2241 1443 510
2261 1420 2291 1444 et
2313 1414 2369 1444 531

1303 1456 1436 1495 degebat
1455 1457 1577 1486 Romae
1596 1456 1774 1486 Bernardus
1793 1456 1831 1486 de
1850 1456 1962 1486 Thoro
1981 1466 2068 1487 anno
2088 1455 2169 1487 1618
2185 1467 2293 1488 mense
2310 1458 2375 1488 De-

1303 1500 1432 1537 cembri,
1457 1510 1524 1541 quo
1547 1501 1580 1530 in
1600 1501 1719 1531 Urbem
1737 1500 1917 1531 adventavit
1933 1501 2094 1531 Antonius
2115 1501 2154 1531 de
2172 1501 2281 1539 Treio,
2307 1511 2376 1532 ora-

1303 1551 1353 1574 tor
1376 1555 1394 1575 a
1417 1545 1567 1585 Philippo
1592 1545 1632 1575 111
1657 1545 1884 1585 Hispaniarum
1910 1554 1981 1584 rege
2005 1545 2135 1575 missus:
2162 1555 2262 1586 eaque
2281 1546 2377 1576 etiam

1303 1588 1336 1619 in
1360 1589 1445 1620 Urbe
1474 1599 1579 1620 moras
1603 1589 1744 1620 trahebat
1774 1599 1859 1619 anno
1888 1590 1988 1628 1622,
2017 1589 2133 1620 Sedem
2155 1590 2376 1630 Apostolicam

1303 1640 1428 1664 tenente
1452 1633 1606 1674 Gregorio
1630 1634 1688 1664 XV
1708 1633 1763 1674 qui
1787 1643 1871 1664 anno
1891 1634 2095 1674 praecedente
2114 1634 2214 1664 Paulo
2234 1645 2374 1666 succces-

1302 1685 1383 1708 serat
1419 1688 1528 1709 mense
1561 1678 1729 1708 februario.
1759 1678 1842 1708 Suae
1869 1677 2052 1708 historiolae
2080 1678 2168 1708 color
2196 1678 2309 1719 aliquis
2339 1686 2375 1710 ut

1301 1721 1434 1760 inesset,
1466 1733 1568 1753 annus
1599 1729 1664 1752 erat
1686 1723 1864 1763 Raynaudo
1888 1721 2106 1760 definiendus,
2137 1732 2203 1763 quo
2226 1723 2373 1754 Morellio

1301 1766 1370 1796 dica
1400 1767 1537 1807 impacta
1572 1766 1654 1804 fuit,
1685 1776 1791 1807 quove
1821 1766 1889 1806 ipse
1923 1766 2076 1797 multatus
2109 1774 2301 1808 coactusque
2338 1774 2374 1799 ut

1300 1810 1414 1841 folium
1446 1817 1591 1842 mutaret.
1616 1811 1858 1849 Animadverte,
1889 1810 1995 1851 Opera
2018 1811 2164 1842 Thomae
2187 1811 2372 1852 Aquinatis,

1300 1854 1371 1895 ipso
1394 1855 1540 1886 Morellio
1569 1862 1713 1893 curante,
1742 1865 1827 1885 anno
1858 1856 1938 1885 1612
1963 1855 2130 1895 prodiisse:
2159 1856 2273 1886 abhinc
2295 1866 2371 1887 vero

1299 1899 1500 1930 intervallum
1516 1909 1568 1930 sex
1587 1909 1746 1930 annorum
1769 1899 1875 1929 haberi
1894 1900 1934 1929 ad
1953 1909 2075 1930 annum
2093 1910 2195 1941 usque
2224 1898 2317 1939 1618,
2335 1911 2372 1931 ac

1299 1944 1437 1984 plurima
1460 1944 1527 1974 sine
1551 1944 1650 1974 dubio
1683 1943 1842 1980 editionis,
1866 1953 1948 1984 quae
1971 1945 2138 1984 depravata
2166 1943 2295 1982 dicitur,
2325 1945 2371 1974 di-

1299 1989 1394 2018 strahi
1411 1988 1557 2019 debuisse
1576 1988 1765 2028 exemplaria
1784 1998 1802 2018 a
1821 1988 1938 2018 Ioanne
1967 1988 2143 2028 Keebergio
2172 1989 2372 2029 typographo

1298 2039 1329 2063 et
1358 2032 1544 2073 bibliopola.
1569 2032 1637 2064 Cur
1659 2043 1734 2073 ergo
1758 2032 2011 2073 frequentissima
2034 2042 2100 2062 non
2131 2040 2297 2063 occurrant
2321 2033 2372 2063 de-

1298 2084 1425 2117 pravata
1449 2077 1635 2108 huiusmodi
1655 2075 1861 2118 exemplaria?
1881 2076 1948 2107 Cur
1971 2076 2028 2107 tria
2054 2077 2103 2107 vel
2121 2084 2260 2117 quatuor
2278 2077 2371 2107 dum—

1298 2129 1380 2152 taxat
1404 2128 1506 2152 extare
1530 2122 1689 2159 dicuntur,
1714 2131 1796 2162 quae
1819 2121 1845 2151 si
1869 2121 1984 2162 cuique
2006 2121 2111 2151 videre
2134 2121 2168 2151 in
2190 2121 2273 2152 votis
2292 2128 2373 2153 esset

1297 2167 1494 2206 pergendum
1519 2166 1564 2196 illi
1585 2166 1666 2196 foret
1683 2167 1865 2203 Anessium,
1885 2167 1996 2206 Aquas
2014 2165 2153 2203 Sextias,
2174 2166 2370 2196 Avenionem

1297 2216 1327 2241 et
1343 2212 1375 2241 in
1397 2216 1574 2242 extremam
1591 2211 1810 2241 Arecomicam
1830 2210 1948 2240 oram?
1965 2209 1990 2240 F
1992 2209 2171 2249 igmentum
2190 2219 2286 2240 nemo
2303 2220 2371 2240 non

1296 2255 1391 2286 videt.

1362 2303 1406 2330 At
1428 2309 1515 2330 anno
1538 2299 1653 2329 eodem
1682 2299 1763 2329 1618
1787 2298 1839 2329 die
1861 2303 1904 2335 ²4
1923 2298 2002 2328 maii
2027 2298 2065 2328 ab
2084 2297 2271 2338 Apostolica
2289 2298 2370 2329 Sede

1296 2344 1388 2374 datus
1412 2343 1513 2374 fuerat
1537 2343 1671 2374 Cosmas
1695 2343 1853 2380 Morelles,
1878 2349 1913 2373 ut
1935 2342 2098 2372 Echardus
2121 2349 2225 2373 narrat
2243 2342 2275 2372 in
2300 2342 2367 2373 eius

1295 2388 1423 2426 Elogio,
1448 2387 1609 2418 Generalis
1629 2387 1716 2417 Fidei
1736 2387 1907 2428 Inquisitor
1929 2386 1963 2416 in
1981 2387 2099 2417 Tractu
2123 2386 2278 2417 Rhenano
2304 2386 2370 2418 sive

1295 2432 1589 2463 Archidioecesibus
1604 2431 1804 2471 Moguntina,
1819 2430 1998 2462 Trevirensi
2012 2437 2044 2461 et
2057 2430 2260 2462 Coloniensi:
2279 2431 2371 2472 quod

1295 2477 1363 2516 ipse
1386 2486 1505 2507 munus
1529 2483 1654 2506 strenue
1678 2475 1986 2516 prudentissimeque
2008 2475 2104 2514 gessit
2126 2475 2232 2515 plures
2256 2485 2367 2506 annos.

1295 2524 1347 2551 An
1370 2531 1446 2551 vero
1475 2521 1628 2551 Summus
1652 2520 1798 2550 Pontifex
1826 2519 1992 2550 hominem
2015 2519 2080 2549 iam
2108 2519 2268 2550 falsarium
2293 2530 2368 2550 con-

1295 2565 1415 2595 victum
1435 2572 1500 2596 tam
1519 2565 1685 2605 splendido
1710 2574 1842 2595 munere
1861 2561 2071 2595 cumulasset?
2090 2566 2141 2594 An
2164 2564 2220 2605 qui
2240 2574 2369 2594 morum

1295 2610 1446 2647 candore,
1476 2609 1587 2649 peritia
1613 2609 1789 2639 litterarum
1819 2615 1850 2639 et
1873 2608 1942 2639 zelo
1971 2607 2044 2638 fidei
2068 2608 2201 2648 dignum
2225 2619 2258 2638 se
2282 2619 2370 2648 prae-

1295 2654 1382 2692 buit,
1411 2661 1446 2684 ut
1476 2663 1608 2684 munere
1631 2653 1880 2694 praeclarissimo
1909 2653 1942 2683 in
1973 2652 2102 2692 riegotio
2134 2653 2306 2692 Religionis
2330 2653 2369 2683 ab

1295 2698 1482 2739 Apostolica
1503 2698 1584 2729 Sede
1608 2698 1844 2735 honestaretur,
1872 2697 2049 2737 genuinum
2072 2697 2219 2727 Thomae
2248 2704 2369 2727 textum

1295 2742 1493 2783 supprimere
1516 2753 1612 2773 ausus
1636 2743 1808 2783 aliquando
1828 2739 1943 2772 fuerit?
1965 2742 2126 2772 Praeterea
2149 2741 2368 2782 quaerendum

1294 2795 1341 2818 est
1364 2797 1443 2818 num
1466 2787 1643 2818 Bernardus
1666 2788 1705 2817 de
1729 2787 1852 2823 Thoro,
1878 2786 1934 2827 qui
1953 2786 2075 2816 Romae
2095 2786 2242 2825 degebat,
2263 2785 2367 2816 dicam

1294 2831 1460 2872 impegerit
1488 2831 1642 2872 praesenti
1661 2831 1711 2861 vel
1730 2831 1850 2861 absenti
1869 2827 2033 2861 Morellio?
2048 2830 2136 2860 Num
2152 2829 2259 2869 ipsum
2278 2839 2365 2869 prae-

1294 2884 1416 2907 sentem
1444 2876 1634 2916 increpuerit
1661 2876 1779 2906 Paulus
1803 2875 1842 2914 V,
1866 2885 1906 2905 an
1929 2874 2151 2914 increpatorias
2180 2874 2296 2904 litteras
2325 2873 2365 2903 ad

1294 2922 1457 2952 absentem
1487 2921 1594 2960 ipsum
1617 2920 1650 2950 in
1679 2920 1826 2959 Belgium
1857 2916 2078 2950 transmiserit?
2102 2917 2364 2948 Circumstantiae

1294 2972 1378 3002 sunt,
1396 2975 1478 3006 quae
1494 2965 1624 3001 facturn,
1645 2975 1710 3005 quo
1731 2965 1770 2994 de
1788 2963 1923 3003 agimus,
1942 2962 2052 2993 intime
2071 2961 2226 2995 afficiunt:
2247 2968 2278 2992 at
2295 2961 2364 2991 illas

1294 3010 1367 3040 satis
1391 3020 1457 3040 non
1477 3010 1593 3040 indicat
1611 3009 1815 3049 Raynaudus.
1836 3008 1948 3048 Neque
1967 3007 2009 3037 ita
2032 3006 2065 3036 in
2084 3006 2269 3036 abscondito
2288 3006 2365 3036 haec

1293 3053 1359 3084 fieri
1383 3060 1567 3094 potuerunt,
1592 3053 1670 3094 quin
1702 3063 1814 3083 eorum
1838 3051 1922 3081 fama
1944 3051 2040 3090 longe
2062 3050 2187 3090 lateque
2211 3050 2364 3080 diffunde-

1293 3105 1392 3129 retur:
1424 3105 1563 3128 attamen
1591 3108 1674 3128 unus
1703 3104 1749 3127 est
1775 3096 1952 3127 Bernardus
1981 3095 2020 3124 de
2047 3095 2177 3132 Thoro,
2209 3094 2264 3134 qui
2288 3094 2365 3124 haec

1292 3142 1430 3172 sciverit:
1455 3152 1538 3172 unus
1557 3149 1614 3180 est,
1638 3141 1694 3182 qui
1713 3141 1789 3171 haec
1812 3139 1978 3177 resciverit,
1997 3138 2198 3178 Theophilus
2217 3139 2364 3179 Raynau-

1294 3186 1368 3217 dus!
1400 3187 1493 3223 Quae
1517 3194 1598 3216 certa
1623 3192 1715 3223 sunt,
1746 3185 1884 3225 pandam
1913 3193 1972 3223 ego
1999 3183 2057 3212 viri
2088 3182 2249 3213 clarissimi
2278 3189 2364 3222 gesta

1294 3231 1462 3268 Quetifum
1486 3237 1516 3260 et
1542 3230 1724 3260 Echardum
1748 3235 1888 3259 secutus:
1914 3227 2012 3268 patria
2042 3227 2160 3257 scilicet
2186 3227 2364 3257 catalanum

1292 3274 1388 3305 fuisse
1412 3282 1442 3305 et
1465 3274 1633 3304 alumnum
1656 3273 1754 3304 sancti
1769 3272 1895 3303 Onufrii
1919 3281 2019 3312 prope
2042 3271 2219 3302 Valentiam
2242 3273 2361 3309 Arago-

1293 3319 1376 3349 niae:
1396 3329 1498 3348 sacras
1516 3318 1633 3348 litteras
1649 3318 1681 3347 in
1701 3316 1872 3348 Academia
1891 3315 2077 3347 Coloniensi
2096 3315 2275 3355 professum
2295 3323 2361 3344 esse

1290 3363 1452 3403 vitamque
1476 3372 1567 3392 suam
1591 3362 1622 3392 in
1650 3361 1749 3401 Belgii
1780 3361 1919 3400 partibus
1948 3359 2061 3399 egisse,
2091 3358 2290 3388 heterodoxis
2314 3367 2361 3387 ar-

1291 3407 1424 3446 guendis
1446 3406 1685 3446 redigendisque
1705 3406 1743 3435 ad
1758 3404 1854 3434 fidem
1868 3403 2054 3434 catholicam
2069 3410 2174 3433 totum
2188 3402 2360 3432 addictum:

1292 3460 1327 3480 ac
1355 3451 1487 3480 demum
1517 3459 1602 3479 anno
1632 3449 1712 3478 1618
1738 3448 1959 3486 Quaesitorem
1978 3446 2065 3476 Fidei
2084 3446 2116 3476 in
2136 3447 2253 3476 Tractu
2277 3445 2359 3476 Rhe-

1292 3504 1376 3523 nano
1409 3504 1427 3523 a
1459 3493 1538 3523 Sede
1578 3492 1762 3532 Apostolica
1800 3491 2021 3521 renunciatum
2059 3497 2161 3530 partes
2199 3489 2361 3520 commissi

1293 3538 1432 3568 muneris
1456 3537 1594 3577 explesse
1618 3546 1740 3566 omnes.
1765 3536 1852 3566 Haec
1871 3535 2020 3565 evincunt
2040 3534 2203 3564 innoxiam
2222 3533 2361 3564 Cosmae

1292 3582 1438 3611 Morelles
1461 3581 1573 3611 fidem:
1599 3581 1701 3621 deque
1724 3580 1901 3619 impostura
1919 3585 1989 3609 tum
2010 3578 2194 3618 excogitata,
2214 3585 2284 3608 tum
2308 3578 2360 3608 de-

1291 3625 1379 3656 fensa
1397 3626 1590 3656 convincunt
1608 3625 1830 3666 Raynaudum.
1850 3623 1909 3654 His
1932 3623 2046 3653 addere
2067 3623 2199 3653 demum
2224 3628 2361 3663 praestat
