2548 4192
188 279 388 306 cccxxxvlll

189 360 202 375 ι»
226 347 350 378 dicunt:
372 346 460 387 quod
483 346 576 377 stella
601 346 714 386 Magis
737 345 889 385 apparuit
907 353 970 383 per
992 343 1152 373 biennium
1181 346 1257 371 ante

188 404 202 419 2
229 392 348 422 Christi
364 391 581 422 nativitatem:
600 396 630 419 et
653 396 728 420 tunc
750 387 1011 429 praemeditantes
1033 392 1063 416 et
1087 395 1119 415 se
1139 386 1178 415 ad
1199 385 1256 416 iter

189 449 203 464 ιο
226 443 457 477 praeparantes,
475 445 495 465 a
520 434 739 464 remotissimis
761 433 912 473 partibus
945 430 1083 461 Orientis
1106 439 1255 469 pervene—

188 493 202 507 ι·
225 488 300 511 runt
315 481 355 510 ad
371 479 535 511 Christum
551 478 768 508 tertiadecima
785 477 837 507 die
852 486 872 505 a
891 485 951 506 sua
970 475 1146 505 nativitate.
1164 474 1256 505 Unde

188 537 203 552 ι
226 532 256 556 et
280 525 423 555 Herodes
443 523 548 553 statim
571 528 644 561 post
660 530 818 551 recessum
837 521 1017 559 Magorum,
1035 518 1144 548 videns
1167 528 1200 549 se
1215 519 1255 549 ab

189 582 204 597 ι
227 569 271 599 eis
294 569 436 605 illusum,
454 565 614 596 mandavit
638 564 738 595 occidi
762 574 879 604 pueros
902 573 922 593 a
942 564 1063 594 bimatu
1086 568 1117 593 et
1146 562 1235 604 infra
1243 585 1253 600 ,

189 626 203 641 ι
227 613 373 643 dubitans
397 622 435 641 ne
458 618 533 641 tunc
557 609 701 640 Christus
725 615 818 639 natus
834 615 924 645 esset,
942 608 1072 648 quando
1096 607 1186 638 stella
1201 617 1256 647 ap-

190 670 204 685 »
227 657 340 697 paruit,
360 655 534 687 secundum
558 653 644 694 quod
665 663 686 683 a
709 654 822 694 Magis
844 653 1004 683 audierat.
1024 652 1088 682 Alii
1111 661 1187 682 vero
1210 651 1255 682 di-

189 715 204 730 »
228 708 303 732 cunt
327 701 451 731 stellam
475 698 664 739 apparuisse
680 698 789 738 primo
811 707 884 728 cum
909 697 1057 728 Christus
1080 701 1177 727 natus
1198 701 1254 726 est.

189 758 203 773 »
226 746 267 775 Et
290 744 394 775 statim
417 743 528 783 MagiS,
544 742 611 772 visa
627 742 727 779 stella,
743 741 801 772 iter
818 741 1011 781 arripientes,
1031 741 1254 782 longissimum

189 802 203 817 ι»
226 790 284 820 iter
299 790 330 819 in
347 788 496 818 tredecim
520 787 631 819 diebus
651 793 856 827 peregerunt:
876 785 991 826 partim
1006 785 1136 826 quidem
1157 784 1255 815 adiuti

189 846 203 861 s
227 833 331 863 divina
353 832 484 870 virtute,
509 832 624 871 partim
648 838 755 862 autem
779 830 1056 860 dromedariorum
1079 829 1253 860 velocitate.

187 890 201 904 ν
225 878 265 908 Et
287 877 348 907 hoc
373 876 454 914 dico,
472 876 497 906 si
520 883 675 907 venerunt
698 886 739 906 ex
762 876 915 906 extremis
927 875 1075 915 partibus
1102 873 1253 905 Orientis.

186 934 201 949 »
225 921 365 958 Quidam
380 928 487 951 tamen
503 920 613 952 dicunt
640 931 695 951 eos
710 920 833 950 venisse
855 920 895 950 de
910 920 1044 960 regione
1056 920 1253 960 propinqua,

185 978 199 992 »
223 966 307 996 unde
331 965 434 996 fuerat
456 965 597 1004 Balaam,
622 965 711 996 cuius
729 964 889 995 doctrinae
913 970 1081 994 sectatores
1106 963 1253 994 fuerunt:

185 1024 199 1038 »
223 1010 371 1041 dicuntur
404 1016 511 1040 autem
535 1010 575 1040 ab
602 1010 734 1041 Oriente
757 1008 898 1047 venisse,
923 1008 999 1049 quia
1022 1015 1103 1039 terra
1133 1008 1186 1038 illa
1209 1014 1255 1038 est

184 1067 198 1082 ι
222 1055 261 1085 ad
285 1054 441 1085 orientem
457 1061 580 1094 partem
603 1061 702 1085 terrae
721 1054 922 1084 ludaeorum.
940 1053 981 1084 Et
1000 1053 1177 1083 secundum
1193 1052 1254 1083 hoc

185 1113 202 1130 a
223 1099 377 1137 Herodes,
394 1108 456 1129 non
481 1100 589 1129 statim
610 1099 830 1130 recedentibus
853 1099 975 1139 Magis,
997 1098 1052 1128 sed
1070 1103 1145 1137 post
1169 1097 1254 1127 bien-

184 1157 199 1172 »
223 1145 310 1184 trium
336 1153 454 1184 pueros
478 1143 642 1174 interfecit.
660 1143 718 1174 Vel
742 1143 817 1184 quia
836 1143 955 1173 dicitur
978 1142 1105 1172 interim
1129 1152 1254 1172 accusa-

185 1202 199 1216 »
222 1195 274 1219 tus
298 1188 438 1218 Romam
460 1187 571 1218 ivisse:
599 1189 649 1218 vel
672 1188 855 1228 aliquorum
886 1187 1103 1227 periculorum
1130 1186 1255 1217 terrori-

186 1246 200 1261 »
223 1233 282 1263 bus
306 1232 459 1273 agitatus,
488 1242 506 1262 a
526 1242 600 1263 cura
619 1231 824 1263 interficiendi
849 1241 986 1271 puerum
1011 1231 1138 1262 interim
1162 1231 1254 1261 desti-

186 1291 199 1305 »
222 1277 311 1308 tisse:
332 1276 382 1310 vel
401 1276 476 1318 quia
492 1277 598 1316 potuit
614 1277 739 1308 credere
767 1277 877 1315 Magos
895 1275 994 1306 fallaci
1011 1275 1117 1306 stellae
1133 1275 1254 1306 visione

185 1335 199 1349 >0
222 1322 387 1363 deceptos,
398 1328 571 1362 postquam
594 1331 660 1352 non
692 1321 880 1351 invenerunt
902 1330 1001 1361 quem
1028 1327 1140 1350 natum
1163 1327 1254 1360 puta-

185 1379 200 1394 »
222 1372 350 1403 verant,
376 1366 538 1396 erubuisse
561 1366 601 1396 ad
625 1376 657 1396 se
680 1365 806 1403 venire,
830 1372 866 1395 ut
887 1365 1093 1405 Augustinus
1125 1364 1199 1395 dicit
1221 1364 1254 1395 in

185 1423 199 1438 »
222 1411 303 1441 libro
322 1411 347 1440 11
371 1410 423 1440 De
437 1420 594 1441 consensu
617 1410 916 1450 Evangelistarum.
951 1409 1026 1439 Ideo
1056 1415 1164 1439 autem
1187 1419 1254 1439 non

184 1469 199 1484 x>
223 1456 329 1486 solum
344 1455 444 1485 bimos
481 1465 575 1485 ueros
598 1454 772 1492 interfecit,
789 1454 844 1484 sed
867 1453 964 1484 etiam
987 1452 1097 1493 infra:
1115 1452 1201 1494 quia,
1218 1460 1255 1483 ut

184 1513 198 1529 2
221 1501 425 1540 Augustinus
441 1465 516 1529 dl'cit
534 1499 567 1529 in
583 1499 726 1539 quodam
741 1507 888 1528 sermone
905 1496 1137 1535 Innocentium,
1161 1497 1253 1527 time-

182 1557 197 1572 »
220 1545 273 1575 bat
295 1554 334 1574 ne
350 1553 429 1583 puer
445 1543 496 1574 cui
517 1543 618 1573 sidera
636 1543 840 1580 famulantur,
867 1541 1006 1581 speciem
1030 1551 1121 1571 suam
1142 1541 1252 1581 paullo

183 1602 197 1616 2
221 1598 316 1628 supra
339 1595 473 1619 aetatem
496 1588 546 1618 vel
568 1587 649 1618 infra
673 1586 919 1617 transformaret.
939 1598 953 1613 »

248 1633 346 1664 Suam
369 1632 402 1662 in
426 1632 487 1663 hoc
507 1632 580 1662 loco
604 1631 749 1671 peritiam
766 1631 832 1661 sine
852 1630 950 1661 dubio
975 1630 1082 1671 prodit
1098 1630 1252 1671 Aquinas,

180 1685 251 1708 tum
274 1677 350 1718 quia
372 1683 516 1707 veterum
540 1670 764 1716 ex'positiones,
789 1685 871 1716 quae
895 1675 1086 1712 ferebantur,
1111 1682 1253 1706 accurate

180 1729 302 1753 enarrat
330 1721 531 1762 invectasque
560 1720 723 1751 historicas
752 1720 946 1750 narrationes
981 1719 1100 1759 colligit
1125 1727 1253 1750 omnes:

179 1773 250 1799 tum
274 1765 349 1807 quia
372 1776 444 1796 suas
467 1765 553 1796 addit
572 1765 875 1803 animadversiones,
893 1764 982 1805 queis
1006 1764 1177 1795 nonnullas
1200 1771 1255 1795 aut

180 1810 280 1851 magis
309 1810 445 1840 declarat
478 1817 533 1841 aut
566 1809 731 1840 emendat:
760 1816 831 1840 tum
855 1809 991 1849 denique
1024 1809 1114 1850 quod
1142 1818 1254 1839 omnes

179 1866 254 1886 cum
278 1865 381 1885 sacrae
398 1855 576 1895 Scripturae
601 1861 686 1885 textu
713 1853 868 1884 conciliat.
894 1853 1037 1884 Similem
1064 1860 1166 1884 servat
1189 1863 1254 1884 me-

178 1900 317 1931 thodum
348 1899 381 1929 in
406 1899 647 1930 Commentario
681 1900 713 1929 in
737 1899 955 1939 Evangelium
980 1899 1149 1929 Matthaei.
1172 1898 1255 1928 Inter

180 1954 299 1982 causas,
319 1954 401 1984 quae
425 1954 484 1984 pro
509 1943 659 1975 dilatione
683 1943 785 1974 caedis
803 1948 879 1983 post
901 1943 983 1973 duos
1005 1952 1110 1973 annos
1132 1943 1255 1982 legebat

179 1989 266 2029 apud
289 1995 444 2026 auctores,
462 1988 549 2019 affert
566 1988 747 2025 nonnullas,
765 1987 797 2018 in
814 1987 948 2018 Summa
960 1987 1139 2027 theologica
1163 1997 1253 2027 prae-

177 2033 345 2064 termissas.
363 2033 467 2063 Verba
489 2040 577 2064 sunt:
601 2046 616 2061 α
638 2032 702 2063 Alii
726 2039 834 2062 autem
858 2031 977 2069 dicunt,
999 2032 1089 2073 quod
1113 2033 1166 2062 isti
1190 2041 1253 2062 non

180 2091 195 2106 »
217 2083 293 2108 sunt
315 2079 411 2108 occisi
428 2078 535 2108 eodem
553 2087 650 2114 anno,
669 2077 724 2108 sed
742 2082 817 2117 post
840 2077 922 2107 duos
940 2086 1054 2107 annos.
1078 2076 1139 2107 Sed
1156 2086 1255 2117 quare

180 2135 195 2150 2
217 2129 340 2153 tantum
375 2120 514 2153 distulit?
543 2123 676 2163 Triplex
698 2121 778 2152 ratio
803 2120 944 2151 redditur
969 2132 987 2151 a
1011 2120 1150 2151 diversis.
1181 2120 1254 2151 Una

180 2180 194 2195 ›
218 2173 273 2204 est,
291 2166 366 2207 quia
390 2177 407 2196 a
431 2166 586 2206 principio
622 2167 754 2207 putabat
786 2166 875 2207 quod
901 2165 986 2205 Magi
1010 2165 1143 2196 fuissent
1165 2165 1254 2196 dece-

181 2225 196 2240 »
219 2211 265 2251 pti
284 2218 315 2241 et
330 2211 419 2252 quod
435 2211 513 2241 nihil
536 2210 742 2241 invenissent:
760 2211 819 2241 sed
832 2217 1004 2251 postquam
1019 2210 1139 2241 audivit
1154 2210 1255 2241 multa

181 2269 196 2284 »
219 2256 315 2287 verba
338 2256 376 2286 de
401 2255 528 2287 Christo
553 2266 571 2286 a
594 2255 754 2293 Zacharia,
771 2262 802 2286 et
825 2255 986 2294 Simeone,
1004 2261 1035 2286 et
1057 2257 1162 2292 Anna,
1178 2261 1255 2285 tunc

182 2314 197 2329 a»
220 2307 328 2331 motus
352 2299 412 2331 fuit
435 2301 474 2330 ad
498 2300 726 2341 quaerendum.
753 2301 820 2331 Alii
841 2300 953 2333 dicunt
985 2299 1075 2340 quod
1098 2299 1160 2330 hoc
1184 2299 1256 2330 fecit

183 2359 198 2374 »
221 2355 258 2376 ex
281 2345 418 2375 cautela:
439 2345 570 2375 timebat
593 2345 678 2375 enim
704 2355 743 2375 ne
767 2354 916 2384 puerum,
941 2354 1040 2385 quem
1063 2344 1253 2385 quaerebat,

183 2403 198 2418 2»
221 2396 364 2430 parentes
379 2389 605 2427 occultassent3
626 2389 710 2420 unde
727 2389 833 2429 primo
857 2389 961 2419 voluit
984 2399 1040 2419 eos
1064 2397 1252 2419 assecurare.

182 2447 196 2461 ιν
219 2435 294 2470 Alii,
313 2434 401 2474 quod
419 2434 626 2474 occupatione
651 2434 833 2474 impeditus,
851 2433 927 2474 quia
945 2433 1031 2464 misit
1053 2440 1127 2473 post
1143 2433 1254 2473 Magos

183 2492 198 2507 »
221 2489 323 2520 usque
346 2478 386 2508 ad
407 2479 543 2509 Tarsum
564 2478 707 2515 Ciliciae,
726 2485 756 2508 et
775 2478 847 2508 fecit
870 2477 994 2508 incendi
1016 2487 1110 2508 naves
1130 2488 1253 2509 eorum.

183 2536 196 2550 ι·
220 2523 301 2554 Item
326 2522 385 2553 fuit
409 2530 593 2563 occupatus,
611 2522 686 2563 quia
709 2522 821 2553 citatus
847 2522 906 2553 fuit
929 2523 1063 2559 Romae,
1090 2529 1254 2553 accusatus

183 2580 197 2595 »
220 2578 238 2598 a
261 2567 350 2605 filiis;
375 2573 406 2597 et
429 2567 472 2598 sic
497 2574 570 2607 post
592 2566 805 2597 reversionem
832 2566 949 2606 incepit
973 2567 1099 2597 saevire.
1120 2579 1134 2594 »
1167 2567 1254 2598 Haec

179 2612 273 2643 refert
296 2611 448 2652 Aquinas,
474 2621 556 2652 quae
579 2611 703 2651 legebat
725 2611 811 2652 apud
834 2611 988 2648 diversos,
1013 2611 1091 2651 quin
1119 2611 1254 2642 alterum

179 2656 334 2697 praeferat
356 2655 444 2686 alteri
460 2665 620 2697 suumque
645 2655 752 2686 faciat:
774 2662 804 2686 et
827 2655 903 2685 haec
927 2655 1030 2695 prima
1045 2655 1253 2686 vindiciarum

179 2701 248 2732 eius
271 2700 394 2740 optima
417 2700 506 2731 ratio.

249 2745 285 2775 11.
306 2744 485 2775 Nonnullas
509 2744 624 2775 addere
647 2750 783 2784 praestat
813 2743 1100 2774 animadversiones
1123 2743 1156 2773 in
1180 2753 1251 2782 eas,

180 2800 260 2831 quas
283 2799 342 2830 pro
367 2788 519 2819 sententia
543 2788 647 2828 priore
670 2787 761 2818 affert
783 2787 835 2818 ille
858 2788 1035 2829 Augustini
1057 2794 1088 2817 et
1109 2787 1252 2829 Chryso-

179 2835 274 2866 stomi
297 2833 506 2864 auctoritates.
532 2833 598 2864 Sub
622 2833 798 2874 Augustini
820 2832 950 2862 nomine
973 2841 1150 2862 sermonem
1180 2832 1254 2863 citat

182 2880 214 2910 in
239 2879 421 2919 Epiphania
445 2878 594 2908 Domini:
612 2877 704 2907 illum
728 2886 854 2916 nempe,
871 2876 926 2917 qui
946 2876 1065 2916 incipit,
1082 2876 1171 2907 Sicut
1187 2877 1254 2908 dies

181 2923 366 2960 hodiernus,
386 2932 422 2953 ac
446 2929 567 2962 prostat
590 2922 622 2952 in
646 2928 822 2952 ascetarum
845 2921 1146 2952 Sammauraeorum
1169 2921 1253 2952 Pari—

181 2967 333 2998 siensium
357 2966 494 2997 editione
518 2974 609 2997 tomo
633 2966 661 2997 V
684 2966 718 2996 in
742 2965 930 3006 appendice,
955 2975 1044 2995 num.
1076 2965 1145 2996 131.
1172 2965 1253 2996 Indi-

182 3019 249 3042 cata
273 3012 311 3042 ab
335 3011 493 3052 Aquinate
517 3011 611 3042 verba
635 3017 709 3041 sunt
733 3020 822 3040 num.
847 3011 880 3040 3:
898 3010 1013 3040 Ferme
1035 3010 1160 3040 biennio
1185 3011 1253 3041 visa

182 3062 275 3087 est...
296 3056 384 3086 Dicit
406 3056 541 3096 aliquis:
561 3056 648 3086 illam
665 3055 792 3086 stellam
813 3055 938 3085 biennio
954 3055 1143 3094 apparuisse
1169 3055 1254 3085 unde

183 3100 410 3130 monstratur?
435 3100 609 3141 Evangelii
633 3100 728 3130 verba
762 3099 994 3136 recolamus...
1025 3099 1051 3128 A
1077 3099 1195 3129 bimatu
1224 3105 1254 3130 et

183 3144 273 3184 infra
298 3145 409 3175 occidit
433 3144 621 3185 infantes...
653 3140 765 3182 Quar'e
787 3154 807 3174 a
832 3143 951 3174 bimatu
983 3149 1013 3174 et
1041 3143 1131 3184 infra
1154 3144 1254 3174 occidi

176 3189 336 3229 parvulos
352 3189 508 3219 iusserit?
523 3189 735 3230 Evangelista
752 3198 815 3218 non
833 3193 959 3224 tacens,
986 3187 1160 3219 secundum
1178 3193 1254 3219 tem-

177 3243 254 3273 pus,
271 3233 384 3274 inquit,
406 3233 492 3274 quod
514 3234 711 3274 exquisierat
734 3243 754 3262 a
778 3233 899 3273 Magis.
935 3232 1019 3263 Ecce
1044 3232 1129 3263 unde
1151 3238 1254 3263 osten-

184 3278 282 3314 ditur,
301 3287 363 3308 non
389 3283 466 3308 tunc
483 3279 625 3317 primum
646 3278 836 3318 apparuisse
849 3278 987 3314 stellam,
1005 3276 1134 3317 quando
1159 3282 1255 3308 natus

183 3327 230 3352 est
256 3322 412 3352 Christus.
423 3344 446 3352 ..
466 3322 523 3352 sed
537 3322 655 3352 biennii
671 3327 812 3362 tempore
824 3322 1110 3361 praenuntiatione
1114 3320 1256 3362 fulsisse

183 3366 318 3397 siderea.
337 3366 506 3397 Editorum
538 3366 701 3397 adnotatio
726 3372 790 3396 est:
820 3366 1007 3396 Sermonem
1030 3365 1127 3396 istum
1152 3366 1254 3397 Loua-

185 3411 346 3441 niensibus
362 3410 456 3441 fuisse
471 3411 613 3447 dubium,
630 3411 865 3451 supposititium
887 3411 1012 3441 Verlino
1028 3415 1059 3440 et
1079 3410 1256 3452 Vindingo:

185 3464 220 3484 ac
244 3454 331 3494 ipsos
355 3455 485 3485 demum
506 3457 629 3495 primos
653 3465 734 3493 esse,
755 3455 809 3496 qui
830 3455 921 3486 illum
941 3455 973 3485 in
997 3454 1170 3494 appendice
1192 3455 1255 3486 col-

185 3498 364 3529 locaverint.
390 3500 451 3529 Pro
475 3500 714 3540 Augustiniano
742 3499 849 3539 ipsum
876 3499 986 3530 habuit
1009 3499 1153 3529 Thomas
1181 3509 1256 3530 cum

186 3543 332 3581 caeteris,
362 3543 417 3583 qui
448 3550 547 3574 aetate
581 3554 639 3574 sua
669 3543 777 3574 litteris
808 3554 843 3574 ac
873 3543 1049 3574 eruditione
1082 3543 1254 3576 florebant:

186 3585 394 3627 ineptumque
423 3587 503 3618 soret
534 3588 726 3628 Aquinatem
750 3587 792 3618 ita
824 3588 1011 3618 sentientem
1037 3588 1075 3618 de
1099 3588 1256 3628 imperitia

188 3636 305 3660 notare.

925 262 1383 301 DISSERTATIONES
1414 264 1662 300 CRITICAE

1381 343 1505 374 Laudat
1528 343 1623 374 etiam
1642 344 1797 374 Ioannem
1825 344 2102 385 Chrysostomum.
2124 345 2152 375 Is
2172 355 2247 376 vero
2267 345 2312 376 ait
2330 344 2388 375 ho-

1314 386 1401 417 milia
1420 398 1463 417 vn
1486 388 1519 418 in
1544 388 1741 418 Matthaeum
1765 399 1855 420 num.
1883 390 1915 420 3:
1947 389 2079 420 Videtur
2106 390 2183 420 mihi
2210 391 2304 421 stella
2332 389 2388 421 diu

1313 436 1389 462 ante
1417 433 1627 472 apparuisse:
1653 434 1730 473 quia
1754 434 1837 463 enim
1870 434 2005 464 multum
2032 436 2183 474 temporis
2212 436 2244 466 in
2275 437 2390 466 itinere

1313 477 1508 516 insumpturi
1530 482 1625 507 erant
1646 478 1760 518 Magi,
1791 483 1827 508 ut
1849 483 1925 508 nato
1947 480 2054 509 statim
2079 479 2274 510 adessent...
2294 481 2390 511 stella

1312 520 1448 550 multum
1478 526 1575 551 antea
1599 531 1669 552 sese
1695 522 1843 552 ostendit.
1874 522 1945 553 Sive
1973 523 2086 563 integri
2113 524 2178 554 sive
2203 524 2390 565 incompleti

1311 564 1446 602 biennii,
1471 565 1561 605 quod
1584 565 1703 596 Christi
1725 566 1921 597 nativitatem
1944 568 2161 607 praecesserit,
2185 569 2266 599 ratio
2290 570 2391 600 sumi·

1311 615 1363 639 tur
1386 619 1424 639 ex
1446 609 1564 639 itineris
1591 610 1834 651 longinquitate.
1870 611 2017 642 Thomae
2041 612 2114 643 satis
2138 613 2199 644 fuit
2222 613 2390 644 definitum

1311 653 1367 683 abs
1391 653 1625 694 chrysostomo
1649 661 1776 695 tempus
1800 654 1946 686 indicare.
1965 657 2044 687 Item
2067 657 2099 687 in
2124 657 2230 697 Opere
2254 658 2287 688 in
2308 659 2387 689 Mat-

1311 697 1459 735 thaeum,
1484 698 1573 738 quod
1601 698 1831 740 Imperfectum
1857 699 1984 738 dicitur,
2013 712 2049 732 ac
2078 702 2276 732 sanctissimo
2305 702 2387 733 Patri

1312 741 1390 771 olim
1422 741 1659 773 adiudicabatur
1675 766 1684 781 ,
1714 743 1849 783 legimus
1886 743 2019 776 homilia
2042 756 2083 785 11,
2111 747 2388 787 Proficiscentibus

1311 791 1418 816 autem
1450 787 1496 816 eis
1509 809 1520 824 ,
1555 796 1618 826 per
1646 787 1807 818 biennium
1835 789 2050 828 praecedebat
2079 791 2182 822 stella.
2215 792 2302 822 Haec
2328 801 2386 821 no-

1311 836 1397 860 verat
1435 830 1652 871 allegabatque
1690 832 1896 863 ecclesiastica
1930 841 2141 866 monumenta
2178 836 2386 877 peritissimus

1311 874 1467 905 Thomas.

1379 919 1430 949 111.
1451 919 1576 959 Duplex
1599 926 1743 950 veterum
1766 920 1934 952 innotescit
1957 922 2087 962 opinio:
2113 923 2250 954 aliorum
2273 925 2386 965 prima,

1311 963 1367 1004 qui
1391 963 1543 994 bimatum
1560 964 1593 994 in
1617 964 1776 1005 Scriptura
1793 975 1976 1005 expressum
1993 967 2114 998 ducunt
2137 978 2155 998 a
2171 968 2300 999 biennio
2315 976 2387 1000 ante

1312 1007 1429 1039 Christi
1453 1008 1666 1039 nativitatem:
1696 1008 1833 1040 aliorum
1857 1010 1969 1049 altera,
2003 1011 2059 1052 qui
2083 1020 2252 1044 numerant
2279 1013 2387 1054 ipsum

1311 1053 1376 1083 sive
1400 1053 1598 1092 completum
1623 1053 1687 1083 sive
1710 1053 1943 1094 incompletum
1967 1056 2006 1086 ab
2030 1056 2098 1096 ipsa
2120 1057 2290 1089 nativitate.
2308 1058 2385 1089 Ter-

1311 1097 1353 1128 tia
1376 1097 1440 1128 iam
1454 1097 1539 1137 viget
1562 1098 1795 1138 interpretatio:
1821 1099 1944 1130 stellam
1968 1101 2150 1141 apparuisse
2174 1109 2250 1133 nato
2274 1102 2386 1133 Domi-

1311 1152 1366 1179 no,
1383 1142 1552 1182 Magorum
1576 1142 1633 1173 iter
1656 1142 1758 1183 spatio
1776 1143 1900 1174 dierum
1922 1145 2073 1175 tredecim
2089 1145 2203 1177 confici
2227 1147 2386 1187 potuisse,

1311 1196 1489 1227 eorumque
1513 1193 1586 1227 post
1608 1197 1767 1218 recessum
1790 1187 1925 1219 infantes
1958 1189 2097 1220 occisos:
2117 1191 2254 1221 veritum
2277 1198 2386 1222 autem

1312 1231 1475 1261 Herodem
1498 1241 1538 1261 ne
1562 1231 1701 1262 fortassis
1726 1238 1817 1262 antea
1852 1239 1944 1263 natus
1968 1241 2049 1265 esset
2081 1235 2148 1265 Rex
2173 1235 2385 1275 ludaeorum,

1311 1285 1410 1316 quam
1429 1275 1475 1306 illi
1499 1276 1622 1306 stellam
1645 1276 1813 1315 vidissent,
1836 1287 1872 1307 ea
1896 1277 1954 1308 sibi
1979 1285 2042 1309 arte
2067 1279 2302 1311 consulendum
2326 1291 2386 1321 pu-

1310 1327 1402 1358 tasse,
1423 1327 1458 1351 ut
1481 1320 1590 1351 laxatis
1613 1321 1804 1351 crudelitatis
1823 1321 1928 1352 fibulis
1945 1322 2193 1354 interficerentur
2211 1324 2301 1365 pueri
2321 1326 2385 1355 iam

1310 1364 1395 1395 bimi.
1412 1365 1504 1395 Hanc
1528 1365 1715 1396 sententiam
1747 1365 1817 1396 silet
1840 1366 1993 1407 Aquinas.
2021 1367 2088 1399 Cur
2112 1378 2183 1399 eam
2205 1379 2281 1399 vero
2304 1369 2386 1399 indi-

1311 1415 1403 1446 caret,
1420 1419 1502 1449 quae
1526 1419 1583 1440 sua
1606 1417 1706 1440 aetate
1730 1411 1876 1441 nondum
1900 1412 2074 1452 excogitata
2102 1412 2198 1444 fuisse
2221 1411 2364 1444 videtur?

1377 1453 1484 1484 Veluti
1506 1463 1626 1484 novam
1649 1454 1940 1495 interpretationem
1963 1456 2050 1488 affert
2072 1467 2108 1488 ac
2132 1457 2268 1489 declarat
2289 1458 2386 1488 Baro·

1309 1497 1382 1527 nius
1412 1497 1452 1527 ad
1483 1507 1604 1528 annum
1627 1498 1640 1528 Ι
1671 1498 1808 1538 Christi,
1841 1510 1932 1531 num.
1961 1501 2022 1539 33;
2055 1502 2179 1543 sibique
2211 1502 2387 1543 gratulatur

1309 1541 1399 1582 quod
1415 1551 1452 1572 ea
1474 1542 1579 1580 verba,
1595 1543 1623 1572 A
1640 1542 1760 1574 bimatu
1777 1549 1808 1574 et
1831 1543 1932 1585 infra,
1950 1545 1994 1576 sic
2017 1545 2213 1585 intellexerit,
2228 1548 2383 1589 quemad-

1308 1586 1446 1616 modum
1462 1586 1586 1626 pridem
1600 1595 1788 1627 exposuerat
1811 1598 1895 1618 unus
1913 1589 2085 1621 Cornelius
2107 1591 2291 1629 Iansenius,
2308 1591 2385 1633 Epi-

1307 1640 1423 1671 scopus
1448 1631 1681 1662 Gandavensis.
1699 1632 1787 1669 Quid
1810 1630 1924 1663 etiam?
1943 1634 2032 1674 quod
2055 1634 2114 1665 viri
2138 1635 2223 1666 docti
2247 1645 2318 1667 eam
2335 1636 2385 1667 iu-

1309 1675 1453 1706 dicarunt
1476 1675 1582 1706 minus
1606 1676 1804 1716 probabilem
1826 1686 1863 1707 ac
1886 1677 2072 1709 refutarunt.
2099 1679 2145 1710 Ita
2171 1679 2342 1712 Cornelius
2364 1691 2385 1712 a

1308 1720 1431 1760 Lapide
1453 1720 1486 1750 in
1511 1719 1769 1759 Commentario,
1790 1721 1845 1752 ubi
1878 1722 2051 1753 secundam
2075 1724 2114 1754 ab
2137 1724 2296 1765 Aquinate
2319 1735 2385 1756 me-

1308 1771 1466 1795 moratam
1490 1764 1680 1805 opinionem
1699 1766 1895 1806 adprobans:
1914 1766 2080 1798 Herodem
2102 1778 2165 1799 non
2188 1770 2296 1800 statim
2319 1767 2386 1812 (in-

1308 1808 1391 1851 quit)
1410 1819 1468 1840 nec
1483 1809 1591 1840 eodem
1611 1819 1709 1848 anno,
1726 1820 1789 1851 quo
1806 1820 1922 1842 venere
1937 1816 1968 1842 et
1981 1812 2090 1842 abiere
2109 1813 2216 1854 Magi,
2234 1814 2388 1846 occidisse

1308 1853 1462 1895 infantes,
1482 1854 1540 1884 sed
1554 1864 1641 1884 anno
1656 1856 1811 1895 sequenti,
1827 1856 1883 1896 qui
1899 1861 1970 1887 erat
1984 1857 2146 1888 secundus
2160 1868 2181 1888 a
2198 1863 2275 1889 nato
2293 1858 2386 1890 Chri-

1307 1903 1377 1936 sto;
1410 1898 1543 1939 ideoque
1577 1898 1719 1940 infantes
1751 1899 1887 1930 bimulos
1920 1901 2044 1932 occidit.
2083 1901 2188 1932 Testis
2220 1903 2387 1935 adducitur

1307 1942 1528 1984 Epiphanius,
1563 1943 1653 1973 cuius
1677 1943 1754 1974 haec
1783 1945 1878 1974 verba
1901 1951 1976 1976 sunt
1994 1945 2113 1976 haeresi
2138 1956 2170 1976 u
2193 1947 2385 1988 Alogorum,

1308 1997 1399 2018 num.
1422 1995 1470 2018 10:
1491 2001 1505 2015 α
1524 1987 1654 2028 Quippe
1670 1987 1832 2028 trigesimo
1852 1989 1944 2019 tertio
1967 1999 2055 2020 anno
2075 1990 2213 2021 Herodis
2230 1999 2323 2023 natus
2339 1999 2387 2024 est

1311 2044 1325 2060 »
1348 2031 1528 2063 Dominus:
1561 2032 1769 2073 eiusdemque
1798 2031 1936 2076 (anno)
1966 2033 2128 2075 trigesimo
2160 2035 2275 2077 quinto
2298 2036 2384 2078 Magi

1311 2090 1325 2104 ιο
1347 2083 1516 2107 venerunt:
1549 2076 1662 2107 deinde
1685 2076 1847 2117 trigesimo
1871 2078 2009 2118 septimo
2032 2078 2166 2120 Imperii
2195 2090 2283 2111 anno
2314 2091 2386 2112 mo-

1310 2134 1325 2149 »
1348 2121 1427 2152 ritur
1440 2121 1594 2152 Herodes.
1609 2133 1624 2148 ›
1644 2121 1685 2152 Et
1698 2131 1787 2152 num.
1805 2132 1824 2162 9
1843 2123 2067 2162 praecedente:
2089 2137 2103 2152 ι
2116 2124 2260 2155 Herodes
2277 2125 2386 2157 animo

1311 2179 1325 2194 »
1348 2173 1518 2206 reputans,
1545 2173 1717 2207 postquam
1743 2166 1827 2206 Magi
1853 2166 1914 2197 alia
1940 2167 1991 2197 via
2015 2167 2244 2208 discesserunt,
2274 2169 2308 2200 in
2330 2169 2386 2201 illa

1311 2223 1325 2238 »
1348 2210 1520 2242 infantium
1550 2211 1642 2241 turba
1665 2210 1858 2251 deprehendi
1892 2211 2066 2252 puerulum
2091 2212 2184 2244 illum
2214 2220 2310 2255 atque
2337 2214 2386 2246 in-

1311 2267 1326 2283 »
1349 2254 1446 2286 terfici
1469 2265 1564 2296 posse
1581 2255 1785 2286 crediderat...
1806 2256 1980 2297 Quotquot
2001 2256 2035 2287 in
2054 2266 2130 2298 agro
2146 2258 2385 2291 Bethleemitico

1312 2313 1326 2327 »
1349 2299 1463 2338 forent,
1480 2309 1501 2330 a
1517 2300 1638 2330 bimatu
1655 2305 1686 2330 et
1702 2299 1791 2341 infra
1807 2300 1898 2331 iussit
1921 2300 2056 2332 occidi...
2074 2301 2122 2332 Ex
2145 2312 2212 2344 quo
2229 2303 2300 2344 quis
2316 2313 2384 2336 non

1311 2357 1326 2372 »
1347 2344 1453 2375 videat
1468 2351 1559 2380 tum,
1589 2354 1663 2375 cum
1689 2344 1773 2384 Magi
1797 2352 1972 2384 venerunt,
2003 2346 2157 2377 bimulum
2187 2346 2284 2378 fuisse
2307 2357 2386 2388 pue-

1312 2402 1326 2417 »
1349 2386 1469 2419 rum?»
1500 2389 1559 2419 Par
1582 2395 1628 2419 est
1651 2389 1782 2420 Eusebii
1801 2389 1953 2421 sententia
1976 2389 2009 2420 in
2033 2390 2196 2430 chronico,
2221 2391 2275 2422 ubi
2298 2401 2386 2424 anno

1306 2439 1378 2474 post
1404 2433 1567 2464 Christum
1593 2438 1703 2464 natum
1727 2434 1868 2464 secundo
1891 2435 2079 2466 adnotatum
2103 2435 2254 2476 legimus:
2276 2436 2385 2468 Hero·

1307 2479 1364 2510 des
1379 2488 1451 2509 cum
1471 2477 1592 2509 Christi
1615 2479 1812 2509 nativitatem
1830 2479 2008 2520 Magorum
2033 2480 2150 2511 indicio
2173 2482 2385 2522 cognovisset,

1309 2524 1476 2554 universos
1488 2523 1520 2553 in
1531 2523 1693 2553 Bethleem
1703 2523 1863 2563 parvulos
1875 2524 1968 2555 iussit
1980 2524 2128 2565 interfici.
2144 2524 2232 2556 Haec
2247 2524 2386 2557 indicare

1308 2577 1423 2608 operae
1443 2567 1581 2607 pretium
1605 2567 1675 2606 fuit,
1694 2574 1728 2598 ut
1747 2567 1956 2599 innotesceret
1979 2578 2038 2609 pro
2059 2578 2117 2599 sua
2140 2569 2305 2601 Thomam
2327 2579 2384 2611 pe·

1308 2612 1376 2643 ritia
1401 2611 1526 2642 novisse
1543 2611 1575 2642 in
1599 2621 1651 2650 ea,
1671 2621 1735 2652 qua
1758 2612 1798 2642 de
1823 2612 1964 2652 agimus,
1992 2622 2024 2643 re
2047 2619 2191 2644 veterum
2214 2614 2383 2645 sententias

1308 2663 1338 2687 et
1354 2656 1580 2695 chronologiae
1604 2655 1739 2686 modos:
1759 2666 1863 2697 neque
1879 2666 1954 2687 vero
1978 2666 2098 2687 munus
2114 2657 2182 2687 eius
2198 2663 2273 2695 erat,
2290 2667 2380 2690 accu-

1307 2700 1436 2731 ratiores
1460 2699 1667 2730 chronotaxes
1692 2699 1866 2739 conficere,
1892 2710 1971 2742 quas
1996 2700 2070 2731 viris
2094 2701 2284 2732 doctissimis
2307 2708 2382 2744 post

1308 2744 1431 2775 saecula
1454 2744 1583 2774 tandem
1607 2744 1770 2775 debemus.

1376 2788 1428 2819 IV.
1450 2787 1517 2819 Cur
1539 2797 1614 2818 vero
1638 2788 1682 2818 ad
1708 2788 1868 2819 biennium
1893 2795 1967 2829 post
1998 2795 2110 2819 natum
2139 2789 2303 2821 Christum
2325 2789 2381 2822 In-

1309 2833 1489 2864 nocentium
1509 2832 1637 2863 caedem
1653 2832 1807 2863 distulerit
1821 2833 1975 2871 Herodes,
1993 2840 2029 2864 ut
2044 2834 2181 2864 secunda
2199 2834 2294 2865 relata
2310 2843 2381 2866 sen-

1307 2878 1404 2908 tentia
1427 2883 1522 2914 tenet,
1540 2877 1676 2907 diversas
1693 2887 1802 2907 causas
1817 2877 1951 2908 afferunt
1969 2877 2093 2916 diversi,
2111 2888 2147 2909 ex
2171 2878 2308 2909 historiis
2323 2878 2382 2911 du·

1308 2922 1360 2952 bio
1385 2922 1497 2962 procul
1513 2921 1628 2961 ineptis
1652 2931 1687 2952 ac
1711 2921 1796 2952 falsis
1816 2922 2009 2962 desumptas.
2026 2922 2088 2953 Eas
2104 2923 2250 2953 Thomas
2273 2923 2382 2956 recitat

1307 2976 1420 2997 omnes
1444 2966 1476 2996 in
1503 2966 1740 2997 Commentario
1764 2967 1797 2996 in
1821 2967 2034 3004 Matthaeum,
2053 2966 2174 3008 aliquas
2197 2974 2323 2998 tantum
2346 2968 2380 3000 in

1307 3011 1440 3041 Summa
1464 3011 1653 3052 theologica.
1686 3010 1731 3041 lta
1746 3021 1821 3041 vero
1845 3010 1968 3051 legebat
1982 3010 2050 3052 ipse
2073 3011 2105 3042 in
2121 3011 2252 3043 Glossa:
2290 3025 2304 3040 «
2318 3011 2380 3044 Ve-

1310 3068 1324 3083 »
1347 3049 1475 3085 risirhile
1491 3062 1537 3085 est
1554 3060 1629 3095 post
1648 3065 1770 3085 annum
1788 3060 1819 3086 et
1837 3060 1978 3096 quatuor
1992 3055 2061 3087 dies
2076 3065 2093 3086 a
2111 3056 2270 3087 nativitate
2287 3055 2380 3088 Chri-

1310 3112 1324 3127 »
1348 3099 1386 3130 sti
1410 3100 1573 3130 Herodem
1596 3099 1628 3130 in
1653 3109 1770 3140 pueros
1790 3100 1973 3131 desaevisse.
1992 3100 2090 3138 Quod
2115 3100 2220 3131 forsan
2243 3100 2316 3131 ideo
2333 3099 2379 3131 di-

1310 3157 1324 3172 »
1348 3143 1445 3181 stulit,
1463 3144 1538 3185 quia
1561 3144 1696 3175 Romam
1716 3143 1884 3185 profectus
1908 3150 1969 3182 est,
1995 3145 2045 3175 vel
2069 3145 2112 3175 ibi
2135 3149 2307 3176 accusatus
2329 3143 2380 3176 vel

1309 3201 1323 3216 »
1347 3195 1383 3219 ut
1406 3189 1571 3219 Romanos
1587 3188 1765 3219 consuleret
1788 3198 1883 3229 super
1905 3189 1954 3219 his
1976 3199 2058 3230 quae
2082 3189 2121 3220 de
2145 3189 2272 3220 Christo
2296 3188 2379 3220 dice-

1310 3246 1324 3260 »
1347 3234 1471 3264 bantur.
1499 3245 1513 3259 »
1537 3233 1675 3273 Legebat
1707 3232 1802 3264 etiam
1826 3234 1911 3273 apud
1939 3233 2070 3264 Petrum
2107 3234 2322 3265 Comestorem
2344 3232 2379 3263 in

1309 3277 1449 3308 Historia
1465 3277 1649 3308 scholastica
1669 3277 1770 3318 capite
1784 3287 1814 3308 xi
1827 3277 1993 3319 (Historia
2009 3277 2230 3320 evangelica):
2249 3290 2263 3306 α
2277 3277 2378 3308 Hero-

1311 3335 1325 3350 »
1349 3322 1403 3352 des
1428 3331 1502 3352 cum
1526 3322 1564 3352 de
1586 3331 1662 3352 nece
1690 3331 1866 3362 puerorum
1890 3321 2086 3363 disponeret,
2114 3323 2232 3353 citatus
2254 3325 2301 3352 est
2323 3329 2380 3361 per

1311 3379 1326 3394 »
1349 3366 1517 3407 epistolam
1532 3367 1570 3396 ab
1582 3369 1729 3406 Augusto
1745 3365 1879 3397 Caesare
1899 3371 1933 3397 ut
1947 3367 2082 3397 Romam
2099 3367 2170 3404 iret,
2187 3364 2378 3397 accusationi

1312 3424 1326 3438 ι»
1349 3410 1489 3441 filiorum
1506 3420 1725 3451 responsurus.
1737 3410 1862 3441 Tamen
1875 3410 2029 3451 Iosephus
2043 3410 2128 3450 dicit,
2140 3410 2229 3452 quod
2244 3409 2377 3440 Alexan-

1312 3467 1325 3482 »
1350 3455 1443 3486 drum
1457 3454 1560 3485 filium
1576 3465 1672 3485 suum
1687 3464 1795 3485 secum
1808 3455 1947 3486 Romam
1963 3455 2131 3486 traxerit...
2152 3453 2217 3492 Qui
2232 3463 2307 3484 cum
2320 3452 2379 3483 iter

1312 3512 1325 3526 »
1349 3499 1463 3530 faceret
1485 3509 1542 3540 per
1561 3499 1724 3537 Ciliciam,
1749 3499 1879 3530 audiens
1896 3509 1994 3530 naves
2014 3499 2241 3530 Tharsensium
2258 3497 2379 3538 Magos

1311 3555 1325 3570 »
1349 3543 1550 3581 traduxisse,
1575 3543 1607 3574 in
1631 3543 1741 3584 spiritu
1766 3543 1945 3574 vehementi
1968 3542 2144 3574 combussit
2157 3551 2252 3572 naves
2275 3541 2376 3572 Thar-

1311 3599 1325 3614 ι
1349 3587 1423 3618 sis...
1444 3588 1546 3618 Roma
1571 3597 1731 3624 reversus,
1752 3587 1957 3618 confirmatus
1976 3587 2008 3617 in
2032 3596 2130 3627 regno
2153 3586 2297 3616 Herodes
2313 3595 2378 3616 cer-

1311 3643 1326 3659 »
1348 3631 1410 3662 tius
1433 3641 1532 3672 quam
1551 3631 1652 3672 prius,
1677 3631 1804 3662 mittens
1828 3631 1943 3662 occidit
1965 3640 2077 3661 omnes
2101 3639 2217 3671 pueros
2241 3636 2300 3661 etc.
2315 3642 2329 3657 »
