2548 4192
205 321 250 346 XC

204 389 378 426 inchoasse,
392 385 620 417 validissimum
642 388 864 422 argumentum
886 379 1065 419 suppeditat
1082 378 1162 408 hanc
1176 377 1266 417 ipsis-

206 434 319 464 simam
333 431 495 463 Postillam
509 429 541 459 in
557 428 668 458 Isaiam
683 426 746 456 iam
761 432 831 456 turn
850 430 956 454 sancto
970 422 1101 453 Doctori
1116 421 1266 452 tributam

206 478 316 515 fuisse;
332 475 538 514 eamdemque
551 473 583 502 in
594 471 721 501 illorum
736 469 846 499 saltem
856 468 999 507 Operum
1007 466 1153 496 Thomae
1169 474 1264 495 censu

207 522 364 558 habitam,
394 529 474 560 quae
494 527 535 548 ex
553 518 621 546 eius
643 515 733 545 dictis
760 523 815 552 per
838 512 940 542 socios
964 510 1013 540 vel
1032 509 1190 540 auditores
1214 519 1264 538 re-

201 572 332 607 portata
348 564 408 596 dici
423 563 533 593 solent.
553 558 682 591 Accedit
695 563 815 587 vetusta
830 555 985 596 quaedam
1002 555 1099 591 Nota,
1126 563 1161 583 ex
1182 553 1263 582 libro

205 611 345 642 Rectoris
369 604 582 639 Universitatis
604 601 782 633 parisiensis
811 610 828 629 a
856 597 1093 638 diligentissimo
1118 597 1262 627 Echardo

205 656 380 695 desumpta,
396 652 569 691 scriptaque
588 656 673 677 anno
689 645 774 675 1303
790 644 841 674 die
855 644 968 673 martis
987 643 1019 672 in
1033 642 1125 682 festo
1138 651 1163 671 s.
1175 642 1261 671 Mat-

204 701 287 730 thiae
330 698 408 727 idest
426 695 506 735 stylo
526 701 610 722 novo
623 713 631 728 ,
651 699 734 719 anno
760 689 842 727 1304
860 687 960 717 littera
986 685 1167 716 dominicali
1187 685 1213 714 E
1232 685 1260 714 D

203 722 366 782 insign'ito;
386 750 422 770 ex
441 748 503 779 qua
523 735 671 766 discimus
691 733 770 763 inter
789 732 848 761 alia
859 731 984 772 fratris
1009 730 1146 760 Thomae
1161 729 1260 769 Aqui-

201 787 280 818 natis
308 785 413 825 Opera
436 781 577 812 venalem
604 778 658 808 illo
683 787 766 807 anno
791 782 946 816 prostasse
970 774 1134 804 Postillam
1163 783 1261 813 super

200 832 341 862 Isaiam:
367 828 453 858 illam
483 824 597 855 scilicet
624 832 721 863 quam
750 831 773 851 s·
794 819 924 850 Doctori
953 818 1101 849 tributam
1130 824 1260 847 noverat

200 877 351 916 Lyranus,
371 879 505 912 quamve
524 867 614 898 nobis
634 866 780 897 exhibent
801 864 944 904 vulgatae
964 872 1075 893 omnes
1094 862 1257 892 editiones.

199 920 333 959 Dignam
346 913 614 947 animadversione
629 910 764 950 denique
779 908 1015 939 adnotationem
1030 906 1258 947 profero‚quae

198 965 230 994 in
250 962 330 993 calce
350 960 479 991 huiusce
499 954 725 988 Commentarii
744 953 857 993 legitur
880 953 912 982 in
931 953 1050 983 Veneta
1077 951 1150 980 anni
1175 951 1256 991 1527

198 1008 298 1048 prima
312 1005 466 1036 editione:
490 1002 533 1032 Et
550 1002 597 1031 sic
615 1000 807 1030 terminatur
824 997 979 1028 sententia
999 1001 1029 1026 et
1048 996 1201 1035 expositio
1215 995 1259 1025 ad

198 1053 334 1083 litteram
358 1058 454 1089 super
476 1046 607 1077 Esaiam
631 1043 803 1074 secundum
818 1041 870 1082 fr.
891 1042 1040 1071 thomam
1060 1040 1100 1070 de
1117 1040 1255 1080 Aquino,

197 1106 291 1137 quam
307 1092 471 1125 transtulit
485 1101 526 1121 ex
540 1090 619 1120 libro
634 1089 709 1119 dicti
722 1087 880 1123 Doctoris,
892 1086 1009 1125 scripto
1023 1084 1143 1115 scilicet
1157 1094 1256 1114 manu

196 1151 267 1178 sua,
287 1139 330 1169 ad
348 1139 484 1168 litteram
505 1133 672 1175 legibilem,
691 1142 760 1162 cum
781 1130 1005 1170 complemento
1028 1130 1255 1159 auctoritatum

186 1186 301 1227 frater
331 1181 499 1213 Iacobinus
526 1178 668 1208 Astensis
693 1176 732 1206 de
754 1175 922 1205 Provincia
945 1173 1157 1207 Lomhardiae
1181 1178 1258 1203 tunc

196 1229 344 1269 temporis
358 1225 487 1257 studens
506 1225 538 1253 in
560 1221 663 1253 studio
680 1220 828 1261 generali
841 1218 1069 1258 Neapolitano:
1095 1217 1258 1248 ordinavit

195 1275 289 1305 etiam
301 1271 483 1303 collationes
497 1267 631 1299 caeteris
643 1266 720 1295 locis
728 1274 825 1304 super
834 1263 988 1304 quaslibet
1002 1263 1160 1293 lectiones.
1172 1262 1256 1293 Hinc

194 1328 268 1348 vero
300 1316 397 1347 codex
425 1324 482 1343 ms.
512 1310 696 1347 innotescit,
731 1309 814 1339 unde
844 1307 1120 1338 Commentarium
1148 1317 1255 1347 prom·

194 1362 287 1403 pserit
310 1358 569 1391 Bartholomaeus
593 1355 630 1385 de
654 1354 764 1394 Spina:
789 1353 876 1393 quod
900 1352 993 1382 etiam
1018 1351 1200 1391 exemplum
1219 1362 1256 1382 ex

193 1413 315 1437 vetusto
341 1403 446 1435 codice
476 1407 639 1439 sumptum
667 1409 685 1428 a
713 1397 861 1428 Iacobino
885 1396 1009 1427 Astensi
1043 1402 1184 1427 constat:
1215 1406 1255 1426 an

193 1461 267 1482 vero
287 1461 323 1481 ex
346 1450 415 1489 ipso
440 1446 503 1476 divi
528 1445 672 1476 Thomae
696 1441 892 1481 autographo
916 1451 1012 1481 penes
1040 1440 1147 1481 ipsum
1170 1441 1255 1471 Iaco—

195 1497 306 1526 binum
328 1493 404 1524 fides
428 1497 504 1521 esto.

260 1538 399 1578 Longius
415 1534 542 1566 excessit
552 1531 716 1564 Cornelius
731 1541 748 1561 a
762 1530 889 1570 Lapide.
907 1530 941 1560 In
956 1536 1144 1569 argumento
1156 1529 1254 1560 Com-

194 1583 335 1615 mentarii
358 1582 390 1612 in
415 1579 524 1610 Isaiam
543 1578 585 1608 sic
604 1577 713 1607 habet:
741 1588 755 1603 α
773 1575 868 1606 Hunc
891 1574 1167 1605 Commentarium
1187 1585 1253 1606 non

197 1643 210 1657 ›>
234 1639 299 1659 esse
318 1625 413 1657 sancti
433 1624 577 1654 Thomae
595 1620 776 1662 Aquinatis,
801 1626 855 1650 aut
874 1626 955 1650 certe
974 1619 1075 1650 multa
1095 1619 1122 1650 ei
1141 1619 1254 1651 infarta

196 1688 210 1702 »
233 1683 298 1703 esse
324 1675 449 1702 censent
472 1667 573 1698 Sixtus
593 1665 748 1702 Senensis,
768 1665 910 1695 Adamus
930 1663 1067 1694 Sasbout
1093 1671 1124 1694 et
1147 1671 1255 1695 noster

194 1732 208 1746 ›>
231 1717 352 1748 Delrio:
376 1723 450 1744 nam
473 1713 505 1742 in
529 1710 635 1741 multis
659 1710 803 1740 iudaizat.
828 1708 973 1748 Exempli
997 1708 1094 1739 instar
1115 1708 1155 1739 sit
1174 1709 1254 1739 illud

193 1776 207 1790 »
230 1772 296 1801 cap.
317 1770 383 1797 vm,
406 1765 441 1788 2:
460 1756 582 1786 Accede
604 1754 647 1785 ad
668 1755 924 1795 Proplietissam;
951 1753 1011 1789 hoc
1034 1759 1100 1791 est,
1128 1753 1252 1794 inquit,

193 1821 206 1834 »
229 1805 341 1837 accede
363 1803 406 1834 ad
429 1810 560 1832 uxorem
585 1805 689 1836 tuam,
714 1809 732 1829 ο
756 1799 865 1830 Isaia:
891 1799 946 1839 qui
970 1808 1080 1828 sensus
1109 1798 1253 1829 iudaicus

192 1865 205 1879 »
229 1857 305 1881 est...
317 1848 427 1880 Verius
448 1852 492 1876 est
507 1845 582 1875 haec
597 1843 833 1875 Commentaria
854 1853 920 1874 esse
935 1842 1082 1874 Thomae
1094 1843 1253 1882 Doctoris,

190 1909 204 1923 »
227 1905 291 1925 non
314 1890 466 1932 Angelici,
487 1889 540 1920 sed
563 1888 696 1928 Anglici,
721 1888 776 1929 qui
800 1899 836 1919 ex
855 1888 976 1919 Ordine
997 1887 1254 1919 Praedicatorum

192 1954 206 1968 »
228 1938 403 1978 theologiae
421 1934 621 1965 scholasticae
642 1933 800 1973 professor
823 1933 930 1964 floruit
949 1933 1007 1963 sub
1026 1942 1148 1962 annum
1162 1932 1253 1963 Chri-

192 1998 205 2012 »
228 1984 266 2014 sti
291 1992 415 2022 1400....
438 1979 532 2010 Plane
556 1978 639 2008 enim
662 1977 785 2008 videtur
807 1978 858 2008 hic
885 1985 996 2009 auctor
1017 1977 1055 2007 R.
1079 1977 1253 2008 Salomone

192 2042 206 2056 »
230 2035 259 2059 et
282 2029 405 2068 Lyrano
430 2033 495 2054 esse
514 2022 683 2063 posterior;
708 2023 746 2052 ab
766 2022 866 2063 iisque
890 2022 1029 2053 iudaicas
1049 2021 1141 2052 hasce
1161 2022 1253 2053 tradi-

192 2087 206 2101 »
229 2073 328 2103 tiones
352 2068 514 2109 accepisse.
529 2080 542 2095 »
570 2067 751 2107 Sphalmata
770 2067 861 2107 plura
880 2067 990 2108 paucis
1010 2066 1042 2096 in
1062 2066 1179 2098 verbis:
1200 2077 1253 2098 ne-

188 2128 250 2159 que
273 2117 408 2151 mirum,
439 2123 511 2143 cum
542 2111 618 2142 nihil
650 2111 770 2142 facilius
803 2122 900 2153 quam
931 2111 1133 2143 doctissimos
1157 2112 1253 2143 etiam

189 2162 270 2192 viros
294 2158 587 2197 oculatissimosque
613 2156 782 2197 aliquando
809 2157 979 2188 dormitare
1003 2163 1033 2187 et
1056 2155 1128 2186 labi.
1155 2157 1253 2188 Com-

190 2205 377 2237 mentarium
400 2209 544 2234 nostrum
567 2201 644 2232 vidit
674 2211 709 2231 ac
736 2201 872 2242 decerpit
895 2202 1058 2243 Lyranus:
1085 2202 1254 2241 quomodo

190 2261 262 2290 ergo
286 2256 394 2280 auctor
412 2248 478 2278 eius
498 2246 589 2278 fuerit
617 2247 742 2286 Lyrano
762 2245 939 2286 posterior?
964 2247 998 2278 In
1019 2247 1133 2276 eodem
1154 2247 1252 2278 Com-

189 2294 340 2326 mentario
364 2293 521 2333 improbat
544 2293 686 2332 Lyranus
717 2289 819 2321 filium
838 2292 1057 2332 Prophetissae
1076 2290 1175 2332 accipi
1195 2301 1253 2331 pro

189 2339 253 2369 filio
279 2338 390 2368 Isaiae:
415 2337 581 2378 quomodo
605 2346 679 2375 ergo
704 2335 845 2366 eiusdem
864 2343 976 2367 auctor
999 2337 1079 2368 hanc
1104 2334 1253 2377 interpre-

187 2384 348 2420 tationem,
373 2392 452 2422 quae
472 2392 529 2422 pro
549 2380 671 2411 iudaica
691 2380 832 2419 habetur,
853 2391 888 2412 ex
909 2381 1023 2412 eodem
1043 2380 1254 2422 desumpserit

186 2425 332 2469 Lyrano?
351 2427 492 2457 Thomas
507 2425 657 2465 Anglicus
683 2425 759 2455 alter
779 2433 825 2456 est
844 2426 1089 2466 cognominatus
1107 2426 1147 2457 de
1166 2426 1251 2467 Iorz,

187 2471 387 2503 Cardinalitia
411 2470 557 2510 dignitate
589 2479 623 2499 ac
651 2469 759 2500 litteris
783 2470 904 2509 clarus,
935 2471 990 2512 qui
1015 2480 1099 2502 anno
1130 2471 1212 2502 1310
1236 2481 1253 2501 e

186 2517 248 2547 vita
272 2515 414 2555 migravit
442 2515 526 2555 apud
550 2514 748 2544 Echardum:
779 2525 818 2545 an
844 2526 918 2555 ergo
949 2515 1101 2547 dicendus
1125 2516 1252 2556 Lyrano

187 2560 350 2601 posterior,
366 2560 454 2590 cuius
470 2559 593 2589 obitum
608 2568 680 2588 cum
702 2569 786 2589 anno
808 2561 888 2600 ¹340
912 2560 1009 2600 illigat
1028 2558 1253 2600 Waddingus?

185 2605 271 2636 Alter
290 2611 335 2635 est
353 2604 495 2634 Thomas
514 2603 636 2643 Anglus
662 2602 815 2634 Vallensis
835 2615 889 2635 seu
913 2605 1107 2636 Guallensis.
1128 2604 1254 2636 Certior

187 2650 252 2680 eius
267 2648 515 2688 chronographia
530 2647 693 2678 florentem
710 2647 815 2688 ipsum
831 2649 954 2680 exhibet
973 2650 1178 2689 potissimum
1194 2650 1252 2679 sub

188 2695 303 2724 Ioanne
319 2693 402 2723 XXII
419 2693 565 2723 Romano
584 2691 756 2731 Pontifice‚
778 2694 833 2734 qui
859 2704 943 2724 anno
972 2695 1055 2734 1334
1077 2694 1142 2724 fato
1163 2693 1254 2724 cessit

187 2737 401 2768 mortalitatis:
429 2737 533 2778 itaque
564 2744 594 2767 et
617 2746 736 2766 annum
767 2748 848 2777 1400
872 2739 967 2778 longe
991 2738 1157 2770 antecessit
1180 2738 1252 2776 ille,

188 2793 222 2813 ac
246 2782 339 2813 etiam
362 2782 516 2822 posterior
535 2788 580 2812 est
599 2781 784 2812 Ptolomaeo
809 2783 847 2813 de
870 2784 967 2821 Luca,
985 2783 1177 2823 caeterisque
1196 2792 1251 2813 vo-

188 2827 260 2857 catis
275 2826 475 2866 allegatisque
490 2826 619 2856 testibus
634 2826 830 2866 synchronis,
842 2828 897 2868 qui
913 2828 975 2858 iam
991 2828 1138 2858 Thomae
1154 2827 1251 2868 Aqui-

187 2871 249 2901 nati
266 2871 407 2902 Postillas
422 2870 453 2900 in
474 2870 584 2900 Isaiam
598 2870 845 2902 luculentissime
860 2872 1123 2903 adiudicaverant.
1140 2872 1252 2913 Neque

187 2923 290 2946 tamen
314 2915 431 2945 inficias
455 2915 537 2945 imus
567 2915 604 2945 ab
634 2914 703 2954 ipso
730 2916 859 2946 Thoma
883 2917 1019 2948 Vallensi
1045 2917 1251 2948 Commenta-

188 2960 267 2990 rium
283 2959 314 2989 in
330 2959 477 2990 eumdem
489 2960 679 2999 Prophetam
695 2960 874 2991 confectum
889 2969 972 3000 esse;
987 2962 1041 2992 sed
1056 2962 1141 2993 hunc
1157 2961 1251 3000 longe

188 3004 344 3034 diversum
368 3003 480 3034 evincit
508 3004 633 3034 initium
662 3004 764 3044 illius,
795 3006 883 3046 quod
912 3014 1038 3037 erutum
1067 3017 1103 3037 ex
1134 3005 1250 3038 codici—

188 3048 246 3078 bus
270 3058 342 3078 mss.
366 3048 483 3088 profert
502 3048 681 3080 Echardus:
708 3049 829 3080 Beatus
854 3051 903 3081 vir
921 3053 976 3091 qui
995 3051 1130 3082 custodit
1154 3050 1250 3081 verba

183 3092 368 3132 prophetiae
389 3093 483 3122 huius
506 3093 588 3123 libri.
1060 3103 1062 3105 '

255 3136 458 3166 Salomonem
482 3137 635 3177 denique,
665 3147 730 3179 quo
755 3138 962 3178 posteriorem
986 3139 1154 3171 Cornelius
1178 3139 1251 3172 facit

189 3179 415 3210 Commentarii
444 3181 540 3211 nostri
569 3189 749 3219 auctorem,
786 3193 851 3213 non
881 3183 979 3214 alium
1009 3184 1139 3215 iudicari
1164 3192 1250 3226 >puto

189 3234 285 3264 quam
300 3224 451 3254 celebrem
467 3225 544 3255 inter
564 3226 695 3256 ludaeos
719 3226 815 3257 totius
835 3237 938 3258 sacrae
957 3228 1134 3269 Scripturae
1154 3240 1249 3271 expo-

189 3268 327 3305 sitorem,
341 3269 600 3308 cognominatum
616 3270 803 3308 Isaacidem,
821 3278 850 3301 et
864 3272 960 3311 vulgo
978 3273 1152 3305 [archium.
1170 3274 1252 3305 Inter

189 3313 367 3343 divinorum
383 3313 583 3354 eloquiorum
598 3315 780 3345 celebriores
795 3315 976 3356 interpretes
986 3325 1130 3349 numerat
1144 3318 1251 3358 ipsum

188 3357 338 3387 Ricardus
357 3357 518 3388 Simonius
539 3358 617 3388 libro
647 3359 687 3389 III
722 3359 840 3390 Histor.
861 3360 982 3391 criticae
1006 3362 1117 3392 veteris
1141 3363 1250 3394 Testa-

189 3402 296 3439 menti,
317 3402 415 3442 capite
439 3412 487 3439 vr,
510 3409 540 3433 et
564 3404 693 3433 Iacobus
712 3404 740 3434 Ie
760 3404 852 3443 Long
873 3411 963 3435 tomo
992 3406 1017 3436 11
1038 3406 1250 3438 Bibliothecae

189 3445 306 3476 Sacrae.
323 3446 455 3476 Obitum
473 3446 538 3476 eius
553 3447 692 3488 plerique
713 3449 796 3488 apud
812 3448 1079 3490 Christophorum
1090 3451 1250 3482 Wolfium

189 3495 277 3519 tomo
307 3490 546 3521 [Bibliothecae
570 3492 728 3522 Hebraeae
755 3493 794 3522 ad
826 3503 946 3524 annum
978 3496 1056 3525 1105
1092 3494 1249 3534 referunt3

190 3532 303 3573 aliique
322 3534 360 3563 ad
380 3544 498 3564 annum
524 3536 603 3565 1180
622 3536 718 3566 vitam
743 3537 809 3567 eius
831 3531 1011 3578 pror'ogant.
1037 3539 1120 3570 Hinc
1139 3547 1250 3571 auctor

191 3575 427 3614 Commentarii,
451 3589 515 3619 quo
540 3580 578 3610 de
601 3580 733 3619 agimus,
759 3580 851 3612 fuerit
870 3582 935 3613 sine
954 3583 1052 3614 dubio
1077 3584 1249 3616 Salomone

191 3620 360 3659 posterior:
392 3622 534 3652 Thomas
562 3630 697 3654 attamen
727 3625 868 3665 Aquinas
897 3637 963 3657 esse
992 3628 1116 3667 potuit,
1146 3639 1248 3670 neque

189 3663 331 3694 Thomas
354 3665 429 3695 alter
451 3666 603 3707 sequioris
627 3668 732 3698 aetatis
755 3671 952 3709 quaerendus
977 3678 1031 3702 est.

923 298 1379 338 DISSERTATIONES
1410 297 1656 333 CRITICAE

1710 375 1920 411 CAPUT
1950 376 2000 411 11.

1319 463 1445 488 Litteralis
1460 463 1585 495 expositio
1599 463 1688 495 capitis
1698 470 1743 486 viu
1758 462 1874 487 eiusdem
1890 462 2035 495 Prophetae
2050 463 2130 488 Isaiae
2149 472 2163 489 a
2183 472 2205 489 s.
2213 464 2317 490 Thoma
2331 474 2392 499 pro-

1370 499 1455 530 posita
1473 498 1585 522 affertur.
1609 499 1631 522 A
1652 498 1806 522 Iudaeorum
1826 498 1981 523 commentis
2002 499 2156 531 longissime
2171 500 2288 525 dissitam
2304 507 2393 526 osten—

1371 535 1435 558 dunt
1449 533 1597 566 peritissimi
1619 533 1809 565 Scripturarum
1830 533 1982 566 interpretes
2003 542 2032 558 ac
2053 534 2177 567 theologi.
2197 535 2272 561 Viam
2293 538 2394 569 aperuit

1370 569 1413 593 ille
1438 569 1463 593 in
1487 568 1646 601 exponendis
1670 569 1764 593 veteris
1788 568 1950 594 Testamenti
1976 570 2120 602 prophetiis
2145 579 2174 596 ac
2199 572 2283 604 typis,
2313 580 2393 605 quam

1370 604 1498 628 doctiores
1517 604 1616 636 quique
1635 604 1764 637 sequioris
1784 606 1873 629 aetatis
1893 606 1975 630 secuti
1995 611 2064 630 sunt.

1316 682 1337 712 1.
1365 677 1518 755 Iudaica,
1533 681 1693 722 inquiunt,
1705 682 1860 722 expositio
1877 689 1933 721 est,
1945 693 2027 724 quae
2031 684 2143 725 filium
2154 685 2391 725 Prophetissae,

1396 726 1434 755 de
1454 736 1520 766 quo
1541 726 1634 756 Isaias
1654 726 1755 766 capite
1779 734 1904 766 octavo,
1929 727 2029 768 ipsius
2054 729 2151 759 Isaiae
2177 728 2280 760 filium
2299 730 2389 761 intel-

1312 769 1390 809 ligit.
1415 770 1507 801 Hanc
1526 771 1723 810 adoptaverit
1750 772 1995 814 praetuleritque
2015 783 2183 814 nunquam
2201 775 2392 814 Angelicum

1313 814 1460 844 Thomae
1474 814 1642 855 Aquinatis
1662 815 1838 855 ingenium,
1854 827 1935 858 quae
1959 824 2066 848 tamen
2085 818 2118 848 in
2137 818 2268 849 Postilla
2287 819 2391 850 eidem

1313 858 1459 889 Thomae
1474 859 1622 890 attributa
1635 860 1760 900 legitur.
1781 861 1884 891 Verba
1899 868 1988 892 sunt:
2016 875 2030 890 «
2043 863 2087 893 Et
2105 865 2226 894 accessi
2249 864 2294 894 ad
2309 865 2389 895 Pro-

1315 915 1329 930 »
1346 903 1533 943 phetissam.
1550 904 1611 935 Hic
1627 904 1834 936 confirmatur
1848 904 2005 948 (signum)
2021 906 2115 946 facto,
2126 907 2202 949 quia
2217 908 2389 949 aliquando

1315 960 1328 974 »
1352 947 1528 988 Prophetae
1548 949 1779 980 annuntiabant
1797 950 1943 981 futurum
1961 950 2070 989 verbo,
2090 951 2262 992 aliquando
2282 960 2390 984 autem

1315 1004 1328 1019 >⁷
1352 992 1422 1032 ipso
1448 992 1547 1031 facto;
1572 994 1654 1025 sicut
1671 994 1752 1024 infra
1772 992 1887 1037 (capite
1902 1006 1952 1034 xx,
1968 1005 2047 1026 verS.
2066 994 2110 1038 2):
2138 996 2233 1034 Vade,
2254 1002 2285 1028 et
2302 999 2390 1028 solve

1315 1049 1328 1063 »
1351 1046 1479 1067 saccum
1504 1038 1544 1068 de
1567 1039 1683 1070 lumbis
1706 1040 1781 1076 tuis,
1807 1045 1837 1070 et
1860 1041 2078 1071 calceamenta
2098 1046 2155 1071 tua
2179 1041 2255 1072 tolle
2273 1042 2314 1072 de
2330 1052 2389 1082 pe-

1314 1093 1328 1108 »
1351 1081 1443 1112 dibus
1464 1084 1549 1113 tuis:
1574 1089 1605 1114 et
1630 1083 1716 1124 fecit
1738 1085 1804 1122 sic,
1835 1085 1956 1116 vadens
1980 1085 2087 1116 nudus
2115 1091 2146 1116 et
2166 1086 2389 1118 discalceatus.

1314 1138 1328 1153 >›
1353 1126 1444 1157 Unde
1468 1127 1652 1168 intelligitur
1675 1129 1714 1158 ad
1737 1129 1893 1168 litteram,
1923 1130 2013 1170 quod
2036 1130 2165 1161 accessit
2193 1131 2233 1160 ad
2256 1141 2390 1162 uxorem

1314 1183 1328 1197 »
1351 1181 1452 1202 suam.
1485 1172 1577 1203 Unde
1601 1173 1667 1204 duo
1691 1180 1876 1214 ponuntur:
1901 1174 2006 1214 primo
2031 1174 2121 1214 pueri
2144 1175 2322 1215 generatio,
2345 1176 2390 1207 Et

1314 1228 1328 1242 »
1350 1218 1487 1247 accessi:
1511 1218 1652 1248 secundo
1671 1219 1809 1258 generati
1828 1219 1966 1258 vocatio,
1994 1219 2074 1250 Voca
2093 1229 2207 1250 nomen
2223 1221 2302 1258 eius,
2327 1222 2388 1252 Ac-

1307 1272 1328 1288 w
1351 1261 1467 1292 celera.
1486 1274 1501 1289 a>

1378 1305 1469 1343 Quae
1493 1306 1680 1337 videbantur
1705 1308 1860 1339 adversari
1884 1315 2090 1348 argumenta,
2118 1309 2238 1349 profert
2262 1309 2386 1339 omnia:

1310 1349 1499 1391 exhibetque
1531 1351 1693 1391 vulgatam
1726 1353 1977 1393 expositionem:
2015 1366 2028 1380 α
2046 1354 2251 1393 Prophetissa
2280 1361 2388 1384 autem

1313 1406 1327 1421 s
1351 1392 1541 1437 (inquiens)
1557 1396 1647 1427 beata
1662 1397 1759 1437 Virgo
1775 1405 1831 1436 est,
1851 1407 1933 1438 quae
1954 1398 2155 1438 prophetavit
2176 1397 2293 1429 dicens:
2314 1399 2387 1429 Ma·

1313 1451 1327 1465 »
1348 1440 1486 1481 gnificat
1499 1441 1609 1471 anima
1627 1452 1698 1472 mea
1712 1442 1900 1480 Dominum,
1917 1440 2042 1484 (Lucae
2054 1441 2088 1485 1).
2105 1443 2155 1473 Ad
2171 1453 2269 1483 quam
2284 1453 2386 1474 acces-

1313 1496 1327 1510 »
1350 1483 1390 1514 sit
1407 1494 1464 1524 per
1482 1485 1702 1525 propheticam
1721 1486 1961 1527 intelligentiam
1981 1493 2011 1518 et
2034 1497 2090 1528 per
2108 1486 2214 1518 fidem.
2235 1487 2294 1518 Vel
2308 1488 2388 1518 Pro-

1312 1540 1326 1555 »
1343 1529 1488 1568 phetissa
1503 1529 1617 1560 dicitur
1632 1530 1766 1571 Spiritus
1781 1538 1919 1570 sanctus,
1934 1531 1989 1572 qui
2006 1539 2052 1562 est
2067 1532 2260 1572 principium
2281 1532 2387 1563 omnis

1313 1585 1326 1599 »
1350 1574 1555 1614 prophetiae:
1577 1574 1710 1611 11‚Petri
1735 1574 1823 1618 (cap.
1849 1587 1878 1614 1,
1905 1586 1984 1606 vers.
2008 1575 2086 1618 21):
2117 1577 2190 1607 Non
2219 1577 2302 1607 enim
2332 1587 2384 1608 vo—

1312 1630 1327 1644 »
1350 1618 1476 1649 luntate
1493 1619 1636 1650 humana
1656 1620 1758 1651 allata
1779 1626 1825 1651 est
1843 1621 2019 1662 aliquando
2032 1622 2221 1662 prophetia,
2241 1621 2299 1652 sed
2316 1621 2387 1662 Spi-

1313 1675 1327 1689 »
1350 1664 1415 1693 ritu
1450 1669 1562 1694 sancto
1592 1665 1742 1704 inspirati
1776 1666 1875 1696 locuti
1907 1671 1983 1696 sunt
2011 1667 2115 1696 sancti
2141 1665 2206 1696 Dei
2233 1666 2386 1697 homines.

1313 1720 1326 1734 »
1349 1708 1446 1748 Apud
1470 1709 1634 1739 Hebraeos
1658 1710 1744 1740 enim
1768 1717 1814 1741 est
1837 1709 1981 1740 feminini
2005 1709 2146 1750 generis,
2176 1709 2293 1741 scilicet
2314 1710 2387 1741 Eva

1312 1764 1326 1778 »
1349 1751 1424 1794 (leg.
1448 1753 1555 1791 Ruah,
1580 1761 1644 1795 ruff
1668 1753 1846 1797 Spiritus).·
1869 1761 1899 1785 et
1923 1755 2100 1785 secundum
2125 1754 2202 1793 hoc,
2227 1756 2385 1796 concepit,

1311 1809 1325 1823 >o
1348 1796 1429 1828 idest
1462 1798 1628 1839 concipere
1653 1799 1740 1830 fecit:
1769 1799 1855 1840 quod
1878 1801 1961 1830 enim
1993 1800 2026 1829 in
2056 1809 2094 1830 ea
2124 1804 2235 1830 natum
2260 1805 2322 1838 est,
2346 1799 2387 1830 de

1311 1854 1325 1868 »
1347 1841 1470 1882 Spiritu
1489 1849 1601 1874 sancto
1621 1849 1667 1875 est
1694 1843 1858 1886 (Matthaei
1869 1842 1904 1886 1).
1933 1844 2013 1874 Voca
2034 1853 2148 1874 nomen
2168 1846 2247 1882 eius,
2269 1842 2387 1875 scillcet

1311 1898 1324 1913 ι
1348 1886 1451 1925 lesus,
1471 1887 1550 1918 idest
1565 1888 1751 1928 praenuntia
1766 1898 1886 1919 nomen
1902 1888 1980 1926 eius,
1997 1895 2032 1919 ut
2047 1898 2151 1928 supra.
2165 1901 2179 1915 ιο
2202 1889 2294 1919 Hanc
2308 1898 2384 1919 vero

1307 1931 1346 1961 ad
1362 1941 1493 1962 examen
1511 1933 1659 1964 Postillae
1681 1940 1807 1964 nostrae
1826 1940 1938 1964 auctor
1955 1933 2249 1973 interpretationem
2271 1939 2382 1964 vocat:

1308 1985 1442 2017 eamque
1467 1984 1572 2008 censet
1596 1988 1662 2009 non
1691 1978 1734 2009 ita
1757 1978 1893 2008 solidam
1913 1987 1979 2008 esse
2013 1988 2048 2008 ac
2081 1977 2230 2018 priorem.
2264 1991 2279 2006 α
2297 1978 2385 2009 Haec

1311 2033 1324 2047 2·
1347 2028 1454 2052 autem
1470 2022 1626 2062 expositio
1642 2033 1707 2053 non
1728 2030 1774 2054 est
1793 2029 1896 2054 tantae
1911 2022 2116 2059 auctoritatis,
2132 2022 2213 2053 sicut
2227 2022 2383 2063 superior,

1311 2078 1324 2092 »
1347 2076 1429 2107 quae
1449 2065 1510 2097 fuit
1528 2077 1623 2107 supra
1647 2067 1784 2108 septimo
1809 2067 1909 2108 capite
1929 2066 1984 2109 (y.
2008 2077 2055 2107 ¹4·
2077 2067 2162 2098 Ecce
2188 2067 2285 2108 Virgo
2309 2077 2384 2098 con—

1310 2123 1324 2137 »
1348 2112 1441 2151 cipiet
1464 2109 1536 2154 etc.)
1561 2112 1600 2142 de
1624 2112 1686 2142 alio
1711 2112 1819 2152 signo:
1844 2112 1919 2153 quia
1942 2112 2043 2152 magis
2067 2118 2187 2142 extorta
2208 2118 2269 2151 est,
2294 2119 2325 2143 et
2347 2121 2386 2143 ex

1311 2168 1324 2182 »
1347 2155 1515 2196 Scripturis
1531 2166 1596 2186 non
1612 2156 1706 2188 habet
1720 2156 1956 2188 auctoritatem:
1973 2156 2054 2187 sicut
2070 2156 2122 2187 illa
2137 2156 2288 2187 Matthaei
2303 2155 2384 2197 (au-

1311 2213 1324 2227 ›
1348 2202 1495 2231 ctoritate
1518 2201 1731 2242 confirmatur
1754 2202 1856 2242 capite
1880 2211 1912 2239 1,
1946 2211 2028 2232 vers.
2045 2201 2119 2242 23).
2145 2201 2228 2231 Nam
2251 2200 2385 2242 quidam

1310 2257 1324 2272 ιο
1347 2244 1458 2276 dicu'nt
1480 2255 1546 2275 non
1567 2256 1633 2276 esse
1656 2246 1883 2277 inconveniens
1909 2245 1934 2276 si
1954 2246 2016 2277 hoc
2035 2245 2226 2285 intelligatur
2242 2245 2283 2276 ad
2302 2245 2383 2277 litte-

1310 2302 1324 2317 »
1348 2297 1431 2327 ram;
1451 2289 1493 2320 ita
1512 2297 1618 2321 tamen
1638 2291 1727 2331 quod
1747 2301 1826 2331 puer
1845 2291 1902 2321 iste
1922 2290 1961 2321 sit
1979 2290 2079 2331 figura
2100 2290 2227 2321 Christi.
2247 2302 2261 2318 »

1376 2335 1413 2366 11.
1434 2335 1520 2365 Haec
1536 2336 1675 2376 Lyrano,
1691 2335 1842 2366 Cornelio
1865 2346 1883 2365 a
1898 2335 2018 2375 Lapide
2040 2334 2171 2375 aliisque
2194 2334 2381 2366 medullitus

1307 2378 1430 2410 iudaica
1445 2379 1602 2420 expositio
1622 2387 1679 2417 est,
1695 2380 1758 2410 divi
1774 2380 1921 2410 Thomae
1940 2379 2069 2419 ingenio
2088 2388 2217 2419 prorsus
2238 2379 2379 2419 indigna.

1307 2424 1381 2455 Non
1405 2424 1447 2455 ita
1472 2424 1593 2456 censuit
1607 2424 1724 2455 Paulus
1747 2424 1928 2464 Burgensis‚
1949 2424 2126 2455 eruditione
2147 2423 2382 2464 Scripturarum

1307 2469 1515 2508 clarissimus,
1536 2469 1626 2500 cuius
1650 2470 1743 2500 verba
1768 2476 1843 2500 sunt
1865 2469 1973 2500 Addit.
2001 2469 2011 2499 1
2039 2468 2071 2499 in
2095 2468 2241 2499 Postillas
2265 2468 2382 2510 Lyrani

1307 2513 1380 2545 loco
1405 2514 1515 2545 citato:
1535 2514 1627 2545 Patet
1651 2514 1821 2555 manifeste
1837 2514 1923 2555 quod
1946 2514 2013 2554 ipse
2035 2512 2209 2556 (Thomas)
2235 2523 2299 2544 non
2323 2514 2380 2544 im-

1301 2559 1419 2599 probat
1434 2560 1523 2590 illam
1543 2560 1784 2599 expositionem,
1801 2569 1884 2599 quae
1897 2559 1974 2589 dicit
1995 2559 2057 2589 ista
2077 2558 2218 2599 intelligi
2231 2558 2271 2589 de
2287 2557 2379 2588 Chri-

1306 2609 1355 2635 sto
1373 2604 1418 2634 ad
1436 2604 1599 2635 litteram:
1617 2603 1674 2634 sed
1687 2604 1764 2634 dicit
1788 2603 1874 2644 quod
1889 2613 1951 2634 non
1972 2608 2019 2634 est
2033 2608 2144 2633 tantae
2161 2603 2378 2640 auctoritatis,

1306 2649 1390 2679 sicut
1412 2650 1571 2688 superior.
1595 2648 1696 2678 Cuius
1715 2649 1872 2678 rationem
1893 2647 1999 2678 reddit
2018 2647 2236 2687 manifestam.
2256 2646 2380 2678 Doctis-

1306 2693 1406 2723 simos
1429 2693 1509 2723 bene
1524 2692 1644 2723 multos
1664 2691 1843 2722 divinarum
1858 2691 2091 2732 Scripturarum
2110 2691 2294 2732 interpretes
2309 2690 2381 2722 mit·

1306 2745 1351 2775 το,
1371 2747 1406 2768 ac
1422 2747 1524 2768 unum
1540 2736 1667 2776 profero
1687 2736 1905 2776 Augustinum
1925 2736 2119 2773 Calmetum‚
2140 2735 2195 2776 qui
2219 2734 2381 2775 duplicem

1306 2789 1449 2813 veterum
1486 2792 1521 2812 ac
1556 2780 1730 2811 recentium
1762 2781 1970 2821 interpretum
2003 2779 2191 2811 sententiam
2227 2780 2266 2810 de
2300 2779 2379 2810 locis

1307 2826 1421 2864 Isaiae,
1448 2836 1530 2867 quae
1549 2826 1705 2856 habentur
1729 2825 1883 2865 capitibus
1906 2835 1969 2863 vu,
1989 2835 2042 2854 vm
2067 2831 2098 2855 et
2120 2835 2162 2863 tx,
2180 2823 2378 2864 exponendis

1307 2871 1499 2912 compendio
1533 2869 1651 2910 colligit
1679 2869 1866 2911 exhibetque
1903 2869 1935 2900 in
1969 2869 2195 2900 Dissertatione
2226 2869 2265 2899 ad
2298 2868 2379 2899 illud

1307 2916 1414 2954 Isaiae,
1425 2916 1509 2946 Ecce
1534 2915 1631 2955 Virgo
1645 2915 1810 2955 concipiet,
1832 2924 1888 2954 per
1901 2914 1978 2944 haec
1997 2914 2101 2944 verba:
2123 2927 2136 2941 α
2150 2914 2277 2944 Veteres
2296 2913 2379 2944 hanc

1309 2974 1323 2988 »
1346 2959 1531 3001 prophetiae
1550 2960 1663 2990 seriem
1687 2957 1802 3000 (capp.
1823 2969 1876 2997 vu,
1898 2969 1951 2989 v1n
1976 2965 2007 2989 et
2026 2968 2072 2996 ut,
2093 2955 2378 3000 comprehensam)

1309 3019 1323 3033 »
1346 3011 1447 3036 totam
1466 3004 1598 3035 Messiae
1617 3003 1786 3034 vindicant.
1802 3003 1942 3034 Nomine
1968 3003 2126 3044 Virginis,
2147 3013 2229 3044 quae
2247 3003 2378 3034 Emma-

1309 3063 1323 3078 »
1347 3050 1472 3080 nuelem
1498 3049 1643 3090 concepit
1674 3047 1761 3091 (cap.
1783 3046 1843 3090 vn)
1873 3047 2067 3088 designatam
2091 3048 2223 3078 credunt
2245 3046 2380 3078 Mariam

1309 3107 1324 3122 »
1347 3095 1415 3125 Iesu
1441 3093 1557 3125 Christi
1582 3100 1761 3134 parentem:
1787 3092 2063 3133 quemadmodum
2091 3092 2178 3122 illam
2201 3097 2380 3132 agnoscunt

1309 3152 1323 3167 ι
1346 3139 1379 3169 in
1394 3139 1597 3179 Prophetissa
1612 3136 1722 3178 capitis
1745 3147 1817 3174 vui,
1840 3137 1921 3167 sicut
1941 3137 1979 3167 de
1995 3137 2076 3167 Filio
2091 3137 2150 3167 Dei
2174 3137 2379 3177 interpretan-

1310 3196 1323 3210 ι
1347 3190 1398 3214 tur
1421 3182 1534 3221 filium,
1555 3182 1606 3213 cui
1625 3192 1744 3213 nornen
1771 3181 1925 3212 Velociter
1946 3182 2049 3222 spolia
2068 3181 2210 3212 detrahe.
2237 3180 2312 3212 Duo
2332 3189 2378 3210 re-

1310 3241 1323 3255 »
1347 3237 1400 3267 ges
1423 3227 1517 3258 armis
1542 3227 1690 3258 Iudaeam
1709 3226 1926 3266 opprimentes
1950 3233 2023 3257 sunt
2042 3226 2168 3264 scelera,
2187 3223 2377 3262 idololatria,

1310 3285 1324 3300 »
1347 3271 1524 3302 infidelitas.
1553 3271 1656 3302 Maior
1679 3278 1785 3302 tamen
1816 3270 1991 3301 recentium
2024 3270 2254 3301 catholicorum
2283 3268 2378 3300 inter-

1310 3329 1324 3344 »
1347 3323 1473 3357 pretum
1497 3326 1568 3357 pars
1584 3315 1640 3357 (la
1658 3315 1834 3357 pluspart)
1850 3316 1928 3346 duas
1952 3314 1992 3346 ibi
2010 3325 2171 3355 personas,
2187 3319 2380 3354 conceptum

1310 3374 1324 3388 ιν
1344 3361 1468 3392 foetum
1487 3360 1520 3391 in
1539 3360 1644 3391 lucem
1668 3359 1857 3398 emittentes,
1873 3359 2088 3399 distinguunt:
2114 3359 2243 3390 alteram
2262 3365 2378 3397 nempe

1309 3418 1324 3433 »
1346 3405 1480 3436 Mariam
1500 3405 1678 3446 Virginem,
1703 3415 1785 3446 quae
1805 3405 1910 3435 Iesum
1926 3404 2091 3436 Christum
2114 3412 2226 3434 verum
2247 3402 2377 3432 Emma-

1309 3463 1323 3477 »
1347 3450 1472 3481 nuelem
1489 3449 1624 3490 peperit:
1641 3449 1770 3480 alteram
1783 3449 2019 3489 Prophetissam
2040 3453 2172 3479 uxorem
2188 3446 2295 3483 Isaiae,
2310 3455 2376 3476 ma-

1309 3507 1323 3522 »
1346 3501 1426 3525 trem
1458 3493 1534 3533 filii,
1559 3493 1610 3525 cui
1635 3504 1754 3525 nomen
1789 3493 1943 3524 Velociter
1973 3493 2075 3533 spolia
2107 3491 2249 3523 detrahe.
2275 3490 2376 3530 Reges

1309 3551 1323 3566 »
1346 3539 1495 3570 Iudaeam
1514 3538 1649 3579 aggressi
1669 3545 1743 3570 sunt
1765 3538 1886 3569 Phacee
1904 3537 1988 3568 filius
2002 3535 2166 3567 Romeliae
2184 3535 2250 3566 Rex
2268 3534 2376 3565 Sama-

1309 3596 1323 3610 »
1347 3583 1408 3614 riae
1424 3590 1454 3614 et
1475 3583 1571 3614 Rasin
1592 3582 1749 3614 Damasci.
1766 3582 1862 3613 Isaiae
1876 3581 1960 3612 filius
1985 3581 2108 3612 futurae
2128 3589 2204 3610 mox
2218 3578 2376 3609 liberatio-

1308 3640 1322 3654 »
1346 3627 1395 3658 nis
1419 3627 1519 3667 Regni
1536 3627 1612 3658 Iuda
1635 3627 1751 3667 pignus
1766 3627 1857 3657 datus
1873 3632 1935 3656 est:
1955 3625 2042 3656 Deus
2065 3623 2152 3654 enim
2168 3622 2264 3653 fidem
2284 3633 2376 3654 suam

1308 3683 1322 3698 »
1345 3671 1465 3711 obligat
1487 3671 1564 3711 Regi
1584 3671 1724 3710 Achazo,
1745 3670 1890 3701 futurum
1909 3676 1944 3700 ut
1963 3675 2134 3710 antequam
2153 3677 2232 3708 puer
2250 3678 2268 3698 a
2287 3667 2374 3698 bono
