2788 4204
311 226 385 272 134

307 305 505 359 analytic.
529 305 584 346 ad
608 304 673 346 ed.
692 304 802 344 Ven.
835 302 950 343 1526
974 306 1166 342 exactam
1190 312 1297 347 esse,
1321 305 1412 339 tum
1436 298 1583 353 quoad
1607 298 1923 353 expositionem
1956 313 1988 340 s.
2007 300 2216 350 Thomae,
2233 307 2323 342 turn
2346 303 2493 356 quoad

309 368 522 422 duplicem
554 372 697 407 textus
731 363 975 405 Aristotelis
1008 362 1273 408 versionem,
1317 360 1402 400 iarn
1442 360 1627 401 diximus
1669 360 1712 400 in
1743 359 2025 415 Praefatione
2067 363 2268 417 generali.
2302 363 2496 405 Thomas

308 435 451 470 autem
484 428 753 474 Vicentinus,
778 425 882 466 Ord.
906 423 1069 471 Praed.‚
1105 423 1178 476 qui
1211 422 1320 462 hanc
1343 422 1557 463 Venetam
1591 421 1824 463 editionem
1858 423 2031 472 curavit,
2067 424 2109 464 in
2138 424 2407 466 Praefatione
2440 426 2496 466 ad

309 492 513 532 lectorem
547 490 619 530 ait:
661 506 674 525 ‹
699 488 919 539 Quantum
953 483 1276 531 elaboraverim,
1306 483 1440 524 lector
1472 483 1739 532 suavissime,
1763 489 1810 524 ut
1830 484 1964 525 libros
1986 486 2324 527 Perihermenias
2347 492 2389 527 et
2409 487 2497 527 Po-

308 553 533 593 steriorum
566 550 874 603 analyticorum
908 546 1152 587 Aristotelis
1186 559 1283 586 cum
1318 545 1647 586 Commentariis
1682 545 1902 586 clarissimi
1935 560 1984 587 ac
2023 547 2217 588 fidissimi
2255 549 2345 589 eius
2368 548 2496 589 inter-

308 614 436 669 pretis
469 612 715 654 s.Thomae
748 608 978 663 Aquinatis
1011 607 1110 648 almi
1145 607 1319 648 Ordinis
1342 607 1703 656 Praedicatorum‚
1728 608 1943 648 erroribus
1978 608 2111 663 (quos
2143 615 2287 651 tamen
2316 610 2497 665 impres-

309 676 429 723 soris,
464 687 551 715 non
585 671 835 714 correctoris
869 670 1029 710 incuria
1061 668 1298 724 parturivit)
1331 682 1571 724 purgarem,
1596 675 1637 709 te
1670 669 1812 723 ipsum
1847 665 1901 727 (si
1929 676 2073 711 tamen
2095 671 2282 725 priorem
2316 672 2495 726 impres-

309 737 475 777 sionem
508 734 672 788 vidisti)
716 745 940 774 censorem
980 731 1194 772 constituo
1231 748 1246 767 v
1288 730 1375 784 (Cf.
1409 730 1559 785 Praef
1593 731 1720 786 gen.).
1755 730 1846 771 Sed
1885 737 2026 772 utrum
2059 733 2101 772 in
2134 732 2386 774 adornanda
2417 734 2497 775 hac

308 812 386 839 sua
418 796 619 838 Editione
654 809 759 836 usus
796 794 920 835 fuerit
952 793 1138 834 textibus
1173 792 1470 846 manuscriptis
1509 792 1600 846 ipse
1634 805 1722 833 non
1756 791 1873 833 dicit:
1907 792 2016 833 forte
2049 794 2218 835 nonnisi
2253 795 2495 849 primaevas

309 859 531 900 Editiones
565 858 757 898 Venetas
791 855 948 897 saeculi
977 855 1062 895 XV
1089 867 1190 909 prae
1224 854 1358 895 oculis
1392 854 1550 894 habuit.
1587 854 1708 907 Quas
1742 853 1917 908 quidem
1947 854 2172 896 Editiones
2206 857 2353 910 quoad
2375 870 2496 898 com-

309 926 483 961 mentar.
518 920 560 960 in
598 918 845 960 Posteriora
877 917 1071 971 analytic.
1108 916 1319 957 credimus
1359 915 1489 956 fuisse
1524 921 1694 956 exactas
1736 916 1791 956 ad
1835 916 2006 957 codices
2040 917 2353 972 manuscriptos
2387 918 2497 959 illius

308 982 501 1030 familiae,
538 981 604 1022 cui
638 979 934 1021 accensuimus
969 978 1094 1019 codd.
1130 978 1260 1026 DLS,
1296 991 1450 1032 nempe
1485 978 1563 1018 CK
1598 984 1675 1019 etc.

433 1045 555 1084 Haec
589 1056 687 1084 cum
720 1042 774 1083 sit
807 1040 1080 1082 necessitudo
1116 1039 1313 1081 codicum
1347 1040 1454 1080 inter
1486 1053 1544 1088 se,
1579 1040 1713 1080 lector
1745 1040 1829 1081 iam
1853 1039 1973 1080 videt
1994 1041 2159 1082 meliori
2192 1042 2398 1083 methodo
2423 1056 2497 1084 co-

310 1106 425 1146 dices
457 1105 603 1146 litteris
637 1104 774 1145 notari
816 1103 1026 1158 potuisse:
1062 1102 1165 1157 ipsis
1206 1102 1318 1143 enim
1358 1101 1477 1157 siglis
1516 1101 1741 1143 diversitas
1777 1102 2029 1143 familiarum
2063 1103 2277 1158 designari
2310 1110 2497 1158 poterat;

309 1168 386 1208 sed
420 1181 517 1208 cum
551 1166 854 1208 codicesante
888 1164 1179 1219 quodcunque
1214 1177 1406 1211 examen,
1440 1170 1569 1217 prout
1595 1163 1650 1204 ad
1680 1177 1832 1204 manus
1866 1170 2034 1205 nostras
2066 1165 2315 1215 veniebant,
2350 1166 2497 1208 litteris

309 1229 681 1285 distinguerentur,
717 1227 944 1268 maluimus
977 1227 1089 1267 hunc
1123 1231 1317 1266 nostrum
1351 1225 1546 1266 ordinem
1579 1226 1759 1267 retinere
1786 1239 1928 1280 quam,
1952 1226 2092 1280 ipsum
2121 1228 2407 1278 reformando,
2432 1242 2498 1270 er-

310 1290 428 1332 randi
463 1304 544 1331 nos
579 1302 795 1344 exponere
828 1288 1038 1343 periculo;
1073 1287 1192 1341 quod
1226 1293 1433 1341 quantum
1467 1288 1521 1327 sit
1553 1288 1633 1328 soli
1668 1288 1829 1342 experti
1862 1288 2007 1328 valent
2040 1288 2282 1330 diiudicare.

435 1352 734 1393 Correctiones
754 1351 797 1391 in
821 1350 1022 1391 omnibus
1044 1349 1265 1389 codicibus
1285 1349 1381 1403 plus
1404 1349 1602 1390 minusve
1623 1356 1861 1390 occurrunt.
1880 1349 2020 1391 Codd.
2033 1351 2498 1405 BEFGHLMOQRT

309 1427 434 1469 parce
455 1413 644 1455 secunda
664 1426 792 1454 manu
816 1411 992 1452 correcti
1019 1417 1137 1458 sunt;
1167 1395 1325 1464 p‘luries
1354 1411 1476 1459 AIN,
1512 1417 1553 1451 et
1582 1411 1709 1452 etiam
1733 1411 1868 1453 CKS:
1899 1425 1978 1466 pro
2002 1413 2160 1467 quibus
2189 1414 2347 1455 ultimis
2371 1414 2496 1455 codd.

310 1476 557 1517 addendum
588 1475 814 1516 lectionem
839 1473 1000 1527 primae
1025 1485 1177 1513 manus
1207 1485 1336 1526 saepe
1363 1472 1561 1513 abrasam
1582 1485 1698 1513 esse:
1725 1473 1845 1527 quod
1869 1474 1972 1514 satis
2002 1468 2143 1515 doleri
2177 1476 2326 1530 nequit
2357 1477 2430 1517 ubi
2456 1477 2498 1517 in

310 1551 411 1578 casu
441 1537 685 1578 difficilioris
720 1535 913 1576 lectionis
944 1534 1236 1575 testimonium
1279 1533 1432 1588 prioris
1464 1535 1737 1575 amanuensis
1772 1534 1954 1576 libenter
1982 1536 2132 1577 suisset
2164 1544 2401 1592 exceptum.
2426 1539 2497 1579 In-

309 1612 438 1654 super
469 1598 563 1639 cod.
594 1599 634 1639 K
663 1597 853 1639 secunda
888 1610 1017 1637 manu
1056 1610 1143 1637 non
1185 1602 1400 1636 correctus
1433 1596 1511 1636 sed
1543 1609 1645 1637 vere
1688 1603 1912 1651 corruptus
1955 1604 2021 1638 est
2051 1598 2275 1640 dicendus:
2309 1600 2499 1654 optimae

310 1661 422 1702 enim
460 1660 665 1701 lectiones
707 1672 814 1700 ausu
858 1659 983 1713 plane
1025 1658 1250 1699 temerario
1295 1664 1517 1713 corruptae
1556 1664 1772 1713 apparent.
1818 1659 1942 1700 Unus
1985 1660 2028 1700 D
2069 1660 2293 1715 corrigitur
2322 1658 2500 1703 'servata

308 1735 478 1777 semper
514 1728 587 1762 aut
624 1721 840 1776 paulisper
880 1721 1102 1761 immutata
1139 1720 1275 1775 prima
1314 1720 1508 1761 lectione.
1560 1721 1854 1776 Castigatores
1895 1726 2039 1762 tamen
2085 1728 2331 1764 nostrorum
2372 1723 2499 1765 codd.

308 1784 446 1839 magis
481 1783 734 1824 coniecturis
768 1782 950 1837 propriis
976 1796 1106 1836 quam
1140 1781 1328 1823 melioris
1365 1788 1493 1823 notae
1532 1782 1753 1823 codicibus
1783 1783 1825 1823 in
1855 1783 2107 1839 castigando
2138 1784 2212 1825 niti
2235 1784 2500 1840 'quandoque

308 1846 518 1887 videntur.
554 1845 678 1898 Quae
711 1844 901 1886 secunda
934 1845 1003 1885 vel
1042 1844 1164 1885 tertia
1194 1857 1323 1884 manu
1358 1844 1517 1885 habent
1553 1844 1725 1885 codices
1762 1850 1962 1885 notamus
2000 1845 2243 1900 frequenter
2273 1847 2350 1888 sed
2376 1861 2499 1902 prae-

310 1908 432 1962 cipue
454 1914 617 1948 textum
652 1907 916 1962 originalem,
942 1912 1149 1961 quantum
1178 1906 1266 1946 fieri
1290 1906 1445 1960 potuit,
1480 1906 1755 1961 interpretari,
1781 1919 1834 1947 ex
1868 1919 2010 1961 eoque
2042 1908 2257 1949 variantes
2294 1909 2499 1951 lectiones

310 1970 504 2024 excipere
539 1969 793 2010 curavimus.
1760 1981 1763 1984 ⁴

434 2032 653 2079 Ceterum,
690 2031 888 2085 quamvis
912 2030 1054 2084 plures
1075 2030 1279 2071 lectiones
1313 2030 1475 2084 primae
1509 2043 1660 2071 manus
1694 2031 1916 2072 manifeste
1950 2044 2151 2072 erroneas
2185 2033 2496 2082 recensuimus,

310 2099 356 2134 ut
387 2094 521 2134 lector
553 2107 606 2133 ex
639 2093 784 2147 seipso
819 2092 873 2132 de
907 2091 1105 2132 codicum
1138 2092 1286 2132 valore
1321 2091 1540 2140 diiudicet,
1576 2105 1663 2133 non
1697 2106 1849 2133 omnes
1883 2099 2026 2134 tamen
2056 2093 2098 2133 in
2135 2093 2325 2135 medium
2358 2094 2500 2149 profe-

309 2155 466 2196 rendae
501 2161 629 2203 erant,
665 2155 743 2195 nisi
778 2154 1010 2195 necessitas
1043 2161 1117 2194 aut
1149 2154 1300 2194 saltem
1333 2154 1490 2194 utilitas
1524 2154 1667 2208 aliqua
1701 2161 1887 2210 cogeret,
1922 2161 1969 2195 ut
2000 2161 2104 2210 puta
2136 2156 2311 2210 quando
2340 2156 2395 2197 ad
2423 2156 2500 2197 ali-

310 2231 439 2271 quam
464 2217 717 2257 sententiam
753 2215 1080 2264 dilucidandam,
1106 2216 1304 2256 codicum
1328 2216 1521 2256 omnium
1552 2216 1757 2257 lectiones
1782 2217 2091 2258 examinandae
2115 2224 2244 2259 erant.
2269 2218 2382 2259 Hinc
2405 2231 2440 2260 e.
2457 2232 2499 2274 g.

309 2280 379 2320 lib.
402 2280 451 2327 ΙΙ,
477 2280 569 2319 lect.
593 2292 618 2327 1,
643 2293 682 2319 n.
707 2280 747 2327 3,
772 2291 850 2333 pro
873 2278 1129 2331 quiescimus
1161 2291 1189 2319 a
1221 2278 1465 2331 quaerendo
1498 2279 1624 2330 (cum
1647 2292 1802 2333 nempe
1824 2279 2114 2320 invenerimus
2125 2282 2214 2334 per
2231 2279 2500 2322 demonstra-

310 2342 489 2392 tionem)
514 2341 549 2381 F
572 2341 691 2396 legit:
725 2340 834 2394 quid
848 2340 1007 2381 scimus
1030 2339 1300 2394 acquirendo.
1336 2340 1479 2392 Quam
1513 2340 1762 2381 varietatem
1797 2354 1883 2382 non
1918 2341 2175 2382 notavimus.
2211 2342 2317 2383 Item
2351 2342 2499 2383 omisi-

310 2416 406 2445 mus
439 2409 588 2443 notare
622 2416 657 2443 e.
681 2416 722 2457 g.
747 2402 1036 2443 membrorum
1069 2415 1147 2456 pro
1181 2402 1541 2450 monstrabimur,·
1573 2403 1617 2443 in
1639 2402 1748 2456 quid
1773 2403 1863 2443 sive
1893 2416 1971 2458 pro
2000 2403 2241 2457 inquisivi&
2274 2404 2503 2446 recedatur

309 2478 387 2519 pro
412 2463 684 2512 recordatum
708 2477 804 2505 cum
832 2463 937 2504 deus
968 2464 1187 2504 arisucum
1198 2463 1313 2518 fecit
1330 2477 1408 2518 pro
1431 2464 1689 2505 condensari
1715 2478 1889 2506 succum
1920 2465 2119 2513 seminis,-
2147 2471 2189 2506 et
2220 2465 2302 2507 alia
2323 2479 2500 2521 prorsus

312 2529 446 2578 ἄλογα.
483 2526 578 2566 Lib.
603 2527 655 2574 II,
679 2526 771 2566 lect.
796 2538 886 2574 Χνῐ,
912 2539 951 2566 n.
974 2527 1014 2574 3,
1039 2531 1138 2580 post
1172 2526 1307 2566 verba
1329 2528 1513 2580 propter
1541 2527 1621 2567 ltoc
1652 2526 1771 2580 quod
1797 2526 1956 2580 aliquis
1988 2528 2213 2568 existimat
2239 2541 2286 2568 se
2317 2527 2498 2582 dignum

310 2588 503 2641 magnis,
539 2588 813 2628 amanuensis
847 2587 941 2628 cod.
970 2587 1258 2628 Istultissime
1291 2587 1426 2628 addit:
1461 2590 1513 2628 ut
1549 2601 1626 2641 ego
1667 2588 1930 2628 FRATER
1979 2589 2242 2629 THOMAS
2273 2588 2327 2630 de
2356 2590 2499 2643 Aqui-

310 2649 407 2690 lino.
443 2650 564 2690 Haec
597 2650 765 2703 aliaque
799 2649 951 2690 similia
984 2649 1092 2690 forte
1115 2648 1292 2690 fuissent
1315 2649 1547 2690 curiositati
1579 2650 1822 2698 lectoribus,
1846 2650 1923 2690 sed
1950 2656 1997 2690 ut
2018 2650 2179 2691 inutilia
2201 2663 2377 2705 prorsus
2400 2657 2500 2692 sunt

312 2711 598 2766 despicienda.
1253 2748 1255 2750 .

436 2774 600 2814 Notum
635 2773 821 2827 denique
856 2779 920 2813 est
952 2773 1021 2813 vel
1055 2786 1080 2813 a
1113 2772 1391 2827 scriptoribus
1431 2771 1766 2828 diligentissimis
1804 2786 1892 2813 non
1930 2773 2216 2828 infrequenter
2255 2775 2392 2815 omitti
2426 2769 2500 2816 eas

313 2836 619 2890 exemplarium
648 2848 826 2876 suorum
852 2840 1011 2889 partes,
1038 2847 1148 2888 quae
1173 2847 1270 2875 cum
1297 2833 1543 2874 immediate
1564 2834 1918 2888 praecedentibus
1941 2835 2095 2876 iisdem
2117 2836 2262 2877 verbis
2285 2835 2496 2878 desinunt.

310 2898 467 2938 Multas
500 2897 747 2938 huiusmodi
780 2897 954 2937 lacunas
988 2896 1029 2936 in
1064 2897 1220 2937 nostris
1259 2895 1609 2936 annotationibus
1648 2896 1842 2951 explicite
1885 2896 2090 2938 indicatas
2124 2898 2258 2939 lector
2290 2898 2498 2948 inveniet;

310 2959 416 3000 aliae
445 2959 648 3015 (longum
682 2959 795 3001 enim
836 2964 951 3000 esset
992 2971 1144 2999 omnes
1179 2957 1404 3012 exhibere)
1436 2958 1567 2999 latent
1598 2958 1680 2998 sub
1714 2964 1817 2999 nota
1852 2959 1951 3000 hab.
1983 2959 2080 3007 lac„
2121 2973 2232 3014 quae
2268 2973 2347 3015 pro
2380 2965 2500 3015 parte

310 3021 440 3076 longe
477 3021 626 3062 maiori
661 3021 830 3076 respicit
862 3021 958 3061 loca
990 3020 1063 3060 ubi
1096 3020 1196 3061 talia
1229 3020 1456 3072 ὀμοτέλευτα
1489 3020 1824 3061 amanuensibus
1850 3034 1999 3062 ansam
2024 3021 2190 3062 errandi
2214 3021 2435 3063 dederunt.

433 3084 503 3124 De
536 3083 715 3125 Venetis
749 3082 1024 3124 Editionibus
1059 3081 1218 3123 dictum
1253 3089 1317 3123 est
1349 3083 1391 3123 in
1425 3082 1692 3123 Praefatione
1727 3082 1768 3123 in
1796 3083 1969 3124 Peme..-
2001 3089 2101 3124 sunt
2132 3083 2246 3125 enim
2275 3083 2465 3125 eaedem.
