2548 4192
226 260 369 285 CCLXXX

227 326 281 371 ne)
306 327 439 358 eandem
465 337 609 364 numero,
634 326 796 356 numerica
822 324 993 355 differentia
1016 323 1180 364 portiones
1204 323 1297 353 dum-

225 379 310 403 taxat
333 371 480 402 materiae
504 371 666 401 afficiente.
692 370 741 400 Eo
766 369 941 400 dementiae
968 369 1157 398 devenerant
1183 367 1234 397 alii
1262 374 1298 398 ut

227 417 463 454 contenderent,
477 416 627 457 formam
651 415 788 445 hominis
805 424 867 444 non
884 423 952 443 esse
965 413 1005 442 ab
1020 413 1199 442 extrinseco
1216 410 1297 454 (ver-

224 462 265 492 ba
289 468 363 492 sunt
386 460 507 491 articuli
531 458 594 502 cv),
618 459 675 490 sed
698 459 790 489 educi
814 458 854 488 de
868 458 1015 498 potentia
1036 457 1203 493 materiae,
1221 457 1297 497 quia

225 506 322 536 aliter
345 515 407 535 non
433 510 514 535 esset
534 504 704 545 generatio
721 503 875 533 univoca:
889 511 955 542 quo
973 511 1009 531 ex
1023 500 1124 541 impio
1140 500 1296 541 principio

224 560 332 580 veram
357 548 596 580 conclusionem
616 547 789 584 eliciebant,
810 556 891 587 quae
911 545 1107 577 numericam
1126 545 1234 575 statuit
1250 545 1297 574 in—

226 602 272 626 ter
290 595 373 634 ipsas
392 593 559 623 rationales
579 591 699 621 animas
720 590 935 620 differentiam.
952 589 1039 620 Haec
1059 596 1133 620 sunt
1151 589 1250 630 impia
1269 596 1300 620 et

226 639 337 669 insana
361 643 552 674 commenta,
577 645 658 676 quae
682 635 870 665 Parisienses
893 633 1041 664 nonnulli
1065 633 1137 664 vani
1153 644 1189 664 ac
1208 641 1298 674 petu-

225 683 325 713 lantes
349 681 507 721 sophistae
531 680 695 710 tradebant
717 679 750 709 in
774 678 895 719 scriptis
919 678 1138 719 docebantque
1159 678 1193 708 in
1208 678 1299 708 scho-

226 727 274 757 lis:
295 737 313 756 a
332 725 447 766 quibus
466 731 535 755 toto
556 724 643 754 caelo
663 733 698 754 ac
717 723 827 753 latiore
847 723 942 753 etiam
960 722 1125 753 intervallo
1150 723 1300 762 dogmata

227 771 343 801 distant
361 779 442 810 quae
457 769 495 798 ab
511 768 671 810 Aquinate
688 768 726 798 de
741 767 897 808 principio
913 767 1172 799 individuationis
1188 768 1300 799 tradita

227 821 310 845 sunt.
331 814 386 844 Illa
405 823 491 852 vero,
510 823 577 843 non
596 813 665 852 ista,
686 812 755 843 ferit
774 811 925 852 Stephani
944 811 1125 843 parisiensis
1147 811 1300 853 Episcopi

227 868 367 890 censura.

293 903 331 933 II.
355 902 406 933 Ad
440 901 659 942 Angelorum,
683 902 739 941 qui
770 901 1002 942 intelligentiae
1034 907 1206 942 separatae
1230 915 1300 946 pas-

226 947 287 978 sim
306 946 515 987 appellantur,
533 945 743 986 praesentiam
761 945 897 976 localem
916 945 1018 976 theses
1033 946 1201 985 pertinent,
1219 959 1301 991 quae

226 997 412 1032 sequuntur.
430 990 573 1021 Huiusce
588 989 780 1030 praesentiae
798 989 1043 1021 fundamentum
1053 991 1248 1032 proximum,
1265 1000 1302 1024 ut

226 1036 325 1074 aiunt,
350 1036 443 1066 docet
464 1035 608 1076 Aquinas
635 1034 857 1075 reponendum
879 1044 945 1064 esse
962 1034 995 1064 in
1011 1034 1079 1075 ipsa
1095 1045 1208 1068 eorum
1224 1049 1300 1080 ope-

225 1081 347 1111 ratione
371 1090 388 1109 a
413 1079 586 1110 substantia
614 1079 774 1110 distincta:
799 1079 888 1120 quod
904 1079 1147 1119 reprehensione
1167 1083 1301 1124 dignum

227 1131 257 1156 et
280 1134 411 1155 censura
426 1123 592 1154 Parisiensi
609 1124 796 1154 damnatum
817 1123 950 1154 aemulis
971 1124 1164 1165 quibusdam
1182 1128 1299 1160 visum

226 1170 308 1200 Rem
328 1169 409 1199 hanc
429 1168 627 1208 diligentiore
647 1178 744 1208 opera
763 1168 988 1208 expendamus.

284 1259 332 1288 Ex
356 1267 487 1288 censura
510 1256 686 1287 Parisiensi.

269 1401 382 1421 Lxxvn.
398 1390 492 1428 Quod
500 1391 529 1421 si
539 1395 620 1420 esset
629 1390 739 1430 aliqua

224 1436 403 1467 substantia
444 1439 616 1475 separata,
657 1443 741 1474 quae

225 1490 288 1511 non
313 1485 454 1510 moveret
476 1478 607 1519 aliquod
625 1487 742 1518 corpus

225 1526 258 1555 in
279 1525 338 1555 hoc
356 1524 475 1554 mundo
498 1523 659 1560 sensibili,
677 1532 739 1552 non

225 1569 433 1600 clauderetur
456 1569 488 1598 in
514 1568 674 1598 universo.

270 1623 350 1643 cc1v.
366 1612 460 1649 Quod
474 1612 672 1642 substantiae
689 1620 737 1641 se·

217 1662 360 1698 paratae
374 1662 451 1687 sunt
464 1655 583 1686 alicubi
590 1665 655 1695 per
664 1665 736 1696 ope-

224 1703 394 1739 rationem,
419 1706 449 1731 et
471 1700 557 1741 quod
579 1709 642 1730 non
661 1709 736 1740 pos-

223 1752 300 1777 sunt
322 1746 444 1776 moveri
471 1745 511 1775 ab
535 1749 678 1775 extremo
703 1745 737 1775 in

224 1796 403 1821 extremum
438 1795 468 1820 et
500 1790 533 1820 in
571 1788 736 1830 medium,

224 1837 286 1866 nisi
308 1835 384 1876 quia
402 1839 541 1875 possunt
564 1833 645 1864 velle
667 1843 739 1874 ope-

223 1881 295 1911 rari
321 1884 379 1910 aut
411 1880 444 1909 in
482 1878 585 1909 medio
621 1883 679 1909 aut
707 1882 739 1911 in

223 1925 386 1956 extremis.

269 1979 392 1999 ccxvm.
406 1967 501 2005 Quod
510 1968 736 2010 intelligentia,

810 1257 857 1287 Ex
877 1267 900 1287 S.
921 1257 1052 1291 Thoma
1071 1271 1103 1301 p.
1122 1261 1158 1301 1.,
1178 1272 1209 1303 q.
1223 1272 1277 1301 Lu,

995 1311 1051 1336 art.
1071 1316 1092 1336 1.

828 1390 1010 1424 Dicendum
1053 1394 1140 1435 quod
1171 1395 1300 1436 Angelo

785 1437 933 1466 convenit
956 1447 1024 1468 esse
1039 1439 1072 1468 in
1089 1439 1168 1470 loco.
1183 1441 1300 1480 Aequi-

787 1488 863 1510 voce
885 1485 992 1512 tamen
1016 1482 1136 1514 dicitur
1153 1484 1301 1525 Angelus

787 1533 855 1555 esse
878 1525 911 1554 in
935 1526 1004 1557 loco
1028 1532 1058 1557 et
1074 1537 1200 1568 corpus.
1221 1528 1300 1559 Cor-

777 1578 844 1609 pus
868 1571 951 1600 enim
971 1576 1018 1601 est
1032 1572 1065 1602 in
1082 1572 1151 1603 loco
1161 1583 1226 1613 per
1240 1573 1300 1603 hoc

782 1613 869 1654 quod
891 1615 1074 1655 applicatur
1097 1617 1166 1648 loco
1183 1627 1299 1648 secun-

782 1657 858 1688 dum
892 1665 1073 1691 contactum
1103 1661 1301 1694 dimensivae

783 1704 990 1743 quantitatis:
1012 1715 1096 1746 quae
1117 1706 1245 1747 quidem
1265 1707 1298 1737 in

781 1747 918 1789 Angelis
942 1759 1005 1780 non
1031 1755 1087 1787 est,
1107 1750 1166 1782 sed
1190 1757 1238 1782 est
1266 1751 1298 1782 in

785 1792 831 1822 eis
860 1794 1024 1833 quantitas
1053 1795 1212 1827 virtualis.
1236 1796 1301 1826 Per

785 1837 1030 1878 applicationem
1055 1839 1159 1880 igitur
1173 1841 1302 1872 virtutis

786 1883 956 1922 angelicae
978 1882 1023 1914 ad
1039 1884 1178 1925 aliquem
1196 1885 1300 1917 locum

787 1927 1074 1969 qualitercumque,
1098 1929 1218 1960 dicitur
1234 1931 1301 1961 An-

782 1971 878 2012 gelus
902 1981 970 2003 esse
993 1973 1026 2003 in
1050 1973 1119 2004 loco
1135 1984 1300 2015 corporeo-

223 2013 372 2054 Angelus
386 2013 436 2043 vel
450 2013 560 2042 anima
574 2020 739 2055 separata,

224 2068 382 2099 nusquam
407 2062 463 2088 est.

268 2112 367 2133 ccxix.
414 2101 509 2138 Quod
542 2103 741 2135 substantiae

223 2152 394 2188 separatae
418 2155 575 2186 nusquam
595 2153 672 2179 sunt
689 2158 738 2179 se-

223 2192 363 2224 cundum
387 2191 609 2224 substantiam.

557 2281 968 2314 ANIMADVERSIONES

297 2381 322 2401 1.
347 2370 503 2401 Postremi
527 2370 593 2401 duo
617 2370 761 2402 recensiti
785 2371 905 2403 articuli
929 2378 1074 2413 pugnant
1092 2383 1129 2404 ex
1144 2372 1299 2405 diametro

225 2422 334 2446 contra
358 2414 455 2445 sancti
479 2414 627 2445 Thomae
651 2415 839 2446 doctrinam.
864 2416 1012 2448 Decemit
1034 2417 1092 2448 iste
1121 2418 1208 2459 quod
1231 2418 1299 2450 An-

222 2460 306 2501 gelis
330 2459 477 2490 convenit
499 2469 568 2490 esse
597 2460 629 2489 in
657 2460 745 2491 loco:
775 2460 808 2491 in
838 2460 899 2491 illis
932 2461 1085 2494 adseritur
1114 2462 1298 2504 intelligen-

224 2506 296 2541 tias,
321 2504 475 2544 Angelos,
501 2504 628 2534 animas
651 2510 831 2544 separatas,
848 2512 903 2536 aut
918 2506 1062 2538 absolute
1079 2513 1109 2538 et
1125 2507 1299 2538 universim

223 2558 381 2589 nusquam
406 2557 474 2578 esse
503 2554 559 2578 aut
590 2558 640 2578 eas
670 2558 828 2589 nusquam
853 2559 921 2581 esse
949 2551 1124 2582 secundum
1148 2551 1296 2584 substan-

222 2594 310 2623 tiam.
343 2591 562 2623 Articulorum
595 2601 725 2623 sensum
757 2593 855 2624 nitide
886 2594 1031 2634 explanat
1059 2595 1215 2636 Aquinas,
1243 2606 1296 2627 cu-

222 2638 415 2677 bantemque
448 2646 587 2667 errorem
620 2636 743 2667 divinae
772 2637 845 2668 fidei
878 2638 1046 2670 adversum
1070 2640 1186 2680 detegit
1214 2639 1248 2670 in
1272 2640 1296 2679 1,

223 2682 293 2712 dist.
318 2691 432 2719 xxxx-11,
457 2687 578 2722 quaest.
603 2691 648 2720 m,
673 2687 728 2712 art.
753 2689 783 2712 1:
812 2681 928 2722 Opinio
952 2688 998 2714 est
1010 2684 1294 2724 philosophorum,

222 2725 381 2767 inquiens,
405 2725 490 2766 quod
513 2725 747 2768 intelligentiae
770 2726 821 2757 vel
842 2727 963 2768 Angeli
986 2728 1075 2758 nullo
1098 2728 1192 2760 modo
1219 2734 1296 2760 sunt

223 2773 256 2802 in
281 2771 360 2801 loco.
384 2770 514 2801 Ponunt
538 2771 633 2808 enim,
657 2770 743 2812 quod
766 2771 980 2812 intelligentia
1004 2777 1051 2803 est
1073 2773 1230 2813 quaedam
1247 2782 1295 2804 es-

222 2815 326 2847 sentia
358 2814 523 2846 denudata
556 2824 576 2845 a
601 2815 737 2845 materia
769 2820 799 2846 et
821 2815 863 2846 ab
891 2815 1037 2848 omnibus
1063 2816 1297 2849 conditionibus

223 2859 462 2891 materialibus:
484 2864 514 2890 et
536 2859 622 2900 quod
644 2859 859 2901 intelligentia
887 2865 992 2892 movet
1014 2860 1121 2892 orbem
1140 2871 1204 2902 per
1226 2862 1296 2894 ani-

222 2915 307 2936 mam
332 2905 412 2942 eius,
437 2905 639 2935 coniunctam
665 2904 726 2944 ipsi
747 2904 860 2936 orbi....
883 2905 928 2936 Et
951 2905 1021 2936 ideo
1045 2906 1168 2937 nullam
1193 2906 1296 2947 appli-

223 2950 379 2981 cationem
404 2948 448 2979 ad
471 2958 588 2989 corpus
611 2948 662 2979 vel
683 2948 728 2979 ad
750 2949 854 2980 Iocum
878 2949 982 2986 habet,
998 2950 1074 2990 quia
1098 2960 1162 2981 non
1187 2950 1295 2982 imme-

222 2995 309 3025 diate
331 2998 487 3034 operatur
517 2994 605 3024 circa
628 2993 760 3034 aliquod
789 3003 916 3034 corpus.
939 2993 1036 3025 Haec
1057 3000 1165 3026 autem
1189 2996 1296 3036 opinio

221 3039 383 3069 haeretica
407 3043 464 3075 est,
489 3038 565 3078 quia
587 3037 763 3068 secundum
772 3037 877 3079 fidem
896 3044 1038 3070 nostram
1056 3040 1210 3080 ponimus
1229 3040 1295 3071 An-

220 3083 312 3124 gelos
336 3082 518 3113 immediate
541 3082 628 3112 circa
653 3091 711 3113 nos
733 3083 873 3123 operari.

291 3137 319 3157 2.
349 3125 545 3157 Praesentiae
576 3125 686 3157 localis
718 3126 915 3166 Angelorum
950 3127 1188 3168 comparatione
1221 3139 1296 3160 cum

223 3171 322 3202 modo
347 3171 442 3209 facta,
467 3181 532 3212 quo
557 3180 692 3211 corpora
722 3178 796 3202 sunt
819 3171 851 3202 in
880 3171 970 3210 loco,
1000 3172 1219 3212 theologicum
1241 3179 1296 3205 aut

222 3215 484 3256 philosophicum
508 3215 626 3255 dogma
649 3214 796 3246 Thomae
821 3222 881 3247 est:
906 3217 1077 3257 aequivoce
1099 3217 1163 3249 dici
1184 3218 1294 3259 Ange-

223 3261 289 3290 lum
315 3269 382 3291 esse
405 3260 438 3290 in
463 3259 532 3290 loco
556 3264 586 3290 et
602 3269 728 3300 corpus.
745 3259 977 3291 Solidissimam
993 3261 1074 3292 hanc
1089 3261 1181 3293 liceat
1196 3262 1294 3303 paulo

223 3303 351 3335 uberius
375 3304 540 3344 explanare
564 3303 750 3335 doctrinam.
776 3304 854 3335 Loci
878 3305 979 3344 notio,
996 3316 1078 3347 quae
1094 3306 1134 3337 ad
1149 3316 1295 3347 praesen-

223 3356 288 3379 tem
313 3349 351 3380 de
375 3348 574 3389 Angelorum
593 3348 625 3378 in
640 3348 714 3379 loco
735 3348 895 3380 existentia
911 3350 1131 3393 quaestionem
1150 3350 1296 3391 pertinet,

225 3404 290 3424 non
315 3403 351 3424 ea
373 3393 575 3433 intelligitur,
600 3403 698 3434 quam
723 3400 860 3424 recentes
884 3394 1047 3436 plerique,
1070 3395 1176 3436 inepte
1199 3405 1295 3433 sane,

226 3438 370 3468 eamdem
402 3437 520 3468 faciunt
549 3447 624 3468 cum
654 3437 713 3469 Dei
737 3437 962 3478 immensitate,
987 3446 1053 3470 tam
1082 3439 1174 3477 intra,
1198 3449 1297 3481 quam

225 3489 308 3512 extra
332 3481 444 3512 mundi
468 3481 714 3520 universitatem,
731 3482 916 3514 virtualibus
932 3483 1125 3524 quibusdam
1139 3483 1296 3525 quodam-

226 3526 325 3556 modo
349 3526 489 3567 partibus
513 3526 635 3557 diffusa.
660 3527 772 3568 Neque
796 3537 923 3558 rursum
939 3527 1070 3569 intelligi
1085 3527 1175 3559 locus
1192 3528 1296 3566 debet,

226 3580 323 3610 quem
347 3570 398 3600 alii
422 3570 454 3600 in
479 3581 510 3600 re
534 3570 685 3611 quapiam
710 3571 918 3610 constituunt,
943 3583 1024 3613 quae
1049 3583 1152 3614 neque
1168 3572 1296 3614 spiritus

227 3621 283 3652 est,
307 3624 410 3655 neque
434 3624 561 3655 corpuS,
586 3621 722 3654 extensa,
739 3615 934 3655 penetrabili,
951 3615 1084 3656 infinita,
1099 3623 1234 3656 aeterna,
1249 3616 1296 3648 in-

945 243 1407 282 DISSERTATIONES
1437 245 1685 283 CRITICAE

1353 324 1561 365 dependente.
1585 325 1783 357 Huiusmodi
1805 326 1870 357 loci
1897 326 2045 357 notiones
2076 337 2180 368 neque
2210 327 2348 358 thesium
2372 329 2426 360 da-

1352 375 1534 399 mnatarum
1567 370 1760 407 adsertores,
1785 380 1889 411 neque
1913 378 2039 402 sanctus
2063 372 2227 411 Thomas,
2252 373 2428 413 caeterique

1352 413 1574 453 philosophiae
1597 414 1815 446 Aristotelicae
1839 415 1955 446 addicti
1978 422 2033 446 aut
2056 416 2114 446 sibi
2138 415 2296 447 finxerunt
2318 417 2428 448 animo

1353 464 1408 488 aut
1431 468 1576 498 unquam
1599 458 1764 489 admisere:
1790 459 1981 500 easdemque
2005 467 2109 500 septas
2125 460 2363 492 difficultatibus
2379 463 2428 492 in-

1353 502 1593 533 extricabilibus
1618 502 1748 533 adnotat
1770 502 1912 534 Wolfius
1935 504 1969 534 in
1991 505 2171 545 Theologia
2194 506 2328 536 naturali
2352 517 2384 546 p.
2404 506 2428 544 1,

1352 546 1380 587 §-
1402 556 1466 588 792
1492 553 1522 577 et
1544 546 1612 587 ipse
1635 547 1747 577 Petrus
1770 547 1898 578 Baelius
1929 548 1962 578 in
1995 549 2181 580 dictionario
2205 550 2429 580 historico-cri-

1353 590 1416 621 tico
1439 590 1472 621 in
1495 590 1581 621 notis
1604 591 1644 621 ad
1667 591 1838 622 articulum
1853 592 2004 623 Zenonis.
2023 593 2147 624 Locum
2161 593 2206 624 illi
2223 594 2428 634 accipiebant,

1353 635 1409 675 qui
1432 635 1560 675 proprie
1584 642 1703 675 spectat
1725 636 1766 665 ad
1789 645 1924 676 corpora
1947 643 2082 667 extensa:
2107 648 2174 678 quo
2195 638 2341 669 videlicet
2360 649 2427 669 oor-

1353 689 1414 719 pus
1438 679 1574 710 alterum
1596 680 1640 710 ita
1663 680 1843 710 continetur
1867 687 1897 711 et
1920 680 2185 712 circumscribitur
2203 682 2368 723 superficie
2383 683 2427 713 al-

1354 723 1450 754 terius
1474 724 1616 764 corporis
1640 731 1676 755 ut
1698 731 1804 755 totum
1828 725 1887 755 toti
1912 733 2187 757 commensuretur
2210 734 2240 758 et
2262 734 2365 767 partes
2380 737 2428 758 re-

1354 768 1533 808 spondeant
1555 768 1708 808 partibus.
1732 768 1846 799 Paullo
1869 769 2025 799 diversam
2045 780 2110 800 non
2126 770 2342 810 praetermitto
2359 772 2428 812 opi-

1355 812 1497 851 nionem,
1522 822 1604 853 quae
1628 812 1824 853 frequentius
1848 813 1962 844 arridet
1985 814 2110 844 asseclis
2140 815 2253 846 Renati
2277 815 2427 846 Cartesii:

1355 857 1472 898 quibus
1495 856 1650 887 nimirum
1677 857 1709 887 id
1734 866 1801 887 esse
1823 856 1857 887 in
1879 857 1954 888 loco
1978 857 2109 897 dicitur,
2133 859 2223 900 quod
2252 866 2370 890 certam
2393 871 2429 891 ac

1356 901 1597 932 determinatam
1621 901 1714 942 spatii
1737 907 1860 942 partem
1883 901 2005 942 implet:
2029 902 2210 944 ipsumque>
2225 904 2366 944 spatium
2383 904 2430 935 nil

1355 945 1442 976 aliud
1466 953 1523 985 est,
1547 952 1669 986 praeter
1691 945 1800 986 ipsum
1832 956 1949 986 corpus
1973 953 2154 985 extensum,
2178 948 2268 988 quod
2291 955 2374 979 extat
2395 948 2430 979 in

1355 1001 1398 1029 re,
1423 990 1556 1031 eiusque
1575 990 1793 1021 extensionem
1809 991 1961 1021 abstracte
1976 998 2164 1032 conceptam
2179 991 2212 1022 in
2227 999 2344 1023 mente.
2361 993 2430 1023 Ste-

1355 1032 1500 1075 phanum
1530 1034 1738 1066 Chauvinum
1771 1035 1903 1066 consule
1931 1035 1963 1065 in
1993 1035 2094 1066 lexico
2125 1035 2352 1076 philosophico
2383 1047 2429 1067 se-

1356 1079 1467 1110 cundis
1491 1079 1573 1110 curis
1597 1079 1760 1119 recognito
1785 1087 1816 1110 et
1839 1079 2000 1119 castigato.
2018 1080 2127 1110 Hocce
2144 1080 2182 1111 de
2198 1080 2271 1111 loco
2287 1080 2431 1112 instituta

1355 1123 1552 1165 quaestione,
1577 1123 1733 1154 sententia
1755 1130 1802 1155 est
1824 1124 1973 1154 Thomae
1996 1124 2176 1165 Aquinatis:
2200 1125 2337 1166 Angelis
2353 1135 2429 1156 con-

1355 1170 1465 1199 uenire
1488 1178 1557 1199 esse
1580 1169 1612 1198 in
1638 1169 1724 1206 loco,
1755 1168 1846 1209 quod
1875 1168 2013 1199 articulis
2044 1169 2201 1200 damnatis
2230 1169 2430 1208 adversatur;

1355 1213 1410 1243 sed
1432 1214 1604 1254 aequivoce
1626 1213 1690 1243 dici
1711 1213 1875 1254 Angelum
1900 1222 1968 1244 esse
1991 1214 2024 1243 in
2049 1213 2118 1244 loco
2142 1218 2173 1244 et
2195 1223 2324 1254 corpus,
2340 1215 2431 1255 quod

1355 1264 1402 1288 est
1429 1256 1660 1298 sapientissime
1690 1257 1958 1288 animadversum.
1990 1257 2168 1295 Quomodo
2199 1258 2287 1288 enim
2319 1259 2432 1298 eadem

1354 1301 1476 1332 ratione
1499 1312 1616 1342 corpus
1645 1308 1676 1333 et
1698 1302 1842 1342 spiritus,
1867 1308 2032 1332 extensum
2055 1309 2087 1333 et
2115 1301 2324 1340 indivisibile,
2348 1312 2431 1344 quae

1354 1353 1423 1377 toto
1447 1356 1561 1386 genere
1584 1345 1742 1384 differunt,
1766 1346 1799 1377 in
1821 1347 1895 1377 loco
1919 1344 2058 1377 fuerint?
2081 1346 2167 1377 Hinc
2185 1346 2348 1387 duplicem
2367 1347 2430 1378 exi·

1354 1390 1457 1421 stendi
1475 1390 1509 1421 in
1526 1390 1600 1422 loco
1625 1391 1761 1421 modum
1778 1390 1906 1422 scholae
1920 1391 2130 1431 distinguunt,
2146 1392 2430 1432 circumscriptive,

1355 1441 1391 1466 ut
1414 1435 1518 1474 aiunt,
1543 1441 1574 1465 et
1595 1426 1780 1477 definitive:
1798 1445 1865 1476 quo
1881 1435 2057 1476 posteriore
2080 1435 2181 1466 modo
2203 1435 2373 1477 inquiunt,
2397 1445 2437 1467 se*

1355 1478 1461 1510 sistere
1483 1479 1626 1520 Angelos
1649 1479 1858 1511 determinato
1886 1480 1961 1511 loco
1992 1480 2042 1510 vel
2065 1479 2168 1520 spatio
2192 1486 2372 1520 praesentes
2394 1485 2432 1512 ut

1355 1522 1443 1554 alteri
1467 1522 1564 1554 simul
1587 1523 1690 1564 spatio
1713 1524 1765 1554 vel
1786 1524 1862 1555 loco
1885 1534 1953 1555 non
1976 1524 2097 1563 adsint;
2121 1524 2201 1565 quin
2223 1524 2298 1556 loco
2322 1531 2430 1556 tamen

1355 1566 1577 1598 contineantur
1615 1574 1670 1598 aut
1702 1578 1778 1598 cum
1810 1575 1939 1600 extenso
1980 1568 2083 1608 spatio
2121 1575 2430 1601 commensurentur.

1355 1611 1455 1649 Quod
1473 1611 1576 1642 verbis
1591 1611 1724 1643 demum
1741 1612 1919 1644 immutatis
1934 1612 2104 1643 discrimen
2119 1613 2322 1653 amplectitur
2335 1613 2432 1644 Wola

1341 1655 1427 1695 tius,
1451 1666 1586 1697 corpora
1608 1656 1756 1697 inquiens
1780 1666 1848 1687 esse
1871 1658 1904 1687 in
1929 1657 2008 1694 loco,
2029 1657 2171 1697 Angelos
2195 1662 2231 1689 ut
2245 1658 2279 1688 in
2296 1657 2376 1688 loco:
2393 1667 2431 1689 ac

1354 1707 1527 1742 utrumque
1552 1700 1713 1732 diversum
1735 1701 1873 1732 modum
1896 1701 1935 1732 ab
1959 1701 2119 1742 Aquinate
2142 1701 2300 1742 sapienter
2317 1701 2432 1733 discre-

1354 1752 1425 1776 tum
1448 1745 1579 1776 adnotat
1594 1755 1660 1786 pro
1683 1747 1833 1777 acumine
1859 1745 2026 1787 singulari
2047 1755 2111 1787 quo
2134 1745 2280 1786 pollebat
2302 1746 2336 1777 in
2354 1755 2432 1787 per-

1355 1790 1534 1822 lustrandis
1549 1790 1729 1821 rationibus
1743 1789 1897 1832 confusis.
1909 1790 1989 1821 Vide
2005 1796 2218 1821 memoratam
2233 1790 2443 1831 Theologiaev

1355 1834 1506 1866 naturalis
1528 1841 1652 1875 partem
1675 1834 1824 1875 primam,
1847 1834 1875 1876 §-
1901 1844 1983 1874 ¹042
2009 1841 2040 1866 et
2063 1844 2157 1874 ¹044·

1424 1879 1454 1910 3.
1473 1879 1630 1910 Nondum
1645 1889 1720 1910 vero
1736 1879 1842 1910 soluta
1858 1885 1889 1910 et
1904 1879 2049 1920 expedita
2067 1886 2114 1910 est
2129 1878 2297 1911 difficultas
2313 1878 2432 1911 omnis.

1355 1924 1616 1955 Fundamentum
1639 1923 1719 1954 illud
1742 1923 1782 1954 ad
1805 1933 1937 1955 examen
1959 1930 2053 1954 vocat
2075 1923 2237 1965 Aquinas,
2265 1933 2333 1964 quo
2357 1933 2433 1964 pro·

1354 1967 1439 1999 xime
1453 1968 1569 2008 Angeli
1592 1967 1786 1999 definiuntur
1804 1967 1889 2007 loco,
1913 1967 1979 1998 sive
2003 1978 2069 2009 quo
2089 1974 2268 2009 praesentes
2285 1968 2434 1999 determi-

1355 2019 1431 2044 nato
1467 2012 1570 2053 spatio
1606 2023 1639 2043 se
1667 2012 1793 2044 sistunt.
1829 2012 1885 2044 Ait
1912 2012 1966 2043 ille
1996 2012 2205 2044 substantiam
2231 2012 2434 2053 Angelorum

1354 2057 1427 2089 loco
1452 2056 1575 2088 definiri
1598 2063 1654 2088 aut
1684 2056 1815 2088 definito
1839 2056 1970 2098 quidem
1998 2056 2101 2097 spatio
2124 2063 2323 2098 praesentem
2350 2056 2431 2088 sisti:

1354 2111 1468 2134 verum
1495 2101 1529 2132 id
1555 2112 1623 2132 non
1651 2101 1758 2142 aliqua
1781 2100 1888 2142 perfici
1915 2100 2053 2139 ratione,
2081 2111 2164 2142 quae
2187 2101 2291 2141 ipsam
2318 2110 2434 2132 eorum

1355 2146 1564 2178 substantiam
1587 2145 1712 2185 afficiat,
1735 2146 1791 2176 sed
1813 2146 1992 2186 quantitate
2015 2145 2150 2177 virtuali
2171 2155 2254 2186 quae
2277 2145 2311 2176 in
2328 2146 2433 2186 appli-

1355 2192 1481 2222 catione
1504 2191 1644 2228 virtutis,
1668 2190 1719 2221 vel
1740 2190 1775 2221 in
1798 2191 1985 2231 operatione
2007 2189 2151 2221 consistit
2173 2189 2255 2221 circa
2284 2189 2356 2222 loca
2381 2189 2434 2221 vel

1355 2235 1466 2276 spatia.
1486 2235 1614 2267 Veteres
1637 2235 1755 2274 Patres,
1779 2234 1836 2276 qui
1854 2234 1916 2265 hoc
1939 2233 2134 2275 praesentiae
2151 2233 2323 2274 Angelicae
2341 2233 2432 2276 ipsin-

1355 2280 1475 2312 simum
1497 2279 1745 2311 fundamentum
1755 2278 1928 2317 illustrant,
1944 2279 2025 2311 bene
2048 2278 2169 2310 multos
2192 2278 2359 2319 proferunt
2371 2279 2433 2310 Pe-

1354 2324 1457 2356 tavius
1472 2324 1527 2356 lib.
1545 2325 1557 2355 1
1574 2324 1614 2356 de
1631 2323 1762 2364 Angelis
1779 2330 1810 2355 et
1832 2323 2051 2355 Thomasinus
2066 2330 2146 2355 tom.
2158 2323 2182 2362 1,
2198 2323 2253 2354 lib.
2271 2323 2312 2362 V,
2328 2333 2399 2364 cap.
2411 2322 2434 2354 v

1353 2369 1402 2400 De
1417 2368 1606 2409 theologicis
1621 2368 1825 2409 dogmatibus
1840 2367 1957 2409 aliique
1974 2367 2127 2409 theologi.
2144 2369 2197 2398 An
2212 2377 2287 2408 ergo
2305 2367 2432 2408 opinio-

1353 2424 1430 2445 nem
1444 2413 1544 2453 hanc,
1560 2423 1659 2455 quam
1673 2412 1789 2444 vetusti
1804 2412 1963 2444 Ecclesiae
1978 2411 2085 2444 Patres
2108 2411 2316 2451 tradiderunt,
2333 2422 2433 2454 quam

1353 2458 1518 2500 amplexus
1537 2464 1583 2490 est
1606 2457 1811 2498 vulgavitque
1837 2457 1870 2488 in
1894 2457 2010 2488 scholis
2029 2456 2185 2498 Aquinas,
2204 2456 2348 2488 censoria
2369 2456 2432 2488 vir-

1351 2503 1427 2543 gula
1450 2509 1560 2534 notare
1583 2502 1721 2533 voluerit
1749 2501 1929 2542 Stephanus
1953 2501 2106 2542 Tempier
2133 2500 2315 2542 Episcopus
2345 2500 2433 2532 Pari-

1352 2545 1481 2579 siensis?
1497 2547 1639 2579 Mentem
1654 2557 1747 2578 suam
1763 2547 1859 2586 longe
1879 2545 2022 2579 dissitam
2038 2545 2138 2587 aperit
2160 2545 2228 2586 ipse
2253 2545 2303 2577 vel
2322 2545 2432 2586 potius

1351 2599 1493 2623 mentem
1512 2591 1580 2623 eius
1599 2591 1700 2632 aperit
1725 2590 1864 2622 thesium
1891 2591 2115 2623 damnatarum
2135 2590 2286 2622 collector
2306 2589 2340 2621 in
2357 2589 2430 2621 arti-

1351 2636 1424 2667 culo
1449 2646 1555 2674 cem,
1579 2635 1634 2667 ubi
1663 2635 1742 2667 haec
1764 2635 1886 2666 adiecta
1912 2636 2007 2666 verba
2021 2635 2171 2674 leguntur
2185 2634 2273 2674 apud
2288 2634 2431 2674 Dargen-

1350 2686 1493 2718 traeum,
1524 2679 1668 2720 aliosque
1696 2679 1900 2711 collectores:
1930 2678 2056 2716 Error,
2091 2679 2121 2709 si
2147 2678 2353 2719 intelligatur
2381 2678 2428 2709 ita

1350 2724 1436 2765 quod
1462 2724 1642 2759 substantia
1672 2733 1736 2754 non
1754 2724 1797 2755 sit
1831 2724 1863 2754 in
1901 2723 1980 2754 loco.
2009 2722 2046 2753 Si
2085 2727 2193 2754 autem
2223 2722 2430 2763 intelligam

1349 2768 1435 2809 quod
1451 2768 1631 2799 substantia
1653 2768 1696 2799 sit
1714 2768 1812 2803 ratio.
1823 2767 1953 2809 essendi
1975 2767 2008 2798 in
2032 2766 2113 2804 loco,
2135 2776 2246 2798 verum
2270 2771 2318 2797 est
2341 2766 2431 2808 quod¹

1351 2822 1509 2853 nusquam
1534 2817 1581 2844 est
1601 2811 1779 2851 secundum
1800 2811 2025 2843 substantiam.
2049 2811 2125 2842 Non
2151 2810 2238 2842 aliud
2260 2809 2429 2843 Parisiensi

1352 2856 1490 2888 Antistiti
1507 2856 1678 2890 consilium
1696 2855 1860 2894 insedisse,
1876 2855 1962 2887 testis
1978 2854 2221 2896 probatissimus
2237 2855 2326 2886 adest
2339 2855 2429 2887 Hen-

1349 2901 1433 2932 rieus
1451 2901 1490 2932 de
1509 2901 1676 2939 Gandavo,
1695 2900 1752 2941 qui
1775 2900 1905 2940 negotio
1928 2899 2081 2932 interfuit.
2098 2899 2202 2931 Verba
2221 2899 2290 2931 eius
2308 2899 2428 2940 accipe,

1349 2955 1431 2987 quae
1454 2945 1611 2977 habentur
1634 2944 1787 2983 Quodlib.
1812 2945 1858 2983 11,
1882 2950 2003 2985 quaest.
2026 2951 2072 2975 ix:
2101 2956 2116 2972 α
2134 2944 2220 2975 Bene
2244 2943 2320 2976 dicit
2342 2953 2433 2976 umn¹

1352 3002 1367 3018 »
1390 2989 1540 3023 articulus
1563 2990 1602 3021 ab
1621 2989 1785 3030 Episcopo
1805 2989 1976 3020 damnatus
1997 2988 2087 3020 talis:
2115 2988 2210 3026 Quod
2228 2989 2430 3021 substantiae

1352 3047 1366 3062 »
1388 3039 1560 3076 separatae
1574 3039 1820 3075 nusquamsunt
1831 3033 2007 3066 secundum
2022 3033 2249 3071 substantiam,
2262 3037 2426 3071 err-orent,

1351 3092 1366 3107 »
1388 3080 1417 3111 si
1440 3079 1645 3120 intelligatur
1668 3079 1714 3111 ita
1731 3078 1817 3119 quod
1834 3078 2015 3110 substantia
2032 3087 2097 3109 non
2113 3078 2156 3110 sit
2171 3078 2204 3109 in
2221 3077 2308 3110 loco.-
2323 3077 2354 3109 si
2367 3086 2427 3109 au-

1351 3135 1366 3151 »
1389 3129 1452 3155 tem
1475 3124 1532 3162 ita,
1550 3123 1636 3164 quod
1651 3122 1832 3155 substantia
1855 3123 1896 3154 sit
1914 3123 2000 3157 ratio
2014 3122 2141 3157 essendi
2159 3123 2191 3153 in
2211 3122 2292 3160 loco,
2312 3128 2442 3153 uerum

1334 3181 1367 3209 .‘
1390 3173 1438 3219 est
1454 3168 1540 3209 quod
1558 3177 1716 3208 nusquam
1734 3172 1812 3199 sunt
1829 3166 2005 3199 secundum
2024 3166 2284 3198 substantiam...
2305 3165 2340 3197 In
2358 3165 2440 3197 hoe.

1352 3226 1367 3241 2>
1390 3222 1476 3244 emm
1493 3212 1729 3244 concordabant
1744 3221 1857 3242 omnes
1877 3210 2019 3251 magistri
2042 3210 2222 3251 theologiae
2243 3209 2437 3250 congregati--

1352 3270 1367 3285 »
1390 3267 1485 3297 super
1507 3256 1581 3295 hoc,
1605 3266 1747 3298 quorum
1770 3266 1831 3296 ego
1855 3265 1942 3289 eram
1966 3263 2068 3287 unus:
2090 3254 2283 3287 unanimiter
2310 3263 2426 3286 conce·

1352 3314 1366 3329 »
1390 3301 1509 3340 dentes,
1534 3301 1624 3342 quod
1646 3300 1821 3332 substantia
1842 3299 1957 3340 Angeli
1980 3310 2046 3332 non
2070 3306 2117 3331 est
2139 3299 2242 3337 ratio,-
2262 3298 2425 3339 Angelum

1352 3358 1367 3373 ›
1390 3355 1457 3376 esse
1479 3345 1512 3376 in
1534 3345 1609 3376 loco
1639 3345 1817 3376 secundum
1848 3344 2067 3377 substantiam.
2086 3356 2101 3372 ι
2127 3342 2296 3384 Multiplici
2324 3351 2424 3383 pravo

1349 3400 1444 3421 sensu
1468 3389 1591 3422 articuli
1614 3389 1754 3421 damnati
1778 3396 1907 3421 scatent.
1929 3389 2076 3421 Alterum
2099 3388 2217 3428 detegit
2234 3398 2260 3419 a.
2276 3386 2441 3418 Thomu

1349 3434 1452 3465 verbis
1478 3434 1582 3475 prima
1609 3433 1643 3465 in
1672 3433 1945 3466 animadversione
1974 3432 2092 3465 allatis:
2120 3430 2423 3473 produntvalterum

1350 3478 1529 3519 Stephanus
1548 3478 1701 3519 Tempier
1723 3485 1754 3509 et
1772 3477 1930 3509 Hem-icus
1953 3477 1992 3509 de
2011 3477 2176 3509 Gandavo.
2191 3475 2287 3509 <Adeo
2305 3474 2424 3507 scilicet

1349 3522 1524 3564 petulantia
1545 3522 1672 3563 ingenia
1693 3522 1878 3561 delirabant,
1907 3528 1943 3554 ut
1964 3521 2080 3562 Angeli
2106 3519 2316 3552 substantiam
2346 3528 2423 3550 nus-

1349 3578 1445 3608 quam
1457 3577 1525 3599 esse
1539 3574 1788 3608 propugnarent,
1798 3573 1965 3607 propterea
1978 3565 2068 3607 quod
2082 3574 2149 3596 non
2158 3563 2227 3604 ipsa
2236 3563 2423 3602 substantia,

1350 3612 1405 3642 sed
1424 3611 1567 3652 operatio
1587 3612 1627 3643 ad
1644 3611 1716 3642 loca
1730 3618 1762 3642 et
1779 3610 1880 3652 spatia
1898 3609 2012 3642 mundi
2030 3607 2184 3641 sensibilis
2203 3607 2422 3648 adplicaretur.
