<?xml version="1.0" encoding="UTF-8"?>
<!DOCTYPE html PUBLIC "-//W3C//DTD XHTML 1.0 Transitional//EN"
    "http://www.w3.org/TR/xhtml1/DTD/xhtml1-transitional.dtd">
<html xmlns="http://www.w3.org/1999/xhtml" xml:lang="en" lang="en">
 <head>
  <title>
</title>
<meta http-equiv="Content-Type" content="text/html;charset=utf-8" />
  <meta name='ocr-system' content='tesseract 3.04.00' />
  <meta name='ocr-capabilities' content='ocr_page ocr_carea ocr_par ocr_line ocrx_word'/>
</head>
<body>
  <div class='ocr_page' id='page_1' title='image "./operaomniaiussui01thom/operaomniaiussui01thom_0233.png"; bbox 0 0 2548 4192; ppageno 0'>
   <div class='ocr_carea' id='block_1_1' title="bbox 917 264 1654 311">
    <p class='ocr_par' dir='ltr' id='par_1_1' title="bbox 917 264 1654 311">
     <span class='ocr_line' id='line_1_1' title="bbox 917 264 1654 311; baseline 0 -11"><span class='ocrx_word' id='word_1_1' title='bbox 917 264 972 300; x_wconf 95' lang='lat' dir='ltr'>IN</span> <span class='ocrx_word' id='word_1_2' title='bbox 1005 264 1042 300; x_wconf 88' lang='lat' dir='ltr'>S.</span> <span class='ocrx_word' id='word_1_3' title='bbox 1063 264 1305 300; x_wconf 88' lang='lat' dir='ltr'>THOMAM</span> <span class='ocrx_word' id='word_1_4' title='bbox 1332 264 1654 311; x_wconf 88' lang='lat' dir='ltr'>AQUINATEM</span> 
     </span>
    </p>
   </div>
   <div class='ocr_carea' id='block_1_2' title="bbox 185 343 1276 3642">
    <p class='ocr_par' dir='ltr' id='par_1_2' title="bbox 185 343 1260 649">
     <span class='ocr_line' id='line_1_2' title="bbox 189 343 1259 384; baseline -0.004 -7"><span class='ocrx_word' id='word_1_5' title='bbox 189 346 279 377; x_wconf 86' lang='lat' dir='ltr'>cuius</span> <span class='ocrx_word' id='word_1_6' title='bbox 302 345 342 376; x_wconf 86' lang='lat' dir='ltr'>de</span> <span class='ocrx_word' id='word_1_7' title='bbox 361 345 551 382; x_wconf 84' lang='lat' dir='ltr'>virtutibus,</span> <span class='ocrx_word' id='word_1_8' title='bbox 576 354 674 384; x_wconf 85' lang='lat' dir='ltr'>quarn</span> <span class='ocrx_word' id='word_1_9' title='bbox 698 343 794 374; x_wconf 88' lang='lat' dir='ltr'>instar</span> <span class='ocrx_word' id='word_1_10' title='bbox 817 343 1035 384; x_wconf 84' lang='lat' dir='ltr'>Supplementi</span> <span class='ocrx_word' id='word_1_11' title='bbox 1050 343 1090 373; x_wconf 91' lang='lat' dir='ltr'>ad</span> <span class='ocrx_word' id='word_1_12' title='bbox 1105 343 1186 373; x_wconf 90' lang='lat' dir='ltr'>hanc</span> <span class='ocrx_word' id='word_1_13' title='bbox 1200 350 1259 373; x_wconf 90' lang='lat' dir='ltr'>ter-</span> 
     </span>
     <span class='ocr_line' id='line_1_3' title="bbox 187 387 1259 430; baseline -0.004 -9"><span class='ocrx_word' id='word_1_14' title='bbox 187 391 265 421; x_wconf 86' lang='lat' dir='ltr'><strong>tiam</strong></span> <span class='ocrx_word' id='word_1_15' title='bbox 288 395 410 430; x_wconf 87' lang='lat' dir='ltr'>partem</span> <span class='ocrx_word' id='word_1_16' title='bbox 442 388 602 429; x_wconf 80' lang='lat' dir='ltr'>pollicitus</span> <span class='ocrx_word' id='word_1_17' title='bbox 626 387 772 418; x_wconf 90' lang='lat' dir='ltr'>Halensis</span> <span class='ocrx_word' id='word_1_18' title='bbox 806 387 917 425; x_wconf 89' lang='lat' dir='ltr'>fuerit,</span> <span class='ocrx_word' id='word_1_19' title='bbox 942 388 1029 418; x_wconf 92' lang='lat' dir='ltr'>nulla</span> <span class='ocrx_word' id='word_1_20' title='bbox 1062 387 1182 417; x_wconf 89' lang='lat' dir='ltr'>mentio</span> <span class='ocrx_word' id='word_1_21' title='bbox 1207 397 1259 417; x_wconf 94' lang='lat' dir='ltr'>oc-</span> 
     </span>
     <span class='ocr_line' id='line_1_4' title="bbox 188 431 1260 471; baseline -0.004 -6"><span class='ocrx_word' id='word_1_22' title='bbox 188 434 283 465; x_wconf 90' lang='lat' dir='ltr'>currit</span> <span class='ocrx_word' id='word_1_23' title='bbox 298 434 330 464; x_wconf 92' lang='lat' dir='ltr'>in</span> <span class='ocrx_word' id='word_1_24' title='bbox 354 433 432 464; x_wconf 92' lang='lat' dir='ltr'>locis</span> <span class='ocrx_word' id='word_1_25' title='bbox 455 443 474 463; x_wconf 91' lang='lat' dir='ltr'>a</span> <span class='ocrx_word' id='word_1_26' title='bbox 496 432 659 471; x_wconf 89' lang='lat' dir='ltr'>Wadingo</span> <span class='ocrx_word' id='word_1_27' title='bbox 675 431 829 470; x_wconf 87' lang='lat' dir='ltr'>indicatis,</span> <span class='ocrx_word' id='word_1_28' title='bbox 850 432 976 462; x_wconf 89' lang='lat' dir='ltr'>nullum</span> <span class='ocrx_word' id='word_1_29' title='bbox 992 432 1041 462; x_wconf 93' lang='lat' dir='ltr'>vel</span> <span class='ocrx_word' id='word_1_30' title='bbox 1064 431 1260 461; x_wconf 91' lang='lat' dir='ltr'>levissimum</span> 
     </span>
     <span class='ocr_line' id='line_1_5' title="bbox 185 475 1258 518; baseline -0.004 -9"><span class='ocrx_word' id='word_1_31' title='bbox 185 478 365 518; x_wconf 89' lang='lat' dir='ltr'>vestigium.</span> <span class='ocrx_word' id='word_1_32' title='bbox 381 476 475 508; x_wconf 87' lang='lat' dir='ltr'>Varia</span> <span class='ocrx_word' id='word_1_33' title='bbox 493 476 526 506; x_wconf 92' lang='lat' dir='ltr'>in</span> <span class='ocrx_word' id='word_1_34' title='bbox 550 476 649 506; x_wconf 90' lang='lat' dir='ltr'>allatis</span> <span class='ocrx_word' id='word_1_35' title='bbox 673 476 814 516; x_wconf 91' lang='lat' dir='ltr'>prologis</span> <span class='ocrx_word' id='word_1_36' title='bbox 835 476 989 507; x_wconf 88' lang='lat' dir='ltr'>habentur</span> <span class='ocrx_word' id='word_1_37' title='bbox 1005 475 1072 506; x_wconf 90' lang='lat' dir='ltr'>eius</span> <span class='ocrx_word' id='word_1_38' title='bbox 1089 475 1258 515; x_wconf 86' lang='lat' dir='ltr'>promissa:</span> 
     </span>
     <span class='ocr_line' id='line_1_6' title="bbox 186 520 1258 563; baseline -0.002 -11"><span class='ocrx_word' id='word_1_39' title='bbox 186 522 425 563; x_wconf 87' lang='lat' dir='ltr'>promissaeque</span> <span class='ocrx_word' id='word_1_40' title='bbox 448 520 519 550; x_wconf 89' lang='lat' dir='ltr'>illae</span> <span class='ocrx_word' id='word_1_41' title='bbox 543 520 745 561; x_wconf 88' lang='lat' dir='ltr'>quaestiones</span> <span class='ocrx_word' id='word_1_42' title='bbox 769 520 884 560; x_wconf 90' lang='lat' dir='ltr'>partim</span> <span class='ocrx_word' id='word_1_43' title='bbox 903 526 1130 560; x_wconf 82' lang='lat' dir='ltr'>pertractantur</span> <span class='ocrx_word' id='word_1_44' title='bbox 1146 520 1184 549; x_wconf 91' lang='lat' dir='ltr'>ab</span> <span class='ocrx_word' id='word_1_45' title='bbox 1204 530 1258 550; x_wconf 92' lang='lat' dir='ltr'>au-</span> 
     </span>
     <span class='ocr_line' id='line_1_7' title="bbox 188 564 1260 606; baseline -0.002 -10"><span class='ocrx_word' id='word_1_46' title='bbox 188 573 293 604; x_wconf 89' lang='lat' dir='ltr'>ctore,</span> <span class='ocrx_word' id='word_1_47' title='bbox 317 565 433 606; x_wconf 86' lang='lat' dir='ltr'>partim</span> <span class='ocrx_word' id='word_1_48' title='bbox 456 564 691 605; x_wconf 82' lang='lat' dir='ltr'>praetermissae</span> <span class='ocrx_word' id='word_1_49' title='bbox 715 571 808 602; x_wconf 89' lang='lat' dir='ltr'>sunt,</span> <span class='ocrx_word' id='word_1_50' title='bbox 827 571 938 604; x_wconf 85' lang='lat' dir='ltr'>utpote</span> <span class='ocrx_word' id='word_1_51' title='bbox 967 571 1021 595; x_wconf 91' lang='lat' dir='ltr'>aut</span> <span class='ocrx_word' id='word_1_52' title='bbox 1047 570 1149 594; x_wconf 89' lang='lat' dir='ltr'>morte</span> <span class='ocrx_word' id='word_1_53' title='bbox 1173 574 1260 604; x_wconf 87' lang='lat' dir='ltr'>prae-</span> 
     </span>
     <span class='ocr_line' id='line_1_8' title="bbox 186 609 927 649; baseline -0.001 -9"><span class='ocrx_word' id='word_1_54' title='bbox 186 616 283 640; x_wconf 89' lang='lat' dir='ltr'>vento</span> <span class='ocrx_word' id='word_1_55' title='bbox 307 616 362 640; x_wconf 88' lang='lat' dir='ltr'>aut</span> <span class='ocrx_word' id='word_1_56' title='bbox 385 609 452 639; x_wconf 91' lang='lat' dir='ltr'>aliis</span> <span class='ocrx_word' id='word_1_57' title='bbox 476 609 630 649; x_wconf 91' lang='lat' dir='ltr'>implicito</span> <span class='ocrx_word' id='word_1_58' title='bbox 655 609 927 649; x_wconf 80' lang='lat' dir='ltr'>occupationibus,</span> 
     </span>
    </p>

    <p class='ocr_par' dir='ltr' id='par_1_3' title="bbox 188 652 1261 959">
     <span class='ocr_line' id='line_1_9' title="bbox 256 652 1260 694; baseline -0.002 -10"><span class='ocrx_word' id='word_1_59' title='bbox 256 654 293 684; x_wconf 91' lang='lat'>11.</span> <span class='ocrx_word' id='word_1_60' title='bbox 313 654 426 694; x_wconf 89' lang='lat' dir='ltr'>Neque</span> <span class='ocrx_word' id='word_1_61' title='bbox 449 653 557 683; x_wconf 91' lang='lat' dir='ltr'>solum</span> <span class='ocrx_word' id='word_1_62' title='bbox 579 653 744 691; x_wconf 88' lang='lat' dir='ltr'>indicatae,</span> <span class='ocrx_word' id='word_1_63' title='bbox 761 653 816 683; x_wconf 92' lang='lat' dir='ltr'>sed</span> <span class='ocrx_word' id='word_1_64' title='bbox 839 653 916 683; x_wconf 88' lang='lat' dir='ltr'>aliae</span> <span class='ocrx_word' id='word_1_65' title='bbox 936 653 1041 693; x_wconf 93' lang='lat' dir='ltr'>plures</span> <span class='ocrx_word' id='word_1_66' title='bbox 1065 653 1097 682; x_wconf 91' lang='lat' dir='ltr'>in</span> <span class='ocrx_word' id='word_1_67' title='bbox 1117 652 1178 683; x_wconf 93' lang='lat' dir='ltr'>hoc</span> <span class='ocrx_word' id='word_1_68' title='bbox 1195 652 1260 682; x_wconf 91' lang='lat' dir='ltr'>Ha-</span> 
     </span>
     <span class='ocr_line' id='line_1_10' title="bbox 189 697 1261 738; baseline -0.002 -10"><span class='ocrx_word' id='word_1_69' title='bbox 189 697 284 728; x_wconf 90' lang='lat' dir='ltr'>lensis</span> <span class='ocrx_word' id='word_1_70' title='bbox 310 707 406 738; x_wconf 89' lang='lat' dir='ltr'>opere</span> <span class='ocrx_word' id='word_1_71' title='bbox 438 697 569 728; x_wconf 90' lang='lat' dir='ltr'>lacunae</span> <span class='ocrx_word' id='word_1_72' title='bbox 603 704 729 738; x_wconf 88' lang='lat' dir='ltr'>patent:</span> <span class='ocrx_word' id='word_1_73' title='bbox 756 704 792 728; x_wconf 91' lang='lat' dir='ltr'>ut</span> <span class='ocrx_word' id='word_1_74' title='bbox 824 697 943 728; x_wconf 91' lang='lat' dir='ltr'>mirum</span> <span class='ocrx_word' id='word_1_75' title='bbox 979 697 1088 728; x_wconf 87' lang='lat' dir='ltr'>fuisset</span> <span class='ocrx_word' id='word_1_76' title='bbox 1129 697 1261 727; x_wconf 87' lang='lat' dir='ltr'>doctum</span> 
     </span>
     <span class='ocr_line' id='line_1_11' title="bbox 188 741 1260 782; baseline -0.002 -10"><span class='ocrx_word' id='word_1_77' title='bbox 188 742 442 782; x_wconf 89' lang='lat' dir='ltr'>prudentemque</span> <span class='ocrx_word' id='word_1_78' title='bbox 466 748 640 779; x_wconf 88' lang='lat' dir='ltr'>auctorem,</span> <span class='ocrx_word' id='word_1_79' title='bbox 658 742 883 782; x_wconf 89' lang='lat' dir='ltr'>praetermissis</span> <span class='ocrx_word' id='word_1_80' title='bbox 902 742 974 779; x_wconf 86' lang='lat' dir='ltr'>illis,</span> <span class='ocrx_word' id='word_1_81' title='bbox 991 748 1118 781; x_wconf 89' lang='lat' dir='ltr'>tempus</span> <span class='ocrx_word' id='word_1_82' title='bbox 1141 741 1174 771; x_wconf 89' lang='lat' dir='ltr'>in</span> <span class='ocrx_word' id='word_1_83' title='bbox 1198 741 1260 771; x_wconf 84' lang='lat' dir='ltr'>alio</span> 
     </span>
     <span class='ocr_line' id='line_1_12' title="bbox 190 785 1259 826; baseline -0.001 -10"><span class='ocrx_word' id='word_1_84' title='bbox 190 785 389 816; x_wconf 91' lang='lat' dir='ltr'>conficiendo</span> <span class='ocrx_word' id='word_1_85' title='bbox 420 795 516 826; x_wconf 92' lang='lat' dir='ltr'>opere</span> <span class='ocrx_word' id='word_1_86' title='bbox 544 785 640 817; x_wconf 89' lang='lat' dir='ltr'>instar</span> <span class='ocrx_word' id='word_1_87' title='bbox 670 786 888 826; x_wconf 89' lang='lat' dir='ltr'>Supplementi</span> <span class='ocrx_word' id='word_1_88' title='bbox 920 786 1078 816; x_wconf 89' lang='lat' dir='ltr'>insumere</span> <span class='ocrx_word' id='word_1_89' title='bbox 1110 785 1259 815; x_wconf 86' lang='lat' dir='ltr'>voluisse.</span> 
     </span>
     <span class='ocr_line' id='line_1_13' title="bbox 190 829 1260 871; baseline 0 -11"><span class='ocrx_word' id='word_1_90' title='bbox 190 829 367 860; x_wconf 89' lang='lat' dir='ltr'>Verisimile</span> <span class='ocrx_word' id='word_1_91' title='bbox 391 830 485 860; x_wconf 87' lang='lat' dir='ltr'>suerit</span> <span class='ocrx_word' id='word_1_92' title='bbox 507 840 546 860; x_wconf 91' lang='lat' dir='ltr'>ne</span> <span class='ocrx_word' id='word_1_93' title='bbox 578 831 730 861; x_wconf 87' lang='lat' dir='ltr'>Summae</span> <span class='ocrx_word' id='word_1_94' title='bbox 759 840 833 861; x_wconf 87' lang='lat' dir='ltr'>suae</span> <span class='ocrx_word' id='word_1_95' title='bbox 861 830 1104 871; x_wconf 86' lang='lat' dir='ltr'>quadripartitae</span> <span class='ocrx_word' id='word_1_96' title='bbox 1128 829 1260 869; x_wconf 88' lang='lat' dir='ltr'>Supple-</span> 
     </span>
     <span class='ocr_line' id='line_1_14' title="bbox 189 874 1261 915; baseline -0.001 -11"><span class='ocrx_word' id='word_1_97' title='bbox 189 880 330 905; x_wconf 88' lang='lat' dir='ltr'>mentum</span> <span class='ocrx_word' id='word_1_98' title='bbox 355 874 514 914; x_wconf 90' lang='lat' dir='ltr'>scripsisse</span> <span class='ocrx_word' id='word_1_99' title='bbox 534 882 697 905; x_wconf 86' lang='lat' dir='ltr'>auctorem</span> <span class='ocrx_word' id='word_1_100' title='bbox 709 898 717 913; x_wconf 96' lang='lat'>,</span> <span class='ocrx_word' id='word_1_101' title='bbox 735 875 790 915; x_wconf 89' lang='lat' dir='ltr'>qui</span> <span class='ocrx_word' id='word_1_102' title='bbox 807 875 915 914; x_wconf 87' lang='lat' dir='ltr'>potius</span> <span class='ocrx_word' id='word_1_103' title='bbox 932 882 967 905; x_wconf 91' lang='lat' dir='ltr'>ut</span> <span class='ocrx_word' id='word_1_104' title='bbox 983 875 1068 905; x_wconf 91' lang='lat' dir='ltr'>idem</span> <span class='ocrx_word' id='word_1_105' title='bbox 1087 884 1170 914; x_wconf 91' lang='lat' dir='ltr'>opus</span> <span class='ocrx_word' id='word_1_106' title='bbox 1187 883 1261 904; x_wconf 90' lang='lat' dir='ltr'>con-</span> 
     </span>
     <span class='ocr_line' id='line_1_15' title="bbox 190 917 885 959; baseline 0.001 -11"><span class='ocrx_word' id='word_1_107' title='bbox 190 917 326 949; x_wconf 89' lang='lat' dir='ltr'>tinuaret</span> <span class='ocrx_word' id='word_1_108' title='bbox 349 925 380 949; x_wconf 92' lang='lat' dir='ltr'>et</span> <span class='ocrx_word' id='word_1_109' title='bbox 403 918 564 959; x_wconf 88' lang='lat' dir='ltr'>perficeret</span> <span class='ocrx_word' id='word_1_110' title='bbox 583 919 662 950; x_wconf 92' lang='lat' dir='ltr'>ratio</span> <span class='ocrx_word' id='word_1_111' title='bbox 681 917 885 959; x_wconf 89' lang='lat' dir='ltr'>postulabat?</span> 
     </span>
    </p>

    <p class='ocr_par' dir='ltr' id='par_1_4' title="bbox 191 962 1266 1667">
     <span class='ocr_line' id='line_1_16' title="bbox 258 962 1259 1003; baseline -0.002 -10"><span class='ocrx_word' id='word_1_112' title='bbox 258 963 357 1000; x_wconf 86' lang='lat' dir='ltr'>Quod</span> <span class='ocrx_word' id='word_1_113' title='bbox 380 963 448 1002; x_wconf 90' lang='lat' dir='ltr'>aio,</span> <span class='ocrx_word' id='word_1_114' title='bbox 478 963 619 1003; x_wconf 88' lang='lat' dir='ltr'>diligenti</span> <span class='ocrx_word' id='word_1_115' title='bbox 643 963 928 994; x_wconf 83' lang='lat' dir='ltr'>demonstrandum</span> <span class='ocrx_word' id='word_1_116' title='bbox 952 970 997 993; x_wconf 92' lang='lat' dir='ltr'>est</span> <span class='ocrx_word' id='word_1_117' title='bbox 1021 962 1164 993; x_wconf 88' lang='lat' dir='ltr'>eiusdem</span> <span class='ocrx_word' id='word_1_118' title='bbox 1182 971 1259 1002; x_wconf 90' lang='lat' dir='ltr'>qua-</span> 
     </span>
     <span class='ocr_line' id='line_1_17' title="bbox 191 1006 1262 1047; baseline -0.001 -11"><span class='ocrx_word' id='word_1_119' title='bbox 191 1006 383 1047; x_wconf 89' lang='lat' dir='ltr'>dripartitae</span> <span class='ocrx_word' id='word_1_120' title='bbox 402 1007 554 1037; x_wconf 83' lang='lat' dir='ltr'>Summae</span> <span class='ocrx_word' id='word_1_121' title='bbox 569 1007 722 1038; x_wconf 84' lang='lat' dir='ltr'>examine.</span> <span class='ocrx_word' id='word_1_122' title='bbox 743 1008 790 1038; x_wconf 92' lang='lat' dir='ltr'>De</span> <span class='ocrx_word' id='word_1_123' title='bbox 811 1007 880 1047; x_wconf 90' lang='lat' dir='ltr'>ipsa</span> <span class='ocrx_word' id='word_1_124' title='bbox 904 1007 994 1037; x_wconf 89' lang='lat' dir='ltr'>tertia</span> <span class='ocrx_word' id='word_1_125' title='bbox 1012 1012 1099 1046; x_wconf 88' lang='lat' dir='ltr'>parte</span> <span class='ocrx_word' id='word_1_126' title='bbox 1115 1006 1262 1035; x_wconf 89' lang='lat' dir='ltr'>nondum</span> 
     </span>
     <span class='ocr_line' id='line_1_18' title="bbox 192 1049 1263 1090; baseline -0.002 -9"><span class='ocrx_word' id='word_1_127' title='bbox 192 1051 337 1082; x_wconf 90' lang='lat' dir='ltr'>subduco</span> <span class='ocrx_word' id='word_1_128' title='bbox 354 1061 497 1082; x_wconf 86' lang='lat' dir='ltr'>manum.</span> <span class='ocrx_word' id='word_1_129' title='bbox 515 1051 719 1088; x_wconf 89' lang='lat' dir='ltr'>Quaestionis</span> <span class='ocrx_word' id='word_1_130' title='bbox 736 1062 806 1081; x_wconf 81' lang='lat' dir='ltr'>Lx1x</span> <span class='ocrx_word' id='word_1_131' title='bbox 821 1051 997 1090; x_wconf 91' lang='lat' dir='ltr'>Prologum</span> <span class='ocrx_word' id='word_1_132' title='bbox 1012 1050 1134 1090; x_wconf 83' lang='lat' dir='ltr'>accipe:</span> <span class='ocrx_word' id='word_1_133' title='bbox 1155 1063 1169 1077; x_wconf 68' lang='lat' dir='ltr'>a&lt;</span> <span class='ocrx_word' id='word_1_134' title='bbox 1186 1049 1263 1079; x_wconf 86' lang='lat' dir='ltr'>Post</span> 
     </span>
     <span class='ocr_line' id='line_1_19' title="bbox 194 1093 1263 1135; baseline -0.001 -12"><span class='ocrx_word' id='word_1_135' title='bbox 194 1108 210 1123; x_wconf 76' lang='lat'><strong>»</strong></span> <span class='ocrx_word' id='word_1_136' title='bbox 229 1102 396 1126; x_wconf 87' lang='lat' dir='ltr'>tractatum</span> <span class='ocrx_word' id='word_1_137' title='bbox 420 1095 458 1125; x_wconf 94' lang='lat' dir='ltr'>de</span> <span class='ocrx_word' id='word_1_138' title='bbox 472 1095 594 1134; x_wconf 90' lang='lat' dir='ltr'>legibus</span> <span class='ocrx_word' id='word_1_139' title='bbox 618 1101 648 1125; x_wconf 93' lang='lat' dir='ltr'>et</span> <span class='ocrx_word' id='word_1_140' title='bbox 666 1095 858 1135; x_wconf 87' lang='lat' dir='ltr'>praeceptis,</span> <span class='ocrx_word' id='word_1_141' title='bbox 879 1104 960 1135; x_wconf 88' lang='lat' dir='ltr'>quae</span> <span class='ocrx_word' id='word_1_142' title='bbox 984 1095 1023 1124; x_wconf 89' lang='lat' dir='ltr'>ad</span> <span class='ocrx_word' id='word_1_143' title='bbox 1047 1093 1263 1133; x_wconf 88' lang='lat' dir='ltr'>cognitionem</span> 
     </span>
     <span class='ocr_line' id='line_1_20' title="bbox 195 1137 1262 1178; baseline -0.003 -9"><span class='ocrx_word' id='word_1_144' title='bbox 195 1151 210 1166; x_wconf 59' lang='grc' dir='ltr'><strong><em>ι</em></strong></span> <span class='ocrx_word' id='word_1_145' title='bbox 230 1139 444 1170; x_wconf 88' lang='lat' dir='ltr'>cavendorum</span> <span class='ocrx_word' id='word_1_146' title='bbox 476 1138 620 1169; x_wconf 86' lang='lat' dir='ltr'>feruntur</span> <span class='ocrx_word' id='word_1_147' title='bbox 651 1145 682 1169; x_wconf 93' lang='lat' dir='ltr'>et</span> <span class='ocrx_word' id='word_1_148' title='bbox 709 1139 948 1176; x_wconf 90' lang='lat' dir='ltr'>faciendorum,</span> <span class='ocrx_word' id='word_1_149' title='bbox 979 1138 1193 1178; x_wconf 86' lang='lat' dir='ltr'>aggredientes</span> <span class='ocrx_word' id='word_1_150' title='bbox 1217 1137 1262 1167; x_wconf 93' lang='lat' dir='ltr'>in-</span> 
     </span>
     <span class='ocr_line' id='line_1_21' title="bbox 193 1181 1262 1224; baseline -0.001 -13"><span class='ocrx_word' id='word_1_151' title='bbox 193 1195 208 1210; x_wconf 77' lang='lat'><strong>»</strong></span> <span class='ocrx_word' id='word_1_152' title='bbox 228 1182 435 1224; x_wconf 91' lang='lat' dir='ltr'>quisitionem</span> <span class='ocrx_word' id='word_1_153' title='bbox 452 1182 490 1213; x_wconf 91' lang='lat' dir='ltr'>de</span> <span class='ocrx_word' id='word_1_154' title='bbox 511 1183 608 1222; x_wconf 86' lang='lat' dir='ltr'>gratia</span> <span class='ocrx_word' id='word_1_155' title='bbox 623 1190 654 1213; x_wconf 89' lang='lat' dir='ltr'>et</span> <span class='ocrx_word' id='word_1_156' title='bbox 669 1183 854 1221; x_wconf 87' lang='lat' dir='ltr'>virtutibus,</span> <span class='ocrx_word' id='word_1_157' title='bbox 871 1193 953 1223; x_wconf 89' lang='lat' dir='ltr'>quae</span> <span class='ocrx_word' id='word_1_158' title='bbox 972 1181 1140 1224; x_wconf 82' lang='lat' dir='ltr'>conferunt</span> <span class='ocrx_word' id='word_1_159' title='bbox 1156 1181 1195 1211; x_wconf 91' lang='lat' dir='ltr'>ad</span> <span class='ocrx_word' id='word_1_160' title='bbox 1211 1191 1262 1211; x_wconf 93' lang='lat' dir='ltr'>eo-</span> 
     </span>
     <span class='ocr_line' id='line_1_22' title="bbox 194 1225 1263 1265; baseline -0.001 -9"><span class='ocrx_word' id='word_1_161' title='bbox 194 1239 210 1255; x_wconf 70' lang='lat'><strong>»</strong></span> <span class='ocrx_word' id='word_1_162' title='bbox 228 1227 376 1257; x_wconf 90' lang='lat' dir='ltr'>rumdem</span> <span class='ocrx_word' id='word_1_163' title='bbox 399 1227 637 1265; x_wconf 77' lang='lat' dir='ltr'>executionem3</span> <span class='ocrx_word' id='word_1_164' title='bbox 657 1227 853 1258; x_wconf 85' lang='lat' dir='ltr'>adiutorium</span> <span class='ocrx_word' id='word_1_165' title='bbox 876 1226 1000 1256; x_wconf 89' lang='lat' dir='ltr'>divinae</span> <span class='ocrx_word' id='word_1_166' title='bbox 1015 1225 1131 1265; x_wconf 87' lang='lat' dir='ltr'>gratiae</span> <span class='ocrx_word' id='word_1_167' title='bbox 1147 1225 1263 1265; x_wconf 92' lang='lat' dir='ltr'>implo-</span> 
     </span>
     <span class='ocr_line' id='line_1_23' title="bbox 194 1270 1264 1302; baseline -0.003 0"><span class='ocrx_word' id='word_1_168' title='bbox 194 1283 209 1298; x_wconf 59' lang='grc' dir='ltr'><strong><em>ι</em></strong></span> <span class='ocrx_word' id='word_1_169' title='bbox 229 1281 336 1302; x_wconf 89' lang='lat' dir='ltr'>ramus</span> <span class='ocrx_word' id='word_1_170' title='bbox 360 1281 378 1301; x_wconf 88' lang='lat' dir='ltr'>a</span> <span class='ocrx_word' id='word_1_171' title='bbox 401 1271 470 1301; x_wconf 92' lang='lat' dir='ltr'>Deo</span> <span class='ocrx_word' id='word_1_172' title='bbox 499 1271 590 1302; x_wconf 88' lang='lat' dir='ltr'>Patre</span> <span class='ocrx_word' id='word_1_173' title='bbox 614 1278 644 1302; x_wconf 91' lang='lat' dir='ltr'>et</span> <span class='ocrx_word' id='word_1_174' title='bbox 667 1271 810 1302; x_wconf 90' lang='lat' dir='ltr'>Domino</span> <span class='ocrx_word' id='word_1_175' title='bbox 836 1271 905 1301; x_wconf 86' lang='lat' dir='ltr'>Iesu</span> <span class='ocrx_word' id='word_1_176' title='bbox 930 1270 1069 1301; x_wconf 91' lang='lat' dir='ltr'>Christo.</span> <span class='ocrx_word' id='word_1_177' title='bbox 1083 1282 1098 1297; x_wconf 90' lang='lat'>&gt;›</span> <span class='ocrx_word' id='word_1_178' title='bbox 1117 1270 1208 1300; x_wconf 88' lang='lat' dir='ltr'>Hanc</span> <span class='ocrx_word' id='word_1_179' title='bbox 1224 1270 1264 1300; x_wconf 90' lang='lat' dir='ltr'>cle</span> 
     </span>
     <span class='ocr_line' id='line_1_24' title="bbox 191 1313 1263 1357; baseline -0.003 -11"><span class='ocrx_word' id='word_1_180' title='bbox 191 1316 303 1357; x_wconf 82' lang='lat' dir='ltr'>gratia</span> <span class='ocrx_word' id='word_1_181' title='bbox 327 1321 356 1346; x_wconf 89' lang='lat' dir='ltr'>et</span> <span class='ocrx_word' id='word_1_182' title='bbox 379 1315 549 1351; x_wconf 64' lang='lat' dir='ltr'>uirtutibus</span> <span class='ocrx_word' id='word_1_183' title='bbox 572 1315 848 1356; x_wconf 89' lang='lat' dir='ltr'>pertractationem</span> <span class='ocrx_word' id='word_1_184' title='bbox 871 1314 1038 1355; x_wconf 91' lang='lat' dir='ltr'>pollicetur</span> <span class='ocrx_word' id='word_1_185' title='bbox 1061 1313 1208 1344; x_wconf 89' lang='lat' dir='ltr'>Halensis</span> <span class='ocrx_word' id='word_1_186' title='bbox 1231 1314 1263 1343; x_wconf 90' lang='lat' dir='ltr'>in</span> 
     </span>
     <span class='ocr_line' id='line_1_25' title="bbox 193 1357 1265 1401; baseline -0.002 -11"><span class='ocrx_word' id='word_1_187' title='bbox 193 1359 331 1401; x_wconf 74' lang='lat' dir='ltr'>prologo¹</span> <span class='ocrx_word' id='word_1_188' title='bbox 354 1359 547 1400; x_wconf 85' lang='lat' dir='ltr'>quaestionis</span> <span class='ocrx_word' id='word_1_189' title='bbox 571 1366 673 1390; x_wconf 83' lang='lat' dir='ltr'>sextae</span> <span class='ocrx_word' id='word_1_190' title='bbox 697 1370 792 1400; x_wconf 88' lang='lat' dir='ltr'>supra</span> <span class='ocrx_word' id='word_1_191' title='bbox 815 1359 1008 1390; x_wconf 88' lang='lat' dir='ltr'>vicesimam.</span> <span class='ocrx_word' id='word_1_192' title='bbox 1030 1358 1134 1398; x_wconf 86' lang='lat' dir='ltr'>Pergit</span> <span class='ocrx_word' id='word_1_193' title='bbox 1156 1358 1208 1388; x_wconf 91' lang='lat' dir='ltr'>ille</span> <span class='ocrx_word' id='word_1_194' title='bbox 1232 1357 1265 1388; x_wconf 91' lang='lat' dir='ltr'>in</span> 
     </span>
     <span class='ocr_line' id='line_1_26' title="bbox 191 1402 1264 1444; baseline -0.003 -9"><span class='ocrx_word' id='word_1_195' title='bbox 191 1404 332 1444; x_wconf 87' lang='lat' dir='ltr'>Prologo</span> <span class='ocrx_word' id='word_1_196' title='bbox 355 1403 549 1444; x_wconf 83' lang='lat' dir='ltr'>quaestionis</span> <span class='ocrx_word' id='word_1_197' title='bbox 566 1412 653 1434; x_wconf 72' lang='lat' dir='ltr'>max:</span> <span class='ocrx_word' id='word_1_198' title='bbox 673 1417 688 1432; x_wconf 67' lang='grc' dir='ltr'><em>α</em></span> <span class='ocrx_word' id='word_1_199' title='bbox 702 1404 819 1435; x_wconf 92' lang='lat' dir='ltr'>Modus</span> <span class='ocrx_word' id='word_1_200' title='bbox 835 1410 943 1434; x_wconf 86' lang='lat' dir='ltr'>autem</span> <span class='ocrx_word' id='word_1_201' title='bbox 957 1402 1171 1444; x_wconf 88' lang='lat' dir='ltr'>inquisitionis</span> <span class='ocrx_word' id='word_1_202' title='bbox 1191 1402 1264 1440; x_wconf 90' lang='lat' dir='ltr'>erit,</span> 
     </span>
     <span class='ocr_line' id='line_1_27' title="bbox 194 1447 1266 1490; baseline 0 -13"><span class='ocrx_word' id='word_1_203' title='bbox 194 1460 210 1476; x_wconf 71' lang='grc' dir='ltr'><strong>ι</strong></span> <span class='ocrx_word' id='word_1_204' title='bbox 229 1455 266 1479; x_wconf 91' lang='lat' dir='ltr'>ut</span> <span class='ocrx_word' id='word_1_205' title='bbox 287 1448 444 1488; x_wconf 86' lang='lat' dir='ltr'>imprimis</span> <span class='ocrx_word' id='word_1_206' title='bbox 466 1450 641 1489; x_wconf 88' lang='lat' dir='ltr'>separatim</span> <span class='ocrx_word' id='word_1_207' title='bbox 661 1449 701 1479; x_wconf 87' lang='lat' dir='ltr'>de</span> <span class='ocrx_word' id='word_1_208' title='bbox 719 1449 831 1490; x_wconf 86' lang='lat' dir='ltr'>gratia</span> <span class='ocrx_word' id='word_1_209' title='bbox 851 1448 1057 1488; x_wconf 88' lang='lat' dir='ltr'>disputantes,</span> <span class='ocrx_word' id='word_1_210' title='bbox 1073 1447 1116 1478; x_wconf 86' lang='lat' dir='ltr'>ad</span> <span class='ocrx_word' id='word_1_211' title='bbox 1132 1448 1266 1478; x_wconf 76' lang='lat' dir='ltr'>virtutes</span> 
     </span>
     <span class='ocr_line' id='line_1_28' title="bbox 195 1491 1264 1533; baseline -0.001 -11"><span class='ocrx_word' id='word_1_212' title='bbox 195 1505 210 1521; x_wconf 64' lang='grc' dir='ltr'><strong><em>ι</em></strong></span> <span class='ocrx_word' id='word_1_213' title='bbox 230 1492 408 1523; x_wconf 90' lang='lat' dir='ltr'>secundum</span> <span class='ocrx_word' id='word_1_214' title='bbox 427 1492 641 1533; x_wconf 85' lang='lat' dir='ltr'>theologicam</span> <span class='ocrx_word' id='word_1_215' title='bbox 664 1499 695 1523; x_wconf 92' lang='lat' dir='ltr'>et</span> <span class='ocrx_word' id='word_1_216' title='bbox 710 1503 816 1523; x_wconf 87' lang='lat' dir='ltr'>veram</span> <span class='ocrx_word' id='word_1_217' title='bbox 833 1492 1062 1532; x_wconf 87' lang='lat' dir='ltr'>acceptionem,</span> <span class='ocrx_word' id='word_1_218' title='bbox 1077 1491 1174 1529; x_wconf 89' lang='lat' dir='ltr'>dona,</span> <span class='ocrx_word' id='word_1_219' title='bbox 1183 1491 1264 1532; x_wconf 88' lang='lat' dir='ltr'>fru-</span> 
     </span>
     <span class='ocr_line' id='line_1_29' title="bbox 195 1537 1266 1577; baseline -0.002 -9"><span class='ocrx_word' id='word_1_220' title='bbox 195 1549 211 1565; x_wconf 75' lang='lat'>1·</span> <span class='ocrx_word' id='word_1_221' title='bbox 230 1542 311 1575; x_wconf 88' lang='lat' dir='ltr'>ctus,</span> <span class='ocrx_word' id='word_1_222' title='bbox 328 1537 539 1568; x_wconf 83' lang='lat' dir='ltr'>beatitudines</span> <span class='ocrx_word' id='word_1_223' title='bbox 554 1537 665 1567; x_wconf 90' lang='lat' dir='ltr'>ordine</span> <span class='ocrx_word' id='word_1_224' title='bbox 681 1547 824 1577; x_wconf 87' lang='lat' dir='ltr'>congruo</span> <span class='ocrx_word' id='word_1_225' title='bbox 842 1537 1061 1577; x_wconf 87' lang='lat' dir='ltr'>procedamus.</span> <span class='ocrx_word' id='word_1_226' title='bbox 1075 1548 1089 1562; x_wconf 64' lang='lat'>2</span> <span class='ocrx_word' id='word_1_227' title='bbox 1109 1538 1266 1566; x_wconf 90' lang='lat' dir='ltr'>Acturum</span> 
     </span>
     <span class='ocr_line' id='line_1_30' title="bbox 193 1580 1266 1622; baseline -0.002 -10"><span class='ocrx_word' id='word_1_228' title='bbox 193 1591 226 1612; x_wconf 86' lang='lat' dir='ltr'>se</span> <span class='ocrx_word' id='word_1_229' title='bbox 249 1581 289 1612; x_wconf 89' lang='lat' dir='ltr'>de</span> <span class='ocrx_word' id='word_1_230' title='bbox 311 1581 403 1612; x_wconf 91' lang='lat' dir='ltr'>donis</span> <span class='ocrx_word' id='word_1_231' title='bbox 427 1581 522 1612; x_wconf 90' lang='lat' dir='ltr'>etiarn</span> <span class='ocrx_word' id='word_1_232' title='bbox 546 1588 576 1612; x_wconf 93' lang='lat' dir='ltr'>et</span> <span class='ocrx_word' id='word_1_233' title='bbox 600 1581 769 1622; x_wconf 87' lang='lat' dir='ltr'>fructibus</span> <span class='ocrx_word' id='word_1_234' title='bbox 793 1587 823 1612; x_wconf 90' lang='lat' dir='ltr'>et</span> <span class='ocrx_word' id='word_1_235' title='bbox 846 1580 1094 1612; x_wconf 85' lang='lat' dir='ltr'>beatitudinibus</span> <span class='ocrx_word' id='word_1_236' title='bbox 1117 1580 1150 1610; x_wconf 90' lang='lat' dir='ltr'>in</span> <span class='ocrx_word' id='word_1_237' title='bbox 1174 1580 1266 1611; x_wconf 88' lang='lat' dir='ltr'>citata</span> 
     </span>
     <span class='ocr_line' id='line_1_31' title="bbox 193 1625 696 1667; baseline 0 -11"><span class='ocrx_word' id='word_1_238' title='bbox 193 1625 379 1667; x_wconf 84' lang='lat' dir='ltr'>quaestione</span> <span class='ocrx_word' id='word_1_239' title='bbox 401 1636 472 1656; x_wconf 81' lang='lat' dir='ltr'>xxvx</span> <span class='ocrx_word' id='word_1_240' title='bbox 499 1625 696 1666; x_wconf 88' lang='lat' dir='ltr'>promiserat.</span> 
     </span>
    </p>

    <p class='ocr_par' dir='ltr' id='par_1_5' title="bbox 193 1669 1268 2497">
     <span class='ocr_line' id='line_1_32' title="bbox 260 1669 1265 1710; baseline -0.002 -10"><span class='ocrx_word' id='word_1_241' title='bbox 260 1670 376 1701; x_wconf 88' lang='lat' dir='ltr'>Datam</span> <span class='ocrx_word' id='word_1_242' title='bbox 399 1669 496 1700; x_wconf 88' lang='lat' dir='ltr'>fidem</span> <span class='ocrx_word' id='word_1_243' title='bbox 517 1670 627 1700; x_wconf 90' lang='lat' dir='ltr'>liberat</span> <span class='ocrx_word' id='word_1_244' title='bbox 650 1669 793 1700; x_wconf 88' lang='lat' dir='ltr'>instituta</span> <span class='ocrx_word' id='word_1_245' title='bbox 812 1669 997 1710; x_wconf 88' lang='lat' dir='ltr'>quaestione</span> <span class='ocrx_word' id='word_1_246' title='bbox 1016 1679 1086 1699; x_wconf 78' lang='lat' dir='ltr'>thx</span> <span class='ocrx_word' id='word_1_247' title='bbox 1101 1669 1140 1699; x_wconf 88' lang='lat' dir='ltr'>de</span> <span class='ocrx_word' id='word_1_248' title='bbox 1154 1669 1265 1710; x_wconf 85' lang='lat' dir='ltr'>gratia</span> 
     </span>
     <span class='ocr_line' id='line_1_33' title="bbox 193 1712 1267 1755; baseline -0.002 -10"><span class='ocrx_word' id='word_1_249' title='bbox 193 1714 337 1746; x_wconf 86' lang='lat' dir='ltr'>absolute</span> <span class='ocrx_word' id='word_1_250' title='bbox 352 1714 567 1745; x_wconf 88' lang='lat' dir='ltr'>considerata:</span> <span class='ocrx_word' id='word_1_251' title='bbox 585 1724 616 1755; x_wconf 95' lang='lat' dir='ltr'>q.</span> <span class='ocrx_word' id='word_1_252' title='bbox 632 1725 690 1744; x_wconf 74' lang='lat' dir='ltr'>Lxx</span> <span class='ocrx_word' id='word_1_253' title='bbox 709 1714 749 1745; x_wconf 86' lang='lat' dir='ltr'>de</span> <span class='ocrx_word' id='word_1_254' title='bbox 767 1713 930 1754; x_wconf 87' lang='lat' dir='ltr'>effectibus</span> <span class='ocrx_word' id='word_1_255' title='bbox 945 1714 1087 1754; x_wconf 85' lang='lat' dir='ltr'>gratiae:</span> <span class='ocrx_word' id='word_1_256' title='bbox 1100 1723 1131 1753; x_wconf 91' lang='lat' dir='ltr'>q.</span> <span class='ocrx_word' id='word_1_257' title='bbox 1144 1723 1213 1743; x_wconf 77' lang='lat' dir='ltr'>Lxxi</span> <span class='ocrx_word' id='word_1_258' title='bbox 1227 1712 1267 1743; x_wconf 86' lang='lat' dir='ltr'>de</span> 
     </span>
     <span class='ocr_line' id='line_1_34' title="bbox 194 1757 1265 1800; baseline -0.003 -11"><span class='ocrx_word' id='word_1_259' title='bbox 194 1759 378 1800; x_wconf 84' lang='lat' dir='ltr'>cognitione</span> <span class='ocrx_word' id='word_1_260' title='bbox 399 1760 539 1799; x_wconf 85' lang='lat' dir='ltr'>gratiae.</span> <span class='ocrx_word' id='word_1_261' title='bbox 557 1758 761 1795; x_wconf 90' lang='lat' dir='ltr'>Quaestionis</span> <span class='ocrx_word' id='word_1_262' title='bbox 777 1768 858 1788; x_wconf 79' lang='lat' dir='ltr'>Lxxn</span> <span class='ocrx_word' id='word_1_263' title='bbox 873 1758 1030 1797; x_wconf 90' lang='lat' dir='ltr'>Prologus</span> <span class='ocrx_word' id='word_1_264' title='bbox 1047 1764 1109 1787; x_wconf 84' lang='lat' dir='ltr'>est:</span> <span class='ocrx_word' id='word_1_265' title='bbox 1130 1770 1145 1786; x_wconf 69' lang='grc' dir='ltr'><strong><em>ι</em></strong></span> <span class='ocrx_word' id='word_1_266' title='bbox 1159 1757 1265 1798; x_wconf 91' lang='lat' dir='ltr'>Inqui-</span> 
     </span>
     <span class='ocr_line' id='line_1_35' title="bbox 197 1801 1265 1843; baseline -0.002 -10"><span class='ocrx_word' id='word_1_267' title='bbox 197 1814 212 1830; x_wconf 60' lang='grc' dir='ltr'><strong>ι</strong></span> <span class='ocrx_word' id='word_1_268' title='bbox 232 1803 293 1833; x_wconf 92' lang='lat' dir='ltr'>sito</span> <span class='ocrx_word' id='word_1_269' title='bbox 309 1803 349 1834; x_wconf 89' lang='lat' dir='ltr'>de</span> <span class='ocrx_word' id='word_1_270' title='bbox 362 1803 474 1843; x_wconf 83' lang='lat' dir='ltr'>gratia</span> <span class='ocrx_word' id='word_1_271' title='bbox 490 1803 644 1840; x_wconf 88' lang='lat' dir='ltr'>absolute,</span> <span class='ocrx_word' id='word_1_272' title='bbox 660 1802 887 1843; x_wconf 90' lang='lat' dir='ltr'>inquirendum</span> <span class='ocrx_word' id='word_1_273' title='bbox 904 1808 950 1832; x_wconf 93' lang='lat' dir='ltr'>est</span> <span class='ocrx_word' id='word_1_274' title='bbox 966 1802 1004 1832; x_wconf 91' lang='lat' dir='ltr'>de</span> <span class='ocrx_word' id='word_1_275' title='bbox 1021 1801 1118 1841; x_wconf 88' lang='lat' dir='ltr'>gratia</span> <span class='ocrx_word' id='word_1_276' title='bbox 1134 1802 1167 1831; x_wconf 92' lang='lat' dir='ltr'>in</span> <span class='ocrx_word' id='word_1_277' title='bbox 1183 1811 1265 1832; x_wconf 91' lang='lat' dir='ltr'>com-</span> 
     </span>
     <span class='ocr_line' id='line_1_36' title="bbox 197 1845 1266 1888; baseline 0.001 -13"><span class='ocrx_word' id='word_1_278' title='bbox 197 1859 213 1875; x_wconf 73' lang='lat'><strong>»</strong></span> <span class='ocrx_word' id='word_1_279' title='bbox 225 1848 409 1888; x_wconf 83' lang='lat' dir='ltr'>paratione.</span> <span class='ocrx_word' id='word_1_280' title='bbox 427 1846 599 1877; x_wconf 90' lang='lat' dir='ltr'>Sciendum</span> <span class='ocrx_word' id='word_1_281' title='bbox 621 1846 726 1886; x_wconf 90' lang='lat' dir='ltr'>igitur,</span> <span class='ocrx_word' id='word_1_282' title='bbox 743 1846 833 1887; x_wconf 92' lang='lat' dir='ltr'>quod</span> <span class='ocrx_word' id='word_1_283' title='bbox 852 1853 898 1877; x_wconf 86' lang='lat' dir='ltr'>est</span> <span class='ocrx_word' id='word_1_284' title='bbox 921 1845 1019 1886; x_wconf 89' lang='lat' dir='ltr'>gratia</span> <span class='ocrx_word' id='word_1_285' title='bbox 1049 1845 1213 1886; x_wconf 89' lang='lat' dir='ltr'>perficiens</span> <span class='ocrx_word' id='word_1_286' title='bbox 1237 1852 1266 1876; x_wconf 90' lang='lat' dir='ltr'>et</span> 
     </span>
     <span class='ocr_line' id='line_1_37' title="bbox 197 1890 1266 1931; baseline 0 -11"><span class='ocrx_word' id='word_1_287' title='bbox 197 1902 212 1919; x_wconf 68' lang='grc' dir='ltr'>ιι</span> <span class='ocrx_word' id='word_1_288' title='bbox 230 1891 328 1931; x_wconf 80' lang='lat' dir='ltr'>gratia</span> <span class='ocrx_word' id='word_1_289' title='bbox 350 1890 509 1921; x_wconf 83' lang='lat' dir='ltr'>reficiens:</span> <span class='ocrx_word' id='word_1_290' title='bbox 533 1891 631 1930; x_wconf 87' lang='lat' dir='ltr'>gratia</span> <span class='ocrx_word' id='word_1_291' title='bbox 655 1890 794 1921; x_wconf 89' lang='lat' dir='ltr'>sanitatis</span> <span class='ocrx_word' id='word_1_292' title='bbox 814 1897 844 1921; x_wconf 91' lang='lat' dir='ltr'>et</span> <span class='ocrx_word' id='word_1_293' title='bbox 867 1890 965 1930; x_wconf 86' lang='lat' dir='ltr'>gratia</span> <span class='ocrx_word' id='word_1_294' title='bbox 989 1890 1169 1921; x_wconf 86' lang='lat' dir='ltr'>curationis.</span> <span class='ocrx_word' id='word_1_295' title='bbox 1187 1890 1266 1920; x_wconf 90' lang='lat' dir='ltr'>Item</span> 
     </span>
     <span class='ocr_line' id='line_1_38' title="bbox 197 1934 1264 1975; baseline 0.001 -11"><span class='ocrx_word' id='word_1_296' title='bbox 197 1947 212 1964; x_wconf 82' lang='lat'><strong>»</strong></span> <span class='ocrx_word' id='word_1_297' title='bbox 230 1934 328 1975; x_wconf 84' lang='lat' dir='ltr'>gratia</span> <span class='ocrx_word' id='word_1_298' title='bbox 343 1934 506 1975; x_wconf 90' lang='lat' dir='ltr'>perficiens</span> <span class='ocrx_word' id='word_1_299' title='bbox 522 1941 553 1966; x_wconf 91' lang='lat' dir='ltr'>et</span> <span class='ocrx_word' id='word_1_300' title='bbox 569 1934 708 1966; x_wconf 89' lang='lat' dir='ltr'>sanitatis</span> <span class='ocrx_word' id='word_1_301' title='bbox 724 1935 893 1975; x_wconf 87' lang='lat' dir='ltr'>spiritualis</span> <span class='ocrx_word' id='word_1_302' title='bbox 910 1941 992 1966; x_wconf 87' lang='lat' dir='ltr'>creat</span> <span class='ocrx_word' id='word_1_303' title='bbox 1007 1936 1151 1973; x_wconf 80' lang='lat' dir='ltr'>virtutes,</span> <span class='ocrx_word' id='word_1_304' title='bbox 1167 1934 1264 1972; x_wconf 90' lang='lat' dir='ltr'>dona,</span> 
     </span>
     <span class='ocr_line' id='line_1_39' title="bbox 197 1978 1263 2020; baseline -0.001 -10"><span class='ocrx_word' id='word_1_305' title='bbox 197 1978 361 2020; x_wconf 80' lang='lat' dir='ltr'>»fructus</span> <span class='ocrx_word' id='word_1_306' title='bbox 384 1984 414 2010; x_wconf 90' lang='lat' dir='ltr'>et</span> <span class='ocrx_word' id='word_1_307' title='bbox 436 1979 667 2010; x_wconf 85' lang='lat' dir='ltr'>beatitudines:</span> <span class='ocrx_word' id='word_1_308' title='bbox 694 1979 791 2019; x_wconf 85' lang='lat' dir='ltr'>gratia</span> <span class='ocrx_word' id='word_1_309' title='bbox 814 1989 889 2010; x_wconf 91' lang='lat' dir='ltr'>vero</span> <span class='ocrx_word' id='word_1_310' title='bbox 920 1978 1060 2010; x_wconf 88' lang='lat' dir='ltr'>reficiens</span> <span class='ocrx_word' id='word_1_311' title='bbox 1089 1989 1145 2010; x_wconf 91' lang='lat' dir='ltr'>seu</span> <span class='ocrx_word' id='word_1_312' title='bbox 1177 1989 1263 2009; x_wconf 86' lang='lat' dir='ltr'>cura-</span> 
     </span>
     <span class='ocr_line' id='line_1_40' title="bbox 198 2023 1266 2064; baseline -0.001 -10"><span class='ocrx_word' id='word_1_313' title='bbox 198 2036 213 2053; x_wconf 74' lang='lat'><strong>»</strong></span> <span class='ocrx_word' id='word_1_314' title='bbox 233 2023 328 2054; x_wconf 90' lang='lat' dir='ltr'>tionis</span> <span class='ocrx_word' id='word_1_315' title='bbox 352 2023 555 2064; x_wconf 78' lang='lat' dir='ltr'>aegritudinis</span> <span class='ocrx_word' id='word_1_316' title='bbox 578 2023 746 2064; x_wconf 88' lang='lat' dir='ltr'>spiritualis</span> <span class='ocrx_word' id='word_1_317' title='bbox 768 2023 821 2054; x_wconf 89' lang='lat' dir='ltr'>dat</span> <span class='ocrx_word' id='word_1_318' title='bbox 846 2023 912 2054; x_wconf 88' lang='lat' dir='ltr'>vim</span> <span class='ocrx_word' id='word_1_319' title='bbox 931 2023 1150 2055; x_wconf 88' lang='lat' dir='ltr'>Sacramentis</span> <span class='ocrx_word' id='word_1_320' title='bbox 1174 2033 1266 2053; x_wconf 90' lang='lat' dir='ltr'>evan-</span> 
     </span>
     <span class='ocr_line' id='line_1_41' title="bbox 197 2067 1267 2109; baseline 0 -11"><span class='ocrx_word' id='word_1_321' title='bbox 197 2080 213 2097; x_wconf 70' lang='lat'><strong>»</strong></span> <span class='ocrx_word' id='word_1_322' title='bbox 232 2067 360 2108; x_wconf 86' lang='lat' dir='ltr'>gelicis,</span> <span class='ocrx_word' id='word_1_323' title='bbox 385 2078 466 2109; x_wconf 88' lang='lat' dir='ltr'>quae</span> <span class='ocrx_word' id='word_1_324' title='bbox 491 2074 565 2098; x_wconf 92' lang='lat' dir='ltr'>sunt</span> <span class='ocrx_word' id='word_1_325' title='bbox 593 2068 767 2099; x_wconf 84' lang='lat' dir='ltr'>medicinae</span> <span class='ocrx_word' id='word_1_326' title='bbox 791 2075 821 2099; x_wconf 94' lang='lat' dir='ltr'>et</span> <span class='ocrx_word' id='word_1_327' title='bbox 844 2068 983 2099; x_wconf 87' lang='lat' dir='ltr'>remedia</span> <span class='ocrx_word' id='word_1_328' title='bbox 1005 2068 1195 2098; x_wconf 87' lang='lat' dir='ltr'>animarum.</span> <span class='ocrx_word' id='word_1_329' title='bbox 1219 2068 1267 2098; x_wconf 93' lang='lat' dir='ltr'>De</span> 
     </span>
     <span class='ocr_line' id='line_1_42' title="bbox 198 2110 1267 2155; baseline -0.001 -12"><span class='ocrx_word' id='word_1_330' title='bbox 198 2125 213 2142; x_wconf 85' lang='lat'><strong>»</strong></span> <span class='ocrx_word' id='word_1_331' title='bbox 233 2112 452 2143; x_wconf 86' lang='lat' dir='ltr'>Sacramentis</span> <span class='ocrx_word' id='word_1_332' title='bbox 474 2122 550 2143; x_wconf 92' lang='lat' dir='ltr'>vero</span> <span class='ocrx_word' id='word_1_333' title='bbox 580 2112 613 2143; x_wconf 92' lang='lat' dir='ltr'>in</span> <span class='ocrx_word' id='word_1_334' title='bbox 637 2119 724 2152; x_wconf 88' lang='lat' dir='ltr'>parte</span> <span class='ocrx_word' id='word_1_335' title='bbox 747 2112 807 2142; x_wconf 85' lang='lat' dir='ltr'>alia</span> <span class='ocrx_word' id='word_1_336' title='bbox 831 2110 961 2155; x_wconf 91' lang='lat' dir='ltr'>(scilicet</span> <span class='ocrx_word' id='word_1_337' title='bbox 989 2119 1100 2153; x_wconf 87' lang='lat' dir='ltr'>quarta</span> <span class='ocrx_word' id='word_1_338' title='bbox 1115 2112 1267 2143; x_wconf 87' lang='lat' dir='ltr'>Summae</span> 
     </span>
     <span class='ocr_line' id='line_1_43' title="bbox 198 2154 1266 2199; baseline 0 -12"><span class='ocrx_word' id='word_1_339' title='bbox 198 2169 214 2186; x_wconf 68' lang='grc' dir='ltr'><strong><em>ι</em></strong></span> <span class='ocrx_word' id='word_1_340' title='bbox 233 2154 491 2199; x_wconf 87' lang='lat' dir='ltr'>quadripartitae)</span> <span class='ocrx_word' id='word_1_341' title='bbox 515 2157 675 2196; x_wconf 88' lang='lat' dir='ltr'>agendum</span> <span class='ocrx_word' id='word_1_342' title='bbox 694 2163 754 2187; x_wconf 86' lang='lat' dir='ltr'>est:</span> <span class='ocrx_word' id='word_1_343' title='bbox 772 2157 898 2198; x_wconf 86' lang='lat' dir='ltr'>reliqua</span> <span class='ocrx_word' id='word_1_344' title='bbox 913 2167 988 2187; x_wconf 92' lang='lat' dir='ltr'>vero</span> <span class='ocrx_word' id='word_1_345' title='bbox 1005 2163 1079 2187; x_wconf 91' lang='lat' dir='ltr'>sunt</span> <span class='ocrx_word' id='word_1_346' title='bbox 1094 2156 1266 2197; x_wconf 86' lang='lat' dir='ltr'>praesentis</span> 
     </span>
     <span class='ocr_line' id='line_1_44' title="bbox 198 2201 1267 2242; baseline 0.001 -12"><span class='ocrx_word' id='word_1_347' title='bbox 198 2214 214 2230; x_wconf 72' lang='grc' dir='ltr'><strong>ι</strong></span> <span class='ocrx_word' id='word_1_348' title='bbox 233 2201 361 2241; x_wconf 90' lang='lat' dir='ltr'>negotii.</span> <span class='ocrx_word' id='word_1_349' title='bbox 376 2213 391 2228; x_wconf 81' lang='grc'>»</span> <span class='ocrx_word' id='word_1_350' title='bbox 411 2201 520 2242; x_wconf 88' lang='lat' dir='ltr'>Itaque</span> <span class='ocrx_word' id='word_1_351' title='bbox 543 2201 576 2231; x_wconf 91' lang='lat' dir='ltr'>in</span> <span class='ocrx_word' id='word_1_352' title='bbox 595 2201 663 2241; x_wconf 90' lang='lat' dir='ltr'>ipsa</span> <span class='ocrx_word' id='word_1_353' title='bbox 680 2201 865 2242; x_wconf 86' lang='lat' dir='ltr'>quaestione</span> <span class='ocrx_word' id='word_1_354' title='bbox 881 2211 962 2231; x_wconf 75' lang='lat' dir='ltr'>Lxxn</span> <span class='ocrx_word' id='word_1_355' title='bbox 978 2201 1018 2232; x_wconf 87' lang='lat' dir='ltr'>de</span> <span class='ocrx_word' id='word_1_356' title='bbox 1032 2202 1144 2242; x_wconf 86' lang='lat' dir='ltr'>gratia</span> <span class='ocrx_word' id='word_1_357' title='bbox 1171 2201 1267 2231; x_wconf 90' lang='lat' dir='ltr'>disse-</span> 
     </span>
     <span class='ocr_line' id='line_1_45' title="bbox 197 2245 1267 2286; baseline 0 -10"><span class='ocrx_word' id='word_1_358' title='bbox 197 2245 274 2277; x_wconf 91' lang='lat' dir='ltr'>ritur</span> <span class='ocrx_word' id='word_1_359' title='bbox 297 2246 329 2276; x_wconf 90' lang='lat' dir='ltr'>in</span> <span class='ocrx_word' id='word_1_360' title='bbox 354 2246 593 2286; x_wconf 88' lang='lat' dir='ltr'>comparatione</span> <span class='ocrx_word' id='word_1_361' title='bbox 616 2245 656 2275; x_wconf 88' lang='lat' dir='ltr'>ad</span> <span class='ocrx_word' id='word_1_362' title='bbox 674 2245 815 2283; x_wconf 87' lang='lat' dir='ltr'>virtutes,</span> <span class='ocrx_word' id='word_1_363' title='bbox 839 2245 879 2275; x_wconf 90' lang='lat' dir='ltr'>ad</span> <span class='ocrx_word' id='word_1_364' title='bbox 902 2245 998 2284; x_wconf 91' lang='lat' dir='ltr'>dona,</span> <span class='ocrx_word' id='word_1_365' title='bbox 1018 2245 1058 2275; x_wconf 87' lang='lat' dir='ltr'>ad</span> <span class='ocrx_word' id='word_1_366' title='bbox 1081 2245 1212 2284; x_wconf 87' lang='lat' dir='ltr'>fructus,</span> <span class='ocrx_word' id='word_1_367' title='bbox 1228 2245 1267 2275; x_wconf 90' lang='lat' dir='ltr'>ad</span> 
     </span>
     <span class='ocr_line' id='line_1_46' title="bbox 196 2289 1267 2331; baseline -0.003 -9"><span class='ocrx_word' id='word_1_368' title='bbox 196 2289 415 2323; x_wconf 85' lang='lat' dir='ltr'>beatitudines:</span> <span class='ocrx_word' id='word_1_369' title='bbox 427 2299 457 2330; x_wconf 93' lang='lat' dir='ltr'>q.</span> <span class='ocrx_word' id='word_1_370' title='bbox 466 2299 562 2320; x_wconf 78' lang='lat' dir='ltr'>Lxxni</span> <span class='ocrx_word' id='word_1_371' title='bbox 570 2289 610 2320; x_wconf 90' lang='lat' dir='ltr'>de</span> <span class='ocrx_word' id='word_1_372' title='bbox 618 2291 729 2330; x_wconf 88' lang='lat' dir='ltr'>gratia</span> <span class='ocrx_word' id='word_1_373' title='bbox 734 2291 841 2331; x_wconf 86' lang='lat' dir='ltr'>gratis</span> <span class='ocrx_word' id='word_1_374' title='bbox 850 2290 927 2321; x_wconf 87' lang='lat' dir='ltr'>data</span> <span class='ocrx_word' id='word_1_375' title='bbox 935 2289 1117 2330; x_wconf 85' lang='lat' dir='ltr'>generatim:</span> <span class='ocrx_word' id='word_1_376' title='bbox 1127 2300 1157 2331; x_wconf 93' lang='lat' dir='ltr'>q.</span> <span class='ocrx_word' id='word_1_377' title='bbox 1166 2300 1267 2328; x_wconf 58' lang='lat' dir='ltr'>cxxiv,</span> 
     </span>
     <span class='ocr_line' id='line_1_47' title="bbox 197 2333 1268 2375; baseline -0.001 -10"><span class='ocrx_word' id='word_1_378' title='bbox 197 2343 288 2372; x_wconf 80' lang='lat' dir='ltr'>mv,</span> <span class='ocrx_word' id='word_1_379' title='bbox 303 2343 395 2364; x_wconf 77' lang='lat' dir='ltr'>Lxxvt</span> <span class='ocrx_word' id='word_1_380' title='bbox 411 2333 451 2364; x_wconf 89' lang='lat' dir='ltr'>de</span> <span class='ocrx_word' id='word_1_381' title='bbox 463 2335 575 2375; x_wconf 84' lang='lat' dir='ltr'>gratia</span> <span class='ocrx_word' id='word_1_382' title='bbox 590 2335 697 2375; x_wconf 86' lang='lat' dir='ltr'>gratis</span> <span class='ocrx_word' id='word_1_383' title='bbox 711 2333 788 2365; x_wconf 88' lang='lat' dir='ltr'>data</span> <span class='ocrx_word' id='word_1_384' title='bbox 803 2335 925 2365; x_wconf 89' lang='lat' dir='ltr'>homini</span> <span class='ocrx_word' id='word_1_385' title='bbox 937 2340 1075 2375; x_wconf 86' lang='lat' dir='ltr'>propter</span> <span class='ocrx_word' id='word_1_386' title='bbox 1087 2344 1133 2372; x_wconf 89' lang='lat' dir='ltr'>se,</span> <span class='ocrx_word' id='word_1_387' title='bbox 1151 2334 1268 2365; x_wconf 88' lang='lat' dir='ltr'>scilicet</span> 
     </span>
     <span class='ocr_line' id='line_1_48' title="bbox 201 2378 1268 2420; baseline -0.002 -10"><span class='ocrx_word' id='word_1_388' title='bbox 201 2378 242 2411; x_wconf 84' lang='lat' dir='ltr'>de</span> <span class='ocrx_word' id='word_1_389' title='bbox 249 2378 322 2420; x_wconf 85' lang='lat' dir='ltr'>fide</span> <span class='ocrx_word' id='word_1_390' title='bbox 340 2378 484 2419; x_wconf 88' lang='lat' dir='ltr'>informi,</span> <span class='ocrx_word' id='word_1_391' title='bbox 500 2378 540 2409; x_wconf 90' lang='lat' dir='ltr'>de</span> <span class='ocrx_word' id='word_1_392' title='bbox 553 2388 609 2419; x_wconf 86' lang='lat' dir='ltr'>spe</span> <span class='ocrx_word' id='word_1_393' title='bbox 624 2378 768 2420; x_wconf 88' lang='lat' dir='ltr'>informi,</span> <span class='ocrx_word' id='word_1_394' title='bbox 789 2378 829 2409; x_wconf 91' lang='lat' dir='ltr'>de</span> <span class='ocrx_word' id='word_1_395' title='bbox 846 2379 960 2409; x_wconf 87' lang='lat' dir='ltr'>timore</span> <span class='ocrx_word' id='word_1_396' title='bbox 973 2379 1102 2409; x_wconf 85' lang='lat' dir='ltr'>servili:</span> <span class='ocrx_word' id='word_1_397' title='bbox 1117 2389 1148 2419; x_wconf 93' lang='lat' dir='ltr'>q.</span> <span class='ocrx_word' id='word_1_398' title='bbox 1164 2387 1268 2408; x_wconf 76' lang='lat' dir='ltr'>Lxxvn</span> 
     </span>
     <span class='ocr_line' id='line_1_49' title="bbox 201 2422 1268 2464; baseline -0.002 -10"><span class='ocrx_word' id='word_1_399' title='bbox 201 2422 241 2454; x_wconf 90' lang='lat' dir='ltr'>de</span> <span class='ocrx_word' id='word_1_400' title='bbox 258 2423 370 2464; x_wconf 83' lang='lat' dir='ltr'>gratia</span> <span class='ocrx_word' id='word_1_401' title='bbox 387 2423 495 2463; x_wconf 88' lang='lat' dir='ltr'>gratis</span> <span class='ocrx_word' id='word_1_402' title='bbox 517 2422 594 2453; x_wconf 88' lang='lat' dir='ltr'>data</span> <span class='ocrx_word' id='word_1_403' title='bbox 618 2422 661 2454; x_wconf 88' lang='lat' dir='ltr'>ad</span> <span class='ocrx_word' id='word_1_404' title='bbox 683 2423 835 2453; x_wconf 86' lang='lat' dir='ltr'>honorem</span> <span class='ocrx_word' id='word_1_405' title='bbox 858 2423 922 2453; x_wconf 91' lang='lat' dir='ltr'>Dei</span> <span class='ocrx_word' id='word_1_406' title='bbox 948 2428 978 2453; x_wconf 85' lang='lat' dir='ltr'>et</span> <span class='ocrx_word' id='word_1_407' title='bbox 1002 2423 1170 2453; x_wconf 86' lang='lat' dir='ltr'>utilitatem</span> <span class='ocrx_word' id='word_1_408' title='bbox 1189 2432 1268 2462; x_wconf 87' lang='lat' dir='ltr'>pro-</span> 
     </span>
     <span class='ocr_line' id='line_1_50' title="bbox 200 2476 291 2497; baseline 0 0"><span class='ocrx_word' id='word_1_409' title='bbox 200 2476 291 2497; x_wconf 82' lang='lat' dir='ltr'>ximi.</span> 
     </span>
    </p>

    <p class='ocr_par' dir='ltr' id='par_1_6' title="bbox 200 2510 1276 3642">
     <span class='ocr_line' id='line_1_51' title="bbox 269 2510 1269 2551; baseline -0.001 -10"><span class='ocrx_word' id='word_1_410' title='bbox 269 2511 431 2541; x_wconf 88' lang='lat' dir='ltr'>Hactenus</span> <span class='ocrx_word' id='word_1_411' title='bbox 454 2511 494 2541; x_wconf 89' lang='lat' dir='ltr'>de</span> <span class='ocrx_word' id='word_1_412' title='bbox 521 2511 632 2551; x_wconf 84' lang='lat' dir='ltr'>gratia</span> <span class='ocrx_word' id='word_1_413' title='bbox 651 2512 825 2551; x_wconf 86' lang='lat' dir='ltr'>separatim</span> <span class='ocrx_word' id='word_1_414' title='bbox 845 2511 1045 2551; x_wconf 86' lang='lat' dir='ltr'>quaestiones</span> <span class='ocrx_word' id='word_1_415' title='bbox 1065 2510 1191 2550; x_wconf 89' lang='lat' dir='ltr'>agitavit</span> <span class='ocrx_word' id='word_1_416' title='bbox 1214 2520 1269 2540; x_wconf 91' lang='lat' dir='ltr'>au-</span> 
     </span>
     <span class='ocr_line' id='line_1_52' title="bbox 202 2554 1269 2595; baseline -0.001 -10"><span class='ocrx_word' id='word_1_417' title='bbox 202 2561 280 2593; x_wconf 91' lang='lat' dir='ltr'>ctor,</span> <span class='ocrx_word' id='word_1_418' title='bbox 297 2561 332 2585; x_wconf 93' lang='lat' dir='ltr'>ut</span> <span class='ocrx_word' id='word_1_419' title='bbox 354 2554 423 2595; x_wconf 90' lang='lat' dir='ltr'>ipse</span> <span class='ocrx_word' id='word_1_420' title='bbox 445 2554 477 2584; x_wconf 91' lang='lat' dir='ltr'>in</span> <span class='ocrx_word' id='word_1_421' title='bbox 501 2554 638 2594; x_wconf 83' lang='lat' dir='ltr'>prologo</span> <span class='ocrx_word' id='word_1_422' title='bbox 662 2555 855 2595; x_wconf 89' lang='lat' dir='ltr'>quaestionis</span> <span class='ocrx_word' id='word_1_423' title='bbox 879 2565 950 2585; x_wconf 78' lang='lat' dir='ltr'>inx</span> <span class='ocrx_word' id='word_1_424' title='bbox 973 2555 1134 2595; x_wconf 88' lang='lat' dir='ltr'>pollicitus</span> <span class='ocrx_word' id='word_1_425' title='bbox 1159 2554 1269 2585; x_wconf 84' lang='lat' dir='ltr'>fuerat.</span> 
     </span>
     <span class='ocr_line' id='line_1_53' title="bbox 201 2598 1272 2639; baseline 0 -10"><span class='ocrx_word' id='word_1_426' title='bbox 201 2599 290 2630; x_wconf 89' lang='lat' dir='ltr'>Tum</span> <span class='ocrx_word' id='word_1_427' title='bbox 318 2609 351 2629; x_wconf 91' lang='lat' dir='ltr'>se</span> <span class='ocrx_word' id='word_1_428' title='bbox 383 2605 646 2639; x_wconf 88' lang='lat' dir='ltr'>pertractaturum</span> <span class='ocrx_word' id='word_1_429' title='bbox 678 2599 845 2639; x_wconf 89' lang='lat' dir='ltr'>pollicetur</span> <span class='ocrx_word' id='word_1_430' title='bbox 876 2599 996 2629; x_wconf 91' lang='lat' dir='ltr'>ibidem</span> <span class='ocrx_word' id='word_1_431' title='bbox 1033 2599 1071 2629; x_wconf 88' lang='lat' dir='ltr'>de</span> <span class='ocrx_word' id='word_1_432' title='bbox 1102 2598 1272 2629; x_wconf 85' lang='lat' dir='ltr'>virtutibus</span> 
     </span>
     <span class='ocr_line' id='line_1_54' title="bbox 201 2642 1271 2684; baseline -0.002 -10"><span class='ocrx_word' id='word_1_433' title='bbox 201 2642 375 2674; x_wconf 84' lang='lat' dir='ltr'>secundum</span> <span class='ocrx_word' id='word_1_434' title='bbox 399 2643 610 2684; x_wconf 86' lang='lat' dir='ltr'>theologicam</span> <span class='ocrx_word' id='word_1_435' title='bbox 635 2648 666 2673; x_wconf 90' lang='lat' dir='ltr'>et</span> <span class='ocrx_word' id='word_1_436' title='bbox 685 2653 793 2674; x_wconf 83' lang='lat' dir='ltr'>veram</span> <span class='ocrx_word' id='word_1_437' title='bbox 818 2644 1043 2683; x_wconf 78' lang='lat' dir='ltr'>acceptionem,</span> <span class='ocrx_word' id='word_1_438' title='bbox 1067 2643 1160 2674; x_wconf 81' lang='lat' dir='ltr'>donis</span> <span class='ocrx_word' id='word_1_439' title='bbox 1167 2666 1178 2681; x_wconf 91' lang='lat'>,</span> <span class='ocrx_word' id='word_1_440' title='bbox 1189 2642 1271 2684; x_wconf 90' lang='lat' dir='ltr'>fru-</span> 
     </span>
     <span class='ocr_line' id='line_1_55' title="bbox 202 2686 1271 2728; baseline -0.001 -10"><span class='ocrx_word' id='word_1_441' title='bbox 202 2687 304 2719; x_wconf 90' lang='lat' dir='ltr'>ctibus</span> <span class='ocrx_word' id='word_1_442' title='bbox 319 2692 350 2718; x_wconf 86' lang='lat' dir='ltr'>et</span> <span class='ocrx_word' id='word_1_443' title='bbox 365 2686 620 2718; x_wconf 84' lang='lat' dir='ltr'>beatitudinibus.</span> <span class='ocrx_word' id='word_1_444' title='bbox 638 2689 681 2718; x_wconf 87' lang='lat' dir='ltr'>At</span> <span class='ocrx_word' id='word_1_445' title='bbox 690 2687 723 2717; x_wconf 90' lang='lat' dir='ltr'>in</span> <span class='ocrx_word' id='word_1_446' title='bbox 733 2697 829 2727; x_wconf 91' lang='lat' dir='ltr'>opere</span> <span class='ocrx_word' id='word_1_447' title='bbox 839 2687 983 2728; x_wconf 90' lang='lat' dir='ltr'>quaestio</span> <span class='ocrx_word' id='word_1_448' title='bbox 999 2687 1141 2728; x_wconf 89' lang='lat' dir='ltr'>sequitur</span> <span class='ocrx_word' id='word_1_449' title='bbox 1154 2697 1271 2717; x_wconf 77' lang='lat' dir='ltr'>Lxxvm</span> 
     </span>
     <span class='ocr_line' id='line_1_56' title="bbox 202 2730 1272 2772; baseline 0 -10"><span class='ocrx_word' id='word_1_450' title='bbox 202 2731 242 2763; x_wconf 90' lang='lat' dir='ltr'>de</span> <span class='ocrx_word' id='word_1_451' title='bbox 257 2731 331 2772; x_wconf 88' lang='lat' dir='ltr'>fide</span> <span class='ocrx_word' id='word_1_452' title='bbox 340 2730 511 2772; x_wconf 84' lang='lat' dir='ltr'>formata:</span> <span class='ocrx_word' id='word_1_453' title='bbox 534 2731 755 2772; x_wconf 89' lang='lat' dir='ltr'>colligiturque</span> <span class='ocrx_word' id='word_1_454' title='bbox 779 2741 815 2762; x_wconf 86' lang='lat' dir='ltr'>ex</span> <span class='ocrx_word' id='word_1_455' title='bbox 839 2731 986 2772; x_wconf 89' lang='lat' dir='ltr'>prologo,</span> <span class='ocrx_word' id='word_1_456' title='bbox 1003 2731 1059 2772; x_wconf 93' lang='lat' dir='ltr'>qui</span> <span class='ocrx_word' id='word_1_457' title='bbox 1080 2731 1272 2772; x_wconf 87' lang='lat' dir='ltr'>praefigitur,</span> 
     </span>
     <span class='ocr_line' id='line_1_57' title="bbox 202 2775 1272 2817; baseline 0 -11"><span class='ocrx_word' id='word_1_458' title='bbox 202 2775 370 2806; x_wconf 86' lang='lat' dir='ltr'>desiderari</span> <span class='ocrx_word' id='word_1_459' title='bbox 402 2775 623 2816; x_wconf 88' lang='lat' dir='ltr'>quaestionem</span> <span class='ocrx_word' id='word_1_460' title='bbox 652 2775 692 2806; x_wconf 91' lang='lat' dir='ltr'>de</span> <span class='ocrx_word' id='word_1_461' title='bbox 720 2776 891 2807; x_wconf 81' lang='lat' dir='ltr'>virtutibus</span> <span class='ocrx_word' id='word_1_462' title='bbox 919 2777 951 2806; x_wconf 90' lang='lat' dir='ltr'>in</span> <span class='ocrx_word' id='word_1_463' title='bbox 978 2786 1110 2817; x_wconf 78' lang='lat' dir='ltr'>genere.</span> <span class='ocrx_word' id='word_1_464' title='bbox 1143 2775 1272 2816; x_wconf 85' lang='lat' dir='ltr'>Prologi</span> 
     </span>
     <span class='ocr_line' id='line_1_58' title="bbox 202 2819 1272 2861; baseline 0 -11"><span class='ocrx_word' id='word_1_465' title='bbox 202 2820 297 2850; x_wconf 88' lang='lat' dir='ltr'>verba</span> <span class='ocrx_word' id='word_1_466' title='bbox 312 2826 402 2850; x_wconf 89' lang='lat' dir='ltr'>sunt:</span> <span class='ocrx_word' id='word_1_467' title='bbox 421 2833 436 2848; x_wconf 62' lang='grc' dir='ltr'>ι</span> <span class='ocrx_word' id='word_1_468' title='bbox 448 2820 525 2850; x_wconf 88' lang='lat' dir='ltr'>Post</span> <span class='ocrx_word' id='word_1_469' title='bbox 539 2826 705 2850; x_wconf 87' lang='lat' dir='ltr'>tractatum</span> <span class='ocrx_word' id='word_1_470' title='bbox 721 2819 761 2851; x_wconf 90' lang='lat' dir='ltr'>de</span> <span class='ocrx_word' id='word_1_471' title='bbox 779 2820 950 2851; x_wconf 79' lang='lat' dir='ltr'>virtutibus</span> <span class='ocrx_word' id='word_1_472' title='bbox 967 2821 999 2850; x_wconf 91' lang='lat' dir='ltr'>in</span> <span class='ocrx_word' id='word_1_473' title='bbox 1018 2830 1150 2861; x_wconf 83' lang='lat' dir='ltr'>genere,</span> <span class='ocrx_word' id='word_1_474' title='bbox 1167 2820 1272 2861; x_wconf 90' lang='lat' dir='ltr'>inqui—</span> 
     </span>
     <span class='ocr_line' id='line_1_59' title="bbox 206 2863 1272 2904; baseline 0 -10"><span class='ocrx_word' id='word_1_475' title='bbox 206 2876 221 2892; x_wconf 76' lang='lat'><strong>»</strong></span> <span class='ocrx_word' id='word_1_476' title='bbox 239 2864 376 2895; x_wconf 92' lang='lat' dir='ltr'>rendum</span> <span class='ocrx_word' id='word_1_477' title='bbox 390 2870 436 2894; x_wconf 89' lang='lat' dir='ltr'>est</span> <span class='ocrx_word' id='word_1_478' title='bbox 458 2863 498 2894; x_wconf 89' lang='lat' dir='ltr'>de</span> <span class='ocrx_word' id='word_1_479' title='bbox 513 2864 675 2904; x_wconf 82' lang='lat' dir='ltr'>speciebus</span> <span class='ocrx_word' id='word_1_480' title='bbox 694 2865 847 2895; x_wconf 82' lang='lat' dir='ltr'>virtutum</span> <span class='ocrx_word' id='word_1_481' title='bbox 868 2864 1045 2895; x_wconf 92' lang='lat' dir='ltr'>secundum</span> <span class='ocrx_word' id='word_1_482' title='bbox 1061 2864 1272 2904; x_wconf 90' lang='lat' dir='ltr'>praeassigna-</span> 
     </span>
     <span class='ocr_line' id='line_1_60' title="bbox 206 2906 1272 2950; baseline 0.002 -13"><span class='ocrx_word' id='word_1_483' title='bbox 206 2920 222 2936; x_wconf 79' lang='lat'><strong>&gt;</strong></span> <span class='ocrx_word' id='word_1_484' title='bbox 240 2914 306 2939; x_wconf 84' lang='lat' dir='ltr'>tam</span> <span class='ocrx_word' id='word_1_485' title='bbox 330 2907 536 2938; x_wconf 88' lang='lat' dir='ltr'>differentiam</span> <span class='ocrx_word' id='word_1_486' title='bbox 561 2906 699 2950; x_wconf 87' lang='lat' dir='ltr'>(scilicet</span> <span class='ocrx_word' id='word_1_487' title='bbox 727 2908 904 2939; x_wconf 90' lang='lat' dir='ltr'>secundum</span> <span class='ocrx_word' id='word_1_488' title='bbox 931 2909 1145 2949; x_wconf 90' lang='lat' dir='ltr'>theologicam</span> <span class='ocrx_word' id='word_1_489' title='bbox 1168 2915 1199 2939; x_wconf 92' lang='lat' dir='ltr'>et</span> <span class='ocrx_word' id='word_1_490' title='bbox 1221 2919 1272 2939; x_wconf 90' lang='lat' dir='ltr'>ve-</span> 
     </span>
     <span class='ocr_line' id='line_1_61' title="bbox 206 2950 1271 2995; baseline 0.002 -14"><span class='ocrx_word' id='word_1_491' title='bbox 206 2963 221 2978; x_wconf 78' lang='lat'><strong>»</strong></span> <span class='ocrx_word' id='word_1_492' title='bbox 241 2961 310 2981; x_wconf 88' lang='lat' dir='ltr'>ram</span> <span class='ocrx_word' id='word_1_493' title='bbox 332 2950 573 2995; x_wconf 88' lang='lat' dir='ltr'>acceptionem).</span> <span class='ocrx_word' id='word_1_494' title='bbox 591 2964 606 2979; x_wconf 62' lang='grc' dir='ltr'>ιν</span> <span class='ocrx_word' id='word_1_495' title='bbox 626 2953 790 2983; x_wconf 90' lang='lat' dir='ltr'>Lacunam</span> <span class='ocrx_word' id='word_1_496' title='bbox 804 2960 965 2993; x_wconf 90' lang='lat' dir='ltr'>patentem</span> <span class='ocrx_word' id='word_1_497' title='bbox 980 2960 1010 2983; x_wconf 93' lang='lat' dir='ltr'>et</span> <span class='ocrx_word' id='word_1_498' title='bbox 1029 2953 1151 2984; x_wconf 89' lang='lat' dir='ltr'>hiatum</span> <span class='ocrx_word' id='word_1_499' title='bbox 1165 2953 1271 2983; x_wconf 91' lang='lat' dir='ltr'>habes.</span> 
     </span>
     <span class='ocr_line' id='line_1_62' title="bbox 204 2994 1273 3037; baseline 0.002 -12"><span class='ocrx_word' id='word_1_500' title='bbox 204 2994 353 3036; x_wconf 90' lang='lat' dir='ltr'>Sequitur</span> <span class='ocrx_word' id='word_1_501' title='bbox 375 2995 542 3035; x_wconf 88' lang='lat' dir='ltr'>Prologus,</span> <span class='ocrx_word' id='word_1_502' title='bbox 562 3006 629 3037; x_wconf 92' lang='lat' dir='ltr'>quo</span> <span class='ocrx_word' id='word_1_503' title='bbox 654 2997 829 3036; x_wconf 90' lang='lat' dir='ltr'>promissae</span> <span class='ocrx_word' id='word_1_504' title='bbox 852 2997 891 3027; x_wconf 90' lang='lat' dir='ltr'>ab</span> <span class='ocrx_word' id='word_1_505' title='bbox 915 3003 1043 3028; x_wconf 90' lang='lat' dir='ltr'>auctore</span> <span class='ocrx_word' id='word_1_506' title='bbox 1071 2997 1273 3037; x_wconf 89' lang='lat' dir='ltr'>quaestiones</span> 
     </span>
     <span class='ocr_line' id='line_1_63' title="bbox 204 3038 1273 3081; baseline 0.002 -12"><span class='ocrx_word' id='word_1_507' title='bbox 204 3038 244 3069; x_wconf 90' lang='lat' dir='ltr'>de</span> <span class='ocrx_word' id='word_1_508' title='bbox 268 3039 429 3078; x_wconf 84' lang='lat' dir='ltr'>speciebus</span> <span class='ocrx_word' id='word_1_509' title='bbox 448 3041 600 3070; x_wconf 82' lang='lat' dir='ltr'>virtutum</span> <span class='ocrx_word' id='word_1_510' title='bbox 626 3041 844 3071; x_wconf 91' lang='lat' dir='ltr'>continentur:</span> <span class='ocrx_word' id='word_1_511' title='bbox 873 3054 888 3069; x_wconf 66' lang='grc' dir='ltr'><em>α</em></span> <span class='ocrx_word' id='word_1_512' title='bbox 901 3041 942 3072; x_wconf 89' lang='lat' dir='ltr'>Et</span> <span class='ocrx_word' id='word_1_513' title='bbox 965 3041 1069 3081; x_wconf 90' lang='lat' dir='ltr'>primo</span> <span class='ocrx_word' id='word_1_514' title='bbox 1102 3048 1212 3081; x_wconf 87' lang='lat' dir='ltr'>agatur</span> <span class='ocrx_word' id='word_1_515' title='bbox 1235 3041 1273 3071; x_wconf 92' lang='lat' dir='ltr'>de</span> 
     </span>
     <span class='ocr_line' id='line_1_64' title="bbox 208 3082 1275 3125; baseline 0.003 -13"><span class='ocrx_word' id='word_1_516' title='bbox 208 3094 222 3109; x_wconf 82' lang='lat'><strong>»</strong></span> <span class='ocrx_word' id='word_1_517' title='bbox 242 3082 422 3123; x_wconf 45' lang='lat' dir='ltr'>virtutibus,</span> <span class='ocrx_word' id='word_1_518' title='bbox 438 3083 643 3123; x_wconf 84' lang='lat' dir='ltr'>theologicis,</span> <span class='ocrx_word' id='word_1_519' title='bbox 669 3095 750 3125; x_wconf 90' lang='lat' dir='ltr'>quae</span> <span class='ocrx_word' id='word_1_520' title='bbox 780 3091 854 3115; x_wconf 91' lang='lat' dir='ltr'>sunt</span> <span class='ocrx_word' id='word_1_521' title='bbox 877 3085 1007 3116; x_wconf 91' lang='lat' dir='ltr'>virtutes</span> <span class='ocrx_word' id='word_1_522' title='bbox 1036 3085 1076 3115; x_wconf 91' lang='lat' dir='ltr'>ad</span> <span class='ocrx_word' id='word_1_523' title='bbox 1099 3084 1214 3123; x_wconf 91' lang='lat' dir='ltr'>finem,</span> <span class='ocrx_word' id='word_1_524' title='bbox 1239 3092 1275 3115; x_wconf 93' lang='lat' dir='ltr'>ut</span> 
     </span>
     <span class='ocr_line' id='line_1_65' title="bbox 208 3126 1275 3170; baseline 0.004 -14"><span class='ocrx_word' id='word_1_525' title='bbox 208 3138 223 3153; x_wconf 80' lang='lat'><strong>»</strong></span> <span class='ocrx_word' id='word_1_526' title='bbox 232 3126 332 3168; x_wconf 87' lang='lat' dir='ltr'>fides,</span> <span class='ocrx_word' id='word_1_527' title='bbox 351 3136 443 3166; x_wconf 88' lang='lat' dir='ltr'>spes,</span> <span class='ocrx_word' id='word_1_528' title='bbox 460 3128 581 3158; x_wconf 88' lang='lat' dir='ltr'>caritas</span> <span class='ocrx_word' id='word_1_529' title='bbox 601 3134 664 3158; x_wconf 90' lang='lat' dir='ltr'>etc:</span> <span class='ocrx_word' id='word_1_530' title='bbox 691 3135 920 3170; x_wconf 91' lang='lat' dir='ltr'>consequenter</span> <span class='ocrx_word' id='word_1_531' title='bbox 941 3139 1017 3159; x_wconf 92' lang='lat' dir='ltr'>vero</span> <span class='ocrx_word' id='word_1_532' title='bbox 1041 3129 1080 3159; x_wconf 92' lang='lat' dir='ltr'>de</span> <span class='ocrx_word' id='word_1_533' title='bbox 1104 3129 1275 3160; x_wconf 83' lang='lat' dir='ltr'>virtutibus</span> 
     </span>
     <span class='ocr_line' id='line_1_66' title="bbox 207 3170 1275 3214; baseline 0.004 -14"><span class='ocrx_word' id='word_1_534' title='bbox 207 3182 223 3197; x_wconf 70' lang='lat'><em>2</em></span> <span class='ocrx_word' id='word_1_535' title='bbox 243 3170 472 3208; x_wconf 87' lang='lat' dir='ltr'>cardinalibus,</span> <span class='ocrx_word' id='word_1_536' title='bbox 498 3180 579 3211; x_wconf 87' lang='lat' dir='ltr'>quae</span> <span class='ocrx_word' id='word_1_537' title='bbox 603 3179 677 3203; x_wconf 90' lang='lat' dir='ltr'>sunt</span> <span class='ocrx_word' id='word_1_538' title='bbox 695 3173 734 3203; x_wconf 90' lang='lat' dir='ltr'>de</span> <span class='ocrx_word' id='word_1_539' title='bbox 762 3172 812 3203; x_wconf 91' lang='lat' dir='ltr'>his</span> <span class='ocrx_word' id='word_1_540' title='bbox 835 3183 916 3214; x_wconf 92' lang='lat' dir='ltr'>quae</span> <span class='ocrx_word' id='word_1_541' title='bbox 945 3179 1020 3204; x_wconf 87' lang='lat' dir='ltr'>sunt</span> <span class='ocrx_word' id='word_1_542' title='bbox 1047 3173 1087 3203; x_wconf 91' lang='lat' dir='ltr'>ad</span> <span class='ocrx_word' id='word_1_543' title='bbox 1114 3172 1222 3211; x_wconf 88' lang='lat' dir='ltr'>finem,</span> <span class='ocrx_word' id='word_1_544' title='bbox 1239 3180 1275 3204; x_wconf 94' lang='lat' dir='ltr'>ut</span> 
     </span>
     <span class='ocr_line' id='line_1_67' title="bbox 209 3214 1274 3258; baseline 0.004 -14"><span class='ocrx_word' id='word_1_545' title='bbox 209 3227 224 3243; x_wconf 65' lang='lat' dir='ltr'>x</span> <span class='ocrx_word' id='word_1_546' title='bbox 238 3214 426 3255; x_wconf 84' lang='lat' dir='ltr'>prudentia,</span> <span class='ocrx_word' id='word_1_547' title='bbox 452 3215 584 3254; x_wconf 87' lang='lat' dir='ltr'>iustitia,</span> <span class='ocrx_word' id='word_1_548' title='bbox 599 3215 782 3256; x_wconf 84' lang='lat' dir='ltr'>fortitudo,</span> <span class='ocrx_word' id='word_1_549' title='bbox 808 3219 1030 3257; x_wconf 83' lang='lat' dir='ltr'>temperantia.</span> <span class='ocrx_word' id='word_1_550' title='bbox 1062 3217 1169 3248; x_wconf 89' lang='lat' dir='ltr'>Primo</span> <span class='ocrx_word' id='word_1_551' title='bbox 1200 3226 1274 3258; x_wconf 90' lang='lat' dir='ltr'>ergo</span> 
     </span>
     <span class='ocr_line' id='line_1_68' title="bbox 210 3258 1271 3300; baseline 0.004 -12"><span class='ocrx_word' id='word_1_552' title='bbox 210 3272 224 3287; x_wconf 81' lang='lat'><strong>»</strong></span> <span class='ocrx_word' id='word_1_553' title='bbox 244 3265 411 3299; x_wconf 89' lang='lat' dir='ltr'>quaeretur</span> <span class='ocrx_word' id='word_1_554' title='bbox 429 3258 469 3289; x_wconf 92' lang='lat' dir='ltr'>de</span> <span class='ocrx_word' id='word_1_555' title='bbox 473 3258 557 3299; x_wconf 88' lang='lat' dir='ltr'>fide,</span> <span class='ocrx_word' id='word_1_556' title='bbox 575 3260 714 3290; x_wconf 90' lang='lat' dir='ltr'>secundo</span> <span class='ocrx_word' id='word_1_557' title='bbox 729 3260 770 3291; x_wconf 90' lang='lat' dir='ltr'>de</span> <span class='ocrx_word' id='word_1_558' title='bbox 786 3270 852 3300; x_wconf 86' lang='lat' dir='ltr'>spe,</span> <span class='ocrx_word' id='word_1_559' title='bbox 873 3261 964 3292; x_wconf 90' lang='lat' dir='ltr'>tertio</span> <span class='ocrx_word' id='word_1_560' title='bbox 980 3261 1020 3292; x_wconf 88' lang='lat' dir='ltr'>de</span> <span class='ocrx_word' id='word_1_561' title='bbox 1035 3262 1171 3292; x_wconf 90' lang='lat' dir='ltr'>caritate</span> <span class='ocrx_word' id='word_1_562' title='bbox 1185 3268 1242 3292; x_wconf 91' lang='lat' dir='ltr'>etc.</span> <span class='ocrx_word' id='word_1_563' title='bbox 1257 3274 1271 3288; x_wconf 65' lang='lat'>2</span> 
     </span>
     <span class='ocr_line' id='line_1_69' title="bbox 205 3302 1274 3346; baseline 0.001 -12"><span class='ocrx_word' id='word_1_564' title='bbox 205 3303 280 3343; x_wconf 89' lang='lat' dir='ltr'>Agit</span> <span class='ocrx_word' id='word_1_565' title='bbox 298 3309 408 3333; x_wconf 88' lang='lat' dir='ltr'>auctor</span> <span class='ocrx_word' id='word_1_566' title='bbox 427 3302 509 3333; x_wconf 90' lang='lat' dir='ltr'>dicta</span> <span class='ocrx_word' id='word_1_567' title='bbox 524 3303 709 3343; x_wconf 89' lang='lat' dir='ltr'>quaestione</span> <span class='ocrx_word' id='word_1_568' title='bbox 728 3314 845 3334; x_wconf 75' lang='lat' dir='ltr'>Lxxvm</span> <span class='ocrx_word' id='word_1_569' title='bbox 864 3305 904 3335; x_wconf 94' lang='lat' dir='ltr'>de</span> <span class='ocrx_word' id='word_1_570' title='bbox 911 3305 984 3346; x_wconf 90' lang='lat' dir='ltr'>fide</span> <span class='ocrx_word' id='word_1_571' title='bbox 994 3305 1145 3345; x_wconf 87' lang='lat' dir='ltr'>formata</span> <span class='ocrx_word' id='word_1_572' title='bbox 1163 3315 1274 3336; x_wconf 89' lang='lat' dir='ltr'>secun-</span> 
     </span>
     <span class='ocr_line' id='line_1_70' title="bbox 206 3346 1276 3389; baseline 0.001 -11"><span class='ocrx_word' id='word_1_573' title='bbox 206 3347 283 3378; x_wconf 88' lang='lat' dir='ltr'>dum</span> <span class='ocrx_word' id='word_1_574' title='bbox 307 3356 374 3377; x_wconf 90' lang='lat' dir='ltr'>rem</span> <span class='ocrx_word' id='word_1_575' title='bbox 395 3352 425 3377; x_wconf 90' lang='lat' dir='ltr'>et</span> <span class='ocrx_word' id='word_1_576' title='bbox 443 3346 677 3387; x_wconf 75' lang='lat' dir='ltr'>definitionem:</span> <span class='ocrx_word' id='word_1_577' title='bbox 695 3358 726 3388; x_wconf 93' lang='lat' dir='ltr'>q.</span> <span class='ocrx_word' id='word_1_578' title='bbox 743 3358 834 3379; x_wconf 77' lang='lat' dir='ltr'>mnux</span> <span class='ocrx_word' id='word_1_579' title='bbox 852 3348 892 3379; x_wconf 88' lang='lat' dir='ltr'>de</span> <span class='ocrx_word' id='word_1_580' title='bbox 910 3349 1028 3379; x_wconf 86' lang='lat' dir='ltr'>obiecto</span> <span class='ocrx_word' id='word_1_581' title='bbox 1036 3349 1122 3389; x_wconf 89' lang='lat' dir='ltr'>fidei</span> <span class='ocrx_word' id='word_1_582' title='bbox 1131 3356 1142 3379; x_wconf 88' lang='lat'>.·</span> <span class='ocrx_word' id='word_1_583' title='bbox 1155 3359 1186 3389; x_wconf 92' lang='lat' dir='ltr'>q.</span> <span class='ocrx_word' id='word_1_584' title='bbox 1198 3359 1276 3379; x_wconf 69' lang='grc' dir='ltr'>ιω</span> 
     </span>
     <span class='ocr_line' id='line_1_71' title="bbox 206 3390 1276 3432; baseline 0 -10"><span class='ocrx_word' id='word_1_585' title='bbox 206 3391 246 3422; x_wconf 89' lang='lat' dir='ltr'>de</span> <span class='ocrx_word' id='word_1_586' title='bbox 271 3391 410 3421; x_wconf 87' lang='lat' dir='ltr'>subiecto</span> <span class='ocrx_word' id='word_1_587' title='bbox 427 3390 530 3431; x_wconf 85' lang='lat' dir='ltr'>fidei:</span> <span class='ocrx_word' id='word_1_588' title='bbox 553 3400 584 3431; x_wconf 91' lang='lat' dir='ltr'>q.</span> <span class='ocrx_word' id='word_1_589' title='bbox 604 3401 695 3421; x_wconf 81' lang='lat' dir='ltr'>Lxxxt</span> <span class='ocrx_word' id='word_1_590' title='bbox 718 3391 758 3422; x_wconf 92' lang='lat' dir='ltr'>de</span> <span class='ocrx_word' id='word_1_591' title='bbox 781 3392 988 3432; x_wconf 80' lang='lat' dir='ltr'>passionibus</span> <span class='ocrx_word' id='word_1_592' title='bbox 1015 3393 1276 3432; x_wconf 85' lang='lat' dir='ltr'>consequentibus</span> 
     </span>
     <span class='ocr_line' id='line_1_72' title="bbox 200 3434 1276 3476; baseline 0 -10"><span class='ocrx_word' id='word_1_593' title='bbox 200 3435 318 3476; x_wconf 82' lang='lat' dir='ltr'>fidem:</span> <span class='ocrx_word' id='word_1_594' title='bbox 337 3445 367 3476; x_wconf 94' lang='lat' dir='ltr'>q.</span> <span class='ocrx_word' id='word_1_595' title='bbox 379 3444 482 3465; x_wconf 75' lang='lat' dir='ltr'>Lxxxu</span> <span class='ocrx_word' id='word_1_596' title='bbox 496 3434 536 3465; x_wconf 91' lang='lat' dir='ltr'>de</span> <span class='ocrx_word' id='word_1_597' title='bbox 551 3435 698 3466; x_wconf 87' lang='lat' dir='ltr'>articulis</span> <span class='ocrx_word' id='word_1_598' title='bbox 705 3435 791 3476; x_wconf 86' lang='lat' dir='ltr'>fidei</span> <span class='ocrx_word' id='word_1_599' title='bbox 805 3441 835 3466; x_wconf 90' lang='lat' dir='ltr'>et</span> <span class='ocrx_word' id='word_1_600' title='bbox 850 3436 1021 3476; x_wconf 84' lang='lat' dir='ltr'>Symbolis.</span> <span class='ocrx_word' id='word_1_601' title='bbox 1043 3436 1130 3466; x_wconf 92' lang='lat' dir='ltr'>Haec</span> <span class='ocrx_word' id='word_1_602' title='bbox 1144 3435 1276 3466; x_wconf 89' lang='lat' dir='ltr'>huiusce</span> 
     </span>
     <span class='ocr_line' id='line_1_73' title="bbox 207 3479 1275 3519; baseline -0.001 -9"><span class='ocrx_word' id='word_1_603' title='bbox 207 3479 314 3510; x_wconf 88' lang='lat' dir='ltr'>tertiae</span> <span class='ocrx_word' id='word_1_604' title='bbox 329 3479 425 3519; x_wconf 90' lang='lat' dir='ltr'>partis</span> <span class='ocrx_word' id='word_1_605' title='bbox 445 3485 604 3519; x_wconf 85' lang='lat' dir='ltr'>postrema</span> <span class='ocrx_word' id='word_1_606' title='bbox 620 3479 763 3519; x_wconf 88' lang='lat' dir='ltr'>quaestio</span> <span class='ocrx_word' id='word_1_607' title='bbox 786 3486 847 3510; x_wconf 85' lang='lat' dir='ltr'>est:</span> <span class='ocrx_word' id='word_1_608' title='bbox 866 3479 951 3510; x_wconf 90' lang='lat' dir='ltr'>unde</span> <span class='ocrx_word' id='word_1_609' title='bbox 967 3479 1171 3519; x_wconf 89' lang='lat' dir='ltr'>quamplures</span> <span class='ocrx_word' id='word_1_610' title='bbox 1186 3479 1275 3517; x_wconf 89' lang='lat' dir='ltr'>aliae,</span> 
     </span>
     <span class='ocr_line' id='line_1_74' title="bbox 207 3523 1276 3564; baseline -0.001 -10"><span class='ocrx_word' id='word_1_611' title='bbox 207 3524 246 3554; x_wconf 88' lang='lat' dir='ltr'>ab</span> <span class='ocrx_word' id='word_1_612' title='bbox 270 3523 400 3554; x_wconf 87' lang='lat' dir='ltr'>Halensi</span> <span class='ocrx_word' id='word_1_613' title='bbox 420 3523 604 3563; x_wconf 90' lang='lat' dir='ltr'>promissae,</span> <span class='ocrx_word' id='word_1_614' title='bbox 625 3523 840 3553; x_wconf 86' lang='lat' dir='ltr'>desiderantur</span> <span class='ocrx_word' id='word_1_615' title='bbox 862 3523 1061 3564; x_wconf 90' lang='lat' dir='ltr'>quaestiones</span> <span class='ocrx_word' id='word_1_616' title='bbox 1084 3523 1124 3553; x_wconf 90' lang='lat' dir='ltr'>de</span> <span class='ocrx_word' id='word_1_617' title='bbox 1145 3532 1216 3563; x_wconf 88' lang='lat' dir='ltr'>spe,</span> <span class='ocrx_word' id='word_1_618' title='bbox 1236 3523 1276 3554; x_wconf 89' lang='lat' dir='ltr'>de</span> 
     </span>
     <span class='ocr_line' id='line_1_75' title="bbox 208 3566 1273 3607; baseline 0 -9"><span class='ocrx_word' id='word_1_619' title='bbox 208 3568 354 3605; x_wconf 89' lang='lat' dir='ltr'>caritate,</span> <span class='ocrx_word' id='word_1_620' title='bbox 369 3567 409 3598; x_wconf 90' lang='lat' dir='ltr'>de</span> <span class='ocrx_word' id='word_1_621' title='bbox 427 3567 598 3598; x_wconf 84' lang='lat' dir='ltr'>virtutibus</span> <span class='ocrx_word' id='word_1_622' title='bbox 613 3567 844 3605; x_wconf 88' lang='lat' dir='ltr'>cardinalibus,</span> <span class='ocrx_word' id='word_1_623' title='bbox 866 3567 906 3598; x_wconf 89' lang='lat' dir='ltr'>de</span> <span class='ocrx_word' id='word_1_624' title='bbox 919 3567 1022 3606; x_wconf 89' lang='lat' dir='ltr'>donis,</span> <span class='ocrx_word' id='word_1_625' title='bbox 1037 3566 1078 3598; x_wconf 89' lang='lat' dir='ltr'>de</span> <span class='ocrx_word' id='word_1_626' title='bbox 1092 3566 1273 3607; x_wconf 88' lang='lat' dir='ltr'>fructibus,</span> 
     </span>
     <span class='ocr_line' id='line_1_76' title="bbox 204 3611 524 3642; baseline 0 0"><span class='ocrx_word' id='word_1_627' title='bbox 204 3611 246 3642; x_wconf 84' lang='lat' dir='ltr'>de</span> <span class='ocrx_word' id='word_1_628' title='bbox 269 3611 524 3642; x_wconf 87' lang='lat' dir='ltr'>beatitudinibus.</span> 
     </span>
    </p>
   </div>
   <div class='ocr_carea' id='block_1_3' title="bbox 2303 281 2383 306">
    <p class='ocr_par' dir='ltr' id='par_1_7' title="bbox 2303 281 2383 306">
     <span class='ocr_line' id='line_1_77' title="bbox 2303 281 2383 306; baseline 0.013 -1"><span class='ocrx_word' id='word_1_629' title='bbox 2303 281 2383 306; x_wconf 85' lang='lat' dir='ltr'>CCXI</span> 
     </span>
    </p>
   </div>
   <div class='ocr_carea' id='block_1_4' title="bbox 1310 343 2404 3655">
    <p class='ocr_par' dir='ltr' id='par_1_8' title="bbox 1310 343 2392 1478">
     <span class='ocr_line' id='line_1_78' title="bbox 1383 343 2384 384; baseline 0.004 -10"><span class='ocrx_word' id='word_1_630' title='bbox 1383 343 1497 374; x_wconf 92' lang='lat' dir='ltr'>Otium</span> <span class='ocrx_word' id='word_1_631' title='bbox 1521 354 1555 374; x_wconf 89' lang='lat' dir='ltr'>ac</span> <span class='ocrx_word' id='word_1_632' title='bbox 1574 350 1701 384; x_wconf 91' lang='lat' dir='ltr'>tempus</span> <span class='ocrx_word' id='word_1_633' title='bbox 1720 344 1863 375; x_wconf 87' lang='lat' dir='ltr'>habuerit</span> <span class='ocrx_word' id='word_1_634' title='bbox 1891 345 1976 375; x_wconf 91' lang='lat' dir='ltr'>idem</span> <span class='ocrx_word' id='word_1_635' title='bbox 2001 345 2159 384; x_wconf 88' lang='lat' dir='ltr'>Halensis,</span> <span class='ocrx_word' id='word_1_636' title='bbox 2175 353 2210 377; x_wconf 92' lang='lat' dir='ltr'>ut</span> <span class='ocrx_word' id='word_1_637' title='bbox 2226 347 2256 377; x_wconf 91' lang='lat' dir='ltr'>in</span> <span class='ocrx_word' id='word_1_638' title='bbox 2281 348 2384 378; x_wconf 91' lang='lat' dir='ltr'>studia</span> 
     </span>
     <span class='ocr_line' id='line_1_79' title="bbox 1316 387 2384 430; baseline 0.005 -13"><span class='ocrx_word' id='word_1_639' title='bbox 1316 387 1511 419; x_wconf 88' lang='lat' dir='ltr'>incumberet</span> <span class='ocrx_word' id='word_1_640' title='bbox 1536 395 1630 429; x_wconf 89' lang='lat' dir='ltr'>atque</span> <span class='ocrx_word' id='word_1_641' title='bbox 1659 388 1891 419; x_wconf 89' lang='lat' dir='ltr'>conscribendis</span> <span class='ocrx_word' id='word_1_642' title='bbox 1915 389 2153 430; x_wconf 88' lang='lat' dir='ltr'>quaestionibus</span> <span class='ocrx_word' id='word_1_643' title='bbox 2182 401 2312 430; x_wconf 89' lang='lat' dir='ltr'>operam</span> <span class='ocrx_word' id='word_1_644' title='bbox 2331 393 2384 422; x_wconf 89' lang='lat' dir='ltr'>da-</span> 
     </span>
     <span class='ocr_line' id='line_1_80' title="bbox 1316 433 2385 474; baseline 0.004 -12"><span class='ocrx_word' id='word_1_645' title='bbox 1316 438 1377 462; x_wconf 88' lang='lat' dir='ltr'>ret:</span> <span class='ocrx_word' id='word_1_646' title='bbox 1399 442 1454 463; x_wconf 90' lang='lat' dir='ltr'>cur</span> <span class='ocrx_word' id='word_1_647' title='bbox 1473 442 1547 472; x_wconf 90' lang='lat' dir='ltr'>ergo</span> <span class='ocrx_word' id='word_1_648' title='bbox 1567 439 1708 473; x_wconf 88' lang='lat' dir='ltr'>patentes</span> <span class='ocrx_word' id='word_1_649' title='bbox 1726 433 1759 463; x_wconf 90' lang='lat' dir='ltr'>in</span> <span class='ocrx_word' id='word_1_650' title='bbox 1780 443 1836 463; x_wconf 91' lang='lat' dir='ltr'>sua</span> <span class='ocrx_word' id='word_1_651' title='bbox 1860 434 2097 474; x_wconf 88' lang='lat' dir='ltr'>quadripartita</span> <span class='ocrx_word' id='word_1_652' title='bbox 2121 434 2253 465; x_wconf 89' lang='lat' dir='ltr'>Summa</span> <span class='ocrx_word' id='word_1_653' title='bbox 2281 436 2331 466; x_wconf 93' lang='lat' dir='ltr'>hic</span> <span class='ocrx_word' id='word_1_654' title='bbox 2355 443 2385 467; x_wconf 91' lang='lat' dir='ltr'>et</span> 
     </span>
     <span class='ocr_line' id='line_1_81' title="bbox 1316 476 2383 520; baseline 0.004 -14"><span class='ocrx_word' id='word_1_655' title='bbox 1316 476 1378 506; x_wconf 90' lang='lat' dir='ltr'>illic</span> <span class='ocrx_word' id='word_1_656' title='bbox 1396 477 1524 507; x_wconf 87' lang='lat' dir='ltr'>lacunas</span> <span class='ocrx_word' id='word_1_657' title='bbox 1543 487 1609 507; x_wconf 90' lang='lat' dir='ltr'>non</span> <span class='ocrx_word' id='word_1_658' title='bbox 1626 477 1813 517; x_wconf 87' lang='lat' dir='ltr'>expleverit,</span> <span class='ocrx_word' id='word_1_659' title='bbox 1834 478 1888 507; x_wconf 93' lang='lat' dir='ltr'>sed</span> <span class='ocrx_word' id='word_1_660' title='bbox 1904 488 1986 518; x_wconf 93' lang='lat' dir='ltr'>opus</span> <span class='ocrx_word' id='word_1_661' title='bbox 2006 477 2165 508; x_wconf 90' lang='lat' dir='ltr'>diversum</span> <span class='ocrx_word' id='word_1_662' title='bbox 2190 479 2286 509; x_wconf 91' lang='lat' dir='ltr'>instar</span> <span class='ocrx_word' id='word_1_663' title='bbox 2304 481 2383 520; x_wconf 92' lang='lat' dir='ltr'>Sup-</span> 
     </span>
     <span class='ocr_line' id='line_1_82' title="bbox 1310 519 2383 563; baseline 0.004 -13"><span class='ocrx_word' id='word_1_664' title='bbox 1310 521 1466 560; x_wconf 89' lang='lat' dir='ltr'>plementi</span> <span class='ocrx_word' id='word_1_665' title='bbox 1499 531 1661 561; x_wconf 88' lang='lat' dir='ltr'>aggressus</span> <span class='ocrx_word' id='word_1_666' title='bbox 1685 519 1800 552; x_wconf 87' lang='lat' dir='ltr'>fuerit?</span> <span class='ocrx_word' id='word_1_667' title='bbox 1828 521 2052 553; x_wconf 88' lang='lat' dir='ltr'>Animadverte</span> <span class='ocrx_word' id='word_1_668' title='bbox 2078 522 2111 552; x_wconf 92' lang='lat' dir='ltr'>in</span> <span class='ocrx_word' id='word_1_669' title='bbox 2142 533 2178 553; x_wconf 90' lang='lat' dir='ltr'>ea</span> <span class='ocrx_word' id='word_1_670' title='bbox 2199 523 2328 563; x_wconf 91' lang='lat' dir='ltr'>Prologi</span> <span class='ocrx_word' id='word_1_671' title='bbox 2351 525 2383 554; x_wconf 92' lang='lat' dir='ltr'>in</span> 
     </span>
     <span class='ocr_line' id='line_1_83' title="bbox 1316 565 2383 605; baseline 0.005 -11"><span class='ocrx_word' id='word_1_672' title='bbox 1316 565 1536 605; x_wconf 87' lang='lat' dir='ltr'>quaestionem</span> <span class='ocrx_word' id='word_1_673' title='bbox 1552 575 1669 595; x_wconf 77' lang='lat' dir='ltr'>Lxxvm</span> <span class='ocrx_word' id='word_1_674' title='bbox 1690 566 1798 596; x_wconf 82' lang='lat' dir='ltr'>verba:</span> <span class='ocrx_word' id='word_1_675' title='bbox 1815 566 1890 597; x_wconf 88' lang='lat' dir='ltr'>Post</span> <span class='ocrx_word' id='word_1_676' title='bbox 1913 572 2084 597; x_wconf 87' lang='lat' dir='ltr'>tractatum</span> <span class='ocrx_word' id='word_1_677' title='bbox 2106 567 2145 597; x_wconf 90' lang='lat' dir='ltr'>de</span> <span class='ocrx_word' id='word_1_678' title='bbox 2166 568 2336 599; x_wconf 79' lang='lat' dir='ltr'>virtutibus</span> <span class='ocrx_word' id='word_1_679' title='bbox 2352 570 2383 599; x_wconf 90' lang='lat' dir='ltr'>in</span> 
     </span>
     <span class='ocr_line' id='line_1_84' title="bbox 1315 610 2384 650; baseline 0.003 -11"><span class='ocrx_word' id='word_1_680' title='bbox 1315 619 1446 650; x_wconf 84' lang='lat' dir='ltr'>genere,</span> <span class='ocrx_word' id='word_1_681' title='bbox 1466 610 1690 650; x_wconf 88' lang='lat' dir='ltr'>inquirendum</span> <span class='ocrx_word' id='word_1_682' title='bbox 1711 616 1758 641; x_wconf 91' lang='lat' dir='ltr'>est</span> <span class='ocrx_word' id='word_1_683' title='bbox 1779 610 1819 641; x_wconf 87' lang='lat' dir='ltr'>de</span> <span class='ocrx_word' id='word_1_684' title='bbox 1841 611 2003 650; x_wconf 84' lang='lat' dir='ltr'>speciebus</span> <span class='ocrx_word' id='word_1_685' title='bbox 2029 612 2182 642; x_wconf 83' lang='lat' dir='ltr'>virtutum</span> <span class='ocrx_word' id='word_1_686' title='bbox 2204 618 2262 642; x_wconf 91' lang='lat' dir='ltr'>etc.</span> <span class='ocrx_word' id='word_1_687' title='bbox 2285 612 2384 643; x_wconf 90' lang='lat' dir='ltr'>Nimi-</span> 
     </span>
     <span class='ocr_line' id='line_1_85' title="bbox 1316 653 2385 696; baseline 0.004 -13"><span class='ocrx_word' id='word_1_688' title='bbox 1316 663 1389 683; x_wconf 89' lang='lat' dir='ltr'>rum</span> <span class='ocrx_word' id='word_1_689' title='bbox 1405 653 1575 684; x_wconf 90' lang='lat' dir='ltr'>consilium</span> <span class='ocrx_word' id='word_1_690' title='bbox 1599 654 1735 685; x_wconf 90' lang='lat' dir='ltr'>auctoris</span> <span class='ocrx_word' id='word_1_691' title='bbox 1760 661 1834 693; x_wconf 88' lang='lat' dir='ltr'>erat,</span> <span class='ocrx_word' id='word_1_692' title='bbox 1851 661 1887 685; x_wconf 93' lang='lat' dir='ltr'>ut</span> <span class='ocrx_word' id='word_1_693' title='bbox 1912 655 2063 695; x_wconf 88' lang='lat' dir='ltr'>expeditis</span> <span class='ocrx_word' id='word_1_694' title='bbox 2087 656 2325 696; x_wconf 86' lang='lat' dir='ltr'>quaestionibus</span> <span class='ocrx_word' id='word_1_695' title='bbox 2347 657 2385 687; x_wconf 91' lang='lat' dir='ltr'>de</span> 
     </span>
     <span class='ocr_line' id='line_1_86' title="bbox 1316 697 2386 741; baseline 0.005 -14"><span class='ocrx_word' id='word_1_696' title='bbox 1316 698 1413 737; x_wconf 89' lang='lat' dir='ltr'>gratia</span> <span class='ocrx_word' id='word_1_697' title='bbox 1429 697 1640 728; x_wconf 87' lang='lat' dir='ltr'>sanctificante</span> <span class='ocrx_word' id='word_1_698' title='bbox 1664 698 1766 739; x_wconf 90' lang='lat' dir='ltr'>deque</span> <span class='ocrx_word' id='word_1_699' title='bbox 1794 700 1905 740; x_wconf 86' lang='lat' dir='ltr'>gratia</span> <span class='ocrx_word' id='word_1_700' title='bbox 1937 701 2043 741; x_wconf 88' lang='lat' dir='ltr'>gratis</span> <span class='ocrx_word' id='word_1_701' title='bbox 2066 700 2160 738; x_wconf 88' lang='lat' dir='ltr'>data,</span> <span class='ocrx_word' id='word_1_702' title='bbox 2186 711 2204 730; x_wconf 90' lang='lat' dir='ltr'>a</span> <span class='ocrx_word' id='word_1_703' title='bbox 2229 701 2386 741; x_wconf 90' lang='lat' dir='ltr'>quaestio-</span> 
     </span>
     <span class='ocr_line' id='line_1_87' title="bbox 1317 742 2387 785; baseline 0.005 -14"><span class='ocrx_word' id='word_1_704' title='bbox 1317 751 1356 771; x_wconf 90' lang='lat' dir='ltr'>ne</span> <span class='ocrx_word' id='word_1_705' title='bbox 1380 752 1450 772; x_wconf 77' lang='lat' dir='ltr'>Lxrx</span> <span class='ocrx_word' id='word_1_706' title='bbox 1474 742 1513 772; x_wconf 91' lang='lat' dir='ltr'>ad</span> <span class='ocrx_word' id='word_1_707' title='bbox 1532 742 1752 782; x_wconf 91' lang='lat' dir='ltr'>quaestionem</span> <span class='ocrx_word' id='word_1_708' title='bbox 1776 743 1927 774; x_wconf 90' lang='lat' dir='ltr'>inclusive</span> <span class='ocrx_word' id='word_1_709' title='bbox 1947 744 2115 784; x_wconf 88' lang='lat' dir='ltr'>septimam</span> <span class='ocrx_word' id='word_1_710' title='bbox 2142 751 2172 775; x_wconf 91' lang='lat' dir='ltr'>et</span> <span class='ocrx_word' id='word_1_711' title='bbox 2196 745 2387 785; x_wconf 88' lang='lat' dir='ltr'>septuagesi-</span> 
     </span>
     <span class='ocr_line' id='line_1_88' title="bbox 1317 786 2384 827; baseline 0.005 -12"><span class='ocrx_word' id='word_1_712' title='bbox 1317 793 1423 823; x_wconf 90' lang='lat' dir='ltr'>mam;</span> <span class='ocrx_word' id='word_1_713' title='bbox 1457 787 1497 816; x_wconf 89' lang='lat' dir='ltr'>ad</span> <span class='ocrx_word' id='word_1_714' title='bbox 1527 786 1601 816; x_wconf 90' lang='lat' dir='ltr'>alias</span> <span class='ocrx_word' id='word_1_715' title='bbox 1627 787 1828 827; x_wconf 88' lang='lat' dir='ltr'>quaestiones</span> <span class='ocrx_word' id='word_1_716' title='bbox 1861 788 2043 827; x_wconf 90' lang='lat' dir='ltr'>procederet</span> <span class='ocrx_word' id='word_1_717' title='bbox 2076 788 2116 819; x_wconf 89' lang='lat' dir='ltr'>de</span> <span class='ocrx_word' id='word_1_718' title='bbox 2148 790 2318 820; x_wconf 84' lang='lat' dir='ltr'>virtutibus</span> <span class='ocrx_word' id='word_1_719' title='bbox 2353 791 2384 820; x_wconf 92' lang='lat' dir='ltr'>in</span> 
     </span>
     <span class='ocr_line' id='line_1_89' title="bbox 1315 830 2386 871; baseline 0.006 -12"><span class='ocrx_word' id='word_1_720' title='bbox 1315 840 1437 870; x_wconf 81' lang='lat' dir='ltr'>genere</span> <span class='ocrx_word' id='word_1_721' title='bbox 1460 830 1612 870; x_wconf 89' lang='lat' dir='ltr'>primum,</span> <span class='ocrx_word' id='word_1_722' title='bbox 1637 830 1749 861; x_wconf 90' lang='lat' dir='ltr'>deinde</span> <span class='ocrx_word' id='word_1_723' title='bbox 1772 831 1812 861; x_wconf 90' lang='lat' dir='ltr'>de</span> <span class='ocrx_word' id='word_1_724' title='bbox 1834 833 1995 871; x_wconf 86' lang='lat' dir='ltr'>speciebus</span> <span class='ocrx_word' id='word_1_725' title='bbox 2019 834 2183 863; x_wconf 81' lang='lat' dir='ltr'>virtutum.</span> <span class='ocrx_word' id='word_1_726' title='bbox 2201 834 2386 865; x_wconf 85' lang='lat' dir='ltr'>Tractatum</span> 
     </span>
     <span class='ocr_line' id='line_1_90' title="bbox 1317 874 2388 917; baseline 0.005 -13"><span class='ocrx_word' id='word_1_727' title='bbox 1317 874 1356 904; x_wconf 90' lang='lat' dir='ltr'>de</span> <span class='ocrx_word' id='word_1_728' title='bbox 1380 874 1549 904; x_wconf 83' lang='lat' dir='ltr'>virtutibus</span> <span class='ocrx_word' id='word_1_729' title='bbox 1574 875 1607 904; x_wconf 91' lang='lat' dir='ltr'>in</span> <span class='ocrx_word' id='word_1_730' title='bbox 1630 884 1751 915; x_wconf 86' lang='lat' dir='ltr'>genere</span> <span class='ocrx_word' id='word_1_731' title='bbox 1775 885 1839 905; x_wconf 91' lang='lat' dir='ltr'>non</span> <span class='ocrx_word' id='word_1_732' title='bbox 1867 876 1988 916; x_wconf 89' lang='lat' dir='ltr'>scripsit</span> <span class='ocrx_word' id='word_1_733' title='bbox 2010 876 2077 907; x_wconf 86' lang='lat' dir='ltr'>ille:</span> <span class='ocrx_word' id='word_1_734' title='bbox 2103 877 2177 907; x_wconf 89' lang='lat' dir='ltr'>hinc</span> <span class='ocrx_word' id='word_1_735' title='bbox 2200 877 2330 917; x_wconf 83' lang='lat' dir='ltr'>factum,</span> <span class='ocrx_word' id='word_1_736' title='bbox 2352 885 2388 909; x_wconf 92' lang='lat' dir='ltr'>ut</span> 
     </span>
     <span class='ocr_line' id='line_1_91' title="bbox 1317 918 2387 964; baseline 0.006 -17"><span class='ocrx_word' id='word_1_737' title='bbox 1317 918 1350 948; x_wconf 93' lang='lat' dir='ltr'>in</span> <span class='ocrx_word' id='word_1_738' title='bbox 1366 918 1551 958; x_wconf 91' lang='lat' dir='ltr'>quaestione</span> <span class='ocrx_word' id='word_1_739' title='bbox 1575 928 1695 948; x_wconf 80' lang='lat' dir='ltr'>Lxxvm</span> <span class='ocrx_word' id='word_1_740' title='bbox 1719 918 1751 948; x_wconf 91' lang='lat' dir='ltr'>in</span> <span class='ocrx_word' id='word_1_741' title='bbox 1768 929 1831 959; x_wconf 89' lang='lat' dir='ltr'>qua</span> <span class='ocrx_word' id='word_1_742' title='bbox 1855 920 1893 949; x_wconf 90' lang='lat' dir='ltr'>de</span> <span class='ocrx_word' id='word_1_743' title='bbox 1913 920 2031 950; x_wconf 91' lang='lat' dir='ltr'>eisdem</span> <span class='ocrx_word' id='word_1_744' title='bbox 2056 921 2225 952; x_wconf 80' lang='lat' dir='ltr'>virtutibus</span> <span class='ocrx_word' id='word_1_745' title='bbox 2243 923 2275 952; x_wconf 93' lang='lat' dir='ltr'>in</span> <span class='ocrx_word' id='word_1_746' title='bbox 2290 933 2387 964; x_wconf 85' lang='lat' dir='ltr'>gene-</span> 
     </span>
     <span class='ocr_line' id='line_1_92' title="bbox 1318 961 2387 1006; baseline 0.007 -15"><span class='ocrx_word' id='word_1_747' title='bbox 1318 972 1354 992; x_wconf 90' lang='lat' dir='ltr'>re</span> <span class='ocrx_word' id='word_1_748' title='bbox 1370 962 1529 1001; x_wconf 88' lang='lat' dir='ltr'>agendum</span> <span class='ocrx_word' id='word_1_749' title='bbox 1547 961 1657 1000; x_wconf 85' lang='lat' dir='ltr'>fuerat,</span> <span class='ocrx_word' id='word_1_750' title='bbox 1681 962 1845 1003; x_wconf 90' lang='lat' dir='ltr'>inquisitio</span> <span class='ocrx_word' id='word_1_751' title='bbox 1875 964 1914 994; x_wconf 88' lang='lat' dir='ltr'>de</span> <span class='ocrx_word' id='word_1_752' title='bbox 1928 964 2001 1004; x_wconf 85' lang='lat' dir='ltr'>fide</span> <span class='ocrx_word' id='word_1_753' title='bbox 2015 964 2167 1005; x_wconf 85' lang='lat' dir='ltr'>formata</span> <span class='ocrx_word' id='word_1_754' title='bbox 2191 965 2387 1006; x_wconf 88' lang='lat' dir='ltr'>instituatur,</span> 
     </span>
     <span class='ocr_line' id='line_1_93' title="bbox 1318 1005 2388 1046; baseline 0.007 -11"><span class='ocrx_word' id='word_1_755' title='bbox 1318 1016 1399 1046; x_wconf 91' lang='lat' dir='ltr'>quae</span> <span class='ocrx_word' id='word_1_756' title='bbox 1415 1005 1517 1046; x_wconf 88' lang='lat' dir='ltr'>prima</span> <span class='ocrx_word' id='word_1_757' title='bbox 1528 1013 1574 1036; x_wconf 89' lang='lat' dir='ltr'>est</span> <span class='ocrx_word' id='word_1_758' title='bbox 1592 1007 1745 1036; x_wconf 81' lang='lat' dir='ltr'>virtutum</span> <span class='ocrx_word' id='word_1_759' title='bbox 1760 1008 1889 1046; x_wconf 87' lang='lat' dir='ltr'>species.</span> <span class='ocrx_word' id='word_1_760' title='bbox 1906 1008 1967 1038; x_wconf 89' lang='lat' dir='ltr'>Sed</span> <span class='ocrx_word' id='word_1_761' title='bbox 1984 1018 2020 1038; x_wconf 89' lang='lat' dir='ltr'>ea</span> <span class='ocrx_word' id='word_1_762' title='bbox 2035 1019 2161 1039; x_wconf 91' lang='lat' dir='ltr'>rursum</span> <span class='ocrx_word' id='word_1_763' title='bbox 2177 1010 2388 1042; x_wconf 90' lang='lat' dir='ltr'>animadverte</span> 
     </span>
     <span class='ocr_line' id='line_1_94' title="bbox 1318 1049 2388 1090; baseline 0.007 -11"><span class='ocrx_word' id='word_1_764' title='bbox 1318 1050 1422 1088; x_wconf 89' lang='lat' dir='ltr'>verba,</span> <span class='ocrx_word' id='word_1_765' title='bbox 1439 1060 1457 1079; x_wconf 91' lang='lat' dir='ltr'>a</span> <span class='ocrx_word' id='word_1_766' title='bbox 1473 1049 1589 1090; x_wconf 89' lang='lat' dir='ltr'>quibus</span> <span class='ocrx_word' id='word_1_767' title='bbox 1606 1050 1739 1080; x_wconf 87' lang='lat' dir='ltr'>exordiri</span> <span class='ocrx_word' id='word_1_768' title='bbox 1755 1051 1919 1081; x_wconf 88' lang='lat' dir='ltr'>Summam</span> <span class='ocrx_word' id='word_1_769' title='bbox 1937 1053 2090 1083; x_wconf 80' lang='lat' dir='ltr'>virtutum</span> <span class='ocrx_word' id='word_1_770' title='bbox 2108 1053 2237 1085; x_wconf 90' lang='lat' dir='ltr'>adnotat</span> <span class='ocrx_word' id='word_1_771' title='bbox 2252 1055 2388 1086; x_wconf 86' lang='lat' dir='ltr'>Wadin-</span> 
     </span>
     <span class='ocr_line' id='line_1_95' title="bbox 1318 1094 2387 1141; baseline 0.007 -18"><span class='ocrx_word' id='word_1_772' title='bbox 1318 1101 1394 1133; x_wconf 85' lang='lat' dir='ltr'>gus:</span> <span class='ocrx_word' id='word_1_773' title='bbox 1411 1103 1537 1133; x_wconf 90' lang='lat' dir='ltr'>nempe,</span> <span class='ocrx_word' id='word_1_774' title='bbox 1554 1094 1675 1124; x_wconf 85' lang='lat' dir='ltr'>Habito</span> <span class='ocrx_word' id='word_1_775' title='bbox 1690 1104 1769 1135; x_wconf 82' lang='lat' dir='ltr'>ergo</span> <span class='ocrx_word' id='word_1_776' title='bbox 1783 1095 1823 1125; x_wconf 90' lang='lat' dir='ltr'>de</span> <span class='ocrx_word' id='word_1_777' title='bbox 1836 1097 1947 1135; x_wconf 87' lang='lat' dir='ltr'>gratia</span> <span class='ocrx_word' id='word_1_778' title='bbox 1961 1102 2092 1137; x_wconf 87' lang='lat' dir='ltr'>gratum</span> <span class='ocrx_word' id='word_1_779' title='bbox 2104 1097 2251 1137; x_wconf 86' lang='lat' dir='ltr'>faciente</span> <span class='ocrx_word' id='word_1_780' title='bbox 2265 1105 2295 1130; x_wconf 86' lang='lat' dir='ltr'>et</span> <span class='ocrx_word' id='word_1_781' title='bbox 2310 1110 2387 1141; x_wconf 88' lang='lat' dir='ltr'>gra-</span> 
     </span>
     <span class='ocr_line' id='line_1_96' title="bbox 1319 1137 2388 1179; baseline 0.007 -12"><span class='ocrx_word' id='word_1_782' title='bbox 1319 1139 1360 1168; x_wconf 90' lang='lat' dir='ltr'>tis</span> <span class='ocrx_word' id='word_1_783' title='bbox 1373 1137 1450 1168; x_wconf 85' lang='lat' dir='ltr'>data</span> <span class='ocrx_word' id='word_1_784' title='bbox 1464 1147 1622 1175; x_wconf 87' lang='lat' dir='ltr'>sermone,</span> <span class='ocrx_word' id='word_1_785' title='bbox 1634 1145 1863 1179; x_wconf 85' lang='lat' dir='ltr'>consequenter</span> <span class='ocrx_word' id='word_1_786' title='bbox 1872 1140 2040 1170; x_wconf 86' lang='lat' dir='ltr'>dicendum</span> <span class='ocrx_word' id='word_1_787' title='bbox 2057 1146 2104 1171; x_wconf 89' lang='lat' dir='ltr'>est</span> <span class='ocrx_word' id='word_1_788' title='bbox 2118 1142 2158 1172; x_wconf 80' lang='lat' dir='ltr'>de</span> <span class='ocrx_word' id='word_1_789' title='bbox 2179 1143 2304 1174; x_wconf 83' lang='lat' dir='ltr'>virtute.</span> <span class='ocrx_word' id='word_1_790' title='bbox 2322 1144 2388 1174; x_wconf 93' lang='lat' dir='ltr'>Iam</span> 
     </span>
     <span class='ocr_line' id='line_1_97' title="bbox 1319 1181 2389 1225; baseline 0.007 -14"><span class='ocrx_word' id='word_1_791' title='bbox 1319 1191 1460 1221; x_wconf 89' lang='lat' dir='ltr'>pronum</span> <span class='ocrx_word' id='word_1_792' title='bbox 1484 1181 1541 1212; x_wconf 88' lang='lat' dir='ltr'>erit</span> <span class='ocrx_word' id='word_1_793' title='bbox 1570 1182 1723 1213; x_wconf 88' lang='lat' dir='ltr'>coniicere</span> <span class='ocrx_word' id='word_1_794' title='bbox 1747 1183 1874 1213; x_wconf 90' lang='lat' dir='ltr'>cuidam</span> <span class='ocrx_word' id='word_1_795' title='bbox 1897 1183 2038 1223; x_wconf 89' lang='lat' dir='ltr'>fortasse,</span> <span class='ocrx_word' id='word_1_796' title='bbox 2058 1185 2113 1225; x_wconf 94' lang='lat' dir='ltr'>qui</span> <span class='ocrx_word' id='word_1_797' title='bbox 2137 1188 2389 1225; x_wconf 86' lang='lat' dir='ltr'>praetermissam</span> 
     </span>
     <span class='ocr_line' id='line_1_98' title="bbox 1319 1225 2390 1271; baseline 0.007 -16"><span class='ocrx_word' id='word_1_798' title='bbox 1319 1226 1358 1255; x_wconf 91' lang='lat' dir='ltr'>ab</span> <span class='ocrx_word' id='word_1_799' title='bbox 1390 1225 1520 1256; x_wconf 86' lang='lat' dir='ltr'>Halensi</span> <span class='ocrx_word' id='word_1_800' title='bbox 1544 1226 1764 1267; x_wconf 90' lang='lat' dir='ltr'>quaestionem</span> <span class='ocrx_word' id='word_1_801' title='bbox 1787 1227 1826 1257; x_wconf 86' lang='lat' dir='ltr'>de</span> <span class='ocrx_word' id='word_1_802' title='bbox 1850 1229 1966 1258; x_wconf 85' lang='lat' dir='ltr'>virtute</span> <span class='ocrx_word' id='word_1_803' title='bbox 1990 1230 2022 1258; x_wconf 89' lang='lat' dir='ltr'>in</span> <span class='ocrx_word' id='word_1_804' title='bbox 2045 1239 2166 1269; x_wconf 84' lang='lat' dir='ltr'>genere</span> <span class='ocrx_word' id='word_1_805' title='bbox 2189 1231 2390 1271; x_wconf 90' lang='lat' dir='ltr'>observabat,</span> 
     </span>
     <span class='ocr_line' id='line_1_99' title="bbox 1320 1269 2389 1313; baseline 0.007 -14"><span class='ocrx_word' id='word_1_806' title='bbox 1320 1269 1465 1300; x_wconf 90' lang='lat' dir='ltr'>incidisse</span> <span class='ocrx_word' id='word_1_807' title='bbox 1490 1270 1522 1300; x_wconf 92' lang='lat' dir='ltr'>in</span> <span class='ocrx_word' id='word_1_808' title='bbox 1547 1277 1698 1308; x_wconf 89' lang='lat' dir='ltr'>mentem,</span> <span class='ocrx_word' id='word_1_809' title='bbox 1723 1277 1759 1301; x_wconf 89' lang='lat' dir='ltr'>ut</span> <span class='ocrx_word' id='word_1_810' title='bbox 1783 1281 1820 1301; x_wconf 91' lang='lat' dir='ltr'>eo</span> <span class='ocrx_word' id='word_1_811' title='bbox 1845 1272 1961 1312; x_wconf 91' lang='lat' dir='ltr'>scripto</span> <span class='ocrx_word' id='word_1_812' title='bbox 1986 1273 2120 1313; x_wconf 90' lang='lat' dir='ltr'>prologo</span> <span class='ocrx_word' id='word_1_813' title='bbox 2146 1275 2280 1306; x_wconf 91' lang='lat' dir='ltr'>modum</span> <span class='ocrx_word' id='word_1_814' title='bbox 2309 1276 2389 1306; x_wconf 89' lang='lat' dir='ltr'>indi-</span> 
     </span>
     <span class='ocr_line' id='line_1_100' title="bbox 1320 1314 2390 1360; baseline 0.007 -16"><span class='ocrx_word' id='word_1_815' title='bbox 1320 1321 1402 1345; x_wconf 88' lang='lat' dir='ltr'>caret</span> <span class='ocrx_word' id='word_1_816' title='bbox 1427 1314 1556 1345; x_wconf 83' lang='lat' dir='ltr'>lacunas</span> <span class='ocrx_word' id='word_1_817' title='bbox 1579 1315 1835 1356; x_wconf 86' lang='lat' dir='ltr'>quadripartitae</span> <span class='ocrx_word' id='word_1_818' title='bbox 1858 1316 2010 1347; x_wconf 88' lang='lat' dir='ltr'>Summae</span> <span class='ocrx_word' id='word_1_819' title='bbox 2030 1317 2186 1357; x_wconf 89' lang='lat' dir='ltr'>explendi,</span> <span class='ocrx_word' id='word_1_820' title='bbox 2208 1320 2286 1360; x_wconf 93' lang='lat' dir='ltr'>quin</span> <span class='ocrx_word' id='word_1_821' title='bbox 2310 1321 2390 1351; x_wconf 93' lang='lat' dir='ltr'>illud</span> 
     </span>
     <span class='ocr_line' id='line_1_101' title="bbox 1319 1359 2389 1403; baseline 0.007 -15"><span class='ocrx_word' id='word_1_822' title='bbox 1319 1366 1426 1389; x_wconf 90' lang='lat' dir='ltr'>tamen</span> <span class='ocrx_word' id='word_1_823' title='bbox 1443 1359 1710 1399; x_wconf 89' lang='lat' dir='ltr'>Supplementum</span> <span class='ocrx_word' id='word_1_824' title='bbox 1734 1359 1886 1400; x_wconf 91' lang='lat' dir='ltr'>scriptum</span> <span class='ocrx_word' id='word_1_825' title='bbox 1910 1361 2095 1402; x_wconf 91' lang='lat' dir='ltr'>editumque</span> <span class='ocrx_word' id='word_1_826' title='bbox 2119 1372 2262 1403; x_wconf 89' lang='lat' dir='ltr'>unquam</span> <span class='ocrx_word' id='word_1_827' title='bbox 2286 1364 2389 1396; x_wconf 90' lang='lat' dir='ltr'>fuerit.</span> 
     </span>
     <span class='ocr_line' id='line_1_102' title="bbox 1321 1403 2392 1446; baseline 0.006 -13"><span class='ocrx_word' id='word_1_828' title='bbox 1321 1403 1403 1433; x_wconf 92' lang='lat' dir='ltr'>lllud</span> <span class='ocrx_word' id='word_1_829' title='bbox 1426 1403 1535 1444; x_wconf 88' lang='lat' dir='ltr'>utique</span> <span class='ocrx_word' id='word_1_830' title='bbox 1560 1404 1645 1434; x_wconf 89' lang='lat' dir='ltr'>haud</span> <span class='ocrx_word' id='word_1_831' title='bbox 1669 1404 1791 1444; x_wconf 89' lang='lat' dir='ltr'>scripsit</span> <span class='ocrx_word' id='word_1_832' title='bbox 1821 1411 1875 1435; x_wconf 85' lang='lat' dir='ltr'>aut</span> <span class='ocrx_word' id='word_1_833' title='bbox 1899 1405 2030 1436; x_wconf 91' lang='lat' dir='ltr'>scribere</span> <span class='ocrx_word' id='word_1_834' title='bbox 2048 1406 2195 1446; x_wconf 87' lang='lat' dir='ltr'>cogitavit</span> <span class='ocrx_word' id='word_1_835' title='bbox 2215 1408 2392 1439; x_wconf 86' lang='lat' dir='ltr'>Alexander</span> 
     </span>
     <span class='ocr_line' id='line_1_103' title="bbox 1321 1447 1490 1478; baseline 0.006 -1"><span class='ocrx_word' id='word_1_836' title='bbox 1321 1447 1359 1478; x_wconf 91' lang='lat' dir='ltr'>de</span> <span class='ocrx_word' id='word_1_837' title='bbox 1383 1447 1490 1478; x_wconf 90' lang='lat' dir='ltr'>Hales.</span> 
     </span>
    </p>

    <p class='ocr_par' dir='ltr' id='par_1_9' title="bbox 1320 1492 2395 1977">
     <span class='ocr_line' id='line_1_104' title="bbox 1396 1492 2389 1536; baseline 0.005 -14"><span class='ocrx_word' id='word_1_838' title='bbox 1396 1492 1447 1522; x_wconf 89' lang='lat' dir='ltr'>Ad</span> <span class='ocrx_word' id='word_1_839' title='bbox 1479 1492 1556 1522; x_wconf 86' lang='lat' dir='ltr'>alias</span> <span class='ocrx_word' id='word_1_840' title='bbox 1588 1493 1845 1533; x_wconf 85' lang='lat' dir='ltr'>quadripartitae</span> <span class='ocrx_word' id='word_1_841' title='bbox 1882 1494 2034 1525; x_wconf 88' lang='lat' dir='ltr'>Summae</span> <span class='ocrx_word' id='word_1_842' title='bbox 2073 1501 2194 1534; x_wconf 83' lang='lat' dir='ltr'>parteS,</span> <span class='ocrx_word' id='word_1_843' title='bbox 2226 1498 2389 1536; x_wconf 90' lang='lat' dir='ltr'>primam,</span> 
     </span>
     <span class='ocr_line' id='line_1_105' title="bbox 1320 1536 2391 1578; baseline 0.006 -12"><span class='ocrx_word' id='word_1_844' title='bbox 1320 1536 1493 1567; x_wconf 88' lang='lat' dir='ltr'>secundam</span> <span class='ocrx_word' id='word_1_845' title='bbox 1518 1542 1548 1567; x_wconf 93' lang='lat' dir='ltr'>et</span> <span class='ocrx_word' id='word_1_846' title='bbox 1563 1542 1712 1577; x_wconf 86' lang='lat' dir='ltr'>quartam</span> <span class='ocrx_word' id='word_1_847' title='bbox 1732 1537 1935 1578; x_wconf 87' lang='lat' dir='ltr'>progredior,</span> <span class='ocrx_word' id='word_1_848' title='bbox 1965 1545 2000 1569; x_wconf 93' lang='lat' dir='ltr'>ut</span> <span class='ocrx_word' id='word_1_849' title='bbox 2024 1538 2103 1570; x_wconf 89' lang='lat' dir='ltr'>inito</span> <span class='ocrx_word' id='word_1_850' title='bbox 2131 1540 2272 1571; x_wconf 84' lang='lat' dir='ltr'>examine</span> <span class='ocrx_word' id='word_1_851' title='bbox 2300 1542 2391 1572; x_wconf 93' lang='lat' dir='ltr'>inno-</span> 
     </span>
     <span class='ocr_line' id='line_1_106' title="bbox 1321 1581 2392 1624; baseline 0.005 -13"><span class='ocrx_word' id='word_1_852' title='bbox 1321 1587 1418 1611; x_wconf 88' lang='lat' dir='ltr'>tescat</span> <span class='ocrx_word' id='word_1_853' title='bbox 1439 1591 1518 1611; x_wconf 90' lang='lat' dir='ltr'>num</span> <span class='ocrx_word' id='word_1_854' title='bbox 1547 1591 1598 1611; x_wconf 91' lang='lat' dir='ltr'>eas</span> <span class='ocrx_word' id='word_1_855' title='bbox 1622 1581 1774 1622; x_wconf 86' lang='lat' dir='ltr'>perfectas</span> <span class='ocrx_word' id='word_1_856' title='bbox 1807 1582 2044 1624; x_wconf 90' lang='lat' dir='ltr'>completasque</span> <span class='ocrx_word' id='word_1_857' title='bbox 2069 1583 2297 1616; x_wconf 91' lang='lat' dir='ltr'>elucubraverit</span> <span class='ocrx_word' id='word_1_858' title='bbox 2318 1586 2392 1616; x_wconf 90' lang='lat' dir='ltr'>Ale-</span> 
     </span>
     <span class='ocr_line' id='line_1_107' title="bbox 1320 1625 2393 1668; baseline 0.007 -14"><span class='ocrx_word' id='word_1_859' title='bbox 1320 1625 1438 1655; x_wconf 86' lang='lat' dir='ltr'>xander</span> <span class='ocrx_word' id='word_1_860' title='bbox 1461 1625 1499 1656; x_wconf 91' lang='lat' dir='ltr'>de</span> <span class='ocrx_word' id='word_1_861' title='bbox 1524 1625 1631 1663; x_wconf 81' lang='lat' dir='ltr'>Hales,</span> <span class='ocrx_word' id='word_1_862' title='bbox 1656 1636 1695 1656; x_wconf 90' lang='lat' dir='ltr'>an</span> <span class='ocrx_word' id='word_1_863' title='bbox 1723 1626 1922 1666; x_wconf 91' lang='lat' dir='ltr'>imperfectas</span> <span class='ocrx_word' id='word_1_864' title='bbox 1945 1634 1976 1658; x_wconf 93' lang='lat' dir='ltr'>et</span> <span class='ocrx_word' id='word_1_865' title='bbox 2004 1628 2151 1668; x_wconf 87' lang='lat' dir='ltr'>abruptas</span> <span class='ocrx_word' id='word_1_866' title='bbox 2179 1629 2300 1660; x_wconf 91' lang='lat' dir='ltr'>lacunis</span> <span class='ocrx_word' id='word_1_867' title='bbox 2323 1631 2393 1661; x_wconf 91' lang='lat' dir='ltr'>reli-</span> 
     </span>
     <span class='ocr_line' id='line_1_108' title="bbox 1322 1667 2393 1715; baseline 0.006 -16"><span class='ocrx_word' id='word_1_868' title='bbox 1322 1667 1446 1710; x_wconf 84' lang='lat' dir='ltr'>querit?</span> <span class='ocrx_word' id='word_1_869' title='bbox 1470 1670 1545 1706; x_wconf 93' lang='lat' dir='ltr'>Quo</span> <span class='ocrx_word' id='word_1_870' title='bbox 1576 1680 1649 1700; x_wconf 89' lang='lat' dir='ltr'>casu</span> <span class='ocrx_word' id='word_1_871' title='bbox 1674 1671 1892 1710; x_wconf 91' lang='lat' dir='ltr'>quaerendum</span> <span class='ocrx_word' id='word_1_872' title='bbox 1916 1671 1997 1702; x_wconf 91' lang='lat' dir='ltr'>foret</span> <span class='ocrx_word' id='word_1_873' title='bbox 2027 1682 2068 1702; x_wconf 91' lang='lat' dir='ltr'>an</span> <span class='ocrx_word' id='word_1_874' title='bbox 2092 1672 2269 1704; x_wconf 89' lang='lat' dir='ltr'>deficientes</span> <span class='ocrx_word' id='word_1_875' title='bbox 2298 1685 2393 1715; x_wconf 88' lang='lat' dir='ltr'>quae-</span> 
     </span>
     <span class='ocr_line' id='line_1_109' title="bbox 1322 1713 2395 1759; baseline 0.007 -16"><span class='ocrx_word' id='word_1_876' title='bbox 1322 1713 1440 1744; x_wconf 89' lang='lat' dir='ltr'>stiones</span> <span class='ocrx_word' id='word_1_877' title='bbox 1450 1713 1483 1743; x_wconf 91' lang='lat' dir='ltr'>in</span> <span class='ocrx_word' id='word_1_878' title='bbox 1493 1713 1546 1744; x_wconf 90' lang='lat' dir='ltr'>illa</span> <span class='ocrx_word' id='word_1_879' title='bbox 1566 1715 1731 1752; x_wconf 81' lang='lat' dir='ltr'>virtutum,</span> <span class='ocrx_word' id='word_1_880' title='bbox 1743 1725 1824 1755; x_wconf 90' lang='lat' dir='ltr'>quae</span> <span class='ocrx_word' id='word_1_881' title='bbox 1836 1715 2016 1746; x_wconf 91' lang='lat' dir='ltr'>obtruditur</span> <span class='ocrx_word' id='word_1_882' title='bbox 2033 1716 2177 1755; x_wconf 87' lang='lat' dir='ltr'>Summa,</span> <span class='ocrx_word' id='word_1_883' title='bbox 2202 1719 2395 1759; x_wconf 90' lang='lat' dir='ltr'>suppleverit</span> 
     </span>
     <span class='ocr_line' id='line_1_110' title="bbox 1323 1757 2392 1802; baseline 0.007 -15"><span class='ocrx_word' id='word_1_884' title='bbox 1323 1767 1435 1788; x_wconf 89' lang='lat' dir='ltr'>omnes</span> <span class='ocrx_word' id='word_1_885' title='bbox 1450 1758 1608 1796; x_wconf 87' lang='lat' dir='ltr'>Halensis,</span> <span class='ocrx_word' id='word_1_886' title='bbox 1619 1769 1659 1788; x_wconf 91' lang='lat' dir='ltr'>an</span> <span class='ocrx_word' id='word_1_887' title='bbox 1676 1757 1817 1799; x_wconf 91' lang='lat' dir='ltr'>aliquas?</span> <span class='ocrx_word' id='word_1_888' title='bbox 1831 1759 1970 1790; x_wconf 87' lang='lat' dir='ltr'>Primam</span> <span class='ocrx_word' id='word_1_889' title='bbox 1989 1767 2111 1800; x_wconf 91' lang='lat' dir='ltr'>partem</span> <span class='ocrx_word' id='word_1_890' title='bbox 2127 1762 2268 1793; x_wconf 87' lang='lat' dir='ltr'>examine</span> <span class='ocrx_word' id='word_1_891' title='bbox 2283 1773 2392 1802; x_wconf 88' lang='lat' dir='ltr'>verso,</span> 
     </span>
     <span class='ocr_line' id='line_1_111' title="bbox 1322 1802 2393 1844; baseline 0.007 -13"><span class='ocrx_word' id='word_1_892' title='bbox 1322 1811 1457 1843; x_wconf 88' lang='lat' dir='ltr'>eamque</span> <span class='ocrx_word' id='word_1_893' title='bbox 1474 1802 1627 1842; x_wconf 83' lang='lat' dir='ltr'>integram</span> <span class='ocrx_word' id='word_1_894' title='bbox 1643 1803 1856 1843; x_wconf 88' lang='lat' dir='ltr'>deprehendo.</span> <span class='ocrx_word' id='word_1_895' title='bbox 1874 1804 1949 1844; x_wconf 90' lang='lat' dir='ltr'>Agit</span> <span class='ocrx_word' id='word_1_896' title='bbox 1964 1804 2032 1844; x_wconf 90' lang='lat' dir='ltr'>ipsa</span> <span class='ocrx_word' id='word_1_897' title='bbox 2059 1805 2096 1835; x_wconf 91' lang='lat' dir='ltr'>de</span> <span class='ocrx_word' id='word_1_898' title='bbox 2120 1806 2190 1836; x_wconf 91' lang='lat' dir='ltr'>Deo</span> <span class='ocrx_word' id='word_1_899' title='bbox 2214 1817 2280 1837; x_wconf 92' lang='lat' dir='ltr'>uno</span> <span class='ocrx_word' id='word_1_900' title='bbox 2311 1808 2393 1838; x_wconf 83' lang='lat' dir='ltr'>eius-</span> 
     </span>
     <span class='ocr_line' id='line_1_112' title="bbox 1322 1846 2394 1893; baseline 0.007 -17"><span class='ocrx_word' id='word_1_901' title='bbox 1322 1856 1385 1887; x_wconf 92' lang='lat' dir='ltr'>que</span> <span class='ocrx_word' id='word_1_902' title='bbox 1414 1846 1585 1885; x_wconf 84' lang='lat' dir='ltr'>attributis,</span> <span class='ocrx_word' id='word_1_903' title='bbox 1610 1847 1712 1887; x_wconf 92' lang='lat' dir='ltr'>deque</span> <span class='ocrx_word' id='word_1_904' title='bbox 1736 1848 1930 1878; x_wconf 85' lang='lat' dir='ltr'>sanctissima</span> <span class='ocrx_word' id='word_1_905' title='bbox 1960 1849 2132 1880; x_wconf 86' lang='lat' dir='ltr'>Trinitate:</span> <span class='ocrx_word' id='word_1_906' title='bbox 2158 1851 2394 1893; x_wconf 89' lang='lat' dir='ltr'>absolviturque</span> 
     </span>
     <span class='ocr_line' id='line_1_113' title="bbox 1322 1890 2393 1937; baseline 0.007 -17"><span class='ocrx_word' id='word_1_907' title='bbox 1322 1890 1355 1920; x_wconf 91' lang='lat' dir='ltr'>in</span> <span class='ocrx_word' id='word_1_908' title='bbox 1379 1890 1517 1921; x_wconf 89' lang='lat' dir='ltr'>editione</span> <span class='ocrx_word' id='word_1_909' title='bbox 1541 1891 1797 1931; x_wconf 86' lang='lat' dir='ltr'>Norimbergensi</span> <span class='ocrx_word' id='word_1_910' title='bbox 1826 1892 1920 1932; x_wconf 88' lang='lat'>1481,</span> <span class='ocrx_word' id='word_1_911' title='bbox 1950 1893 2030 1932; x_wconf 89' lang='lat'>1482</span> <span class='ocrx_word' id='word_1_912' title='bbox 2056 1893 2080 1932; x_wconf 89' lang='lat' dir='ltr'>f,</span> <span class='ocrx_word' id='word_1_913' title='bbox 2100 1905 2163 1935; x_wconf 92' lang='lat' dir='ltr'>qua</span> <span class='ocrx_word' id='word_1_914' title='bbox 2191 1902 2274 1935; x_wconf 88' lang='lat' dir='ltr'>utor,</span> <span class='ocrx_word' id='word_1_915' title='bbox 2299 1906 2393 1937; x_wconf 89' lang='lat' dir='ltr'>quae-</span> 
     </span>
     <span class='ocr_line' id='line_1_114' title="bbox 1323 1934 1987 1977; baseline 0.005 -12"><span class='ocrx_word' id='word_1_916' title='bbox 1323 1934 1480 1965; x_wconf 91' lang='lat' dir='ltr'>stionibus</span> <span class='ocrx_word' id='word_1_917' title='bbox 1500 1942 1639 1976; x_wconf 90' lang='lat' dir='ltr'>quatuor</span> <span class='ocrx_word' id='word_1_918' title='bbox 1662 1946 1756 1976; x_wconf 88' lang='lat' dir='ltr'>supra</span> <span class='ocrx_word' id='word_1_919' title='bbox 1780 1937 1987 1977; x_wconf 87' lang='lat' dir='ltr'>septuaginta.</span> 
     </span>
    </p>

    <p class='ocr_par' dir='ltr' id='par_1_10' title="bbox 1323 1979 2404 2410">
     <span class='ocr_line' id='line_1_115' title="bbox 1389 1979 2394 2023; baseline 0.007 -14"><span class='ocrx_word' id='word_1_920' title='bbox 1389 1979 1528 2010; x_wconf 90' lang='lat' dir='ltr'>Alterius</span> <span class='ocrx_word' id='word_1_921' title='bbox 1548 1980 1644 2020; x_wconf 91' lang='lat' dir='ltr'>partis</span> <span class='ocrx_word' id='word_1_922' title='bbox 1667 1980 1843 2020; x_wconf 89' lang='lat' dir='ltr'>Prologum</span> <span class='ocrx_word' id='word_1_923' title='bbox 1871 1981 2018 2021; x_wconf 88' lang='lat' dir='ltr'>profero:</span> <span class='ocrx_word' id='word_1_924' title='bbox 2052 1982 2257 2023; x_wconf 75' lang='lat' dir='ltr'>«Completis</span> <span class='ocrx_word' id='word_1_925' title='bbox 2286 1991 2394 2015; x_wconf 88' lang='lat' dir='ltr'>tracta-</span> 
     </span>
     <span class='ocr_line' id='line_1_116' title="bbox 1325 2023 2395 2070; baseline 0.006 -17"><span class='ocrx_word' id='word_1_926' title='bbox 1325 2036 1339 2050; x_wconf 82' lang='lat'><strong>»</strong></span> <span class='ocrx_word' id='word_1_927' title='bbox 1362 2023 1447 2054; x_wconf 89' lang='lat' dir='ltr'>tibus</span> <span class='ocrx_word' id='word_1_928' title='bbox 1471 2024 1510 2054; x_wconf 93' lang='lat' dir='ltr'>de</span> <span class='ocrx_word' id='word_1_929' title='bbox 1533 2024 1581 2054; x_wconf 92' lang='lat' dir='ltr'>his</span> <span class='ocrx_word' id='word_1_930' title='bbox 1595 2047 1603 2062; x_wconf 95' lang='lat'>,</span> <span class='ocrx_word' id='word_1_931' title='bbox 1623 2034 1705 2065; x_wconf 90' lang='lat' dir='ltr'>quae</span> <span class='ocrx_word' id='word_1_932' title='bbox 1729 2025 1886 2065; x_wconf 85' lang='lat' dir='ltr'>pertinent</span> <span class='ocrx_word' id='word_1_933' title='bbox 1904 2026 1948 2056; x_wconf 89' lang='lat' dir='ltr'>ad</span> <span class='ocrx_word' id='word_1_934' title='bbox 1970 2027 2218 2066; x_wconf 86' lang='lat' dir='ltr'>speculationem</span> <span class='ocrx_word' id='word_1_935' title='bbox 2241 2029 2314 2066; x_wconf 90' lang='lat' dir='ltr'>Dei,</span> <span class='ocrx_word' id='word_1_936' title='bbox 2340 2029 2395 2070; x_wconf 91' lang='lat' dir='ltr'>qui</span> 
     </span>
     <span class='ocr_line' id='line_1_117' title="bbox 1326 2068 2394 2112; baseline 0.005 -14"><span class='ocrx_word' id='word_1_937' title='bbox 1326 2080 1339 2094; x_wconf 84' lang='lat'><strong>»</strong></span> <span class='ocrx_word' id='word_1_938' title='bbox 1361 2074 1407 2098; x_wconf 88' lang='lat' dir='ltr'>est</span> <span class='ocrx_word' id='word_1_939' title='bbox 1436 2068 1535 2099; x_wconf 88' lang='lat' dir='ltr'>factor</span> <span class='ocrx_word' id='word_1_940' title='bbox 1566 2069 1671 2099; x_wconf 90' lang='lat' dir='ltr'>omnis</span> <span class='ocrx_word' id='word_1_941' title='bbox 1705 2076 1879 2108; x_wconf 87' lang='lat' dir='ltr'>creaturae;</span> <span class='ocrx_word' id='word_1_942' title='bbox 1909 2070 2050 2111; x_wconf 88' lang='lat' dir='ltr'>sequitur</span> <span class='ocrx_word' id='word_1_943' title='bbox 2083 2078 2230 2103; x_wconf 91' lang='lat' dir='ltr'>tractatus</span> <span class='ocrx_word' id='word_1_944' title='bbox 2259 2073 2297 2103; x_wconf 91' lang='lat' dir='ltr'>de</span> <span class='ocrx_word' id='word_1_945' title='bbox 2326 2073 2394 2112; x_wconf 93' lang='lat' dir='ltr'>his,</span> 
     </span>
     <span class='ocr_line' id='line_1_118' title="bbox 1326 2113 2394 2156; baseline 0.006 -14"><span class='ocrx_word' id='word_1_946' title='bbox 1326 2125 1339 2139; x_wconf 84' lang='lat'><strong>»</strong></span> <span class='ocrx_word' id='word_1_947' title='bbox 1363 2122 1444 2153; x_wconf 87' lang='lat' dir='ltr'>quae</span> <span class='ocrx_word' id='word_1_948' title='bbox 1460 2113 1616 2153; x_wconf 90' lang='lat' dir='ltr'>pertinent</span> <span class='ocrx_word' id='word_1_949' title='bbox 1630 2114 1673 2144; x_wconf 90' lang='lat' dir='ltr'>ad</span> <span class='ocrx_word' id='word_1_950' title='bbox 1687 2114 1972 2145; x_wconf 87' lang='lat' dir='ltr'>considerationem</span> <span class='ocrx_word' id='word_1_951' title='bbox 1989 2121 2168 2146; x_wconf 89' lang='lat' dir='ltr'>creaturae.</span> <span class='ocrx_word' id='word_1_952' title='bbox 2180 2116 2221 2147; x_wconf 91' lang='lat' dir='ltr'>Et</span> <span class='ocrx_word' id='word_1_953' title='bbox 2234 2117 2339 2156; x_wconf 91' lang='lat' dir='ltr'>primo</span> <span class='ocrx_word' id='word_1_954' title='bbox 2356 2118 2394 2148; x_wconf 93' lang='lat' dir='ltr'>de</span> 
     </span>
     <span class='ocr_line' id='line_1_119' title="bbox 1325 2156 2396 2201; baseline 0.006 -15"><span class='ocrx_word' id='word_1_955' title='bbox 1325 2169 1339 2184; x_wconf 81' lang='lat'><strong>»</strong></span> <span class='ocrx_word' id='word_1_956' title='bbox 1360 2156 1419 2195; x_wconf 90' lang='lat' dir='ltr'>his,</span> <span class='ocrx_word' id='word_1_957' title='bbox 1440 2167 1521 2198; x_wconf 90' lang='lat' dir='ltr'>quae</span> <span class='ocrx_word' id='word_1_958' title='bbox 1545 2157 1702 2198; x_wconf 92' lang='lat' dir='ltr'>pertinent</span> <span class='ocrx_word' id='word_1_959' title='bbox 1726 2159 1766 2188; x_wconf 87' lang='lat' dir='ltr'>ad</span> <span class='ocrx_word' id='word_1_960' title='bbox 1789 2158 1891 2198; x_wconf 88' lang='lat' dir='ltr'>ipsam</span> <span class='ocrx_word' id='word_1_961' title='bbox 1908 2165 2092 2198; x_wconf 86' lang='lat' dir='ltr'>creaturam,</span> <span class='ocrx_word' id='word_1_962' title='bbox 2113 2161 2145 2190; x_wconf 89' lang='lat' dir='ltr'>in</span> <span class='ocrx_word' id='word_1_963' title='bbox 2169 2166 2323 2201; x_wconf 89' lang='lat' dir='ltr'>quantum</span> <span class='ocrx_word' id='word_1_964' title='bbox 2349 2167 2396 2192; x_wconf 89' lang='lat' dir='ltr'>est</span> 
     </span>
     <span class='ocr_line' id='line_1_120' title="bbox 1325 2202 2404 2245; baseline 0.005 -14"><span class='ocrx_word' id='word_1_965' title='bbox 1325 2213 1339 2228; x_wconf 84' lang='lat'><strong>»</strong></span> <span class='ocrx_word' id='word_1_966' title='bbox 1360 2207 1532 2232; x_wconf 84' lang='lat' dir='ltr'>creatura:</span> <span class='ocrx_word' id='word_1_967' title='bbox 1555 2202 1667 2232; x_wconf 91' lang='lat' dir='ltr'>deinde</span> <span class='ocrx_word' id='word_1_968' title='bbox 1692 2203 1730 2232; x_wconf 95' lang='lat' dir='ltr'>de</span> <span class='ocrx_word' id='word_1_969' title='bbox 1753 2202 1813 2240; x_wconf 89' lang='lat' dir='ltr'>his,</span> <span class='ocrx_word' id='word_1_970' title='bbox 1837 2213 1918 2244; x_wconf 89' lang='lat' dir='ltr'>quae</span> <span class='ocrx_word' id='word_1_971' title='bbox 1943 2203 2100 2243; x_wconf 90' lang='lat' dir='ltr'>pertinent</span> <span class='ocrx_word' id='word_1_972' title='bbox 2122 2204 2166 2235; x_wconf 91' lang='lat' dir='ltr'>ad</span> <span class='ocrx_word' id='word_1_973' title='bbox 2181 2205 2305 2245; x_wconf 90' lang='lat' dir='ltr'>lapsum</span> <span class='ocrx_word' id='word_1_974' title='bbox 2329 2206 2404 2237; x_wconf 49' lang='lat' dir='ltr'>sive.</span> 
     </span>
     <span class='ocr_line' id='line_1_121' title="bbox 1326 2246 2395 2288; baseline 0.004 -12"><span class='ocrx_word' id='word_1_975' title='bbox 1326 2258 1340 2272; x_wconf 67' lang='lat'>&gt;⁹</span> <span class='ocrx_word' id='word_1_976' title='bbox 1360 2246 1640 2277; x_wconf 89' lang='lat' dir='ltr'>deteriorationem</span> <span class='ocrx_word' id='word_1_977' title='bbox 1677 2247 1840 2277; x_wconf 87' lang='lat' dir='ltr'>eiusdem:</span> <span class='ocrx_word' id='word_1_978' title='bbox 1865 2247 1956 2278; x_wconf 90' lang='lat' dir='ltr'>tertio</span> <span class='ocrx_word' id='word_1_979' title='bbox 1996 2247 2138 2288; x_wconf 89' lang='lat' dir='ltr'>sequitur</span> <span class='ocrx_word' id='word_1_980' title='bbox 2171 2255 2318 2280; x_wconf 88' lang='lat' dir='ltr'>tractatus</span> <span class='ocrx_word' id='word_1_981' title='bbox 2355 2250 2395 2280; x_wconf 86' lang='lat' dir='ltr'>de</span> 
     </span>
     <span class='ocr_line' id='line_1_122' title="bbox 1325 2291 2395 2333; baseline 0.005 -13"><span class='ocrx_word' id='word_1_982' title='bbox 1325 2302 1339 2316; x_wconf 81' lang='lat'><strong>»</strong></span> <span class='ocrx_word' id='word_1_983' title='bbox 1360 2291 1575 2330; x_wconf 88' lang='lat' dir='ltr'>reparatione.</span> <span class='ocrx_word' id='word_1_984' title='bbox 1589 2303 1603 2317; x_wconf 74' lang='lat' dir='ltr'>a·</span> <span class='ocrx_word' id='word_1_985' title='bbox 1622 2291 1697 2321; x_wconf 93' lang='lat' dir='ltr'>Duo</span> <span class='ocrx_word' id='word_1_986' title='bbox 1722 2291 1837 2331; x_wconf 88' lang='lat' dir='ltr'>priora,</span> <span class='ocrx_word' id='word_1_987' title='bbox 1862 2301 1943 2332; x_wconf 90' lang='lat' dir='ltr'>quae</span> <span class='ocrx_word' id='word_1_988' title='bbox 1967 2291 2171 2331; x_wconf 88' lang='lat' dir='ltr'>proferuntur</span> <span class='ocrx_word' id='word_1_989' title='bbox 2200 2294 2395 2333; x_wconf 88' lang='lat' dir='ltr'>amplissima</span> 
     </span>
     <span class='ocr_line' id='line_1_123' title="bbox 1323 2334 2395 2379; baseline 0.005 -15"><span class='ocrx_word' id='word_1_990' title='bbox 1323 2341 1527 2374; x_wconf 90' lang='lat' dir='ltr'>argumenta,</span> <span class='ocrx_word' id='word_1_991' title='bbox 1556 2334 1588 2364; x_wconf 90' lang='lat' dir='ltr'>in</span> <span class='ocrx_word' id='word_1_992' title='bbox 1612 2334 1670 2365; x_wconf 89' lang='lat' dir='ltr'>hac</span> <span class='ocrx_word' id='word_1_993' title='bbox 1695 2335 1831 2365; x_wconf 91' lang='lat' dir='ltr'>secunda</span> <span class='ocrx_word' id='word_1_994' title='bbox 1855 2342 1941 2376; x_wconf 89' lang='lat' dir='ltr'>parte</span> <span class='ocrx_word' id='word_1_995' title='bbox 1965 2335 2113 2366; x_wconf 91' lang='lat' dir='ltr'>institutis</span> <span class='ocrx_word' id='word_1_996' title='bbox 2136 2337 2174 2367; x_wconf 92' lang='lat' dir='ltr'>de</span> <span class='ocrx_word' id='word_1_997' title='bbox 2196 2347 2284 2368; x_wconf 91' lang='lat' dir='ltr'>more</span> <span class='ocrx_word' id='word_1_998' title='bbox 2299 2349 2395 2379; x_wconf 87' lang='lat' dir='ltr'>quae-</span> 
     </span>
     <span class='ocr_line' id='line_1_124' title="bbox 1323 2378 1706 2410; baseline 0.003 -2"><span class='ocrx_word' id='word_1_999' title='bbox 1323 2378 1479 2409; x_wconf 89' lang='lat' dir='ltr'>stionibus</span> <span class='ocrx_word' id='word_1_1000' title='bbox 1501 2378 1706 2410; x_wconf 88' lang='lat' dir='ltr'>illustrantur.</span> 
     </span>
    </p>

    <p class='ocr_par' dir='ltr' id='par_1_11' title="bbox 1320 2422 2397 3655">
     <span class='ocr_line' id='line_1_125' title="bbox 1391 2422 2394 2467; baseline 0.005 -15"><span class='ocrx_word' id='word_1_1001' title='bbox 1391 2422 1601 2459; x_wconf 86' lang='lat' dir='ltr'>Quaestiones</span> <span class='ocrx_word' id='word_1_1002' title='bbox 1625 2433 1721 2463; x_wconf 89' lang='lat' dir='ltr'>porro</span> <span class='ocrx_word' id='word_1_1003' title='bbox 1745 2430 1952 2454; x_wconf 88' lang='lat' dir='ltr'>numerantur</span> <span class='ocrx_word' id='word_1_1004' title='bbox 1977 2433 2094 2455; x_wconf 88' lang='lat' dir='ltr'>novem</span> <span class='ocrx_word' id='word_1_1005' title='bbox 2122 2435 2216 2466; x_wconf 88' lang='lat' dir='ltr'>supra</span> <span class='ocrx_word' id='word_1_1006' title='bbox 2241 2426 2394 2467; x_wconf 91' lang='lat' dir='ltr'>nonagin-</span> 
     </span>
     <span class='ocr_line' id='line_1_126' title="bbox 1324 2467 2393 2510; baseline 0.004 -12"><span class='ocrx_word' id='word_1_1007' title='bbox 1324 2474 1376 2505; x_wconf 87' lang='lat' dir='ltr'>ta,</span> <span class='ocrx_word' id='word_1_1008' title='bbox 1402 2467 1518 2507; x_wconf 87' lang='lat' dir='ltr'>quibus</span> <span class='ocrx_word' id='word_1_1009' title='bbox 1541 2467 1605 2507; x_wconf 89' lang='lat' dir='ltr'>agit</span> <span class='ocrx_word' id='word_1_1010' title='bbox 1628 2474 1738 2498; x_wconf 91' lang='lat' dir='ltr'>auctor</span> <span class='ocrx_word' id='word_1_1011' title='bbox 1761 2468 1799 2498; x_wconf 92' lang='lat' dir='ltr'>de</span> <span class='ocrx_word' id='word_1_1012' title='bbox 1824 2474 1982 2506; x_wconf 87' lang='lat' dir='ltr'>creatura,</span> <span class='ocrx_word' id='word_1_1013' title='bbox 2007 2470 2040 2499; x_wconf 90' lang='lat' dir='ltr'>in</span> <span class='ocrx_word' id='word_1_1014' title='bbox 2064 2475 2219 2510; x_wconf 90' lang='lat' dir='ltr'>quantum</span> <span class='ocrx_word' id='word_1_1015' title='bbox 2244 2476 2290 2501; x_wconf 89' lang='lat' dir='ltr'>est</span> <span class='ocrx_word' id='word_1_1016' title='bbox 2304 2481 2393 2502; x_wconf 88' lang='lat' dir='ltr'>crea-</span> 
     </span>
     <span class='ocr_line' id='line_1_127' title="bbox 1325 2511 2394 2554; baseline 0.004 -12"><span class='ocrx_word' id='word_1_1017' title='bbox 1325 2517 1411 2542; x_wconf 90' lang='lat' dir='ltr'>tura.</span> <span class='ocrx_word' id='word_1_1018' title='bbox 1437 2511 1472 2541; x_wconf 93' lang='lat' dir='ltr'>In</span> <span class='ocrx_word' id='word_1_1019' title='bbox 1501 2511 1691 2549; x_wconf 90' lang='lat' dir='ltr'>centesima,</span> <span class='ocrx_word' id='word_1_1020' title='bbox 1715 2522 1796 2552; x_wconf 91' lang='lat' dir='ltr'>quae</span> <span class='ocrx_word' id='word_1_1021' title='bbox 1829 2512 1991 2553; x_wconf 87' lang='lat' dir='ltr'>sequitur,</span> <span class='ocrx_word' id='word_1_1022' title='bbox 2024 2513 2134 2553; x_wconf 91' lang='lat' dir='ltr'>incipit</span> <span class='ocrx_word' id='word_1_1023' title='bbox 2166 2524 2256 2554; x_wconf 90' lang='lat' dir='ltr'>agere</span> <span class='ocrx_word' id='word_1_1024' title='bbox 2283 2515 2329 2546; x_wconf 85' lang='lat' dir='ltr'>de.</span> <span class='ocrx_word' id='word_1_1025' title='bbox 2347 2516 2394 2546; x_wconf 92' lang='lat' dir='ltr'>Ia-</span> 
     </span>
     <span class='ocr_line' id='line_1_128' title="bbox 1320 2555 2394 2597; baseline 0.004 -11"><span class='ocrx_word' id='word_1_1026' title='bbox 1320 2565 1384 2596; x_wconf 91' lang='lat' dir='ltr'>psu</span> <span class='ocrx_word' id='word_1_1027' title='bbox 1416 2555 1481 2585; x_wconf 90' lang='lat' dir='ltr'>sive</span> <span class='ocrx_word' id='word_1_1028' title='bbox 1511 2555 1760 2586; x_wconf 89' lang='lat' dir='ltr'>deterioratione</span> <span class='ocrx_word' id='word_1_1029' title='bbox 1783 2562 1962 2587; x_wconf 88' lang='lat' dir='ltr'>creaturae.</span> <span class='ocrx_word' id='word_1_1030' title='bbox 1988 2557 2144 2597; x_wconf 88' lang='lat' dir='ltr'>Prologus</span> <span class='ocrx_word' id='word_1_1031' title='bbox 2176 2565 2239 2589; x_wconf 89' lang='lat' dir='ltr'>est:</span> <span class='ocrx_word' id='word_1_1032' title='bbox 2269 2572 2282 2587; x_wconf 80' lang='grc'>«</span> <span class='ocrx_word' id='word_1_1033' title='bbox 2295 2559 2394 2590; x_wconf 87' lang='lat' dir='ltr'>Adiu-</span> 
     </span>
     <span class='ocr_line' id='line_1_129' title="bbox 1329 2599 2394 2642; baseline 0.005 -14"><span class='ocrx_word' id='word_1_1034' title='bbox 1329 2612 1343 2626; x_wconf 62' lang='grc' dir='ltr'><strong>ι</strong></span> <span class='ocrx_word' id='word_1_1035' title='bbox 1363 2606 1456 2630; x_wconf 89' lang='lat' dir='ltr'>vante</span> <span class='ocrx_word' id='word_1_1036' title='bbox 1479 2599 1576 2640; x_wconf 86' lang='lat' dir='ltr'>gratia</span> <span class='ocrx_word' id='word_1_1037' title='bbox 1600 2600 1670 2630; x_wconf 90' lang='lat' dir='ltr'>Iesu</span> <span class='ocrx_word' id='word_1_1038' title='bbox 1695 2600 1831 2639; x_wconf 92' lang='lat' dir='ltr'>Christi,</span> <span class='ocrx_word' id='word_1_1039' title='bbox 1856 2607 1929 2641; x_wconf 89' lang='lat' dir='ltr'>post</span> <span class='ocrx_word' id='word_1_1040' title='bbox 1958 2601 2243 2633; x_wconf 89' lang='lat' dir='ltr'>considerationem</span> <span class='ocrx_word' id='word_1_1041' title='bbox 2271 2613 2394 2642; x_wconf 88' lang='lat' dir='ltr'>eorum,</span> 
     </span>
     <span class='ocr_line' id='line_1_130' title="bbox 1329 2643 2396 2686; baseline 0.005 -13"><span class='ocrx_word' id='word_1_1042' title='bbox 1329 2656 1343 2670; x_wconf 82' lang='lat'><strong>›</strong></span> <span class='ocrx_word' id='word_1_1043' title='bbox 1364 2654 1446 2685; x_wconf 88' lang='lat' dir='ltr'>quae</span> <span class='ocrx_word' id='word_1_1044' title='bbox 1469 2643 1627 2684; x_wconf 86' lang='lat' dir='ltr'>pertinent</span> <span class='ocrx_word' id='word_1_1045' title='bbox 1649 2645 1690 2674; x_wconf 92' lang='lat' dir='ltr'>ad</span> <span class='ocrx_word' id='word_1_1046' title='bbox 1714 2651 1907 2683; x_wconf 87' lang='lat' dir='ltr'>creaturam,</span> <span class='ocrx_word' id='word_1_1047' title='bbox 1932 2647 2120 2686; x_wconf 89' lang='lat' dir='ltr'>inquantum</span> <span class='ocrx_word' id='word_1_1048' title='bbox 2155 2652 2201 2677; x_wconf 91' lang='lat' dir='ltr'>est</span> <span class='ocrx_word' id='word_1_1049' title='bbox 2224 2653 2396 2686; x_wconf 86' lang='lat' dir='ltr'>creatura;</span> 
     </span>
     <span class='ocr_line' id='line_1_131' title="bbox 1330 2688 2394 2731; baseline 0.005 -14"><span class='ocrx_word' id='word_1_1050' title='bbox 1330 2700 1344 2715; x_wconf 79' lang='lat'><strong>»</strong></span> <span class='ocrx_word' id='word_1_1051' title='bbox 1364 2688 1604 2728; x_wconf 88' lang='lat' dir='ltr'>procedendum</span> <span class='ocrx_word' id='word_1_1052' title='bbox 1627 2695 1673 2719; x_wconf 87' lang='lat' dir='ltr'>est</span> <span class='ocrx_word' id='word_1_1053' title='bbox 1695 2689 1735 2719; x_wconf 91' lang='lat' dir='ltr'>ad</span> <span class='ocrx_word' id='word_1_1054' title='bbox 1759 2689 2043 2720; x_wconf 87' lang='lat' dir='ltr'>considerationem</span> <span class='ocrx_word' id='word_1_1055' title='bbox 2067 2700 2190 2729; x_wconf 88' lang='lat' dir='ltr'>eorum,</span> <span class='ocrx_word' id='word_1_1056' title='bbox 2221 2701 2301 2731; x_wconf 88' lang='lat' dir='ltr'>quae</span> <span class='ocrx_word' id='word_1_1057' title='bbox 2325 2702 2394 2731; x_wconf 83' lang='lat' dir='ltr'>per-</span> 
     </span>
     <span class='ocr_line' id='line_1_132' title="bbox 1330 2732 2396 2773; baseline 0.004 -11"><span class='ocrx_word' id='word_1_1058' title='bbox 1330 2744 1344 2759; x_wconf 82' lang='lat'><strong>»</strong></span> <span class='ocrx_word' id='word_1_1059' title='bbox 1365 2732 1466 2763; x_wconf 90' lang='lat' dir='ltr'>tinent</span> <span class='ocrx_word' id='word_1_1060' title='bbox 1487 2732 1531 2763; x_wconf 88' lang='lat' dir='ltr'>ad</span> <span class='ocrx_word' id='word_1_1061' title='bbox 1554 2733 1678 2773; x_wconf 88' lang='lat' dir='ltr'>lapsum</span> <span class='ocrx_word' id='word_1_1062' title='bbox 1713 2733 1777 2764; x_wconf 88' lang='lat' dir='ltr'>sive</span> <span class='ocrx_word' id='word_1_1063' title='bbox 1804 2734 1848 2764; x_wconf 91' lang='lat' dir='ltr'>ad</span> <span class='ocrx_word' id='word_1_1064' title='bbox 1879 2734 2156 2765; x_wconf 87' lang='lat' dir='ltr'>deteriorationem</span> <span class='ocrx_word' id='word_1_1065' title='bbox 2181 2736 2329 2766; x_wconf 86' lang='lat' dir='ltr'>eiusdem.</span> <span class='ocrx_word' id='word_1_1066' title='bbox 2355 2736 2396 2766; x_wconf 92' lang='lat' dir='ltr'>Et</span> 
     </span>
     <span class='ocr_line' id='line_1_133' title="bbox 1331 2776 2393 2819; baseline 0.004 -13"><span class='ocrx_word' id='word_1_1067' title='bbox 1331 2789 1345 2803; x_wconf 75' lang='grc'>»</span> <span class='ocrx_word' id='word_1_1068' title='bbox 1365 2776 1440 2817; x_wconf 90' lang='lat' dir='ltr'>quia</span> <span class='ocrx_word' id='word_1_1069' title='bbox 1473 2777 1730 2808; x_wconf 89' lang='lat' dir='ltr'>deteriorativum</span> <span class='ocrx_word' id='word_1_1070' title='bbox 1753 2784 1909 2808; x_wconf 89' lang='lat' dir='ltr'>creaturae</span> <span class='ocrx_word' id='word_1_1071' title='bbox 1941 2785 1987 2809; x_wconf 89' lang='lat' dir='ltr'>est</span> <span class='ocrx_word' id='word_1_1072' title='bbox 2010 2779 2128 2809; x_wconf 92' lang='lat' dir='ltr'>malum</span> <span class='ocrx_word' id='word_1_1073' title='bbox 2163 2785 2192 2810; x_wconf 88' lang='lat' dir='ltr'>et</span> <span class='ocrx_word' id='word_1_1074' title='bbox 2214 2785 2393 2819; x_wconf 86' lang='lat' dir='ltr'>peccatum,</span> 
     </span>
     <span class='ocr_line' id='line_1_134' title="bbox 1331 2822 2394 2863; baseline 0.004 -13"><span class='ocrx_word' id='word_1_1075' title='bbox 1331 2833 1345 2848; x_wconf 67' lang='lat'>:⁹</span> <span class='ocrx_word' id='word_1_1076' title='bbox 1365 2822 1584 2861; x_wconf 90' lang='lat' dir='ltr'>quaerendum</span> <span class='ocrx_word' id='word_1_1077' title='bbox 1607 2828 1653 2852; x_wconf 90' lang='lat' dir='ltr'>est</span> <span class='ocrx_word' id='word_1_1078' title='bbox 1676 2822 1715 2852; x_wconf 90' lang='lat' dir='ltr'>de</span> <span class='ocrx_word' id='word_1_1079' title='bbox 1738 2822 1823 2852; x_wconf 90' lang='lat' dir='ltr'>malo</span> <span class='ocrx_word' id='word_1_1080' title='bbox 1850 2827 1880 2852; x_wconf 89' lang='lat' dir='ltr'>et</span> <span class='ocrx_word' id='word_1_1081' title='bbox 1902 2828 2034 2862; x_wconf 87' lang='lat' dir='ltr'>peccato</span> <span class='ocrx_word' id='word_1_1082' title='bbox 2058 2829 2114 2854; x_wconf 94' lang='lat' dir='ltr'>etc.</span> <span class='ocrx_word' id='word_1_1083' title='bbox 2134 2835 2148 2850; x_wconf 76' lang='grc'><strong>»</strong></span> <span class='ocrx_word' id='word_1_1084' title='bbox 2175 2823 2297 2854; x_wconf 89' lang='lat' dir='ltr'>Malum</span> <span class='ocrx_word' id='word_1_1085' title='bbox 2320 2834 2394 2863; x_wconf 88' lang='lat' dir='ltr'>ergo</span> 
     </span>
     <span class='ocr_line' id='line_1_135' title="bbox 1328 2866 2395 2908; baseline 0.003 -13"><span class='ocrx_word' id='word_1_1086' title='bbox 1328 2872 1558 2906; x_wconf 90' lang='lat' dir='ltr'>peccatumque</span> <span class='ocrx_word' id='word_1_1087' title='bbox 1581 2866 1755 2905; x_wconf 87' lang='lat' dir='ltr'>generatim</span> <span class='ocrx_word' id='word_1_1088' title='bbox 1777 2873 1962 2907; x_wconf 89' lang='lat' dir='ltr'>acceptum,</span> <span class='ocrx_word' id='word_1_1089' title='bbox 1987 2873 2056 2897; x_wconf 90' lang='lat' dir='ltr'>tum</span> <span class='ocrx_word' id='word_1_1090' title='bbox 2089 2867 2226 2907; x_wconf 88' lang='lat' dir='ltr'>singulas</span> <span class='ocrx_word' id='word_1_1091' title='bbox 2252 2874 2395 2908; x_wconf 91' lang='lat' dir='ltr'>peccato-</span> 
     </span>
     <span class='ocr_line' id='line_1_136' title="bbox 1328 2910 2396 2951; baseline 0.003 -12"><span class='ocrx_word' id='word_1_1092' title='bbox 1328 2919 1400 2940; x_wconf 90' lang='lat' dir='ltr'>rum</span> <span class='ocrx_word' id='word_1_1093' title='bbox 1431 2910 1549 2949; x_wconf 84' lang='lat' dir='ltr'>species</span> <span class='ocrx_word' id='word_1_1094' title='bbox 1575 2920 1610 2940; x_wconf 91' lang='lat' dir='ltr'>ac</span> <span class='ocrx_word' id='word_1_1095' title='bbox 1638 2910 1712 2940; x_wconf 89' lang='lat' dir='ltr'>vitia</span> <span class='ocrx_word' id='word_1_1096' title='bbox 1742 2920 1907 2951; x_wconf 87' lang='lat' dir='ltr'>quaeque,</span> <span class='ocrx_word' id='word_1_1097' title='bbox 1932 2918 2085 2941; x_wconf 91' lang='lat' dir='ltr'>consueto</span> <span class='ocrx_word' id='word_1_1098' title='bbox 2113 2913 2332 2951; x_wconf 89' lang='lat' dir='ltr'>quaestionum</span> <span class='ocrx_word' id='word_1_1099' title='bbox 2366 2917 2396 2942; x_wconf 86' lang='lat' dir='ltr'>et</span> 
     </span>
     <span class='ocr_line' id='line_1_137' title="bbox 1329 2954 2395 2995; baseline 0.003 -12"><span class='ocrx_word' id='word_1_1100' title='bbox 1329 2954 1542 2984; x_wconf 86' lang='lat' dir='ltr'>membrorum</span> <span class='ocrx_word' id='word_1_1101' title='bbox 1569 2960 1599 2984; x_wconf 91' lang='lat' dir='ltr'>et</span> <span class='ocrx_word' id='word_1_1102' title='bbox 1627 2955 1838 2985; x_wconf 87' lang='lat' dir='ltr'>articulorum</span> <span class='ocrx_word' id='word_1_1103' title='bbox 1858 2954 1968 2985; x_wconf 91' lang='lat' dir='ltr'>ordine</span> <span class='ocrx_word' id='word_1_1104' title='bbox 1988 2962 2120 2993; x_wconf 89' lang='lat' dir='ltr'>servato,</span> <span class='ocrx_word' id='word_1_1105' title='bbox 2138 2955 2266 2995; x_wconf 87' lang='lat' dir='ltr'>exponit</span> <span class='ocrx_word' id='word_1_1106' title='bbox 2284 2966 2320 2986; x_wconf 91' lang='lat' dir='ltr'>ac</span> <span class='ocrx_word' id='word_1_1107' title='bbox 2344 2956 2395 2986; x_wconf 93' lang='lat' dir='ltr'>de-</span> 
     </span>
     <span class='ocr_line' id='line_1_138' title="bbox 1330 2997 2396 3041; baseline 0.002 -13"><span class='ocrx_word' id='word_1_1108' title='bbox 1330 2997 1432 3028; x_wconf 90' lang='lat' dir='ltr'>clarat.</span> <span class='ocrx_word' id='word_1_1109' title='bbox 1456 2999 1620 3029; x_wconf 91' lang='lat' dir='ltr'>Postrema</span> <span class='ocrx_word' id='word_1_1110' title='bbox 1643 3005 1827 3029; x_wconf 91' lang='lat' dir='ltr'>numeratur</span> <span class='ocrx_word' id='word_1_1111' title='bbox 1850 2999 1993 3039; x_wconf 90' lang='lat' dir='ltr'>quaestio</span> <span class='ocrx_word' id='word_1_1112' title='bbox 2009 3000 2179 3030; x_wconf 89' lang='lat' dir='ltr'>centesima</span> <span class='ocrx_word' id='word_1_1113' title='bbox 2202 3001 2396 3041; x_wconf 87' lang='lat' dir='ltr'>octogesima</span> 
     </span>
     <span class='ocr_line' id='line_1_139' title="bbox 1330 3042 2396 3083; baseline 0.002 -11"><span class='ocrx_word' id='word_1_1114' title='bbox 1330 3050 1438 3080; x_wconf 87' lang='lat' dir='ltr'>nona;</span> <span class='ocrx_word' id='word_1_1115' title='bbox 1461 3042 1592 3083; x_wconf 92' lang='lat' dir='ltr'>eiusque</span> <span class='ocrx_word' id='word_1_1116' title='bbox 1625 3053 1662 3073; x_wconf 88' lang='lat' dir='ltr'>ex</span> <span class='ocrx_word' id='word_1_1117' title='bbox 1690 3043 1826 3083; x_wconf 91' lang='lat' dir='ltr'>prologo</span> <span class='ocrx_word' id='word_1_1118' title='bbox 1861 3049 2060 3083; x_wconf 88' lang='lat' dir='ltr'>compertum</span> <span class='ocrx_word' id='word_1_1119' title='bbox 2088 3043 2123 3074; x_wconf 88' lang='lat' dir='ltr'>fit</span> <span class='ocrx_word' id='word_1_1120' title='bbox 2155 3054 2301 3074; x_wconf 87' lang='lat' dir='ltr'>mancam</span> <span class='ocrx_word' id='word_1_1121' title='bbox 2330 3054 2396 3074; x_wconf 89' lang='lat' dir='ltr'>esse</span> 
     </span>
     <span class='ocr_line' id='line_1_140' title="bbox 1330 3086 2395 3128; baseline 0.002 -12"><span class='ocrx_word' id='word_1_1122' title='bbox 1330 3093 1360 3116; x_wconf 94' lang='lat' dir='ltr'>et</span> <span class='ocrx_word' id='word_1_1123' title='bbox 1382 3086 1601 3126; x_wconf 88' lang='lat' dir='ltr'>imperfectam</span> <span class='ocrx_word' id='word_1_1124' title='bbox 1624 3087 1705 3117; x_wconf 90' lang='lat' dir='ltr'>hanc</span> <span class='ocrx_word' id='word_1_1125' title='bbox 1729 3087 1857 3117; x_wconf 87' lang='lat' dir='ltr'>alteram</span> <span class='ocrx_word' id='word_1_1126' title='bbox 1881 3087 2136 3127; x_wconf 85' lang='lat' dir='ltr'>quadripartitae</span> <span class='ocrx_word' id='word_1_1127' title='bbox 2157 3087 2309 3118; x_wconf 90' lang='lat' dir='ltr'>Summae</span> <span class='ocrx_word' id='word_1_1128' title='bbox 2326 3098 2395 3128; x_wconf 90' lang='lat' dir='ltr'>par-</span> 
     </span>
     <span class='ocr_line' id='line_1_141' title="bbox 1329 3131 2395 3172; baseline 0.001 -11"><span class='ocrx_word' id='word_1_1129' title='bbox 1329 3137 1403 3161; x_wconf 89' lang='lat' dir='ltr'>tem.</span> <span class='ocrx_word' id='word_1_1130' title='bbox 1431 3131 1565 3161; x_wconf 86' lang='lat' dir='ltr'>Laudati</span> <span class='ocrx_word' id='word_1_1131' title='bbox 1588 3131 1716 3171; x_wconf 89' lang='lat' dir='ltr'>Prologi</span> <span class='ocrx_word' id='word_1_1132' title='bbox 1748 3131 1841 3161; x_wconf 88' lang='lat' dir='ltr'>verba</span> <span class='ocrx_word' id='word_1_1133' title='bbox 1865 3137 1956 3161; x_wconf 90' lang='lat' dir='ltr'>sunt:</span> <span class='ocrx_word' id='word_1_1134' title='bbox 1981 3145 1995 3160; x_wconf 80' lang='lat'><strong>‹</strong></span> <span class='ocrx_word' id='word_1_1135' title='bbox 2012 3131 2142 3162; x_wconf 92' lang='lat' dir='ltr'>Dictum</span> <span class='ocrx_word' id='word_1_1136' title='bbox 2171 3138 2217 3162; x_wconf 93' lang='lat' dir='ltr'>est</span> <span class='ocrx_word' id='word_1_1137' title='bbox 2240 3142 2335 3172; x_wconf 89' lang='lat' dir='ltr'>supra</span> <span class='ocrx_word' id='word_1_1138' title='bbox 2358 3133 2395 3162; x_wconf 92' lang='lat' dir='ltr'>de</span> 
     </span>
     <span class='ocr_line' id='line_1_142' title="bbox 1332 3174 2397 3217; baseline 0.003 -14"><span class='ocrx_word' id='word_1_1139' title='bbox 1332 3186 1346 3201; x_wconf 59' lang='grc' dir='ltr'><em>π</em></span> <span class='ocrx_word' id='word_1_1140' title='bbox 1368 3174 1562 3213; x_wconf 88' lang='lat' dir='ltr'>criminibus,</span> <span class='ocrx_word' id='word_1_1141' title='bbox 1586 3184 1668 3215; x_wconf 88' lang='lat' dir='ltr'>quae</span> <span class='ocrx_word' id='word_1_1142' title='bbox 1691 3176 1932 3205; x_wconf 87' lang='lat' dir='ltr'>committuntur</span> <span class='ocrx_word' id='word_1_1143' title='bbox 1963 3176 1995 3205; x_wconf 91' lang='lat' dir='ltr'>in</span> <span class='ocrx_word' id='word_1_1144' title='bbox 2019 3175 2146 3206; x_wconf 84' lang='lat' dir='ltr'>Deum:</span> <span class='ocrx_word' id='word_1_1145' title='bbox 2169 3183 2397 3217; x_wconf 90' lang='lat' dir='ltr'>consequenter</span> 
     </span>
     <span class='ocr_line' id='line_1_143' title="bbox 1333 3218 2394 3260; baseline 0.002 -12"><span class='ocrx_word' id='word_1_1146' title='bbox 1333 3230 1347 3245; x_wconf 81' lang='lat'>»</span> <span class='ocrx_word' id='word_1_1147' title='bbox 1367 3218 1539 3249; x_wconf 90' lang='lat' dir='ltr'>dicendum</span> <span class='ocrx_word' id='word_1_1148' title='bbox 1563 3225 1608 3249; x_wconf 87' lang='lat' dir='ltr'>est</span> <span class='ocrx_word' id='word_1_1149' title='bbox 1631 3219 1670 3249; x_wconf 92' lang='lat' dir='ltr'>de</span> <span class='ocrx_word' id='word_1_1150' title='bbox 1692 3219 1751 3257; x_wconf 92' lang='lat' dir='ltr'>his,</span> <span class='ocrx_word' id='word_1_1151' title='bbox 1776 3226 1857 3259; x_wconf 88' lang='lat' dir='ltr'>quae</span> <span class='ocrx_word' id='word_1_1152' title='bbox 1881 3220 2122 3250; x_wconf 88' lang='lat' dir='ltr'>committuntur</span> <span class='ocrx_word' id='word_1_1153' title='bbox 2145 3221 2177 3250; x_wconf 90' lang='lat' dir='ltr'>in</span> <span class='ocrx_word' id='word_1_1154' title='bbox 2195 3221 2394 3260; x_wconf 88' lang='lat' dir='ltr'>proximum.</span> 
     </span>
     <span class='ocr_line' id='line_1_144' title="bbox 1333 3263 2396 3303; baseline 0.002 -11"><span class='ocrx_word' id='word_1_1155' title='bbox 1333 3274 1347 3288; x_wconf 63' lang='grc' dir='ltr'><strong><em>ι</em></strong></span> <span class='ocrx_word' id='word_1_1156' title='bbox 1368 3263 1403 3292; x_wconf 92' lang='lat' dir='ltr'>ln</span> <span class='ocrx_word' id='word_1_1157' title='bbox 1422 3263 1614 3303; x_wconf 90' lang='lat' dir='ltr'>quibusdam</span> <span class='ocrx_word' id='word_1_1158' title='bbox 1628 3270 1735 3294; x_wconf 90' lang='lat' dir='ltr'>autem</span> <span class='ocrx_word' id='word_1_1159' title='bbox 1751 3263 1885 3294; x_wconf 85' lang='lat' dir='ltr'>laeditur</span> <span class='ocrx_word' id='word_1_1160' title='bbox 1900 3263 2064 3303; x_wconf 87' lang='lat' dir='ltr'>proximus</span> <span class='ocrx_word' id='word_1_1161' title='bbox 2080 3265 2112 3294; x_wconf 91' lang='lat' dir='ltr'>in</span> <span class='ocrx_word' id='word_1_1162' title='bbox 2123 3270 2237 3302; x_wconf 91' lang='lat' dir='ltr'>mente,</span> <span class='ocrx_word' id='word_1_1163' title='bbox 2248 3264 2336 3294; x_wconf 89' lang='lat' dir='ltr'>Sicut</span> <span class='ocrx_word' id='word_1_1164' title='bbox 2350 3270 2396 3294; x_wconf 93' lang='lat' dir='ltr'>est</span> 
     </span>
     <span class='ocr_line' id='line_1_145' title="bbox 1333 3306 2396 3348; baseline 0.002 -12"><span class='ocrx_word' id='word_1_1165' title='bbox 1333 3318 1347 3332; x_wconf 80' lang='lat'><strong>»</strong></span> <span class='ocrx_word' id='word_1_1166' title='bbox 1365 3306 1576 3337; x_wconf 86' lang='lat' dir='ltr'>scandalum:</span> <span class='ocrx_word' id='word_1_1167' title='bbox 1599 3307 1632 3337; x_wconf 92' lang='lat' dir='ltr'>in</span> <span class='ocrx_word' id='word_1_1168' title='bbox 1655 3307 1848 3348; x_wconf 90' lang='lat' dir='ltr'>quibusdam</span> <span class='ocrx_word' id='word_1_1169' title='bbox 1870 3307 2003 3338; x_wconf 88' lang='lat' dir='ltr'>laeditur</span> <span class='ocrx_word' id='word_1_1170' title='bbox 2021 3309 2053 3338; x_wconf 90' lang='lat' dir='ltr'>in</span> <span class='ocrx_word' id='word_1_1171' title='bbox 2078 3317 2220 3348; x_wconf 74' lang='lat' dir='ltr'>corpore,</span> <span class='ocrx_word' id='word_1_1172' title='bbox 2246 3308 2326 3338; x_wconf 91' lang='lat' dir='ltr'>sicut</span> <span class='ocrx_word' id='word_1_1173' title='bbox 2349 3314 2396 3338; x_wconf 90' lang='lat' dir='ltr'>est</span> 
     </span>
     <span class='ocr_line' id='line_1_146' title="bbox 1333 3350 2395 3391; baseline 0.003 -12"><span class='ocrx_word' id='word_1_1174' title='bbox 1333 3363 1347 3378; x_wconf 66' lang='lat' dir='ltr'>&gt;o</span> <span class='ocrx_word' id='word_1_1175' title='bbox 1367 3350 1569 3380; x_wconf 87' lang='lat' dir='ltr'>homicidium</span> <span class='ocrx_word' id='word_1_1176' title='bbox 1595 3357 1625 3381; x_wconf 90' lang='lat' dir='ltr'>et</span> <span class='ocrx_word' id='word_1_1177' title='bbox 1643 3361 1725 3391; x_wconf 90' lang='lat' dir='ltr'>quae</span> <span class='ocrx_word' id='word_1_1178' title='bbox 1744 3357 1818 3381; x_wconf 92' lang='lat' dir='ltr'>sunt</span> <span class='ocrx_word' id='word_1_1179' title='bbox 1840 3350 1924 3381; x_wconf 90' lang='lat' dir='ltr'>illius</span> <span class='ocrx_word' id='word_1_1180' title='bbox 1947 3352 2082 3391; x_wconf 90' lang='lat' dir='ltr'>generis,</span> <span class='ocrx_word' id='word_1_1181' title='bbox 2108 3352 2188 3382; x_wconf 90' lang='lat' dir='ltr'>sicut</span> <span class='ocrx_word' id='word_1_1182' title='bbox 2211 3358 2284 3382; x_wconf 91' lang='lat' dir='ltr'>sunt</span> <span class='ocrx_word' id='word_1_1183' title='bbox 2306 3351 2395 3382; x_wconf 89' lang='lat' dir='ltr'>duel-</span> 
     </span>
     <span class='ocr_line' id='line_1_147' title="bbox 1333 3394 2395 3436; baseline 0.003 -13"><span class='ocrx_word' id='word_1_1184' title='bbox 1333 3407 1347 3421; x_wconf 78' lang='lat'><strong>»</strong></span> <span class='ocrx_word' id='word_1_1185' title='bbox 1367 3394 1433 3424; x_wconf 89' lang='lat' dir='ltr'>lum</span> <span class='ocrx_word' id='word_1_1186' title='bbox 1459 3399 1489 3424; x_wconf 86' lang='lat' dir='ltr'>et</span> <span class='ocrx_word' id='word_1_1187' title='bbox 1512 3395 1704 3425; x_wconf 88' lang='lat' dir='ltr'>tirocinium.</span> <span class='ocrx_word' id='word_1_1188' title='bbox 1731 3395 1914 3435; x_wconf 89' lang='lat' dir='ltr'>Aliquando</span> <span class='ocrx_word' id='word_1_1189' title='bbox 1946 3405 2021 3425; x_wconf 90' lang='lat' dir='ltr'>vero</span> <span class='ocrx_word' id='word_1_1190' title='bbox 2053 3395 2186 3426; x_wconf 91' lang='lat' dir='ltr'>laeditur</span> <span class='ocrx_word' id='word_1_1191' title='bbox 2218 3396 2251 3426; x_wconf 91' lang='lat' dir='ltr'>in</span> <span class='ocrx_word' id='word_1_1192' title='bbox 2268 3405 2395 3436; x_wconf 89' lang='lat' dir='ltr'>posses-</span> 
     </span>
     <span class='ocr_line' id='line_1_148' title="bbox 1333 3437 2395 3479; baseline 0.005 -14"><span class='ocrx_word' id='word_1_1193' title='bbox 1333 3450 1347 3465; x_wconf 74' lang='lat'><strong>»</strong></span> <span class='ocrx_word' id='word_1_1194' title='bbox 1366 3438 1475 3474; x_wconf 88' lang='lat' dir='ltr'>sione,</span> <span class='ocrx_word' id='word_1_1195' title='bbox 1501 3437 1581 3468; x_wconf 91' lang='lat' dir='ltr'>sicut</span> <span class='ocrx_word' id='word_1_1196' title='bbox 1613 3444 1659 3468; x_wconf 92' lang='lat' dir='ltr'>est</span> <span class='ocrx_word' id='word_1_1197' title='bbox 1681 3438 1714 3468; x_wconf 93' lang='lat' dir='ltr'>in</span> <span class='ocrx_word' id='word_1_1198' title='bbox 1747 3440 1862 3478; x_wconf 90' lang='lat' dir='ltr'>rapina</span> <span class='ocrx_word' id='word_1_1199' title='bbox 1887 3445 1917 3469; x_wconf 89' lang='lat' dir='ltr'>et</span> <span class='ocrx_word' id='word_1_1200' title='bbox 1940 3449 2040 3469; x_wconf 88' lang='lat' dir='ltr'>usura</span> <span class='ocrx_word' id='word_1_1201' title='bbox 2069 3445 2099 3469; x_wconf 92' lang='lat' dir='ltr'>et</span> <span class='ocrx_word' id='word_1_1202' title='bbox 2126 3439 2159 3469; x_wconf 91' lang='lat' dir='ltr'>in</span> <span class='ocrx_word' id='word_1_1203' title='bbox 2178 3438 2395 3479; x_wconf 80' lang='lat' dir='ltr'>fraudolenta</span> 
     </span>
     <span class='ocr_line' id='line_1_149' title="bbox 1332 3481 2394 3522; baseline 0.004 -12"><span class='ocrx_word' id='word_1_1204' title='bbox 1332 3493 1347 3508; x_wconf 85' lang='lat'><strong>›</strong></span> <span class='ocrx_word' id='word_1_1205' title='bbox 1367 3486 1533 3511; x_wconf 88' lang='lat' dir='ltr'>contractu</span> <span class='ocrx_word' id='word_1_1206' title='bbox 1557 3486 1588 3511; x_wconf 92' lang='lat' dir='ltr'>et</span> <span class='ocrx_word' id='word_1_1207' title='bbox 1601 3481 1709 3522; x_wconf 85' lang='lat' dir='ltr'>furto.</span> <span class='ocrx_word' id='word_1_1208' title='bbox 1733 3482 1841 3512; x_wconf 89' lang='lat' dir='ltr'>Primo</span> <span class='ocrx_word' id='word_1_1209' title='bbox 1865 3489 1972 3512; x_wconf 89' lang='lat' dir='ltr'>autem</span> <span class='ocrx_word' id='word_1_1210' title='bbox 1987 3483 2158 3513; x_wconf 91' lang='lat' dir='ltr'>dicendum</span> <span class='ocrx_word' id='word_1_1211' title='bbox 2181 3490 2227 3514; x_wconf 91' lang='lat' dir='ltr'>est</span> <span class='ocrx_word' id='word_1_1212' title='bbox 2246 3483 2286 3514; x_wconf 86' lang='lat' dir='ltr'>de</span> <span class='ocrx_word' id='word_1_1213' title='bbox 2303 3493 2394 3514; x_wconf 89' lang='lat' dir='ltr'>scan-</span> 
     </span>
     <span class='ocr_line' id='line_1_150' title="bbox 1333 3525 2394 3567; baseline 0.005 -13"><span class='ocrx_word' id='word_1_1214' title='bbox 1333 3537 1347 3552; x_wconf 74' lang='lat'><strong>»</strong></span> <span class='ocrx_word' id='word_1_1215' title='bbox 1367 3525 1452 3555; x_wconf 90' lang='lat' dir='ltr'>dalo.</span> <span class='ocrx_word' id='word_1_1216' title='bbox 1466 3537 1480 3551; x_wconf 81' lang='lat'><strong>»</strong></span> <span class='ocrx_word' id='word_1_1217' title='bbox 1515 3525 1590 3562; x_wconf 94' lang='lat' dir='ltr'>Quo</span> <span class='ocrx_word' id='word_1_1218' title='bbox 1615 3525 1652 3555; x_wconf 91' lang='lat' dir='ltr'>de</span> <span class='ocrx_word' id='word_1_1219' title='bbox 1675 3525 1752 3555; x_wconf 87' lang='lat' dir='ltr'>vitio</span> <span class='ocrx_word' id='word_1_1220' title='bbox 1776 3532 1969 3567; x_wconf 89' lang='lat' dir='ltr'>peccatoque</span> <span class='ocrx_word' id='word_1_1221' title='bbox 1995 3526 2028 3556; x_wconf 91' lang='lat' dir='ltr'>in</span> <span class='ocrx_word' id='word_1_1222' title='bbox 2051 3527 2119 3567; x_wconf 87' lang='lat' dir='ltr'>ipsa</span> <span class='ocrx_word' id='word_1_1223' title='bbox 2140 3527 2300 3558; x_wconf 88' lang='lat' dir='ltr'>disseritur</span> <span class='ocrx_word' id='word_1_1224' title='bbox 2322 3538 2394 3559; x_wconf 88' lang='lat' dir='ltr'>cen-</span> 
     </span>
     <span class='ocr_line' id='line_1_151' title="bbox 1331 3569 2396 3612; baseline 0.005 -14"><span class='ocrx_word' id='word_1_1225' title='bbox 1331 3569 1444 3599; x_wconf 88' lang='lat' dir='ltr'>tesima</span> <span class='ocrx_word' id='word_1_1226' title='bbox 1468 3570 1661 3609; x_wconf 86' lang='lat' dir='ltr'>octogesima</span> <span class='ocrx_word' id='word_1_1227' title='bbox 1685 3579 1770 3600; x_wconf 90' lang='lat' dir='ltr'>nona</span> <span class='ocrx_word' id='word_1_1228' title='bbox 1794 3570 1997 3610; x_wconf 90' lang='lat' dir='ltr'>quaestione:</span> <span class='ocrx_word' id='word_1_1229' title='bbox 2017 3571 2158 3612; x_wconf 88' lang='lat' dir='ltr'>aliaeque</span> <span class='ocrx_word' id='word_1_1230' title='bbox 2182 3572 2396 3603; x_wconf 90' lang='lat' dir='ltr'>desiderantur</span> 
     </span>
     <span class='ocr_line' id='line_1_152' title="bbox 1331 3612 2395 3655; baseline 0.005 -13"><span class='ocrx_word' id='word_1_1231' title='bbox 1331 3612 1532 3654; x_wconf 87' lang='lat' dir='ltr'>quaestiones</span> <span class='ocrx_word' id='word_1_1232' title='bbox 1556 3623 1686 3653; x_wconf 89' lang='lat' dir='ltr'>omnes,</span> <span class='ocrx_word' id='word_1_1233' title='bbox 1709 3613 1742 3644; x_wconf 90' lang='lat' dir='ltr'>in</span> <span class='ocrx_word' id='word_1_1234' title='bbox 1761 3614 1877 3655; x_wconf 90' lang='lat' dir='ltr'>quibus</span> <span class='ocrx_word' id='word_1_1235' title='bbox 1901 3615 2060 3654; x_wconf 88' lang='lat' dir='ltr'>agendum</span> <span class='ocrx_word' id='word_1_1236' title='bbox 2082 3615 2183 3646; x_wconf 88' lang='lat' dir='ltr'>fuerat</span> <span class='ocrx_word' id='word_1_1237' title='bbox 2207 3616 2245 3647; x_wconf 87' lang='lat' dir='ltr'>de</span> <span class='ocrx_word' id='word_1_1238' title='bbox 2267 3617 2395 3647; x_wconf 88' lang='lat' dir='ltr'>homici-</span> 
     </span>
    </p>
   </div>
  </div>
 </body>
</html>
