2788 4204
0 1029 2 1036 ·
37 1025 51 1037 ⁸
65 1024 141 1047 Codd-
155 1036 172 1041 -
187 1031 213 1047 νε
228 1031 254 1064 ²1
282 1018 420 1054 lorum.

34 340 48 351 ⁸
56 339 145 362 Codd.·
151 345 195 360 Am:
204 344 251 360 non

36 365 142 394 op-quod
144 367 193 393 ppt.
198 365 252 390 hoc,-

0 413 1 417 ,
36 398 58 414 r:
66 398 113 414 non
120 393 250 419 oporcppt.

37 418 82 440 Ιιοι·
95 418 135 446 qd.

37 498 50 511 ⁸
59 503 110 519 asor
120 501 142 519 et
153 503 176 525 p.
185 503 217 519 m.
227 503 251 518 a:

39 524 135 547 habere.

39 762 52 773 ⁹
59 760 136 783 Codd.
142 772 159 777 -
164 767 194 782 to
204 766 252 782 orn.

39 787 132 813 scien-tq
140 793 204 808 tom.
216 787 255 808 hu—

0 821 5 824 ”
37 813 118 839 luem„-
124 819 146 835 o:
153 819 253 838 necess„

37 841 142 868 possunt
146 840 206 861 enim
212 839 255 861 sci—

37 868 200 915 aia-13:522.
211 866 254 887 '¹¹⁴'

0 920 2 941 ζ
37 918 50 932 ⁸
63 925 91 941 a:
102 919 203 941 Ῑωίιιιηι.
214 924 253 941 co-

38 945 112 968 tores.

38 972 49 985 ⁸
59 971 186 994 Codd.-r:
197 972 253 1000 quia

39 1000 64 1020 et
71 998 119 1020 ille.

111 1131 223 1153 colorum.

0 1294 4 1318 ἐ
40 1295 54 1308 ⁸
124 1300 253 1323 .1‚n.n,

84 1337 92 1344 .

41 1933 52 1944 ”
65 1930 119 1963 ¹⁴⁵*
131 1931 255 1982 {zeter

39 1992 61 2009 .-
109 2001 118 2008 ι
126 1989 181 2008 m·
189 1991 205 2008 Ι.

16 2143 200 2179 ›mn-ms.

1073 247 1184 284 CAP.
1213 247 1354 295 XVIII,
1385 247 1535 284 LECT.
1565 248 1677 284 XXX

279 334 430 377 oportet
458 327 564 377 quod
583 328 602 348 *²
633 334 759 364 careat
786 326 940 381 scientia
969 328 1162 372 colorum;
1184 326 1273 375 quia
1302 339 1347 363 ex

278 382 353 428 his,
383 393 482 430 quae
515 381 620 429 prius
649 380 782 427 sensit,
817 387 990 417 remanet
1016 380 1056 417 in
1084 392 1130 416 eo
1159 379 1348 416 memoria

278 435 466 472 colorum.

336 488 370 525 3.
393 486 588 534 Contingit
614 492 744 522 autem
764 485 812 522 de
833 485 1020 533 aliquibus
1049 486 1162 530 rebus
1181 486 1348 523 haberi*

281 540 534 589 ignorantiam
553 538 774 588 negationiS,
795 550 893 588 quae
913 546 1042 575 tamen
1063 539 1242 586 cognosci
1261 552 1348 588 pos-

281 600 373 631 sunt⁴
394 605 464 642 per
489 603 647 629 sensum
667 597 784 640 quem
813 593 1022 629 habemus:
1043 592 1138 629 sicut
1156 592 1186 629 si
1215 593 1349 641 aliquis

280 647 427 694 habens
453 645 581 682 visum
606 656 760 693 semper
787 645 917 682 fuisset
935 645 974 682 in
1003 645 1185 692 tenebris,
1207 654 1350 683 careret

280 699 438 748 quidem
467 697 622 734 scientia
642 699 827 744 colorum,
849 699 916 735 sed
944 711 1023 735 non
1045 711 1090 735 ex
1114 699 1347 746 necessitate,

280 751 370 800 quia
396 755 526 800 posset
553 750 773 789 huiusmodi
802 751 998 788 scientiam
1020 753 1040 771 ¹*
1065 753 1236 801 accipere
1265 765 1349 790 sen-

280 804 410 841 tiendo
440 805 586 841 colores
607 805 648 841 *ε
678 806 783 853 quod
812 817 891 841 non
921 805 1102 853 contingit
1130 806 1168 843 in
1199 818 1257 852 eo,
1284 807 1349 855 qui

282 864 384 894 caret
410 869 526 894 sensu
543 857 661 895 visus.
691 859 740 894 Et
767 858 854 895 ideo
879 858 983 895 addit
1001 860 1107 908 quod
1127 859 1366 909 impossibile*

281 916 336 947 est
352 911 541 959 accipere;
555 911 645 960 quia
659 910 837 948 videlicet
850 911 908 948 ille
924 912 956 957 ⁴⁵,
977 912 1042 960 qui
1063 919 1163 949 caret
1179 913 1350 961 potentia

280 963 424 1010 visiva,
463 976 543 1001 non
574 971 700 1013 potest
735 965 931 1014 percipere
951 965 971 984 ⁴*
1001 965 1258 1013 cognitIOnem
1287 979 1350 1003 co-

334 1082 372 1117 4.
393 1069 542 1107 Deinde
563 1082 652 1106 cum
681 1069 790 1107 dicit:
811 1070 1001 1119 Siquidem
1020 1071 1247 1108 addiscimus
1266 1079 1349 1119 etc.,

280 1124 419 1172 probat
445 1123 686 1172 propositum
705 1135 775 1172 per
801 1124 875 1160 hoc
902 1124 1007 1173 quod
1027 1123 1165 1172 duplex
1187 1131 1242 1160 est
1266 1137 1350 1162 mo-

282 1177 354 1214 dus
382 1176 602 1224 acquirendi
630 1177 839 1213 scientiam.
869 1177 977 1214 Unus
1005 1176 1162 1224 quidem
1189 1189 1260 1225 per
1287 1179 1350 1215 de-

280 1229 611 1274 monstrationem,
624 1229 719 1266 alius
734 1237 862 1267 autem
877 1242 947 1278 per
960 1229 1233 1274 inductionem;
1245 1233 1351 1280 quod

282 1283 396 1320 etiam
417 1283 456 1319 in
476 1282 662 1332 principio
683 1283 796 1320 huius
815 1283 897 1320 libri
915 1282 1083 1331 positum
1104 1291 1159 1319 est
1175 1284 1205 1320 *.
1231 1285 1351 1322 Diffe-

282 1344 370 1374 runt
397 1336 585 1383 autemhi
613 1337 689 1373 duo
709 1335 828 1382 modi,
849 1335 939 1386 quia
967 1336 1240 1374 demonstratio
1264 1351 1350 1387 pro-

280 1386 787 1435 cedit‘ex'‘universa1ibus;
817 1389 986 1427 inductio
1024 1396 1152 1426 autem
1180 1393 1353 1439 procedit

282 1455 328 1480 ex
354 1442 653 1492 particularibus.
685 1442 725 1479 Si
755 1454 844 1490 ergo
869 1441 1109 1490 universalia,
1140 1455 1185 1480 ex
1213 1445 1351 1493 quibus

279 1496 452 1546 procedit
479 1495 774 1543 demonstratio,
806 1496 985 1544 cognosci
1020 1504 1178 1544 possent
1206 1499 1352 1547 absque

279 1549 513 1599 inductione,
529 1556 751 1598 sequeretur
768 1550 873 1598 quod
892 1549 1013 1586 homo
1031 1557 1162 1598 posset
1180 1551 1351 1601 accipere

280 1602 477 1641 scientiam
498 1614 645 1648 eorum,
665 1615 831 1652 quorum
851 1615 931 1639 non
950 1603 1066 1639 habet
1083 1615 1252 1642 sensum.
1275 1607 1352 1643 Sed

280 1655 515 1706 impossibile
537 1663 592 1692 est
609 1656 839 1693 universalia
867 1656 1051 1705 speculari
1070 1657 1215 1706 absque
1244 1658 1351 1696 indu-

283 1709 420 1747 ctione.
450 1710 500 1746 Et
526 1710 602 1746 hoc
629 1709 786 1758 quidem
815 1710 854 1746 in
883 1710 996 1747 rebus
1029 1709 1269 1748 sensibilibus
1298 1720 1353 1749 est

282 1763 403 1811 magis
430 1762 688 1809 manifestum,
717 1762 808 1812 quia
835 1763 875 1800 in
903 1763 956 1800 eis
975 1775 1044 1812 per
1063 1764 1348 1812 experientiam,

281 1828 400 1866 quam
428 1817 618 1853 habemus
637 1816 736 1852 circa
765 1816 967 1864 singularia
991 1816 1193 1863 sensibilia,
1216 1818 1351 1867 accipi-

281 1880 370 1907 mus
396 1870 654 1907 universalem
684 1869 874 1915 notitiam,
904 1869 999 1906 sicut
1026 1870 1288 1908 manifestatur
1314 1872 1353 1909 in

281 1922 469 1972 principio
490 1924 510 1942 '⁵
537 1923 827 1971 Metaphysicae
844 1920 873 1959 β.

339 1977 372 2014 5.
394 1976 472 2013 Sed
508 1976 676 2013 maxime
704 1977 780 2013 hoc
815 1975 966 2013 videtur
1003 1975 1162 2014 dubium
1200 1976 1239 2014 in
1271 1978 1351 2025 his,

281 2041 381 2078 quae
410 2029 588 2066 dicuntur
620 2030 834 2067 secundum
863 2029 1176 2076 abstractionem,
1198 2031 1294 2068 sicut
1312 2031 1351 2068 in

282 2083 572 2120 mathematicis.
595 2083 695 2120 Cum
725 2083 827 2120 enirn
849 2083 1078 2131 experientia
1106 2096 1128 2120 a
1157 2097 1271 2121 sensu
1292 2097 1350 2121 or-

282 2142 364 2172 tum
380 2136 530 2183 habeat,
542 2144 584 2173 ut
603 2137 737 2174 dicitur
756 2136 794 2173 in
810 2136 996 2185 principio
1011 2137 1032 2158 *
1049 2138 1349 2186 Metaphysicae,

282 2188 434 2226 videtur
452 2187 558 2238 quod
577 2190 652 2227 hoc
672 2190 800 2226 locum
821 2202 900 2227 non
927 2190 1067 2226 habeat
1095 2190 1131 2227 in
1160 2191 1230 2236 his,
1252 2204 1350 2241 quae

283 2249 372 2279 sunt
390 2243 577 2280 abstracta
596 2255 619 2280 a
638 2243 797 2280 materia
825 2243 1003 2280 sensibili.
1025 2244 1073 2280 Et
1091 2243 1179 2281 ideo
1199 2245 1249 2281 ad
1277 2245 1352 2281 hoc

2391 251 2467 298 259

1404 328 1685 365 excludendum
1701 327 1789 365 dicit
1804 329 1823 347 '⁵
1844 328 1950 376 quod
1970 327 2084 364 etiam
2104 340 2160 375 ea,
2177 341 2275 377 quae
2295 329 2470 366 dicuntur

1403 381 1615 417 secundum
1635 382 1655 402 *
1684 381 1988 427 abstractionem,
2020 381 2200 429 contingit
2227 390 2318 419 nota
2346 383 2468 419 facere

1403 445 1472 481 per
1490 434 1768 480 inductionem3
1798 434 1887 483 quia
1914 434 1954 470 in
1981 446 2218 483 unoquoque
2247 447 2383 482 genere
2404 436 2469 472 ab-

1404 494 1629 524 stractorum
1664 494 1751 524 sunt
1778 487 1969 536 quaedam
1997 487 2245 535 particularia,
2266 500 2364 537 quae
2391 501 2470 526 non

1404 548 1491 576 sunt
1527 540 1749 589 separabilia
1782 553 1805 576 a
1837 541 1995 577 materia
2033 541 2217 587 sensibili,
2257 543 2470 579 secundum

1404 593 1509 641 quod
1545 594 1851 642 unumquodque
1886 605 2020 630 eorum
2060 601 2115 630 est
2150 594 2236 630 hoc.-
2281 594 2470 640 Quamvis

1406 646 1510 682 enim
1538 646 1637 683 linea
1674 647 1886 683 seeundum
1920 647 2214 684 abstractionem
2256 647 2402 684 dicatur
2433 652 2468 695 ⁷,

1405 706 1534 735 tamen
1563 699 1659 735 haec
1687 699 1801 745 linea,
1831 711 1930 747 quae
1965 706 2019 736 est
2038 699 2077 736 in
2097 700 2254 736 materia
2284 701 2469 748 sensibili,

1405 752 1444 788 in
1473 760 1658 800 quantum
1695 760 1751 789 est
1782 752 2017 789 individuata
2040 753 2060 773 '¹‘
2097 753 2261 790 abstrahi
2294 766 2373 790 non
2401 767 2470 803 po-

1405 812 1492 852 test,
1517 805 1606 854 quia
1630 805 1879 842 individuatio
1901 806 1980 842 eius
1999 806 2019 826 *
2044 813 2098 842 est
2127 819 2171 843 ex
2199 807 2272 843 hac
2299 809 2468 845 materia.

1406 858 1498 895 Non
1526 866 1655 895 autern
1684 853 1972 895 manifestantur
2003 859 2022 879 *
2049 859 2161 896 nobis
2193 860 2378 909 principia
2406 862 2470 897 ab·
2497 870 2509 881 ·

1406 918 1630 948 stractorum
1647 940 1656 958 ‚
1697 923 1742 948 ex
1785 911 1922 960 quibus
1961 912 2303 950 demonstrationes
2342 913 2380 950 in
2419 914 2471 951 eis

1406 965 1638 1013 procedunt,
1660 964 1730 1000 nisi
1757 976 1802 1000 ex
1829 964 2117 1012 particularibus
2145 966 2351 1014 aliquibus,
2372 980 2470 1016 quae

1407 1029 1521 1054 sensu
1548 1017 1792 1066 percipimus.
1827 1018 1924 1053 Puta
1953 1029 1998 1053 ex
2031 1018 2126 1065 hoc,
2161 1020 2266 1067 quod
2292 1019 2471 1057 videmus

1407 1070 1561 1119 aliquod
1576 1077 1699 1106 totum
1715 1070 1902 1117 singulare
1922 1070 2109 1117 sensibile,
2130 1072 2375 1119 perducimur
2388 1074 2408 1094 *
2423 1074 2471 1110 ad

1408 1123 1719 1170 cognoscendum
1739 1123 1831 1171 quid
1857 1130 1912 1159 est
1930 1130 2053 1160 totum
2078 1131 2114 1160 et
2133 1137 2236 1172 pars,
2268 1133 2303 1162 et
2332 1138 2471 1174 cogno-

1407 1176 1548 1212 scimus
1582 1177 1688 1224 quod
1716 1188 1833 1212 omne
1861 1183 1984 1213 totum
2013 1184 2068 1213 est
2096 1177 2219 1214 maius
2247 1190 2316 1215 sua
2343 1187 2470 1227 parte,

1408 1229 1686 1266 considerando
1716 1229 1790 1265 hoc
1817 1229 1855 1265 in
1874 1229 2045 1277 pluribus
2065 1227 2089 1266 δ.
2121 1230 2183 1267 Sic
2206 1231 2226 1252 '⁸‘
2254 1231 2363 1279 igitur
2389 1233 2472 1269 uni—

1406 1282 1588 1327 versalia,
1620 1294 1665 1318 ex
1694 1281 1832 1330 quibus
1867 1283 2139 1319 demonstratio
2168 1284 2358 1332 procedit,
2393 1298 2472 1322 non

1407 1336 1503 1372 fiunt
1519 1336 1540 1356 *
1559 1335 1670 1372 nobis
1690 1343 1791 1381 nota,
1813 1335 1884 1372 nisi
1902 1347 1972 1384 per
1990 1336 2262 1374 inductionem.

1462 1390 1497 1425 6.
1519 1388 1708 1425 Homines
1728 1396 1857 1425 autem
1878 1396 2047 1426 carentes
2067 1402 2181 1426 sensu
2195 1390 2216 1411 ³²
2239 1389 2364 1439 aliquo
2393 1403 2472 1427 non

1406 1449 1567 1491 possunt
1594 1442 1854 1479 inductionem
1883 1442 2006 1478 facere
2035 1443 2082 1479 de
2115 1443 2363 1491 singularibus
2391 1455 2474 1492 per-

1407 1495 1611 1532 tinentibus
1640 1496 1688 1532 ad
1716 1507 1872 1532 sensum
1901 1495 2008 1532 illum
2028 1495 2066 1542 ²⁸,
2096 1496 2186 1545 quia
2214 1496 2473 1544 singularium,

1409 1561 1454 1585 ex
1482 1549 1620 1598 quibus
1648 1548 1820 1597 procedit
1852 1548 2040 1596 inductio,
2071 1557 2125 1586 est
2154 1550 2280 1586 solum
2299 1550 2474 1598 cognitio

1409 1614 1554 1639 sensus.
1584 1602 1696 1639 Unde
1725 1609 1875 1650 oportet
1892 1607 1903 1622 ⁸
1932 1603 2038 1651 quod
2065 1602 2225 1639 omnino
2246 1603 2319 1639 sint
2346 1604 2474 1640 huius-

1408 1655 1516 1692 modi
1544 1655 1744 1703 singularia
1773 1655 1911 1707 ignota,
1933 1655 2022 1704 quia
2051 1667 2131 1691 non
2161 1656 2342 1705 contingit
2369 1658 2475 1706 quod

1408 1708 1542 1758 aliquis
1572 1720 1703 1745 carens
1736 1707 1850 1744 s'ensu
1883 1708 2041 1756 accipiat
2068 1708 2201 1745 talium
2230 1709 2474 1757 singularium

1409 1762 1623 1807 scientiam3
1644 1761 1732 1810 quia
1752 1773 1876 1810 neque
1898 1773 1943 1797 ex
1961 1761 2239 1799 universalibus
2258 1770 2383 1811 potest
2410 1765 2474 1801 de-

1409 1823 1621 1852 monstrare
1646 1815 1726 1851 sine
1755 1814 1985 1861 inductione,
2005 1827 2074 1863 per
2102 1828 2219 1863 quam
2247 1816 2475 1853 universalia

1409 1875 1702 1916 cognoscuntur,
1722 1875 1763 1904 ut
1792 1867 1935 1904 dictum
1957 1875 2029 1914 est3
2058 1880 2183 1917 neque
2203 1881 2271 1917 per
2290 1869 2474 1907 inductio—

1408 1935 1499 1959 nem
1527 1929 1652 1971 potest
1679 1920 1820 1969 aliquid
1849 1921 2027 1968 cognosci
2055 1921 2136 1958 sine
2164 1934 2295 1969 sensu,
2327 1923 2391 1972 qui
2420 1931 2476 1961 est

1407 1975 1665 2023 singularium,
1697 1986 1742 2010 ex
1771 1974 1909 2022 quibus
1937 1975 2108 2023 procedit
2135 1974 2313 2012 inductio.

1461 2041 1497 2077 7.
1521 2030 1588 2065 Est
1616 2035 1744 2064 autem
1773 2027 2095 2065 considerandum
2124 2029 2229 2076 quod
2261 2041 2330 2077 per
2356 2030 2475 2066 verba

1408 2082 1643 2131 Philosophi,
1659 2093 1757 2130 quae
1776 2081 1838 2117 hic
1852 2081 2092 2128 inducuntur,
2109 2081 2318 2119 excluditur
2337 2078 2475 2131 duplex

1408 2135 1557 2185 positio.
1588 2135 1716 2171 Prima
1742 2134 1898 2182 quidem
1920 2142 1974 2171 est
1995 2136 2014 2156 '¹‘
2042 2135 2180 2183 positio
2202 2136 2388 2182 Platonis;
2409 2136 2474 2185 qui

1408 2189 1577 2238 ponebat
1591 2188 1696 2237 quod
1713 2200 1783 2224 nos
1797 2188 2035 2224 habebamus
2046 2189 2066 2209 *
2085 2188 2281 2225 scientiam
2298 2190 2344 2226 de
2361 2190 2473 2227 rebus

1407 2255 1476 2292 per
1504 2242 1649 2290 species
1674 2241 1914 2289 participatas
1943 2242 1990 2278 ab
2019 2241 2113 2278 ideis
2134 2241 2158 2278 ζ.
2181 2242 2298 2288 Quod
2326 2243 2356 2279 si
2376 2251 2474 2281 esset

337 2392 363 2426 β)
385 2394 415 2418 In
430 2394 567 2426 principio
585 2394 797 2428 Metaphysicae.
811 2409 831 2414 -
845 2396 882 2420 lta
901 2396 1013 2421 codices.
1022 2410 1040 2414 -
1055 2396 1074 2420 P
1088 2401 1144 2421 tum
1158 2397 1199 2421 hic
1212 2402 1268 2421 tum
1287 2397 1352 2421 infra

282 2438 309 2454 n.
323 2437 381 2462 seq.
393 2430 468 2461 legit:
490 2429 516 2454 in
533 2430 625 2462 primo
640 2430 795 2464 Metaphys.
811 2431 862 2455 Sed
875 2439 943 2463 quae
958 2431 999 2456 hic
1015 2439 1045 2456 ex
1058 2432 1204 2456 Aristotelis
1218 2432 1354 2465 metaphy-

284 2466 337 2490 sica
355 2465 496 2494 Angelicus
515 2465 601 2495 habet,
616 2466 736 2497 leguntur
755 2466 782 2493 in
799 2466 935 2498 principio
954 2467 1071 2491 eiusdem
1094 2467 1197 2499 Operis.

337 2500 363 2534 γ)
384 2500 535 2525 Secundum
554 2501 761 2526 abstractionem
777 2502 883 2526 dicatur
898 2507 946 2526 etc.
958 2517 977 2521 —
989 2502 1098 2527 Codices
1117 2503 1240 2527 omittunt
1258 2503 1354 2533 verba,

284 2535 355 2560 linea
375 2535 401 2560 in
420 2536 562 2565 communi,
582 2544 649 2568 quae
668 2541 728 2568 post
747 2537 854 2561 dicatur-
872 2538 942 2562 addit
960 2538 1046 2562 Piana.
1066 2538 1139 2567 Quae
1157 2538 1237 2563 verba
1255 2539 1354 2570 perspi-

284 2571 370 2596 cuitati
389 2576 473 2595 textus
493 2572 528 2595 nil
547 2571 694 2601 conferunt,
715 2577 752 2603 et,
772 2580 832 2597 cum
851 2573 901 2597 iam
922 2573 1095 2605 praemissum
1116 2573 1191 2598 fuerit
1210 2574 1281 2598 linea
1294 2579 1352 2604 etc„

283 2606 436 2631 nonnullam
456 2607 575 2638 ingerunt
586 2607 780 2632 obscuritatem.
794 2608 869 2632 Adde
883 2609 954 2641 quod
973 2616 995 2633 s.
1010 2608 1033 2632 Τ
1035 2609 1127 2633 homas
1140 2610 1247 2641 opponit
1260 2610 1355 2634 lineam

284 2641 439 2667 abstractam
463 2642 545 2666 lineae
569 2642 754 2674 individuatae,
780 2648 805 2668 et
824 2643 894 2668 illam
919 2644 978 2668 dicit
1004 2652 1109 2668 manere
1128 2644 1222 2669 lineam
1242 2645 1266 2669 in
1286 2649 1354 2669 statu

284 2675 477 2708 abstractionis,
492 2677 557 2702 hanc
569 2685 632 2702 vero
647 2686 699 2702 non
713 2686 792 2711 posse
811 2679 923 2704 abstrahi
943 2679 1006 2712 quin
1024 2685 1113 2712 pereat
1127 2680 1199 2704 notio
1213 2680 1354 2705 individua-

282 2712 362 2737 tionis
381 2713 446 2737 eius.
457 2725 477 2732 —-
491 2713 514 2737 R
532 2712 609 2738 habet
628 2714 755 2738 lacunam.

337 2746 363 2780 δ’)
383 2748 430 2772 Εκ-
447 2748 497 2773 hoc
515 2748 587 2780 quod
599 2749 718 2774 videmus
737 2749 847 2782 aliquod
860 2753 945 2775 totum
960 2750 1121 2780 ete—Quae
1136 2750 1178 2775 hic
1191 2758 1205 2775 a
1218 2750 1356 2775 S.Thoma

285 2783 463 2815 enunciantur,
476 2791 529 2808 non
543 2789 606 2808 sunt
624 2784 680 2809 sine
699 2784 879 2818 philosophica
898 2786 1103 2810 consideratione
1121 2786 1355 2819 praetermittenda.

285 2818 345 2843 Duo
364 2818 433 2843 enim
453 2819 638 2844 universalium
657 2828 752 2853 genera
765 2821 906 2852 Angelicus
921 2821 980 2845 dicit
992 2829 1043 2854 ope
1056 2821 1212 2846 inductionis
1227 2822 1306 2854 accipi
1321 2822 1353 2846 ab

285 2853 417 2878 intellectu
436 2859 541 2885 nostro;
561 2863 675 2887 quorum
694 2856 777 2888 prima
796 2861 858 2880 sunt
872 2857 999 2881 elementa
1014 2857 1176 2887 universaiia,
1192 2857 1238 2882 sed
1253 2857 1355 2882 divisim

286 2893 313 2913 et
330 2889 397 2913 inter
415 2897 452 2919 se,
472 2894 501 2914 ut
517 2890 551 2914 ita
564 2890 661 2921 dicam,
675 2891 832 2922 disgregata:
847 2899 885 2916 ex
897 2892 953 2921 hoe,
967 2892 1039 2924 quod
1057 2892 1176 2918 videmus
1190 2892 1301 2925 aliquod
1314 2896 1355 2918 to-

286 2927 342 2948 tum
355 2924 493 2958 singulare
506 2925 634 2955 sensibile,
644 2926 822 2957 perducimur
831 2927 869 2951 ad
877 2928 1088 2960 cognoscendum
1104 2928 1169 2960 quid
1181 2932 1220 2953 est
1230 2932 1315 2953 totum
1329 2932 1357 2953 et

280 2966 350 2991 pars
369 2959 420 2991 (Cf.
437 2960 538 2985 Contra
555 2961 641 2991 Gent„
657 2961 713 2986 Lib.
726 2962 756 2992 11,
771 2969 826 2994 cap.
842 2970 949 2992 Lxxxm,
964 2963 1011 2987 Ed.
1027 2963 1056 2987 P.
1071 2963 1114 2987 fol.
1127 2962 1186 2994 206,
1201 2964 1283 2995 rect.).
1298 2964 1356 2988 Alia

286 2999 349 3018 sunt
367 2995 458 3019 eadem
482 2996 611 3020 elementa
630 3002 776 3028 comparata
796 3002 821 3021 et
839 2997 865 3021 in
885 2997 1007 3022 iudicium
1026 2998 1187 3031 composita:
1211 3002 1236 3023 et
1255 3006 1354 3032 cogno-

285 3029 383 3054 scimus
401 3030 472 3062 quod
485 3037 562 3055 omne
575 3034 660 3056 totum
675 3035 715 3056 est
729 3032 815 3056 maius
829 3039 878 3056 sua
892 3036 982 3064 parte.
997 3033 1091 3058 Procul
1113 3033 1192 3058 dubio
1206 3042 1236 3058 ex
1255 3034 1355 3067 analysi

286 3065 367 3089 totius
387 3065 588 3097 deprehenditur
606 3067 662 3091 eius
681 3067 868 3099 praedicatum,
884 3075 978 3100 nempe
997 3069 1080 3093 maius
1100 3076 1160 3093 esse
1178 3069 1294 3101 qualibet
1307 3077 1355 3094 sua

286 3105 377 3133 parte;
397 3101 444 3125 sed
463 3101 494 3125 ab
513 3100 561 3126 hoc
581 3101 639 3134 ipso
658 3102 752 3126 iudicio
771 3102 948 3127 inductionem
967 3111 1020 3128 non
1046 3111 1104 3128 esse
1129 3109 1276 3129 extraneam
1300 3105 1355 3129 vult

287 3143 310 3160 s.
323 3135 453 3160 Thomas:
473 3137 589 3168 explicite
608 3137 677 3161 enim
697 3138 772 3162 docet
791 3138 862 3170 quod
881 3143 988 3163 eatenus
1013 3139 1180 3172 intelligimus
1199 3145 1354 3172 conceptum

286 3171 366 3195 totius
385 3171 544 3204 praeseferre
558 3172 656 3204 aliquid
669 3173 753 3197 maius
769 3173 883 3205 qualibet
897 3181 945 3198 sua
958 3179 1042 3206 parte,
1058 3175 1118 3207 quia
1132 3175 1354 3199 consideravimus

287 3206 336 3231 hoc
354 3206 381 3230 in
396 3206 529 3238 pluribus.
546 3208 613 3238 Ergo
629 3208 696 3233 sicut
714 3208 853 3233 intellectui
869 3214 959 3233 nostro
974 3217 1027 3234 non
1042 3210 1239 3234 manifestantur
1252 3210 1354 3234 univer-

287 3242 350 3266 salia
362 3241 524 3274 incomplexa
536 3242 584 3267 nisi
600 3250 630 3267 ex
640 3243 807 3268 sensibilibus
818 3243 968 3274 individuis;
979 3245 1012 3269 ita
1023 3252 1074 3270 non
1090 3245 1298 3278 manifestantur
1307 3253 1353 3270 no-

287 3277 326 3302 bis
338 3277 474 3309 principia
487 3278 692 3307 abstractarum,
702 3285 740 3303 ex
749 3279 842 3311 quibus
853 3279 1093 3304 demonstrationes
1108 3280 1133 3304 in
1144 3281 1182 3304 eis
1192 3281 1351 3312 procedunt,

286 3312 338 3337 nisi
350 3320 388 3337 ex
395 3313 607 3344 particularibus
625 3313 764 3346 aliquibus,
785 3321 852 3347 quae
870 3322 947 3340 sensu
962 3315 1134 3347 percipimus,
1155 3320 1183 3339 ut
1202 3315 1351 3340 immediate

287 3353 362 3372 antea
380 3356 402 3373 s.
413 3347 530 3373 Thomas
550 3348 650 3373 asserit.
659 3362 680 3367 -
691 3349 790 3374 Verum
809 3354 881 3374 caute
895 3350 943 3374 hac
957 3350 983 3374 in
1002 3358 1030 3375 re
1049 3355 1090 3375 est
1102 3350 1304 3382 procedendum,
1320 3359 1349 3375 ac

286 3389 356 3408 recte
375 3384 540 3414 intelligenda
559 3389 599 3408 est
617 3383 731 3408 doctrina
751 3384 909 3409 s.Thomae.
929 3385 1020 3417 Neque
1039 3385 1071 3409 ab
1086 3386 1136 3409 alio
1150 3393 1228 3417 quam
1248 3385 1279 3409 ab
1294 3386 1352 3418 ipso

287 3427 310 3444 s.
322 3419 432 3443 Doctore
445 3420 500 3443 eius
519 3419 614 3443 mentis
630 3419 764 3451 explicatio
783 3420 930 3452 accipienda
948 3425 996 3444 est.
1017 3421 1044 3444 In
1061 3420 1259 3444 Commentariis
1273 3428 1353 3453 super

287 3454 321 3479 IV
334 3454 544 3488 Metaphysicae‚
556 3455 666 3479 lectione
675 3462 711 3486 vx,
727 3455 839 3487 loquens
851 3455 884 3479 de
897 3455 1043 3486 cognitione
1056 3455 1200 3487 primorum
1213 3455 1350 3488 principio-

287 3497 355 3520 rum,
370 3490 445 3514 docet
457 3490 558 3514 unicam
573 3497 678 3514 causam
693 3489 846 3515 efficientem
861 3490 1027 3515 subiectivam
1043 3490 1112 3515 illius
1127 3490 1278 3521 cognitionis
1289 3498 1350 3515 esse

287 3525 446 3550 intellectum
459 3530 588 3555 nostrum,
601 3525 754 3550 obiectivam
769 3533 831 3550 vero
846 3532 904 3550 esse
917 3531 1079 3558 perspectam
1099 3525 1213 3550 notitiam
1223 3526 1347 3550 termino-

286 3569 354 3591 rum,
374 3569 404 3586 ex
423 3561 518 3593 quibus
538 3561 661 3593 principia
679 3561 722 3586 illa
741 3565 938 3593 componuntur.
955 3570 969 3584 α
983 3561 1020 3585 Ex
1039 3561 1097 3593 ipso
1110 3561 1178 3585 enim
1194 3561 1291 3585 lumine
1305 3569 1349 3586 na-

289 3606 303 3620 »
318 3596 406 3621 turalis
417 3596 562 3621 intellectus
576 3596 674 3629 agentis
684 3597 768 3630 prima
781 3596 905 3629 principia
917 3594 981 3621 fiunt
994 3596 1095 3629 cognita
1102 3603 1110 3627 ;
1123 3604 1171 3621 nec
1183 3596 1351 3629 acquiruntur

1409 2406 1423 2420 ι»
1437 2404 1484 2429 per
1502 2395 1721 2426 ratiocinationes,
1740 2396 1786 2420 sed
1806 2396 1892 2420 solum
1912 2403 1959 2428 per
1977 2395 2034 2424 hoc,
2054 2396 2125 2428 quod
2145 2403 2234 2420 eorum
2253 2396 2355 2420 termini
2374 2397 2473 2423 innote-

1409 2442 1422 2454 »
1437 2437 1521 2456 scunt.
1534 2443 1546 2455 a>
1561 2432 1612 2456 Sed
1627 2432 1696 2455 unde
1710 2431 1875 2455 innotescunt
1887 2430 2006 2455 termini?
2021 2431 2080 2463 Ope
2094 2438 2229 2456 sensuum.
2250 2441 2262 2453 α
2275 2431 2352 2461 Quod
2367 2432 2473 2464 quidem

1410 2477 1423 2490 »
1440 2467 1468 2492 fit
1487 2475 1533 2500 per
1552 2467 1609 2497 hoc,
1629 2467 1699 2498 quod
1714 2463 1733 2491 >a
1751 2466 1916 2490 sensibilibus
1935 2466 2058 2498 accipitur
2076 2467 2209 2497 memoria,
2224 2471 2250 2491 et
2264 2474 2278 2491 a
2292 2467 2417 2492 memoria
2432 2475 2473 2492 ex·-

1410 2513 1422 2525 »
1438 2503 1619 2535 perimentum,
1630 2507 1656 2526 et
1669 2502 1701 2526 ab
1712 2502 1887 2534 experimento
1902 2501 2008 2526 illorum
2023 2501 2197 2526 terminorum
2212 2502 2338 2534 cognitio.
2348 2512 2360 2524 »
2375 2503 2474 2528 Sensus

1409 2546 1471 2569 ergo
1491 2546 1541 2562 non
1562 2542 1623 2561 sunt
1642 2537 1745 2569 proprie
1764 2545 1856 2567 causa,
1875 2537 1922 2561 sed
1936 2537 2022 2568 potius
2041 2537 2147 2561 materia
2166 2545 2260 2561 causae
2280 2535 2319 2568 (et
2337 2538 2395 2562 ideo
2414 2544 2476 2563 sunt

1408 2570 1574 2607 necessarii),
1593 2573 1711 2597 videlicet
1730 2572 1852 2597 sensibile
1871 2572 2009 2605 praebent,
2029 2580 2059 2596 ex
2078 2580 2131 2605 quo
2151 2573 2310 2603 intellectus,
2329 2578 2358 2597 ut
2369 2581 2430 2598 vera
2449 2579 2474 2599 et

1408 2617 1455 2641 per
1474 2616 1503 2633 se
1522 2616 1598 2633 causa
1618 2608 1732 2632 idearum
1752 2607 1873 2637 efficiens,
1887 2608 1977 2639 accipit
1991 2608 2094 2632 illorum
2109 2608 2281 2639 cognitionem
2297 2609 2474 2634 terminorum.

1409 2654 1424 2668 α
1439 2644 1540 2674 Quibus
1561 2644 1684 2676 cognitis,
1704 2648 1897 2675 cognoscuntur
1921 2643 2070 2667 huiusmodi
2095 2644 2286 2675 propositiones
2306 2651 2474 2675 communes,

1411 2690 1424 2702 »
1440 2687 1507 2712 quae
1526 2684 1586 2704 sunt
1605 2679 1698 2703 artium
1717 2684 1742 2703 et
1755 2679 1918 2703 scientiarum
1928 2679 2074 2710 principia.
2087 2688 2099 2701 »
2120 2679 2318 2711 Cognoscuntur
2336 2687 2366 2703 ex
2380 2681 2435 2704 sola
2450 2680 2475 2704 vi

1409 2715 1579 2740 terminorum
1595 2719 1620 2739 et
1632 2722 1646 2739 a
1660 2715 1717 2738 sola
1730 2719 1825 2744 mente,
1845 2714 1892 2739 sed
1911 2722 1964 2738 non
1984 2715 2038 2738 sine
2058 2715 2154 2738 motivo
2173 2715 2357 2739 determinante
2371 2720 2475 2747 accepto

1409 2759 1424 2775 a
1442 2750 1571 2775 sensibus.
1582 2764 1601 2770 -
1614 2750 1674 2774 Sola
1693 2757 1755 2782 ergo
1775 2757 1849 2774 mens
1869 2755 1909 2774 est
1927 2757 2004 2774 causa
2022 2749 2174 2781 cognitionis
2194 2749 2391 2782 principiorum,
2410 2752 2476 2775 sicut

1410 2786 1467 2810 sola
1481 2793 1556 2810 mens
1569 2793 1615 2818 per
1629 2793 1746 2815 sensum,
1756 2785 1917 2815 memoriam,
1929 2790 1954 2810 et
1967 2785 2169 2817 experimentum
2185 2786 2312 2809 elementa
2321 2786 2475 2811 universalia

1409 2820 1561 2855 (terminos)
1582 2821 1608 2846 in
1627 2820 1800 2853 singularibus
1822 2821 1930 2852 colligit,
1955 2828 1985 2845 ex
2004 2820 2099 2852 quibus
2119 2820 2240 2852 principia
2264 2821 2397 2853 componit
2420 2829 2474 2846 me-

1410 2857 1496 2881 diante
1514 2857 1616 2881 iudicio.
1636 2856 1747 2886 Quando
1766 2864 1829 2886 ergo
1849 2856 1907 2880 dicit
1926 2856 1951 2880 in
1970 2855 2016 2879 hac
2037 2855 2145 2880 lectione
2164 2863 2185 2879 s.
2195 2855 2319 2885 Thomas,
2339 2857 2474 2888 cognosci-

1410 2899 1468 2917 mus
1487 2892 1558 2924 quod
1577 2899 1654 2916 omne
1669 2895 1752 2916 totum
1767 2895 1806 2916 est
1820 2891 1905 2916 maius
1923 2898 1972 2915 sua
1982 2894 2070 2922 parte,
2089 2891 2283 2916 considerando
2302 2891 2351 2915 hoc
2370 2891 2396 2915 in
2412 2892 2473 2923 plu-

1409 2928 1495 2957 ribus,
1511 2927 1625 2958 intellige
1639 2933 1767 2951 assertum
1787 2927 1854 2951 iuxta
1874 2927 2067 2958 explicationem
2086 2926 2117 2950 ab
2137 2926 2195 2958 ipso
2213 2934 2235 2950 S.
2249 2926 2359 2950 Doctore
2378 2927 2472 2956 datam,

1410 2970 1512 2995 nempe,
1532 2963 1727 2988 considerando
1741 2962 1790 2987 hoc
1804 2962 1829 2986 in
1842 2962 1973 2993 pluribus,
1993 2961 2041 2985 hoc
2055 2967 2094 2985 est
2113 2961 2144 2985 ab
2159 2961 2311 2993 experientia
2326 2961 2473 2994 accipiendo

1410 2998 1583 3030 cognitionem
1598 2998 1775 3027 terminorum,
1786 2997 1866 3022 totius
1876 3002 1902 3021 et
1911 2997 2008 3029 partis,
2022 3002 2047 3020 et
2061 2997 2085 3020 in
2099 2996 2160 3028 ipsis
2172 2997 2352 3029 cognoscendo
2365 2997 2472 3021 relatio-

1410 3041 1468 3058 nem
1484 3034 1550 3058 inter
1564 3041 1647 3058 unum
1662 3038 1688 3057 et
1700 3034 1808 3057 alterum
1823 3032 1877 3065 (Cf.
1888 3033 1943 3056 lect.
1954 3040 2002 3062 vn,
2017 3040 2041 3056 n.
2053 3031 2077 3061 8,
2092 3037 2116 3055 et
2129 3032 2186 3056 lect.
2197 3039 2248 3061 xix,
2264 3040 2289 3056 n.
2302 3031 2315 3055 3
2331 3037 2357 3056 et
2370 3037 2423 3056 not.
2433 3032 2473 3064 ζ).

1463 3069 1514 3093 Sed
1533 3069 1617 3093 dices:
1637 3073 1749 3100 possunt
1767 3068 1942 3100 quorumdam
1958 3067 2142 3099 principiorum
2161 3066 2262 3091 termini
2278 3067 2363 3091 statim
2377 3066 2472 3097 haberi,

1409 3104 1468 3128 licet
1480 3112 1532 3128 non
1547 3104 1603 3128 sine
1616 3112 1694 3128 sensu
1709 3108 1734 3128 et
1750 3104 1884 3133 memoria,
1898 3108 1983 3127 tamen
1995 3103 2050 3127 sine
2060 3103 2242 3134 experimento,
2257 3107 2285 3126 ut
2297 3107 2358 3126 sunt
2371 3102 2473 3127 termini

1409 3139 1594 3171 principiorum
1614 3139 1859 3168 transcendentium,
1879 3138 2038 3169 impossibile
2056 3141 2096 3162 est
2114 3137 2182 3162 idem
2202 3137 2281 3162 simul
2303 3144 2358 3162 esse
2375 3141 2402 3162 et
2420 3145 2472 3162 non

1408 3181 1476 3203 esse,
1498 3179 1522 3198 et
1541 3175 1589 3198 alia
1608 3174 1765 3198 huiusmodi.
1784 3188 1803 3192 —
1822 3174 1979 3206 Respondeo
2005 3173 2065 3197 nihil
2091 3173 2122 3197 ad
2146 3180 2200 3196 rem
2225 3177 2339 3196 nostram
2364 3172 2472 3203 referre,

1408 3215 1496 3233 utrum
1520 3210 1606 3241 quoad
1626 3209 1810 3233 nonnullorum
1835 3209 1959 3233 terminos
1983 3208 2166 3240 principiorum
2193 3215 2267 3232 mens
2293 3213 2393 3238 nostra,
2417 3208 2473 3232 sine

1408 3245 1584 3276 experimento
1603 3244 1627 3268 in
1649 3244 1738 3268 multis
1751 3244 1793 3268 vel
1812 3244 1837 3268 in
1852 3244 1955 3275 paucis,
1975 3244 2000 3268 in
2014 3251 2066 3268 uno
2086 3243 2208 3274 singulari
2225 3248 2376 3275 cognoscat:
2391 3250 2473 3275 expe-

1408 3279 1550 3304 rimentum
1566 3280 1634 3303 enim
1646 3284 1686 3303 est
1699 3280 1802 3303 tertium
1818 3279 1980 3310 requisitum,
1994 3279 2039 3303 ubi
2054 3286 2148 3303 sensus
2162 3283 2188 3302 et
2201 3279 2325 3302 memoria
2335 3286 2387 3302 non
2401 3277 2473 3303 suffi-

1408 3314 1476 3339 ciunt
1495 3314 1634 3338 intellectui
1653 3315 1685 3338 ad
1704 3315 1874 3338 terminorum
1894 3314 2065 3346 cognitionem
2084 3321 2130 3345 per
2147 3321 2229 3337 unum
2249 3313 2378 3337 sensibile.
2398 3314 2473 3338 Unde

1407 3349 1475 3374 idem
1496 3357 1517 3374 ε.
1533 3349 1664 3379 Thomas,
1685 3350 1795 3381 loquens
1820 3349 1853 3373 de
1871 3349 1970 3380 primis
1994 3348 2206 3380 conceptionibus
2229 3348 2387 3379 intellectus,
2413 3349 2474 3373 dicit

1407 3385 1478 3417 quod
1499 3394 1511 3406 «
1527 3385 1612 3409 statim
1633 3384 1729 3408 lumine
1748 3384 1892 3408 intellectus
1917 3385 2015 3416 agentis
2040 3389 2243 3416 cognoscuntur,
2269 3391 2315 3415 per
2340 3383 2439 3416 species
2458 3392 2474 3409 a

1407 3420 1572 3444 sensibilibus
1585 3419 1735 3449 abstractas,
1746 3419 1800 3443 sive
1814 3420 1866 3443 sint
1880 3420 2022 3451 complexa,
2033 3424 2062 3444 ut
2075 3419 2219 3451 dignitates,
2235 3419 2289 3443 sive
2303 3419 2472 3452 incomplexe,

1407 3456 1472 3479 sicut
1491 3455 1556 3479 ratio
1575 3454 1641 3479 entis
1661 3459 1686 3479 et
1704 3455 1779 3479 unius
1799 3459 1824 3478 et
1842 3454 2004 3484 huiusmodi,
2024 3462 2091 3486 quae
2110 3454 2196 3478 statim
2215 3453 2361 3478 intellectus
2381 3462 2472 3487 appre-

1406 3490 1495 3515 hendit
1507 3500 1519 3512 ι
1541 3490 1609 3522 (Qq.
1629 3490 1719 3522 Dispp.
1739 3489 1781 3514 De
1803 3489 1926 3519 Ver-itate,
1947 3497 2026 3522 qu.xt
2046 3489 2087 3514 De
2105 3489 2248 3522 Magistro,
2269 3494 2315 3514 art.
2329 3490 2364 3522 1).

1460 3526 1482 3558 ε)
1507 3525 1581 3549 Unde
1599 3528 1705 3556 oportet
1723 3525 1877 3549 ete-ABG
1897 3532 1949 3549 non
1968 3529 2036 3549 recte
2055 3532 2108 3549 orn.
2127 3525 2242 3554 omnino,
2262 3530 2289 3549 et
2306 3525 2328 3549 Α
2348 3525 2406 3549 loco
2424 3525 2473 3550 τοῦ

1405 3561 1468 3589 sint,
1490 3560 1551 3593 legit
1569 3568 1676 3585 erronee
1693 3560 1775 3588 sicut,·
1793 3560 1831 3585 G:
1850 3560 1922 3592 quod
1939 3560 2047 3584 omnino
2065 3560 2120 3584 sint
2138 3560 2239 3593 ignota,
2259 3560 2322 3592 quia
2339 3565 2388 3585 etc.

1459 3595 1484 3630 ζ)
1500 3596 1594 3621 Prima
1609 3596 1714 3628 quidem
1730 3598 1770 3621 est
1777 3595 1877 3627 positio
1887 3595 2007 3621 Platonis
2022 3600 2097 3620 etc.—
2107 3595 2145 3620 De
2160 3595 2207 3620 ista
2219 3595 2332 3620 Platonis
2345 3596 2473 3628 positione

2496 342 2507 352 ⁸
2522 347 2558 363 ci:
2574 341 2666 369 subdit,-
2679 348 2709 367 αι

2497 369 2614 422 eea.

2596 656 2612 681 t

2498 760 2509 771 ⁸
2523 766 2537 781 Α
2552 765 2576 786 p.
2586 765 2634 781 m.:
2649 759 2710 781 indi-

2499 791 2580 812 vidua.

2498 819 2507 827 ·
2516 817 2574 839 Eius
2585 823 2633 838 om.
2641 822 2703 839 cen«
2713 839 2719 844 ,

2530 876 2552 891 oi
2562 877 2567 891 :
2589 869 2712 897 notifican-

2499 898 2545 918 tur.

2499 1083 2509 1093 ⁸
2516 1082 2600 1108 Codd.,
2607 1088 2713 1108 exeso.-

2499 1115 2512 1130 r
2519 1116 2524 1130 ι
2541 1108 2680 1130 inducimur.

2502 1268 2511 1277 ·
2526 1273 2570 1288 Aeo
2585 1241 2631 1288 nim
2642 1270 2711 1288 recte:

2501 1293 2530 1315 Si
2543 1294 2578 1321 ig.

2501 1343 2511 1353 ⁸
2518 1342 2607 1364 Codd.·
2614 1349 2638 1363 p:
2649 1344 2711 1364 sunt.

2501 1396 2511 1406 '⁸‘
2522 1401 2549 1416 c:
2560 1395 2611 1416 visu
2619 1395 2657 1416 ve!
2664 1401 2714 1416 ten-

2502 1427 2539 1443 su.

2503 1501 2512 1512 ⁸
2527 1507 2541 1522 n
2557 1506 2604 1522 om.
2615 1500 2687 1522 illum.

2605 1613 2616 1629 Ε

2502 2144 2512 2154 “
2524 2143 2599 2165 Codd.
2611 2149 2659 2164 om.
2669 2145 2714 2165 est.

2503 2177 2511 2185 '¹
2534 2181 2561 2196 a:
2588 2175 2712 2201 habemus;

2501 2207 2610 2223 nonnus:
2627 2201 2715 2222 habea-

2501 2234 2597 2249 mus.-o
2607 2234 2714 2249 nmmos.

2601 2256 2616 2285 ζ
