2788 4204
170 587 185 604 τ

72 646 81 654 “
93 643 167 665 Codd.
175 655 185 659 -
192 649 227 664 pn:
239 642 288 663 sint

72 676 153 691 comm.

72 697 83 708 ⁸
91 702 168 718 anxur
175 700 215 717 etn
223 701 284 716 s.m.:

72 724 134 745 sicut
153 723 176 744 si
191 728 284 749 argua-

73 752 120 771 tur.

170 787 184 801 υ

72 851 82 860 *
90 856 116 872 At
132 850 161 871 de
170 849 283 871 omnibus.

71 909 82 920 '⁵
92 915 126 930 Ρι.
134 920 149 924 -
157 907 231 929 Codd.
247 906 283 927 alii

72 941 120 956 om.
144 939 281 956 communes.

69 1288 79 1298 ⁸
89 1286 196 1308 Codd.-r
206 1285 282 1307 omitt.

69 1315 167 1334 monstr.
178 1319 257 1334 comm.
271 1323 280 1328 —

69 1340 106 1361 Cf.
117 1343 173 1360 text.

69 1368 100 1387 ¹⁴:
110 1366 165 1394 quia
173 1367 226 1386 sunt
233 1364 282 1386 ind.

69 1393 79 1404 “
104 1398 258 1416 cnsumesr
275 1398 281 1412 ι

69 1421 214 1440 attentau...-
222 1424 281 1439 Ano:

69 1452 98 1467 ea
114 1447 211 1466 monstr.

69 1473 80 1483 ¹*
90 1473 184 1495 Comm.
202 1478 220 1492 s.
236 1471 281 1492 Th.

70 1500 171 1520 lect.v1.-
180 1498 221 1519 Ed.
229 1498 281 1519 Did.

70 1525 283 1552 lib.1n.cap.1v,n.2.

71 1554 119 1573 ’Ἧι
129 1552 208 1573 licet...
217 1562 227 1566 -
239 1557 281 1572 unz

71 1584 222 1603 GRKLMOQST:
234 1583 280 1598 non

68 1605 170 1632 possint.

314 234 389 269 218

311 324 402 348 usus
432 310 750 347 demonstrativae
780 310 957 346 scientiae
985 321 1063 345 non
1098 315 1153 344 est
1180 309 1217 344 in
1244 320 1378 356 proce-

314 364 440 401 dendo
470 375 516 399 ex
544 363 601 400 his
631 363 900 399 communibus
933 361 1204 398 intentionibus
1233 360 1282 397 ad
1315 361 1378 397 ali-

312 417 404 465 quid
424 415 704 453 ostendendum
734 415 781 451 de
809 416 934 461 rebus,
970 426 1067 462 quae
1096 421 1183 450 sunt
1211 413 1380 450 subiecta

313 470 471 506 aliarum
500 468 751 505 scientiarum.
769 467 846 504 Sed
865 468 940 503 hoc
960 465 1153 502 dialectica
1172 466 1269 513 facit,
1291 466 1380 515 quia

314 535 359 559 ex
380 521 648 558 communibus
682 520 951 556 intentionibus
979 518 1153 567 procedit
1181 519 1378 567 arguendo

313 575 527 612 dialecticus
541 580 557 594 ⁷
571 573 620 610 ad
641 585 684 609 ea
708 585 804 620 quae
825 579 911 608 sunt
935 571 1094 608 aliarum
1123 572 1377 620 scientiarum,

313 629 392 665 sive
413 628 485 664 sint
502 625 656 675 propria
675 625 756 661 sive
777 624 997 661 communia
1011 625 1042 671 *,
1059 625 1225 661 maxime
1250 633 1379 663 tamen

313 681 362 718 ad
373 679 604 717 communia.
619 678 722 714 Sicut
737 685 1021 725 argumentatur
1031 677 1051 698 *
1062 677 1168 726 quod
1179 678 1312 715 odium
1325 687 1380 716 est

312 735 351 770 in
377 731 669 781 concupiscibili,
700 731 738 767 in
758 743 833 779 qua
854 738 909 767 est
929 743 1049 777 amor,
1081 743 1126 767 ex
1145 732 1220 767 hoc
1239 737 1253 751 ¹³
1273 732 1378 779 quod

313 786 497 823 contraria
517 792 603 822 sunt
631 784 729 821 circa
748 784 862 821 idem.
894 785 961 820 Est
990 796 1078 831 ergo
1109 784 1304 820 dialectica
1330 785 1378 821 de

313 838 581 875 communibus
602 837 622 858 ²⁸
641 850 720 874 non
749 839 875 874 solum
905 837 993 886 quia
1024 844 1227 885 pertractat
1259 837 1377 875 inten-

310 892 432 928 tiones
461 903 688 927 communes
716 891 870 927 rationis
890 891 929 937 ³¹⁶,
952 890 1057 939 quod
1087 898 1142 927 est
1170 903 1377 927 commune

310 945 376 982 toti
396 944 550 992 logicae,
568 944 635 981 sed
651 944 765 981 etiam
781 944 870 993 quia
890 944 988 980 circa
1008 943 1230 980 communia
1249 956 1378 981 rerum

310 1005 604 1045 argumentatur.
637 998 902 1046 Quaecunque
931 1005 1059 1033 autern
1088 997 1242 1033 scientia
1270 1009 1378 1045 argu-

309 1058 499 1088 mentatur
533 1050 631 1087 circa
660 1051 881 1087 communia
910 1063 1054 1097 rerum,
1091 1057 1241 1098 oportet
1273 1051 1379 1099 quod

309 1111 593 1152 argumentetur
636 1103 735 1140 circa
780 1103 965 1152 principia
1009 1103 1250 1150 communia,
1290 1104 1380 1152 quia

307 1157 446 1194 veritas
480 1157 754 1206 principiorum
790 1156 1057 1193 communium
1091 1164 1147 1193 est
1180 1156 1380 1193 manifesta

310 1223 356 1247 ex
384 1210 599 1258 cognitione
627 1210 880 1247 terminorum
910 1209 1189 1257 communium,
1218 1217 1260 1246 ut
1287 1210 1379 1247 entis

310 1271 346 1300 et
374 1276 449 1300 non
478 1264 581 1309 entis,
602 1264 712 1300 totius
732 1271 768 1299 et
789 1264 923 1312 partis,
955 1270 991 1299 et
1019 1263 1210 1299 similium.

363 1316 463 1353 Dicit
479 1324 607 1353 autem
623 1317 823 1364 signanter:
838 1316 934 1353 Etsi
948 1316 1076 1364 aliqua
1098 1315 1253 1352 scientia
1270 1321 1380 1352 tentet

310 1375 521 1406 monstrare
558 1370 774 1406 communia
804 1370 836 1415 *,
868 1369 956 1418 quia
983 1368 1227 1417 philosophia
1255 1368 1379 1417 prima

310 1435 389 1459 non
416 1422 650 1459 demonstrat
667 1422 851 1471 principia
875 1421 1106 1467 communia,
1129 1428 1216 1458 sunt
1235 1421 1337 1458 enim
1358 1421 1378 1442 *

311 1476 660 1513 indemonstrabilia
693 1475 930 1524 simpliciter;
965 1474 1034 1511 sed
1063 1474 1177 1523 aliqui
1213 1481 1378 1510 errantes

310 1537 550 1566 tentaverunt
569 1541 614 1565 ea
643 1528 904 1565 demonstrare
924 1528 956 1575 *‚
977 1535 1019 1564 ut
1037 1535 1140 1576 patet
1158 1527 1196 1564 in
1217 1528 1268 1564 IV
1292 1528 1378 1563 Me-

311 1583 526 1631 taphysicae
544 1583 602 1619 *.-
617 1582 687 1618 Vel
712 1581 825 1618 etiam
846 1580 945 1630 quia,
968 1580 1034 1617 etsi
1054 1581 1097 1602 ⁴⁶*
1121 1593 1200 1617 non
1218 1587 1380 1629 possunt

364 1749 389 1781 τ)
408 1748 532 1773 Procedit
550 1747 690 1780 arguendo
714 1747 866 1772 dialecticus
889 1747 1071 1777 etc.—-Codd.,
1091 1755 1144 1772 exc.
1163 1747 1265 1772 L.-P:
1280 1747 1381 1779 probat

310 1785 448 1818 arguendo
467 1784 504 1808 ad
522 1791 553 1808 ea
573 1789 633 1814 etc.;
658 1784 691 1807 L:
712 1783 836 1815 procedit
860 1783 1000 1816 arguendo
1020 1780 1156 1808 dialectice
1174 1788 1221 1807 etc.
1228 1791 1235 1814 3
1261 1782 1298 1807 G:
1314 1790 1380 1815 pro-

309 1820 380 1845 cedit
405 1819 558 1845 dialecticus
582 1818 722 1852 arguendo
741 1819 778 1843 ad
796 1824 843 1843 etc.
868 1818 996 1843 Addimus
1021 1818 1183 1848 dialecticus,
1207 1818 1269 1851 quia
1287 1826 1379 1843 omnes

310 1855 412 1880 codices
431 1855 497 1879 hanc
515 1862 619 1885 vocem,
640 1862 707 1887 quae
725 1854 751 1878 in
771 1854 848 1878 Plana
867 1855 952 1885 deest,
971 1853 1075 1878 habent.

363 1889 387 1925 υ)
410 1891 439 1915 1η
460 1897 512 1923 qua
539 1893 578 1915 est
596 1897 681 1918 amor,
703 1897 740 1914 ex
758 1889 838 1914 hoc.-
848 1889 955 1914 Codices
975 1890 1064 1921 legunt
1082 1897 1141 1913 cum
1160 1889 1252 1913 Piana:
1272 1889 1298 1913 in
1318 1896 1378 1922 qua,

310 1934 405 1959 nempe
423 1926 449 1950 in
469 1930 541 1959 parte
560 1925 761 1957 concupiscibili.
785 1925 858 1950 Unus
884 1926 904 1949 B
929 1925 1001 1957 legit,
1026 1924 1052 1949 in
1077 1932 1164 1957 quo.-
1178 1924 1229 1949 Sed
1248 1929 1380 1957 praeterea

310 1962 389 1986 Piana
407 1961 469 1994 legit
496 1968 555 1986 cum
576 1961 613 1991 Q:
633 1964 659 1985 et
677 1968 714 1985 ex
738 1960 794 1985 hoc.
820 1961 992 1985 Praetulimus
1017 1960 1162 1990 lectionem,
1181 1967 1219 1984 ex
1237 1960 1293 1988 hoc,
1314 1967 1380 1992 quae

310 2001 350 2022 est
369 1997 478 2021 aliorum
498 1997 589 2027 codd.;
609 1997 632 2020 H
652 2001 772 2028 corrupte
792 2003 839 2028 pro
858 2003 895 2021 ex
914 1996 975 2029 legit
993 1996 1093 2020 (ελ-1η
1112 2000 1172 2020 nota
1187 1995 1330 2027 marginali,
1345 1995 1377 2019 ad

309 2033 405 2063 verba,
431 2032 500 2057 sicut
526 2035 747 2065 argumentatur,
777 2031 944 2056 indicavimus
972 2031 1114 2055 variantem
1142 2031 1279 2055 lectionem
1305 2030 1379 2055 codd.

309 2068 470 2099 BDHKMT,
490 2075 557 2100 quae
575 2067 643 2092 bona
662 2072 710 2092 est.
725 2080 744 2086 -
758 2067 807 2091 Sex
831 2066 872 2091 alii
891 2066 992 2091 codices
1012 2067 1074 2091 alias
1099 2066 1222 2091 lectiones
1245 2065 1380 2099 proferunt

904 230 1288 268 POSTERIORUM
1315 230 1746 268 ANALYTICORUM
1774 232 1868 269 LIB.
1900 234 1914 268 Ι

1436 308 1687 345 demonstrari
1707 309 1936 358 simpliciter,
1948 318 2077 347 tamen
2091 311 2343 361 philosophus
2357 313 2503 361 primus

1435 368 1552 398 tentat
1572 374 1616 398 ea
1636 362 1656 382 ’¹‘
1676 370 1887 400 monstrare
1908 376 1954 399 eo
1981 364 2112 411 modo,
2134 377 2211 413 quo
2237 373 2293 402 est
2310 366 2502 414 possibile,

1435 414 1574 450 scilicet
1595 415 1890 453 contradicendo
1920 417 2144 464 negantibus
2174 430 2230 465 ea,
2250 431 2320 467 per
2339 431 2385 455 ea
2404 431 2503 468 quae

1435 475 1586 515 oportet
1618 468 1666 504 ab
1701 468 1753 505 eis
1783 469 1962 517 concedi,
1997 482 2076 506 non
2103 483 2173 519 per
2202 483 2258 519 ea,
2289 484 2387 520 quae
2416 479 2503 508 sunt

1435 520 1555 567 magis
1580 528 1670 557 nota
1688 521 1719 557 ³².

1489 574 1524 609 6ss
1556 573 1765 610 Sciendum
1795 582 1850 611 est
1878 574 1992 611 etiarn
2022 576 2127 624 quod
2158 576 2305 624 primus
2333 577 2502 626 philoso-

1433 626 1533 674 phus
1553 638 1632 662 non
1651 628 1778 663 solum
1806 628 1881 664 hoc
1909 628 2028 665 modo
2059 628 2294 666 demonstrat
2314 642 2359 666 ea
2379 635 2411 676 P,
2432 629 2502 667 sed

1435 679 1548 715 etiam
1569 687 1754 716 monstrat
1773 680 1915 729 aliquid
1944 681 1992 718 de
2022 681 2086 728 eis,
2117 682 2212 718 sicut
2237 682 2285 719 de
2305 682 2501 729 subiectis;

1434 731 1530 768 sicut
1544 732 1661 780 quod,
1673 734 1907 780 Impossibile
1921 739 1976 770 est
1987 740 2110 771 mente
2123 736 2319 783 concipere
2334 736 2502 784 opposita

1434 796 1578 830 eorum,
1590 792 1632 821 ut
1640 792 1743 833 patet
1757 785 1796 822 in
1808 786 1828 807 *
1850 787 1901 822 IV
1910 787 2199 835 Metaphysicae
2215 789 2269 824 **.
2287 789 2389 825 Cum
2410 800 2500 836 ergo

1435 837 1600 885 disputet
1628 838 1726 874 circa
1753 838 1850 875 haec
1877 839 2062 887 principia
2090 847 2125 876 et
2143 840 2396 889 philosophus
2428 841 2502 889 pri-

1434 902 1520 926 mus
1541 897 1577 926 et
1602 890 1819 927 dialecticus
1843 891 1876 939 *,
1895 899 2026 929 tamen
2045 892 2151 929 aliter
2171 900 2207 929 et
2231 893 2347 930 aliter.
2377 893 2503 930 Diale-

1435 943 1550 979 cticus
1570 943 1590 964 *
1612 943 1714 980 enim
1738 956 1816 980 non
1834 945 2008 993 procedit
2027 957 2073 981 ex
2099 945 2287 994 aliquibus
2310 946 2503 995 principiis

1435 996 1764 1044 demonstrativis,
1803 1009 1929 1046 neque
1967 998 2126 1035 assumit
2163 999 2320 1036 alteram
2354 1006 2503 1048 partem

1435 1049 1740 1086 contradictionis
1764 1057 1923 1097 tantum,
1945 1051 2014 1088 sed
2033 1063 2074 1087 se
2093 1052 2209 1088 habet
2233 1052 2282 1089 ad
2300 1059 2503 1101 utramque

1435 1103 1631 1150 (contingit
1659 1103 1761 1139 enim
1779 1111 1982 1152 utramque
2011 1105 2244 1154 quandoque
2274 1106 2335 1142 vel
2363 1106 2503 1153 proba-

1435 1156 1550 1192 bilem
1571 1168 1665 1202 esse,
1694 1157 1756 1193 vel
1786 1169 1831 1192 ex
1848 1157 2112 1205 probabilibus
2133 1158 2292 1205 ostendi,
2323 1170 2423 1207 quae
2442 1170 2503 1194 ac-

1435 1209 1523 1257 cipit
1541 1209 1561 1229 *
1585 1209 1827 1255 dialecticus).
1858 1210 1908 1246 Et
1931 1218 2088 1259 propter
2116 1211 2191 1247 hoc
2218 1211 2423 1259 interrogat
2447 1211 2502 1247 **.

1434 1262 1729 1299 Demonstrator
1757 1270 1885 1299 autem
1905 1275 1984 1300 non
2003 1263 2219 1311 interrogat,
2246 1264 2336 1313 quia
2355 1276 2435 1300 non
2463 1276 2503 1300 se

1433 1315 1549 1351 habet
1586 1315 1635 1352 ad
1663 1315 1849 1364 opposita.
1880 1317 1929 1352 Et
1956 1317 2052 1353 haec
2080 1317 2291 1354 differentia
2322 1317 2342 1338 *
2368 1316 2504 1353 utrius-

1434 1380 1510 1416 que
1537 1368 1661 1416 posita
1687 1376 1742 1404 est
1769 1368 1808 1405 in
1836 1368 1910 1416 his,
1940 1382 2039 1418 quae
2065 1370 2112 1406 de
2141 1370 2362 1418 syllogismo
2397 1376 2503 1416 sunt,

1433 1420 1530 1457 idest
1557 1421 1596 1457 in
1632 1421 1728 1457 libro
1750 1422 1770 1442 *
1788 1422 1968 1459 Priorum
1996 1427 2024 1459 κ.
2059 1423 2306 1472 Philosophia
2344 1434 2434 1470 ergo
2463 1422 2505 1443 ⁴*

1432 1473 1557 1521 prima
1574 1473 1749 1522 procedit
1772 1474 1872 1511 cirea
1895 1476 2119 1512 communia
2149 1489 2219 1524 per
2247 1476 2410 1513 modum
2440 1475 2505 1512 de-

1433 1526 1730 1575 monstrationis,
1753 1534 1789 1564 et
1812 1528 2002 1577 non*per
2021 1529 2184 1566 modum
2206 1529 2422 1566 dialecticae
2451 1528 2504 1566 di-

1434 1579 1668 1628 sputationis.

1434 1747 1476 1771 vix
1495 1747 1586 1779 dignas
1608 1751 1638 1771 ut
1659 1734 1855 1772 recenseantur:
1875 1747 1910 1772 C:
1929 1747 1997 1772 sicut
2015 1747 2087 1780 quod
2105 1750 2255 1780 arguamn-
2269 1747 2310 1772 Es
2329 1751 2356 1772 et
2375 1754 2400 1780 p.
2415 1755 2451 1772 m.
2469 1747 2507 1773 D:

1434 1782 1503 1807 sicut
1515 1786 1650 1815 arguatur
1655 1790 1665 1811 ,¹
1679 1782 1718 1812 Q:
1733 1783 1802 1807 sicut
1819 1786 1988 1816 arguuntur‚·
2004 1783 2041 1807 R:
2055 1782 2124 1808 sicut
2137 1782 2206 1807 enim
2220 1782 2348 1816 arguitur
2361 1782 2507 1808 dialectice.

1488 1817 1516 1851 φ)
1532 1818 1639 1843 Primus
1646 1818 1820 1850 philosophus
1833 1823 1880 1843 etc.
1890 1831 1909 1838 —-
1919 1819 1954 1843 Ita
1969 1818 2080 1847 codices,
2091 1825 2144 1842 exc.
2156 1818 2214 1850 GM,
2230 1818 2274 1851 qui
2292 1826 2353 1843 cum
2368 1818 2388 1842 Ρ
2402 1818 2506 1849 legunt:

1430 1853 1537 1885 primus
1550 1853 1725 1885 philosophus
1738 1853 1787 1878 hoc
1801 1853 1880 1878 modo
1895 1861 1946 1879 non
1960 1854 2046 1879 solum
2061 1853 2228 1878 demonstrat
2246 1853 2340 1885 (codd.‚
2352 1861 2407 1878 exc.
2422 1853 2507 1886 ΚΜΟ,

1435 1887 1584 1922 monstrat)
1598 1895 1664 1913 ea.-
1676 1889 1740 1913 Item
1754 1897 1814 1913 cum
1829 1889 1904 1913 codd.
1920 1889 1984 1921 (exc.
1998 1889 2051 1921 lM)
2068 1889 2187 1921 legimus,
2203 1892 2336 1914 monstrat
2352 1888 2456 1921 aliquid
2474 1889 2508 1914 de

1434 1924 1486 1954 e1's‚·
1502 1924 1535 1949 P:
1550 1924 1653 1956 aliquid
1666 1924 1699 1949 de
1717 1924 1754 1949 eis
1769 1927 1902 1949 monstrat
1908 1931 1916 1953 ,·
1931 1924 1953 1949 1:
1968 1924 2071 1957 aliquid
2086 1927 2218 1949 monstrat
2233 1924 2266 1949 de
2277 1924 2315 1949 eis
2320 1931 2330 1953 ‚·
2344 1924 2382 1949 M:
2399 1924 2506 1949 demon-

1433 1962 1505 1984 strat
1522 1959 1626 1992 aliquid
1645 1960 1678 1984 de
1696 1959 1767 1984 eis.-
1779 1959 1818 1984 De
1837 1959 1877 1984 his
1896 1967 1964 1992 quae
1984 1960 2146 1984 disseruntur
2158 1959 2184 1984 in
2198 1959 2248 1984 hoc
2266 1967 2377 1985 numero
2391 1965 2417 1984 et
2431 1967 2505 1984 num.

1436 1995 1611 2028 praecedenti,
1630 1994 1689 2019 vide
1709 1995 1742 2019 1v
1754 1995 1941 2028 Metaphysic„
1961 1995 2020 2020 lect.
2034 2002 2070 2020 tv,

1487 2029 1517 2065 χ)
1539 2030 1610 2055 Idest
1629 2030 1655 2054 in
1674 2030 1742 2054 libro
1761 2030 1979 2055 Priorum—Est
1993 2030 2068 2056 lectio
2087 2030 2172 2062 codd„
2186 2037 2240 2056 exc.
2255 2030 2288 2062 G,
2302 2029 2346 2063 qui
2365 2030 2427 2063 legit
2445 2037 2507 2055 cum

1434 2066 1469 2091 P:
1484 2066 1510 2091 in
1530 2066 1598 2091 libro
1617 2065 1742 2090 Priorum
1762 2065 1788 2090 in
1803 2065 1947 2098 principio.

2530 377 2541 388 ⁴
2558 376 2594 399 Ea
2610 384 2638 399 ex
2656 377 2726 400 codd.
2737 395 2743 406 ,

2532 409 2582 425 exc.
2596 410 2636 425 ΛΝ.

2530 541 2542 552 ‘
2552 540 2588 562 Ct.
2602 541 2646 562 loc.
2661 541 2699 563 cit.
2715 547 2743 563 ex

2530 566 2665 595 Metaphyae.

2627 643 2643 668 φ

2530 800 2542 811 ⁸
2548 806 2743 826 Ancutuoqnsr:

2531 827 2602 848 etiam
2616 828 2650 848 in.

2530 854 2553 864 ⁸·
2565 853 2620 875 Loc.
2630 854 2669 876 cit.
2678 865 2689 870 -
2699 854 2744 876 Ed.

2529 879 2584 901 Did.
2594 886 2644 907 cap.
2653 886 2687 906 ιιι,
2696 880 2744 902 n.8.

2529 906 2542 917 ⁸
2549 912 2564 927 G
2573 913 2620 928 nou
2628 910 2690 928 recte
2696 915 2702 928 :
2709 907 2746 929 Ιο-

2529 932 2608 959 girus.

2530 964 2542 975 ⁸
2553 964 2630 986 Codd.
2645 966 2702 990 (exc.
2715 965 2744 992 (ηε

2531 989 2664 1013 dialectica.

2532 1223 2542 1231 ·
2553 1221 2628 1244 Codd.
2636 1223 2745 1250 (κακῶς

2530 1250 2746 1298 ssttguggakcm

2531 1301 2617 1323 interr.

2534 1334 2542 1342 ¹¹
2559 1331 2638 1354 Codd.
2659 1343 2670 1349 -
2681 1338 2708 1356 P:
2722 1335 2747 1356 e!

2533 1358 2592 1380 haec
2626 1360 2664 1380 eet
2740 1376 2746 1382 .

2532 1387 2595 1414 utrq.
2610 1390 2675 1413 qnae
2687 1392 2744 1414 poe.

2531 1412 2543 1424 ⁴·
2552 1411 2570 1440 1,
2586 1417 2638 1439 cap.
2652 1417 2669 1434 ι.

2531 1473 2555 1485 ”·“
2563 1448 2747 1506 ὡᾰὲωιοᾳμ

2533 1506 2607 1526 νενο,·
2629 1507 2646 1522 x
2669 1504 2746 1523 omitt.

2532 1529 2636 1558 utrumq.

2532 1553 2544 1564 ⁸
2553 1559 2569 1574 ιι
2579 1556 2656 1575 omitt.
2667 1555 2747 1575 etnon

2533 1582 2661 1628 'elffii-isque
2669 1579 2699 1602 ad
2707 1579 2748 1602 fin.
