2548 4192
937 262 992 298 IN
1023 263 1061 299 S.
1083 258 1324 301 THOMAM
1352 265 1675 312 AQUINATEM

206 341 247 372 lis
269 341 317 371 tit.
341 349 367 371 s.
391 340 522 370 Mariae
545 340 577 369 in
605 339 774 370 Cosmedin
799 341 962 372 concessit.
982 341 1034 371 Ad
1057 341 1173 372 Sedem
1188 345 1276 383 Apo-

206 384 351 415 stolicam
375 389 501 414 evectus
530 382 590 414 fuit
612 383 764 414 Nicolaus
789 385 830 414 111
855 395 939 417 anno
969 395 1050 426 1277
1076 385 1126 416 die
1152 387 1190 416 25
1216 397 1275 417 no-

205 428 358 459 vembris:
382 434 414 458 at
437 427 552 458 eodem
575 427 637 458 hoc
661 438 745 458 anno
768 438 850 470 ¹²77
874 439 983 460 mense
1008 430 1131 460 octobri
1160 431 1275 461 consti-

207 479 314 503 tutum
337 471 548 502 Guillelmum
571 471 636 501 iam
658 473 939 514 Archiepiscopum
969 474 1117 504 Corinthi
1140 475 1276 514 praefert

204 522 351 547 tractatus
375 515 487 546 Galeni
510 516 655 556 superius
687 516 853 548 indicatus:
878 518 1023 558 adeoque
1053 518 1164 548 saltem
1184 519 1274 549 Ioan-

203 570 259 590 nes
282 560 342 591 XX
365 559 466 590 dictus
490 560 575 598 XXI,
591 560 648 601 qui
670 561 769 591 vitam
799 561 901 592 finivit
924 572 1009 592 anno
1039 572 1132 604 1277,
1157 563 1207 593 die
1236 565 1272 593 16

202 603 290 643 maii,
305 604 414 644 ipsum
430 604 579 635 creaverit
593 605 891 646 Archiepiscopum,
909 606 1034 647 ipsique
1049 616 1124 637 vero
1139 607 1274 647 pallium

202 648 392 679 concesserit
414 648 566 679 Nicolaus
589 649 631 679 ΙΙΙ
656 659 740 679 anno
763 650 950 691 insequente
978 651 1070 692 1278.

269 693 454 723 Morabatur
464 702 538 732 ergo
554 692 587 723 in
603 693 690 723 Italia
705 704 740 724 ac
750 694 898 733 Viterbii,
916 705 991 725 cum
1009 695 1125 726 infulas
1136 696 1274 727 obtinuit

202 736 403 768 Guillelmus.
441 737 634 776 Gregorium
657 738 686 768 X
709 737 962 778 proficiscentem
991 740 1189 779 Lugdunum
1218 751 1272 771 an-

201 790 245 811 no
261 791 271 811 1
281 790 345 822 274
359 781 399 811 ad
415 780 599 812 Concilium
614 781 768 813 Generale
787 783 1012 814 celebrandum
1027 784 1195 815 comitatus
1215 791 1271 816 est.

201 825 271 865 Ipse
279 825 397 866 frater
421 825 454 855 V.
474 826 514 856 de
526 826 698 857 Morbecca
713 827 753 857 de
766 827 889 858 Ordine
900 828 1051 869 fratrum
1068 829 1272 860 Praedicato-

199 879 273 899 rum
293 867 344 911 (ut
358 869 476 900 habent
491 872 570 900 Acta
593 871 679 910 apud
695 870 865 914 Bzovium)
890 878 920 903 et
932 872 1050 913 frater
1071 873 1212 903 Ioannes
1232 874 1272 904 de

201 913 481 954 Constantinopoli
490 914 530 944 de
543 914 666 945 Ordine
675 915 828 956 fratrum
838 917 1018 955 Minorum,
1029 918 1273 948 Poenitentiarii

199 958 332 988 Domini
344 959 464 998 Papae,
475 960 531 999 qui
545 960 692 1000 linguam
708 970 862 1001 graecam
875 967 1042 999 noverant,
1059 966 1273 992 cantaverunt

198 1002 385 1033 solemniter
408 1008 438 1033 et
461 1003 528 1034 alta
558 1013 634 1034 voce
656 1004 844 1044 Symbolum
868 1005 902 1035 in
925 1005 1032 1044 Missa,
1056 1015 1155 1046 quam
1178 1005 1271 1036 Sum-

199 1056 272 1077 mus
295 1046 442 1077 Pontifex
465 1047 641 1086 celebravit,
662 1048 715 1078 die
738 1050 894 1089 vigesima
913 1054 1026 1080 octava
1045 1059 1154 1080 mense
1169 1050 1269 1086 iunio,

200 1091 233 1121 in
253 1090 344 1131 festo
373 1089 421 1133 (in
447 1090 568 1133 vigilia)
595 1092 821 1131 Apostolorum
849 1093 939 1123 Petri
962 1099 993 1124 et
1009 1094 1115 1124 Pauli.
1139 1093 1271 1124 Viterbii

199 1135 367 1174 degentem
390 1144 475 1164 anno
505 1135 586 1165 1268
612 1136 671 1165 sub
702 1136 868 1167 Clemente
893 1137 936 1168 1v
959 1137 1066 1177 prodit
1089 1137 1270 1175 adnotatio,

197 1188 281 1219 quae
299 1178 339 1208 ad
359 1178 477 1209 calcem
486 1179 753 1211 Elementationis
771 1181 970 1221 theologicae
987 1181 1096 1211 Procli
1112 1181 1272 1211 Diadochi

203 1223 298 1264 Tyrii
325 1222 373 1252 his
405 1222 507 1253 verbis
535 1223 649 1263 legitur
678 1225 712 1255 in
741 1225 849 1255 codice
879 1225 1071 1256 Sorbonico:
1106 1225 1270 1265 Completa

187 1266 264 1308 suit
286 1267 458 1298 translatio
481 1268 577 1299 huius
600 1270 706 1308 operis
730 1269 860 1300 Viterbii
877 1279 898 1300 a
917 1269 1035 1310 fratre
1062 1269 1099 1300 G.
1120 1269 1160 1300 de
1178 1270 1270 1300 Mor-

198 1311 292 1342 becca
324 1310 457 1342 Ordinis
472 1311 626 1352 fratrum
654 1313 919 1344 Praedicatorum
938 1324 979 1344 xv
997 1314 1063 1344 kal.
1084 1315 1166 1345 iunii
1183 1324 1270 1344 anno

165 1382 168 1383 γ
195 1355 331 1386 Domini
347 1355 432 1386 Mill.
450 1356 509 1386 CC
524 1358 728 1398 sexagesimo
747 1362 868 1389 octavo.
895 1358 987 1388 Hanc
1012 1364 1176 1398 gestorum
1194 1368 1270 1398 ope-

196 1409 334 1441 rumque
359 1399 517 1431 Willelmi
536 1401 575 1431 de
599 1402 749 1432 Morbeca
774 1402 994 1433 chronotaxim
1018 1403 1203 1434 doctissimo
1223 1403 1270 1433 Ia-

160 1464 164 1467 ·
197 1445 281 1476 cobo
300 1443 446 1475 Echardo
466 1445 630 1477 debemus.

264 1489 298 1519 In
329 1488 416 1519 Italia
443 1499 549 1520 moras
580 1490 676 1521 etiam
707 1490 835 1521 traxisse
869 1491 1081 1522 Guillelmum
1110 1498 1182 1522 ante
1214 1501 1269 1521 an-

195 1542 277 1564 num
305 1533 387 1564 1268
412 1533 600 1565 dubitaverit
624 1534 754 1566 fortasse
778 1545 886 1574 nemo,
911 1535 967 1576 qui
990 1535 1061 1566 loca
1085 1536 1168 1574 duo,
1193 1535 1268 1566 alte-

195 1587 270 1608 rum
292 1577 456 1608 Guillelmi
480 1578 519 1608 de
542 1579 664 1618 Tocco,
689 1579 823 1610 alterum
845 1580 1024 1611 Ptolomaei
1040 1580 1204 1618 Lucensis,
1221 1579 1268 1609 di-

195 1621 329 1662 ligenter
361 1622 539 1653 contulerit.
564 1623 671 1654 Refert
702 1623 754 1654 ille
783 1624 979 1665 Aquinatem
1014 1624 1269 1655 Commentarios

195 1666 330 1697 edidisse
355 1676 450 1707 super
471 1667 707 1708 Philosophiam
731 1668 942 1706 Naturalem,
964 1669 1126 1700 Moralem
1151 1674 1181 1699 et
1198 1669 1268 1699 Me-

195 1711 415 1751 taphysicam:
436 1721 572 1752 quorum
596 1712 774 1743 Aristotelis
798 1713 953 1744 librorum
982 1723 1097 1744 novam
1123 1713 1190 1753 ipse
1214 1722 1268 1743 cu—

194 1761 328 1787 raverat
341 1757 596 1787 translationem.
614 1757 668 1787 Ait
683 1766 758 1787 vero
774 1758 980 1788 Ptolomaeus
1000 1758 1151 1788 eumdem
1164 1757 1267 1798 Aqui-

194 1805 303 1830 natem
334 1805 476 1841 tempore
499 1800 619 1831 Urbani
643 1801 685 1832 IV
714 1800 765 1844 (ac
794 1802 861 1832 sine
889 1801 988 1832 dubio
1018 1802 1113 1833 etiam
1137 1802 1267 1833 Succes—

194 1843 275 1874 soris
299 1843 474 1875 Clementis
498 1843 555 1887 IV)
579 1847 765 1885 exposuisse
791 1846 1027 1886 Philosophiam
1051 1846 1211 1877 Moralem
1236 1852 1267 1877 et

193 1888 388 1919 Naturalem
412 1894 443 1920 et
465 1889 734 1930 Metaphysicam.
759 1890 832 1921 Vita
855 1890 983 1921 functus
999 1897 1046 1921 est
1059 1891 1207 1922 Urbanus
1223 1891 1266 1922 IV

192 1941 279 1963 anno
308 1933 391 1972 1264
414 1933 465 1963 die
490 1943 507 1963 2
531 1933 650 1964 mensis
674 1935 822 1966 octobris:
847 1935 943 1975 igitur
968 1935 1066 1966 libros
1085 1936 1267 1966 Aristotelis

194 1976 234 2007 de
256 1986 368 2017 graeco
391 1977 488 2008 latine
517 1978 657 2009 vertebat
680 1978 871 2010 Guillelmus
894 1985 967 2010 ante
990 1979 1188 2021 praedictum
1210 1990 1265 2010 an-

193 2030 285 2060 num,
310 2031 429 2063 eosque
454 2022 702 2055 Commentariis
725 2024 790 2055 suis
812 2024 988 2055 illustrabat
1005 2025 1159 2065 Aquinas.

260 2066 333 2097 Mos
357 2066 437 2097 olim
455 2067 541 2107 apud
559 2077 620 2098 nos
639 2075 714 2107 erat,
731 2075 767 2099 ut
785 2078 822 2099 ex
841 2068 972 2108 singulis
987 2069 1116 2100 Ordinis
1134 2069 1266 2099 Provin-

191 2110 247 2142 ciis
271 2120 289 2140 a
308 2110 459 2151 Capitulo
485 2111 623 2151 generali
646 2112 710 2143 fere
734 2113 905 2154 quotannis
924 2113 958 2143 in
977 2113 1142 2145 Graeciam
1161 2113 1264 2144 mitte-

190 2161 299 2186 rentur
326 2155 440 2186 eruditi
470 2156 611 2187 sodales:
637 2164 668 2188 et
693 2167 731 2188 ex
754 2157 792 2188 iis
826 2158 960 2188 Iacobus
986 2158 1149 2189 Echardus
1174 2165 1266 2198 putat

191 2199 289 2230 fuisse
312 2199 524 2230 Guillelmum
548 2201 586 2231 de
605 2201 768 2241 Morbeka,
789 2202 845 2243 qui
864 2202 936 2233 data
955 2202 1121 2233 occasione
1139 2201 1173 2232 in
1192 2213 1265 2233 exo-

190 2243 325 2275 ticarum
347 2243 541 2284 linguarum,
567 2246 718 2277 arabicae
737 2246 920 2286 praesertim
939 2254 970 2278 et
994 2256 1136 2288 graecae
1154 2247 1265 2287 peritia

189 2287 367 2329 profecerit.
392 2289 504 2319 Redux
527 2298 602 2329 ergo
625 2290 659 2320 in
683 2291 816 2329 Italiam,
841 2291 983 2322 Summis
1006 2291 1160 2322 Romanis
1179 2292 1264 2322 Pon—

188 2331 326 2363 tificibus
345 2333 387 2363 ob
407 2333 620 2364 eruditionem
639 2345 739 2374 caruS,
759 2336 996 2367 Poenitentiarii
1019 2346 1138 2366 munus
1157 2336 1262 2376 gessit.

189 2377 282 2408 Votis
300 2377 468 2418 Aquinatis
487 2388 613 2409 morem
627 2386 664 2410 ut
681 2387 811 2420 gereret,
827 2380 1005 2411 Aristotelis
1021 2390 1150 2420 graecos
1166 2380 1263 2410 libros

188 2421 285 2452 latine
303 2422 404 2453 vertit.
424 2422 535 2453 Infulis
555 2422 765 2455 Corinthiacis
784 2424 963 2464 insignitus,
982 2425 1158 2455 Ecclesiam
1172 2435 1264 2455 suam

190 2465 285 2496 adiit:
321 2466 503 2507 graecisque
532 2467 680 2507 operibus
708 2468 741 2498 in
775 2469 912 2499 latinum
939 2469 1096 2499 vertendis
1130 2478 1261 2508 operam

191 2520 284 2540 suam
311 2520 368 2550 per
395 2510 500 2542 otium
534 2511 690 2543 collocare
718 2523 785 2543 non
814 2513 941 2544 destitit.
970 2513 1073 2543 Procli
1106 2512 1263 2544 Diadochi

192 2564 289 2595 opera
316 2555 472 2586 nonnulla
505 2555 653 2587 Corinthi
681 2557 719 2587 ab
753 2557 869 2588 eodem
895 2557 1046 2588 translata
1073 2567 1160 2588 anno
1187 2556 1263 2588 1281

190 2608 417 2630 recensuimus.

258 2643 310 2673 111.
334 2643 448 2674 Libros
471 2643 659 2683 Aristotelis,
685 2655 767 2686 quos
786 2646 825 2676 de
851 2655 964 2686 graeco
985 2645 1178 2677 transtulerit
1193 2646 1261 2686 ipse

189 2687 223 2718 in
245 2687 391 2727 latinum,
408 2698 474 2718 non
502 2688 546 2719 ita
564 2688 654 2720 facile
673 2690 846 2731 quisquam
860 2697 1029 2721 recenseat.
1049 2690 1090 2720 Id
1113 2700 1155 2721 ex
1177 2690 1261 2726 codi-

189 2731 278 2763 cibus
300 2741 375 2763 mss.
401 2733 470 2763 eius
493 2734 609 2764 aetatis
638 2732 757 2776 (inquit
775 2733 953 2777 Echardus)
982 2735 1187 2775 probandum
1213 2744 1261 2765 es-

189 2781 256 2808 set:
278 2777 364 2817 quod
386 2777 530 2818 difficile.
559 2777 640 2815 Quis
662 2780 747 2809 enim
767 2779 971 2810 bibliothecas
993 2789 1104 2810 omnes
1118 2780 1261 2810 scrutari

184 2826 302 2861 potest,
324 2822 450 2853 etiamsi
467 2823 566 2853 otium
586 2823 698 2854 esset?

257 2865 426 2896 Versiones
446 2873 553 2897 tamen
571 2866 693 2908 aliquas
712 2868 829 2908 prodit,
849 2878 928 2909 quas
948 2878 966 2898 a
983 2868 1136 2899 Morbeka
1156 2868 1261 2899 confe-

191 2915 255 2939 ctas
274 2908 364 2940 facile
383 2910 465 2940 credi
484 2917 600 2950 potest,
621 2921 696 2942 cum
715 2922 766 2942 eas
785 2912 964 2943 adhibuerit
982 2923 1007 2943 s.
1027 2912 1182 2943 Thomas.
1202 2913 1261 2943 Pa-

191 2952 328 2983 risiensis
346 2954 541 2985 Navarraeus
561 2956 660 2986 codex
679 2963 815 2996 praestat
833 2957 932 2987 libros
949 2957 1138 2987 Ethicorum
1153 2957 1261 2987 decem

191 3006 267 3027 cum
290 2996 348 3027 hac
376 3004 452 3028 nota
478 2999 512 3029 in
540 2999 637 3030 calce:
666 3001 811 3040 Explicit
840 3001 922 3031 liber
948 3001 1135 3032 Ethicorum
1161 3011 1262 3032 novae

193 3041 416 3072 translationis
442 3043 624 3074 Aristotelis
654 3044 856 3086 Stagyritae.
886 3046 1001 3076 Actum
1033 3055 1119 3076 anno
1149 3046 1260 3076 Domi-

193 3086 227 3115 ni
249 3083 325 3115 1281
347 3086 380 3116 in
394 3085 486 3126 festo
508 3096 534 3117 s.
559 3088 674 3118 Mauri
697 3086 794 3131 (stylo
821 3099 908 3120 novo
933 3087 1040 3131 1282).
1066 3090 1165 3127 Quod
1183 3096 1261 3120 atta-

191 3139 278 3168 men,
301 3129 568 3161 animadvertente
591 3132 747 3171 Echardo,
773 3133 811 3163 de
835 3143 920 3164 anno
943 3134 1186 3173 intelligendum
1205 3140 1261 3172 est,

193 3184 259 3214 quo
282 3174 436 3204 volumen
455 3175 660 3206 scribebatur:
689 3176 765 3207 nam
793 3188 868 3208 cum
893 3188 930 3208 ea
953 3178 1157 3208 translatione
1185 3189 1262 3209 usus

191 3219 231 3249 sit
250 3229 274 3248 s.
294 3218 450 3257 Thomas,
469 3219 534 3249 iam
553 3226 624 3250 ante
643 3230 765 3251 annum
788 3231 869 3263 1272
897 3222 1074 3253 confectam
1092 3222 1180 3253 illam
1199 3223 1267 3253 edi--

191 3269 323 3303 tamque
341 3262 438 3293 fuisse
455 3269 539 3294 certo
559 3270 690 3295 constat.

260 3307 295 3336 In
314 3307 435 3337 Veneta
461 3317 501 3337 ss.
522 3307 649 3338 Ioannis
669 3315 700 3339 et
724 3309 814 3340 Pauli
833 3309 1023 3341 bibliotheca
1044 3310 1143 3341 codex
1161 3320 1261 3340 mem-

191 3351 363 3382 branaceus
382 3351 415 3381 in
435 3351 490 3382 fol.
511 3351 706 3391 adservatur,
726 3353 759 3383 in
779 3363 845 3394 quo
865 3354 941 3385 haec
968 3364 1065 3395 opera
1082 3354 1260 3384 Aristotelis

192 3395 405 3434 continentur,
424 3395 519 3426 latine
538 3396 672 3427 reddita:

258 3440 401 3470 Ethicor.
422 3440 465 3470 ad
483 3440 723 3472 Nicomachum.

258 3485 310 3515 De
328 3484 463 3515 motibus
481 3485 680 3515 animalium.

257 3529 309 3559 De
327 3529 503 3559 diurnitate
521 3534 552 3559 et
570 3529 724 3560 brevitate
743 3530 835 3560 vitae.

258 3573 310 3604 De
329 3574 492 3604 iuventute
510 3578 541 3603 et
554 3579 724 3604 senectute.

258 3618 309 3648 De
321 3618 560 3659 physionomia.

2302 282 2406 309 CCLXI

1398 345 1596 376 Rhetoricor.
1616 346 1660 376 ad
1683 346 1887 378 Theodecten.

1397 389 1614 420 Politicorum.

1402 432 1695 465 Oeconomicorum.

1330 476 1424 507 Initio
1439 477 1556 508 codicis
1580 478 1702 508 chartae
1721 486 1860 519 quatuor
1878 489 1915 509 ex
1933 489 2055 520 papyro
2075 480 2240 511 adiunctae
2264 490 2350 521 sunt,
2368 493 2404 514 ac

1330 521 1432 561 prima
1457 521 1538 552 hanc
1563 522 1687 553 exhibet
1713 522 1970 563 inscriptionem:
1997 524 2126 555 Fratris
2144 525 2230 555 sixti
2247 526 2402 565 Medices,

1329 566 1470 606 theologi
1495 566 1704 597 Dominicani
1731 569 1850 605 veneti,
1881 577 1923 598 ex
1950 578 2084 598 munere
2112 569 2279 610 magnifici
2307 576 2403 611 atque

1329 610 1489 640 eruditiss.
1524 610 1735 642 adolescentis
1769 611 1800 642 d.
1825 612 2025 642 Bernardini
2057 613 2238 644 Lauretani
2273 614 2305 644 d.
2334 616 2401 646 An-

1328 653 1427 684 dreae
1439 654 1509 695 filii
1533 655 1625 696 1557.
1646 655 1796 696 Sequitur
1817 665 1953 696 operum
1971 656 2065 687 index
2084 657 2237 698 superior:
2261 664 2332 688 turn
2347 669 2400 689 ve-

1328 707 1364 728 ro
1383 698 1460 728 haec
1478 698 1628 738 leguntur
1641 700 1745 729 verba:
1765 699 1865 730 quta
1883 701 2126 732 translationem
2141 703 2319 742 antiquam.
2337 703 2399 734 Fo-

1327 741 1371 772 lio
1391 743 1488 773 altero
1508 749 1628 782 prostat
1647 753 1782 783 sequens
1801 744 1935 784 epistola
1953 745 2004 775 vel
2022 745 2214 776 admonitio:

1397 799 1412 814 «
1430 787 1481 817 Fr.
1506 787 1610 817 Sixtus
1633 787 1770 818 Medices
1802 788 2033 819 Dominicanus
2065 789 2251 830 theologus,
2281 790 2336 830 pio
2368 798 2399 822 et

1330 843 1345 857 ›>
1368 831 1511 861 studioso
1535 831 1645 861 lectori
1668 831 1699 862 S.
1724 831 1805 862 Sunt
1823 839 2011 863 mercatores
2030 833 2162 874 quidam
2181 832 2241 876 (ne
2258 835 2396 866 latrones

1330 887 1344 902 :o
1367 873 1551 917 appellem),
1575 874 1631 915 qui
1655 875 1792 905 aliorum
1814 876 2084 907 lucubrationibus
2108 878 2198 908 ditari
2222 885 2253 909 et
2274 879 2396 910 virtutis

1330 930 1344 946 »
1367 918 1554 958 opinionem
1584 929 1621 948 ex
1648 918 1804 949 maleficio
1828 920 1979 960 aucupari
2008 922 2144 952 student.
2169 922 2283 953 Evenit
2311 923 2398 954 enim

1329 975 1344 990 »
1366 962 1518 1002 proximis
1538 962 1699 993 mensibus
1719 969 1755 993 ut
1784 963 1928 994 Thomas
1947 965 2049 1003 Iunta,
2070 965 2245 1006 bibliopola
2263 966 2394 1006 insignis

1329 1018 1343 1033 »
1369 1006 1608 1036 Commentaria
1632 1006 1698 1037 divi
1725 1007 1864 1037 Romae
1885 1009 2056 1048 Aquinatis
2077 1019 2175 1050 super
2199 1011 2288 1041 libris
2310 1011 2396 1042 Poli-

1328 1061 1343 1076 ›
1366 1051 1502 1080 ticorum
1526 1050 1723 1090 imprimens,
1755 1052 1997 1082 translationem
2026 1054 2192 1094 antiquam
2215 1055 2397 1086 Aristotelis

1328 1105 1343 1120 ›
1366 1103 1461 1133 super
1483 1094 1596 1124 iisdem
1618 1094 1715 1133 libris,
1740 1095 1829 1124 omni
1849 1095 2009 1135 diligentia
2032 1097 2217 1137 quaesitam,
2237 1109 2397 1139 nusquam

1328 1149 1343 1164 ιν
1366 1138 1527 1177 reperiret:
1553 1148 1588 1168 ea
1607 1144 1713 1168 tamen
1732 1139 1868 1169 maxime
1888 1140 2113 1171 desideraretur
2134 1141 2167 1171 in
2187 1151 2225 1172 eo
2248 1142 2319 1182 ipso
2339 1153 2395 1173 vo-

1329 1194 1343 1208 »
1365 1181 1486 1212 lumine
1505 1192 1524 1212 a
1543 1182 1702 1220 studiosis,
1723 1192 1798 1213 cum
1817 1184 1859 1213 ob
1878 1183 1962 1214 illius
1980 1183 2087 1223 fidem,
2107 1191 2177 1215 tum
2196 1186 2237 1216 ob
2257 1186 2289 1216 id
2308 1188 2397 1227 quod

1328 1238 1343 1253 »
1366 1225 1430 1255 divi
1448 1226 1600 1261 „Thomae
1623 1225 1837 1266 interpretatio
1861 1227 1894 1257 in
1913 1227 1993 1258 hanc
2016 1235 2142 1259 tantum
2161 1230 2275 1260 directa
2294 1230 2396 1262 fuerat

1328 1282 1342 1296 »
1366 1276 1460 1310 atque
1479 1270 1560 1300 hanc
1580 1270 1807 1310 explanaverat.
1828 1271 1936 1312 Itaque
1955 1272 2035 1302 dum
2058 1282 2116 1312 ego
2137 1283 2231 1313 super
2249 1274 2306 1304 hac
2325 1275 2395 1314 plu-

1328 1326 1343 1341 »
1366 1314 1485 1344 timum
1504 1314 1684 1353 solicitarer,
1705 1321 1799 1355 atque
1820 1315 1946 1346 nullum
1966 1326 2031 1346 non
2051 1317 2222 1347 evolverim
2240 1318 2394 1358 lapidem;

1328 1370 1343 1385 »
1367 1358 1503 1399 denique
1527 1368 1624 1398 opera
1650 1359 1762 1389 Caroli
1784 1359 1911 1400 Sigonii
1933 1360 1990 1390 viri
2014 1361 2233 1400 eruditissimi,
2258 1373 2276 1392 a
2297 1363 2396 1393 nobili

1328 1415 1343 1430 »
1365 1410 1460 1443 atque
1480 1403 1603 1433 erudito
1629 1403 1827 1434 adolescente
1842 1404 2048 1435 Bernardino
2064 1405 2261 1443 Lauretano,
2283 1406 2312 1436 d.
2330 1408 2395 1436 An-

1328 1459 1343 1475 »
1366 1447 1456 1477 dreae
1490 1446 1556 1477 filio
1590 1445 1754 1489 (quorum
1787 1448 1902 1478 domus
1933 1448 2133 1479 refertissima
2164 1456 2210 1480 est
2241 1450 2396 1480 librorum

1327 1504 1342 1519 »
1365 1498 1460 1532 atque
1483 1491 1685 1532 antiquarum
1704 1501 1810 1522 rerum
1830 1493 1984 1522 memoria
2007 1492 2182 1536 pretiosa),
2207 1494 2315 1524 codice
2335 1494 2397 1525 hoc

1327 1548 1341 1563 »
1364 1536 1581 1576 manuscripto
1597 1546 1672 1567 cum
1680 1536 1886 1567 Politicorum
1902 1543 1996 1578 atque
2011 1536 2294 1568 Oeconomicorum
2310 1544 2396 1569 textu

1326 1592 1340 1607 ›
1364 1580 1500 1611 donatus
1529 1580 1585 1611 fui.
1611 1580 1720 1620 Ipsum
1744 1590 1821 1621 ego,
1852 1591 1916 1611 una
1939 1591 2013 1612 cum
2043 1581 2111 1612 viro
2136 1582 2396 1612 excellentissimo

1326 1637 1341 1652 ιν
1363 1626 1410 1655 M.
1440 1625 1580 1655 Antonio
1607 1625 1758 1663 Mureto,
1793 1625 1940 1656 Thomae
1975 1626 2014 1656 de
2043 1626 2134 1656 Iunta
2163 1626 2308 1656 dedimus
2335 1626 2396 1657 im-

1326 1681 1339 1695 »
1363 1668 1577 1708 primendum.
1602 1669 1704 1709 Super
1728 1679 1765 1699 eo
1785 1676 1892 1699 autem
1911 1669 2027 1710 Opere,
2051 1676 2147 1711 atque
2166 1670 2228 1700 divi
2248 1670 2394 1701 Thomae

1325 1725 1339 1739 »
1361 1713 1571 1753 Expositione
1588 1713 1742 1743 laboravit
1760 1713 1896 1744 maxime
1916 1714 2056 1745 eruditus
2075 1714 2122 1744 vir
2136 1715 2304 1755 Remigius
2319 1715 2393 1746 Flo-

1324 1770 1338 1784 »
1362 1758 1526 1795 reminas,
1551 1757 1607 1798 qui
1631 1767 1668 1787 ex
1691 1757 1880 1788 bibliotheca
1907 1765 2014 1789 nostra
2042 1758 2191 1789 divorum
2215 1759 2341 1789 Ioannis
2365 1765 2396 1790 et

1323 1813 1338 1828 »
1360 1801 1450 1832 Pauli
1469 1801 1571 1832 multa
1593 1801 1711 1832 evolvit
1729 1802 1895 1832 volumina
1913 1809 1948 1833 ut
1970 1802 2210 1833 Commentaria
2229 1803 2306 1834 haec
2325 1804 2393 1833 red-

1323 1857 1337 1872 »
1361 1846 1447 1876 deret
1474 1845 1635 1883 uberiora;
1665 1852 1695 1876 et
1725 1852 1908 1878 contextum
1938 1853 1968 1877 et
1998 1848 2241 1878 translationem
2272 1847 2392 1887 ipsam,

1323 1903 1338 1918 »
1361 1890 1437 1920 alias
1469 1890 1553 1921 lectu
1585 1890 1804 1920 difficillimam
1835 1891 2050 1922 transcriberet
2082 1898 2118 1922 ut
2149 1891 2392 1932 impressoribus

1323 1947 1337 1962 »
1360 1935 1542 1965 redderetur
1571 1934 1701 1966 facilior.
1732 1935 1853 1966 Verum
1875 1936 2063 1966 Martianus
2092 1936 2192 1973 Rota,
2222 1935 2278 1976 qui
2307 1936 2393 1976 apud

1323 1992 1337 2007 »
1361 1979 1468 2010 luntas
1486 1979 1730 2019 impressionem
1756 1979 1900 2010 mercede
1929 1980 2066 2018 curabat,
2087 1979 2138 2010 cui
2157 1980 2326 2010 nobiscum
2343 1979 2394 2010 vel

1323 2036 1338 2052 »
1361 2023 1516 2054 amicitiae
1531 2023 1582 2054 vel
1600 2023 1817 2054 familiaritatis
1836 2023 1904 2054 iure
1920 2023 1999 2054 nihil
2015 2030 2080 2055 erat
2099 2031 2282 2062 commune;
2297 2031 2391 2065 atque

1323 2081 1337 2096 ι
1361 2068 1440 2099 circa
1463 2067 1540 2099 haec
1563 2067 1643 2098 nihil
1665 2068 1777 2108 magis,
1801 2078 1900 2109 quam
1923 2078 2036 2099 omnes
2059 2069 2286 2109 praenunciati,
2318 2078 2392 2099 con-

1322 2125 1336 2140 »
1359 2113 1487 2151 tulerat,
1505 2112 1653 2143 omnium
1672 2112 1790 2143 horum
1809 2112 1939 2143 nomine
1955 2123 2125 2153 suppresso
2145 2111 2239 2155 (curn
2255 2113 2393 2143 maxima

1322 2169 1337 2184 ιι
1361 2156 1497 2187 familiae
1520 2157 1605 2187 imus
1628 2157 1744 2187 nobilis
1768 2155 1921 2199 nausea),
1948 2163 2049 2187 totam
2073 2157 2130 2187 sibi
2156 2157 2284 2187 laudem
2307 2167 2391 2187 arro-

1322 2213 1336 2228 »
1359 2201 1453 2241 gavit.
1479 2201 1577 2239 Quod
1601 2201 1626 2231 si
1649 2201 1815 2231 hominem
1838 2201 1935 2231 istum
1958 2201 2081 2231 labores
2105 2201 2318 2241 praesentium
2345 2201 2391 2231 vi-

1322 2258 1337 2273 »
1359 2256 1480 2283 rorum,
1491 2246 1524 2276 in
1539 2255 1652 2276 eorum
1662 2245 1774 2283 oculis,
1785 2245 1928 2276 suffurari
1944 2255 2010 2275 non
2025 2245 2138 2285 pudet;
2155 2245 2243 2285 quid,
2259 2254 2390 2286 quaeso,

1322 2302 1336 2317 ›
1360 2290 1518 2321 existimas
1541 2290 1580 2320 ab
1605 2300 1643 2320 eo
1667 2289 1787 2320 factum
1809 2289 1866 2328 iri,
1891 2289 1916 2319 si
1939 2289 1973 2319 in
1996 2289 2205 2328 vindemiam,
2233 2289 2314 2320 idest
2336 2299 2389 2320 co-

1321 2347 1336 2362 »
1359 2335 1442 2365 dices
1466 2334 1598 2365 alicuius
1622 2333 1757 2364 absentis
1780 2341 1834 2364 aut
1857 2333 1919 2364 vita
1943 2333 2043 2364 functi
2068 2334 2181 2364 intrare
2205 2332 2389 2374 contingat?

1321 2391 1336 2407 x»
1359 2379 1447 2416 Quid
1477 2378 1502 2408 si
1533 2378 1646 2418 scripta
1677 2378 1814 2408 aliorum
1843 2378 1883 2408 ad
1915 2377 1999 2408 illius
2030 2388 2144 2408 manus
2174 2375 2389 2418 pervenerint?

1321 2435 1335 2450 »
1357 2422 1524 2454 Verebitur
1551 2432 1608 2461 ne,
1638 2422 1774 2453 auctoris
1804 2422 1935 2452 nomine
1965 2422 2148 2460 obliterato,
2180 2432 2246 2452 sese
2277 2432 2390 2452 eorum

1320 2479 1334 2494 »
1357 2474 1521 2498 auctorem
1539 2476 1675 2506 operum
1692 2464 1872 2497 instituere?
1891 2466 1973 2505 Tui,
1991 2476 2011 2496 o
2030 2466 2128 2497 lector
2147 2466 2387 2505 humanissime,

1320 2523 1334 2538 »
1357 2511 1512 2542 iudicium
1535 2518 1619 2541 esto:
1649 2517 1680 2541 et
1709 2521 1746 2541 ex
1773 2521 1880 2551 ungue
1903 2511 2032 2541 leonem
2054 2511 2104 2541 vel
2132 2510 2190 2541 hac
2213 2511 2247 2540 in
2270 2520 2302 2540 re
2330 2511 2388 2540 mi-

1319 2568 1334 2583 »
1356 2555 1534 2593 nutissima,
1553 2555 1713 2586 verissime
1732 2562 1838 2586 tamen
1862 2561 1995 2593 narrata,
2016 2565 2182 2595 cognosce.
2203 2554 2290 2585 Felix
2308 2555 2386 2585 vale.

1319 2612 1334 2626 »
1357 2600 1496 2631 Venetiis
1522 2609 1564 2639 24
1584 2599 1717 2630 ianuarii
1741 2609 1778 2629 ex
1801 2609 1932 2630 musaeo
1956 2605 2066 2630 nostro
2090 2599 2239 2629 divorum
2263 2599 2389 2629 loannis

1320 2657 1335 2672 »
1358 2651 1389 2675 et
1411 2644 1501 2675 Pauli
1530 2644 1622 2674 1558.
1641 2656 1656 2670 ι
1682 2644 1770 2674 Haec
1793 2643 1861 2674 viro
1891 2643 2062 2674 clarissimo
2087 2643 2258 2674 Dominico
2281 2643 2388 2673 Berar-

1317 2689 1413 2727 dello,
1438 2689 1542 2719 eidem
1565 2688 1773 2719 bibliothecae
1795 2687 1972 2727 Praefecto,
1997 2694 2123 2728 accepta
2146 2688 2308 2718 debemus.

1385 2733 1420 2763 In
1449 2733 1533 2764 calce
1556 2733 1762 2763 Politicorum
1794 2739 1866 2772 post
1889 2742 2002 2763 vocem
2025 2739 2237 2772 postremam,
2261 2732 2386 2768 decens,

1316 2777 1394 2808 haec
1417 2777 1537 2808 adiecta
1559 2777 1708 2817 leguntur
1736 2777 1847 2807 eadem
1869 2787 1967 2807 manu
1995 2777 2104 2806 verba:
2128 2776 2264 2816 Reliqua
2292 2776 2388 2806 huius

1317 2823 1423 2862 operis
1441 2823 1474 2852 in
1493 2831 1613 2862 graeco
1633 2821 1774 2852 nondum
1794 2822 1911 2851 inveni.
1934 2821 2020 2851 Cum
2039 2821 2150 2850 eadem
2172 2829 2250 2850 voce
2274 2819 2387 2850 desinit

1317 2866 1412 2897 etiam
1436 2877 1460 2896 s.
1480 2866 1627 2897 Thomae
1651 2865 1923 2896 Commentarius:
1948 2865 2033 2895 unde
2057 2864 2223 2904 colligitur,
2252 2863 2386 2893 latinam

1318 2911 1407 2941 illam
1437 2911 1644 2941 Politicorum
1676 2911 1872 2947 versionem,
1904 2909 2063 2950 Aquinate
2092 2914 2239 2948 rogante,
2272 2907 2387 2937 factam

1317 2955 1424 2985 fuisse.
1450 2955 1485 2985 In
1509 2955 1592 2985 calce
1619 2954 1901 2985 Oeconomicorum
1930 2952 2032 2995 (quos
2056 2952 2186 2982 minime
2211 2951 2385 2982 Commen-

1317 2999 1397 3030 tario
1421 3009 1480 3029 suo
1505 2999 1602 3029 libros
1630 2998 1795 3029 illustravit
1818 2996 1980 3039 Aquinas)
2009 2997 2085 3027 haec
2113 2996 2282 3026 habentur:
2315 2995 2384 3025 Ex-

1310 3044 1405 3084 plicit
1424 3044 1610 3074 Yconomica
1626 3042 1817 3079 Aristotelis,
1828 3042 1986 3072 translata
2005 3041 2045 3071 de
2062 3050 2182 3081 graeco
2198 3041 2230 3070 in
2248 3040 2384 3070 latinum

1310 3097 1375 3128 per
1393 3098 1492 3118 unum
1511 3087 1790 3127 Archiepiscopum
1810 3091 1840 3116 et
1858 3096 1957 3116 unum
1977 3085 2168 3125 Episcopum
2187 3084 2227 3115 de
2248 3084 2385 3114 Graecia

1317 3137 1348 3162 et
1371 3133 1563 3173 magistrum
1586 3131 1782 3162 Durandum
1806 3130 1845 3160 de
1867 3130 2022 3160 Alvernia
2046 3129 2192 3166 latinum,
2225 3128 2384 3159 Procura-

1317 3181 1417 3206 torem
1453 3176 1678 3206 Universitatis
1711 3175 1900 3205 Parisiensis
1932 3179 2009 3204 tunc
2037 3174 2189 3213 temporis
2218 3173 2250 3203 in
2283 3172 2385 3202 Curia

1316 3221 1475 3250 Romana.
1494 3220 1609 3250 Actum
1628 3220 1801 3260 Anagniae
1819 3219 1851 3248 in
1871 3228 1978 3248 mense
1996 3222 2156 3258 augusto,
2177 3217 2385 3257 Pontificatus

1316 3265 1449 3294 Domini
1475 3264 1517 3294 D.
1548 3263 1713 3304 Bonifacii
1742 3264 1849 3303 Papae
1876 3262 1990 3293 Octavi
2018 3271 2105 3292 anno
2122 3262 2242 3301 primo.
2270 3262 2383 3290 Annus

1317 3308 1438 3348 primus
1457 3307 1612 3338 Bonifacii
1631 3314 1662 3338 et
1680 3307 1796 3337 mensis
1815 3313 1968 3346 augustus
1983 3305 2176 3336 conveniunt
2191 3314 2275 3334 anno
2295 3313 2383 3333 aerae

1316 3351 1452 3391 vulgaris
1482 3352 1574 3391 1295,
1599 3361 1664 3391 quo
1689 3358 1759 3381 tum
1780 3350 1943 3390 Anagniae
1966 3350 2147 3379 morabatur
2169 3347 2322 3378 Pontifex.

1383 3395 1430 3425 Ex
1445 3395 1504 3425 hac
1523 3395 1647 3434 appicta
1672 3395 1772 3425 codici
1788 3400 1863 3424 nota
1878 3393 2079 3431 addiscimus,
2096 3393 2128 3422 in
2151 3391 2382 3422 transferendos

1317 3439 1355 3469 de
1371 3447 1482 3478 graeco
1498 3438 1531 3468 in
1545 3438 1680 3469 latinum
1697 3439 1794 3468 libros
1802 3438 1983 3468 Aristotelis
1997 3437 2082 3466 viros
2098 3436 2202 3476 plures
2217 3435 2382 3476 utriusque

1316 3483 1441 3522 linguae
1478 3482 1595 3522 peritos
1630 3482 1821 3512 incubuisse.
1853 3482 2067 3511 Memoratum
2102 3481 2381 3520 Archiepiscopum

1316 3526 1487 3566 intelligere
1517 3536 1574 3566 par
1603 3532 1649 3556 est
1679 3526 1889 3557 Guillelmum
1917 3525 1956 3555 de
1985 3525 2145 3555 Morbeka.
2178 3524 2258 3561 Quis
2289 3523 2383 3554 fuerit

1315 3571 1492 3610 Episcopus
1515 3570 1570 3611 qui
1594 3570 1690 3600 altero
1722 3570 1794 3600 loco
1819 3569 2010 3610 appellatur,
2042 3569 2180 3598 divinare
2203 3578 2269 3598 non
2298 3567 2380 3598 licet.

1317 3614 1463 3654 Magister
1485 3614 1666 3645 Durandus
1688 3614 1727 3645 de
1749 3614 1914 3651 Alvernia‚
1939 3613 1995 3654 qui
2020 3613 2200 3643 Parisiensis
2223 3612 2383 3644 Universi-
