2548 4192
939 303 995 339 IN
1026 303 1064 339 S.
1086 303 1329 339 THOMAM
1357 302 1683 349 AQUINATEM
2352 321 2355 324 ⁴
2377 316 2411 344 c1

205 386 247 416 ad
269 384 453 416 Canonicos
476 383 634 423 regulares
652 382 835 414 Victorinos
855 381 999 420 secessit,
1023 387 1144 412 vestem
1168 391 1282 412 eorum

204 429 309 461 induit
323 429 531 470 regulamque
545 427 708 468 professus
723 433 786 465 est,
805 436 890 457 anno
911 426 993 467 1289
1009 433 1113 457 morte
1128 425 1280 457 sublatus.

206 474 252 505 lta
275 474 392 505 scilicet
414 473 559 503 Annales
587 472 742 503 Victorini
765 471 871 502 ferunt
900 471 987 511 apud
1018 470 1196 502 Gerardum
1214 471 1281 501 Du-

204 519 276 550 bois
298 518 331 549 in
355 517 497 549 Historia
515 516 673 548 Ecclesiae
692 515 876 547 Parisiensis
895 522 987 546 tomo
1008 515 1053 554 11,
1078 514 1159 545 libro
1176 515 1281 553 XVII,

205 563 307 604 capite
328 573 372 601 n,
397 562 452 593 ubi
476 571 544 592 rem
574 567 714 592 attamen
746 560 856 602 paullo
880 560 969 591 aliter
999 559 1148 590 accidisse
1178 566 1283 590 narrat

195 608 271 648 -ipse
294 607 420 638 Dubois
449 616 539 637 num.
561 613 616 646 14:
645 605 685 636 In
710 605 834 643 locum,
859 604 1019 646 inquiens,
1042 604 1178 646 Ranulfi
1205 604 1281 645 Epi-

195 653 292 693 scopi
313 651 512 693 subrogatus
526 656 573 682 est
587 650 750 682 communi
766 649 1005 680 canonicorum
1026 659 1183 680 consensu
1197 649 1282 680 Ade-

204 696 319 738 nulfus
341 696 381 727 de
402 696 569 737 Anagnia,
585 696 641 736 qui
664 695 739 725 olim
759 694 967 735 Praepositus
984 694 1151 725 Ecclesiae
1173 693 1282 724 Audo-

203 741 364 772 marensis
382 740 506 782 suerat
531 745 562 771 et
589 740 784 770 Parisiensis
805 739 972 770 Ecclesiae
1006 738 1211 776 Canonicus,
1243 749 1284 770 ac

203 786 320 817 deinde
337 785 381 816 ad
400 785 578 816 Victorinos
600 789 785 815 secesserat.
808 783 843 814 Is
861 783 988 824 quidem
1005 783 1280 825 confirmationem

204 831 369 861 electionis
386 834 566 870 acceperat,
590 829 648 860 sed
670 834 746 859 ante
769 829 1042 859 consecrationem
1064 828 1199 859 decessit
1221 838 1281 858 an-

204 885 246 906 no
271 874 364 915 1289.
383 874 424 905 In
445 874 542 905 choro
570 873 722 905 basilicae
747 873 929 904 Victorinae
941 873 1086 913 sepultus
1105 878 1161 904 est.
1182 873 1282 911 Quod

202 919 352 950 historiae
382 919 551 950 discrimen
582 918 661 949 mihi
684 918 718 948 in
741 918 850 948 medio
879 917 1136 959 relinquendum.
1172 917 1280 955 Quam

200 964 275 994 inde
298 974 374 994 vero
394 963 610 994 coniecturam
633 963 798 993 Echardus
821 962 936 1000 haurit,
951 962 1065 992 lubens
1085 962 1278 1002 amplector:

201 1008 283 1039 hanc
307 1009 346 1039 ab
370 1008 530 1049 Aquinate
558 1008 673 1038 lectam
704 1007 801 1038 fuisse
825 1006 1087 1047 Expositionem,
1113 1013 1143 1037 et
1167 1017 1183 1037 e
1207 1016 1280 1046 sug-

201 1059 292 1094 gestu
317 1053 483 1091 dictatam,
509 1062 584 1083 cum
607 1052 748 1082 secundo
773 1051 898 1082 scholas
921 1051 1046 1081 Parisiis
1070 1058 1190 1091 regeret
1212 1051 1280 1091 ipse

203 1098 242 1128 ab
266 1107 352 1128 anno
377 1098 459 1137 1269
483 1097 524 1127 ad
547 1107 670 1127 annum
699 1106 790 1137 ¹27¹·
884 1129 888 1132 ,

269 1142 359 1172 Tum
382 1141 516 1172 seorsim
539 1141 625 1171 idem
649 1140 767 1181 prodiit
790 1139 1061 1178 Commentarius,
1077 1146 1149 1170 turn
1171 1139 1280 1180 ipsum

201 1192 361 1227 praestant
384 1185 539 1216 editiones
562 1185 715 1216 hactenus
739 1191 875 1223 curatae,
899 1194 982 1225 quae
1001 1184 1148 1215 Thomae
1173 1184 1280 1224 Opera

201 1230 312 1261 omnia
333 1229 599 1270 complectuntur.
615 1229 742 1260 Miratio
757 1229 838 1260 forte
853 1230 975 1268 subeat,
990 1229 1138 1259 eamdem
1154 1227 1279 1269 (Expo-

199 1274 363 1316 sitionem)
385 1274 510 1305 silentio
530 1274 784 1314 praetermissam
803 1285 821 1304 a
840 1268 963 1304 loanne'
981 1273 1021 1304 de
1041 1273 1204 1304 Columna
1218 1284 1278 1304 suo

200 1319 234 1350 in
253 1319 420 1359 indicecAt
433 1318 562 1349 miratio
579 1318 666 1350 nulla
682 1318 786 1356 fuerit,
798 1318 823 1349 si
847 1318 1089 1356 animadvertas,
1100 1318 1182 1349 hanc
1197 1318 1279 1349 inter

195 1360 309 1405 opera
327 1369 494 1404 reportata
509 1363 620 1394 locum
635 1363 750 1394 habere
766 1363 942 1402 Postillam‚
954 1363 1050 1404 idque
1060 1373 1161 1403 genus
1171 1363 1279 1404 Opera

200 1409 311 1440 omnia
341 1418 359 1439 a
389 1409 508 1439 Ioanne
539 1408 578 1439 de
618 1408 781 1439 Columna
811 1408 1040 1448 praetermissa.
1078 1408 1181 1448 lpsius
1215 1407 1278 1438 divi

199 1452 348 1484 Thomae
365 1453 519 1494 prologus
550 1463 568 1483 a
583 1453 722 1484 themate
746 1452 867 1493 incipit,
885 1453 974 1494 quod
999 1462 1036 1483 ex
1059 1454 1162 1484 verbis
1182 1452 1278 1483 Isaiae

199 1507 268 1538 cap.
288 1508 331 1537 vr,
350 1503 380 1528 v.
395 1508 406 1528 1
421 1498 629 1538 desumptum
658 1504 720 1528 est:
742 1497 812 1528 Vidi
837 1498 1013 1528 Dominum
1037 1497 1197 1529 sedentem
1219 1504 1276 1528 etc.

197 1542 349 1584 Sequitur
363 1541 508 1573 eiusdem
523 1542 692 1584 Aquinatis
709 1543 742 1573 in
753 1542 930 1583 prologum
947 1542 976 1573 b.
995 1543 1196 1584 Hieronymi
1210 1542 1277 1572 Ex-

190 1587 330 1628 positio.-
343 1586 412 1618 Hic
437 1592 484 1618 est
510 1587 651 1618 Ioannes
674 1587 887 1628 Evangelista
912 1593 969 1617 etc.
988 1587 1112 1627 Nempe
1129 1587 1277 1618 Thomae

196 1637 298 1663 aetate
313 1638 384 1663 tum
399 1631 469 1670 iste,
485 1641 560 1662 cum
575 1631 627 1662 alii
637 1631 810 1672 peculiares
826 1631 858 1661 in
874 1631 950 1662 novi
969 1632 1165 1676 Testamenti
1180 1631 1278 1662 libros

196 1675 498 1708 circumferebantur
526 1675 652 1716 prologi
676 1676 735 1707 sub
760 1676 892 1707 nomine
925 1687 948 1707 s.
970 1676 1177 1718 Hieronymi:
1195 1686 1278 1718 quos

196 1719 262 1751 iam
285 1720 419 1752 Doctori
442 1720 585 1752 Maximo
614 1720 842 1751 abiudicandos
882 1727 988 1751 censet
1015 1721 1167 1763 iubetque
1197 1720 1278 1751 criti-

197 1775 313 1796 corum
335 1765 434 1796 nstin.

266 1809 304 1840 11.
332 1810 421 1840 Haec
451 1809 614 1850 ignorasse
645 1809 773 1848 omnia,
797 1819 880 1850 quae
904 1809 1129 1848 disseruimus,
1154 1809 1279 1840 videtur

197 1853 304 1886 Sixtus
327 1853 486 1892 Senensis,
501 1853 557 1895 qui
576 1853 609 1883 in
628 1853 802 1884 Biblioteca
822 1853 876 1884 lib.
894 1853 947 1893 IV,
966 1855 1163 1895 praedictum
1178 1853 1278 1885 Com-

197 1897 391 1929 mentarium
414 1899 447 1928 in
476 1898 652 1936 Ioannem,
682 1898 777 1929 unius
808 1898 978 1929 Trithemii
1009 1898 1090 1937 fide,
1120 1899 1279 1930 adiudicat

195 1941 272 1974 divo
286 1942 454 1982 Thomae;
474 1953 572 1984 seque
594 1942 730 1973 dubium
750 1949 781 1974 et
799 1942 971 1983 ancipitem
990 1943 1097 1984 prodit
1122 1943 1202 1974 libro
1222 1944 1277 1982 vl,

195 1987 403 2019 annotatione
426 1998 519 2018 ccvn.
539 1987 644 2018 Verba
667 1987 736 2018 eius
755 1994 846 2018 sunt:
883 2001 898 2016 α
917 1988 1063 2019 Thomas
1081 1988 1225 2029 Aquinas
1244 1988 1277 2018 in

199 2043 215 2060 ν
240 2031 492 2063 Commentariis
521 2041 621 2073 super
649 2032 825 2070 Ioannem,
851 2032 907 2074 qui
932 2033 999 2063 eius
1027 2043 1094 2063 esse
1118 2033 1277 2071 dicuntur,

198 2089 214 2104 a·
237 2075 374 2108 affirmat
402 2076 592 2118 Philippum
624 2077 840 2118 Apostolum,
865 2077 920 2118 qui
953 2077 1094 2108 Gentiles
1121 2077 1210 2108 duxit
1238 2078 1278 2108 ad

199 2133 214 2150 ι
237 2120 405 2153 Christum
425 2120 492 2162 (Io.
504 2131 574 2162 cap.
585 2131 646 2160 ιιι,
675 2131 757 2153 vers.
771 2131 812 2152 20
827 2127 867 2152 et.
877 2131 960 2163 seqq.
958 2122 990 2164 )‚
1002 2132 1078 2153 eum
1098 2132 1164 2153 esse
1179 2133 1277 2163 quem

197 2178 214 2194 ι»
235 2166 341 2197 Lucas
373 2172 491 2197 octavo
515 2166 617 2206 capite
641 2168 784 2197 Actuum
808 2164 908 2207 (vers.
936 2167 971 2209 5)
996 2167 1088 2198 refert
1116 2167 1278 2198 Samaritis

199 2222 215 2238 :-
237 2210 455 2252 praedicasse,
488 2217 520 2241 et
542 2210 739 2242 Eunuchum
762 2211 902 2251 Reginae
927 2210 1083 2242 Candacis
1107 2210 1210 2253 (vers.
1236 2221 1277 2254 27

198 2267 215 2282 ι
237 2260 268 2286 et
290 2254 393 2298 seqq.)
408 2255 595 2296 baptizasse.
616 2255 810 2286 Adversatur
832 2256 908 2286 huic
932 2256 1104 2287 sententiae
1120 2256 1278 2287 Eusebius

198 2311 214 2327 ιι
235 2299 317 2330 libro
337 2300 364 2330 11
380 2299 499 2330 Eccles.
515 2299 649 2338 Histor.,
665 2300 766 2341 capite
785 2311 805 2331 1.
825 2300 1078 2342 Chrysostomus
1098 2300 1187 2331 hom.
1203 2311 1277 2332 xvm

198 2355 214 2372 ν
236 2343 270 2374 in
293 2346 394 2375 Actus
413 2344 532 2382 dicens,
556 2354 632 2375 eum
656 2344 753 2376 fuisse
777 2355 882 2376 unum
905 2345 944 2376 de
969 2353 1091 2386 septem
1115 2346 1278 2384 Diaconis,

199 2400 214 2416 ι
237 2389 416 2419 secundum
446 2399 464 2420 a
493 2388 665 2430 Stephano.
699 2390 788 2420 Idem
812 2389 981 2421 confirmat
1009 2390 1042 2420 in
1066 2390 1278 2422 Collectaneis

200 2445 216 2460 ²
239 2432 546 2472 Oecumenius....;
561 2433 703 2474 idipsum
725 2434 811 2465 Beda
835 2434 867 2464 in
892 2434 1112 2466 Commentar.
1137 2437 1278 2476 Aposto-

201 2489 217 2505 ›
239 2476 376 2508 licorum
399 2480 543 2509 Actuum
567 2479 765 2518 comprobat.
781 2492 795 2506 ⁷>

266 2521 435 2552 Trithemii
462 2522 648 2553 testimonio
678 2533 761 2563 opus
790 2533 857 2553 non
886 2530 952 2562 est,
983 2530 1019 2554 ut
1048 2523 1279 2554 Commentarii

198 2572 363 2597 auctorem
386 2566 604 2605 addiscamus;
630 2577 705 2598 cum
719 2573 863 2598 veterum
886 2567 948 2598 fide
973 2574 1095 2598 constet
1126 2568 1280 2599 dictatum

199 2620 219 2640 a
241 2610 317 2641 divo
341 2610 471 2641 Thoma
495 2621 511 2641 e
536 2618 706 2652 suggestu,
736 2622 754 2642 a
778 2612 955 2652 Reginaldo
980 2612 1111 2653 quidem
1135 2613 1279 2644 auditore

199 2654 322 2695 scriptis
347 2662 534 2696 exceptum,
559 2656 614 2686 sed
638 2657 676 2686 ab
701 2656 817 2686 eodem
840 2657 1000 2698 Aquinate
1024 2664 1202 2688 correctum
1226 2658 1279 2688 ad-

197 2699 446 2741 probatumque.
471 2700 625 2731 Adnotati
650 2711 667 2731 a
691 2701 779 2732 Sixto
804 2701 935 2732 Senensi
959 2701 1022 2732 loci
1044 2702 1139 2732 verba
1159 2702 1278 2732 refero:

202 2743 346 2775 Gentiles
378 2744 542 2776 Christum
575 2745 684 2776 videre
715 2746 856 2777 volentes
887 2756 950 2776 non
983 2752 1142 2777 venerunt
1170 2748 1278 2777 imme-

200 2787 288 2819 diate
306 2788 350 2819 ad
369 2799 453 2827 eum,
473 2790 531 2821 sed
549 2787 592 2820 ad
616 2800 716 2820 unum
736 2800 779 2820 ex
801 2790 968 2831 discipulis
991 2792 1071 2829 eius,
1091 2792 1213 2822 scilicet
1236 2792 1280 2822 ad

200 2833 402 2874 Philippum:
425 2839 456 2865 et
478 2835 538 2865 hoc
560 2840 790 2876 congruenter,
815 2836 891 2876 quia
914 2836 982 2876 ipse
998 2837 1129 2876 primus
1146 2836 1278 2877 praedi·

200 2878 287 2909 cavit
309 2878 359 2909 his
381 2879 437 2919 qui
455 2884 551 2910 erant
567 2885 661 2910 extra
681 2881 779 2910 ritum
800 2879 1010 2918 Iudaeorum,
1026 2881 1147 2911 scilicet
1166 2881 1278 2911 Sama-

202 2923 329 2960 ritanis,
351 2928 386 2953 ut
404 2923 541 2954 habetur
566 2925 637 2955 Act.
667 2935 741 2962 vm,
762 2925 817 2955 ubi
846 2925 1030 2965 Philippus,
1046 2926 1084 2956 de
1104 2935 1171 2966 quo
1187 2925 1278 2956 Ioan-

202 2975 277 3004 nes,
305 2966 391 2997 idem
414 2968 568 2999 adseritur
590 2978 626 2999 ac
658 2969 844 3009 Philippus,
878 2970 917 3000 de
947 2980 1014 3010 quo
1034 2972 1177 3000 Actuum
1204 2970 1278 3000 loco

203 3009 310 3041 citato·
330 3011 457 3042 Miratio
472 3013 560 3043 nulla
579 3014 707 3044 subeat:
723 3020 839 3044 notum
859 3013 980 3055 quippe
1011 3021 1278 3055 compertumque

203 3060 348 3085 veterum
380 3057 544 3087 nonnullis
582 3058 729 3088 eamdem
762 3058 914 3088 insedisse
947 3059 1155 3089 sententiam:
1189 3059 1279 3100 quod

204 3098 300 3129 etiam
324 3098 489 3139 diligenter
507 3101 700 3132 adnotarunt
719 3101 898 3143 Cgotelerius
917 3103 950 3133 in
973 3110 1069 3143 caput
1083 3114 1125 3133 vn
1149 3103 1220 3134 libri
1235 3104 1277 3134 VI

205 3143 501 3182 Constitutionum,
526 3145 671 3176 Valesius
699 3146 732 3176 in
765 3154 862 3187 caput
884 3157 956 3177 xxxr
992 3147 1062 3178 libri
1086 3148 1126 3178 111
1156 3148 1277 3178 Histor.

205 3187 280 3218 eccl.
293 3187 434 3226 Eusebii,
445 3195 476 3219 et
489 3189 751 3221 Mbntfauconius
766 3190 799 3220 in
814 3192 899 3222 Nota
917 3202 1016 3232 marg.
1028 3192 1061 3222 in
1081 3192 1184 3222 homil
1198 3203 1279 3222 xxxv

205 3231 370 3273 Chrysost.
406 3232 439 3262 in
475 3232 635 3264 Genesim.
668 3234 794 3265 Dubius
834 3235 982 3267 haerebat
1016 3247 1040 3267 s.
1080 3237 1279 3276 Augustinus

203 3283 290 3307 tract.
307 3277 350 3307 VI
370 3276 403 3306 in
418 3277 587 3316 Ioannem,
608 3288 697 3309 num.
724 3279 780 3309 18:
800 3280 851 3310 Ibi
869 3278 953 3322 (Act.
974 3291 1046 3319 vm,
1064 3286 1093 3311 ν.
1120 3279 1172 3323 13)
1198 3282 1279 3322 legi-

204 3330 287 3359 mus,
303 3321 460 3361 inquienS,
476 3322 594 3352 multos
617 3323 789 3354 credidisse
813 3325 845 3354 in
865 3324 1018 3355 Samaria
1031 3335 1095 3365 per
1107 3326 1279 3365 praedica-

205 3366 322 3396 tionem
342 3366 500 3406 Philippi:
523 3366 719 3407 intelligitur
742 3373 849 3398 autem
864 3369 932 3399 sive
951 3379 1036 3399 unus
1060 3379 1102 3399 ex
1119 3369 1280 3409 Apostolis

204 3410 272 3440 sive
295 3420 338 3440 ex
358 3410 525 3441 Diaconis.
545 3410 653 3441 Dubio
682 3411 808 3450 soluto,
833 3412 1015 3443 Diaconum
1038 3413 1279 3452 intelligendum

205 3461 321 3493 censet,
337 3465 404 3485 non
424 3454 621 3495 Apostolum
640 3465 732 3485 serm.
756 3466 877 3494 ccnxvr,
894 3456 936 3486 val.
957 3467 988 3494 v,
1015 3456 1047 3486 in
1067 3457 1179 3496 vigiliis
1199 3457 1277 3487 Pen-

205 3504 339 3529 tecostes
359 3509 449 3530 num.
466 3507 501 3539 4:
517 3500 684 3540 Philippus
697 3499 922 3541 Evangelista,
938 3500 1096 3541 inquiens,
1112 3502 1168 3541 qui
1180 3511 1279 3541 prae-

204 3542 325 3573 dicavit
347 3544 565 3585 Evangelium
586 3545 618 3574 in
638 3544 802 3582 Samaria,
819 3554 904 3574 unus
919 3550 990 3574 erat
1008 3544 1048 3575 de
1061 3550 1179 3584 septem
1198 3545 1279 3575 Dia-

205 3587 346 3618 conibus.
369 3588 527 3618 Eamdem
558 3588 746 3619 sententiam
777 3595 879 3627 tenet,
905 3589 1000 3619 altera
1031 3589 1104 3619 satis
1132 3589 1279 3627 indicata,

205 3630 370 3672 Chrysost.
386 3632 476 3663 hom.
500 3643 575 3663 xvm
586 3633 621 3663 -in
641 3635 730 3663 Act.:
753 3633 835 3663 Puto
857 3638 957 3671 certe,
979 3633 1126 3674 inquiens
1140 3643 1230 3663 num.
1250 3634 1278 3671 3,

204 3674 291 3706 hunc
312 3677 492 3717 Philippum
524 3687 567 3708 ex
588 3683 706 3718 septem
731 3678 796 3708 illis
819 3687 896 3708 esse.
922 3679 965 3708 At
986 3678 1137 3708 eumdem
1160 3677 1279 3718 Philip-

1337 391 1428 421 pum,
1453 381 1509 423 qui
1533 382 1702 414 Samaritas
1721 383 1760 414 ad
1780 383 1897 415 Christi
1916 384 2014 415 fidem
2033 386 2196 425 convertit,
2220 388 2406 428 Apostolum

1336 433 1453 456 vocant
1474 426 1561 457 idern
1585 427 1837 469 Chrysostomus
1861 429 1950 460 hom.
1972 439 2053 460 xxxv
2076 430 2109 461 in
2140 431 2308 471 Genesim,
2332 434 2410 464 Ter-

1337 469 1488 500 tullianus
1512 470 1592 502 libro
1617 472 1655 502 de
1680 472 1843 513 Baptismo
1864 483 1932 514 cap.
1952 481 2038 513 xvnr‚
2058 476 2180 505 Auctor
2199 475 2410 508 Constitutio-

1337 523 1417 544 num
1436 516 1584 555 Apostol.
1604 516 1686 547 libro
1701 517 1755 556 VI,
1772 527 1839 558 cap.
1862 528 1916 556 vn,
1937 518 2069 559 aliique:
2086 529 2152 560 quo
2172 530 2246 550 sane
2268 521 2413 561 Apostoli

1336 558 1507 597 vocabulo,
1531 561 1621 600 quod
1644 562 1799 602 ampliore
1818 563 1958 604 quadam
1977 563 2205 603 significatione
2224 564 2297 595 viris
2317 565 2412 596 etiam

1336 603 1543 643 ApostoliciS,
1563 605 1724 645 Evangelii
1748 607 2027 647 praedicatoribus,
2043 618 2078 639 ac
2097 608 2246 649 Philippo
2266 609 2411 641 Diacono

1336 646 1403 677 indi
1427 648 1544 688 potuit,
1569 648 1700 680 fortasse
1724 650 1855 691 factum,
1873 658 1909 682 ut
1932 652 2080 683 nonnulli
2103 653 2317 684 existimarent
2338 651 2412 685 Phi-

1336 691 1464 732 lippum
1487 693 1684 733 Apostolum
1713 694 1827 734 fuisse,
1852 696 1908 737 qui
1932 696 2092 728 Samaritis
2116 698 2250 728 verbum
2273 697 2332 728 Dei
2357 709 2411 730 an-

1337 736 1509 768 nunciavit.
1525 737 1613 768 Haec
1636 748 1711 769 vero
1736 740 1819 770 satis.

1404 781 1456 812 111.
1481 781 1701 823 Antiquomm
1725 784 1871 823 testium,
1891 795 1973 826 quos
2003 786 2223 826 allegavimus,
2244 786 2341 818 fidem
2364 799 2411 819 se-

1337 832 1430 857 cutus
1461 826 1637 857 Casimirus
1668 827 1834 867 Oudinus,
1865 836 2037 871 utrumque
2068 831 2346 863 Commentarium
2377 834 2410 864 in

1335 871 1538 901 Matthaeum
1559 876 1590 901 et
1612 872 1644 902 in
1665 871 1820 903 Ioannem
1840 874 1935 904 tribui
1959 885 2053 914 posse
2076 875 2150 906 divo
2174 876 2322 908 Thomae
2336 888 2410 918 pro-

1336 915 1476 954 nunciat,
1492 915 1518 946 si
1538 925 1621 956 opus
1645 923 1818 958 utrumque
1838 917 1918 948 inter
1940 919 2117 960 Repertata
2142 921 2324 952 collocetur.
2345 923 2411 953 Ad-

1335 966 1448 991 monet
1469 960 1548 1000 ipse,
1574 971 1600 991 1.
1616 961 1789 992 Lecturam
1809 962 1841 992 in
1861 963 2069 1002 Matthaeum‚
2085 973 2166 1005 quae
2191 966 2223 995 in
2248 967 2412 1006 impressis

1334 1004 1394 1035 sub
1418 1005 1547 1035 nomine
1576 1007 1681 1036 sancti
1710 1007 1848 1037 Thomae
1877 1008 2065 1047 simpliciter
2096 1010 2250 1049 inscripta
2280 1016 2344 1049 est,
2371 1021 2411 1042 ne

1330 1048 1432 1088 fucus
1455 1050 1568 1080 lectori
1580 1050 1659 1091 fiat,
1686 1051 1920 1082 inscribendam
1946 1052 1977 1082 in
2002 1060 2166 1092 posterum
2191 1064 2274 1092 esse,
2295 1056 2333 1086 ab
2358 1066 2411 1086 eo-

1335 1093 1410 1123 dem
1439 1093 1599 1134 Aquinate
1631 1095 1844 1135 explicatam,
1875 1102 1905 1126 et
1933 1106 1953 1126 a
1980 1096 2088 1135 fratre
2118 1098 2213 1128 Petro
2240 1099 2280 1129 de
2306 1100 2410 1130 Adria

1335 1139 1404 1168 eius
1427 1138 1577 1169 auditore
1599 1149 1656 1169 seu
1680 1139 1836 1180 discipulo
1860 1146 2079 1180 reportatam;
2102 1151 2130 1172 2.
2156 1143 2207 1172 Ad
2231 1143 2411 1183 Expositio-

1335 1192 1410 1212 nem
1433 1182 1466 1212 in
1491 1183 1645 1213 loannem
1669 1185 1758 1224 quod
1782 1184 1909 1223 attinet,
1935 1192 1965 1215 et
1988 1185 2091 1225 ipsam
2114 1196 2132 1216 a
2156 1186 2192 1217 fr.
2220 1188 2408 1227 Reginaldo,

1335 1227 1492 1257 maiorem
1515 1238 1590 1258 sane
1614 1235 1753 1268 partem,
1778 1229 1978 1260 recollectam
2008 1230 2104 1261 fuisse
2132 1231 2353 1263 admonendos
2377 1235 2409 1263 in

1328 1273 1492 1312 proximis
1523 1273 1713 1304 editionibus
1743 1273 1876 1304 lectores
1908 1281 1993 1313 esse,
2018 1285 2058 1305 ne
2080 1276 2188 1306 omnia
2213 1277 2292 1314 ista,
2317 1279 2411 1318 quasi

1328 1317 1467 1357 propria
1490 1317 1720 1361 divissThomae
1742 1317 1862 1359 Opera,
1889 1319 2007 1360 vulgus
2035 1319 2233 1351 eruditorum
2262 1322 2412 1361 opinetur

1334 1371 1374 1392 ac
1397 1361 1518 1392 credat.

1401 1405 1494 1437 Votis
1518 1406 1586 1437 eius
1610 1406 1642 1437 in
1666 1406 1715 1437 his
1734 1407 1850 1438 nostris
1866 1407 2146 1439 Dissertationibus
2166 1409 2239 1440 satis
2263 1417 2343 1450 puto
2364 1410 2409 1440 fa-

1335 1456 1440 1481 ctum:
1457 1461 1562 1492 neque
1585 1458 1729 1482 veterum
1748 1452 1909 1483 editorum
1927 1463 2018 1483 mens
2042 1453 2103 1483 alia
2126 1453 2196 1492 fuit,
2213 1454 2268 1494 qui
2288 1455 2326 1484 ab
2342 1455 2409 1485 aliis

1335 1502 1479 1535 excerpta
1503 1495 1635 1536 quidem
1659 1506 1695 1527 ex
1719 1507 1774 1527 ore
1799 1497 1943 1528 dictantis
1965 1497 2113 1528 Thomae
2132 1498 2210 1529 haec
2234 1509 2330 1539 opera
2354 1509 2411 1529 no-

1334 1546 1424 1578 vere;
1448 1539 1596 1571 Thomae
1626 1547 1734 1572 tamen
1761 1541 1857 1572 unius
1888 1542 2066 1572 doctrinam
2096 1552 2132 1573 ac
2163 1543 2351 1574 sententiam
2378 1543 2411 1573 in

1334 1583 1454 1614 eisdem
1477 1592 1694 1625 agnoscentes,
1719 1595 1823 1627 neque
1847 1586 2011 1626 piaculum
2035 1597 2139 1628 neque
2163 1588 2338 1618 absurdum
2361 1598 2411 1618 ex-

1333 1628 1514 1660 istimarunt
1544 1630 1728 1670 simpliciter
1758 1631 1816 1661 sub
1846 1630 1978 1661 nomine
2010 1631 2158 1662 Doctoris
2186 1632 2355 1673 Aquinatis
2378 1632 2411 1662 in

1333 1673 1440 1704 lucem
1464 1683 1501 1704 ea
1524 1674 1674 1714 proferre.
1691 1675 1854 1706 Modestae
1869 1686 2030 1714 censurae,
2046 1686 2145 1717 quam
2159 1676 2221 1707 hoc
2240 1677 2314 1708 loco
2338 1678 2410 1709 tulit

1334 1717 1496 1757 Oudinus,
1516 1719 1661 1750 transiliit
1681 1726 1779 1750 metas
1803 1719 1836 1750 in
1860 1720 1976 1760 Elogio
1995 1721 2085 1751 Petri
2107 1721 2147 1751 de
2168 1721 2283 1759 Adria,
2302 1729 2336 1753 ut
2355 1723 2409 1761 ait,

1333 1762 1374 1792 ad
1397 1772 1519 1793 annum
1545 1763 1637 1794 1280.
1658 1764 1762 1795 Verba
1777 1764 1844 1794 eius
1859 1771 1949 1795 sunt:
1970 1765 2071 1796 Plura
2090 1767 2218 1806 scripsit
2236 1767 2352 1798 Petrus
2370 1767 2410 1798 de

1332 1806 1448 1844 Adria,
1463 1817 1547 1848 quae
1568 1809 1676 1838 omnia
1699 1810 1872 1840 etiamnum
1895 1809 2055 1840 habentur
2081 1810 2140 1841 sub
2155 1812 2283 1841 nomine
2305 1813 2410 1843 sancti

1339 1851 1479 1882 Thomae
1492 1853 1664 1893 Aquinatis
1679 1854 1894 1884 inverecunde
1908 1855 2074 1895 inscripta,
2086 1860 2183 1895 atque
2197 1856 2282 1886 inter
2299 1856 2407 1897 Opera

1333 1896 1403 1926 eius
1427 1897 1560 1928 inserta.
1580 1899 1627 1928 Ac
1643 1897 1668 1928 si
1688 1897 1835 1938 Operum
1849 1898 1996 1929 Thomae
2020 1899 2171 1938 editores,
2197 1900 2287 1930 omni
2311 1901 2409 1941 depo-

1333 1939 1392 1970 sita
1414 1941 1615 1980 verecundia,
1630 1941 1727 1972 libros
1742 1942 1914 1984 eripuerint
1937 1943 2030 1974 Petro
2055 1944 2094 1985 de
2117 1943 2248 1982 Andria,
2264 1951 2300 1975 ut
2314 1945 2408 1976 libro-

1333 1995 1406 2015 rum
1429 1986 1578 2017 Thomae
1609 1997 1782 2018 numerum
1812 1987 2015 2028 impudentes
2046 1995 2206 2028 augerent.
2229 1989 2277 2019 De
2304 1989 2410 2021 inusta

1334 2030 1584 2062 inverecundiae
1603 2038 1690 2070 nota,
1706 2032 1795 2073 quod
1814 2031 1912 2070 affert,
1928 2032 2035 2073 accipe
2050 2039 2289 2073 argumentum:
2311 2047 2326 2062 ‹<
2343 2036 2410 2064 Au-

1336 2087 1350 2101 »
1374 2075 1500 2106 diamus
1522 2074 1670 2118 (inquit)
1695 2086 1732 2107 ea
1751 2077 1789 2107 de
1805 2087 1836 2107 re
1861 2076 2066 2117 scriptorem,
2099 2077 2224 2118 utrique
2250 2076 2411 2119 (Thomae

1337 2132 1350 2146 »
1374 2125 1405 2150 et
1427 2120 1523 2151 Petro
1546 2121 1586 2151 de
1609 2120 1729 2163 Adria)
1755 2121 1853 2152 ferme
1873 2131 2063 2162 supparem,
2087 2121 2294 2163 eiusdemque
2319 2123 2409 2153 fami-

1336 2176 1350 2191 »
1373 2164 1433 2195 liae
1457 2165 1698 2204 Dominicanae,
1723 2165 1894 2196 Nicolaum
1918 2166 2086 2197 Trivetum
2109 2166 2142 2196 in
2166 2166 2308 2197 Historia
2340 2178 2408 2207 sua,

1335 2221 1351 2236 ¹>
1374 2209 1429 2240 ubi
1453 2217 1627 2251 postquam
1651 2220 1766 2250 magna
1790 2218 1820 2241 et
1842 2210 1981 2250 genuina
2010 2210 2108 2241 sancti
2132 2210 2280 2241 Thomae
2304 2221 2409 2242 recen-

1336 2265 1350 2280 »
1374 2253 1437 2285 suit
1452 2254 1559 2295 Opera
1578 2261 1674 2295 atque
1697 2254 1863 2294 Opuscula
1882 2255 2021 2293 minora,
2042 2255 2164 2285 subdit:
2184 2256 2259 2286 Alia
2282 2256 2408 2296 quidem

1336 2310 1350 2325 w
1374 2296 1500 2340 (inquit
1528 2299 1567 2329 de
1591 2306 1700 2330 sancto
1725 2298 1875 2341 Thoma)
1907 2301 2118 2330 inveniuntur
2144 2299 2204 2330 sibi
2231 2301 2407 2338 attributa,

1336 2355 1351 2370 »
1373 2353 1458 2384 quae
1481 2349 1587 2374 tamen
1620 2345 1687 2384 ipse
1710 2354 1773 2374 non
1797 2345 1946 2384 scripsit,·
1974 2344 2032 2374 sed
2055 2349 2131 2384 post
2154 2354 2225 2375 eum
2250 2345 2408 2386 legentem

1337 2399 1351 2414 »
1375 2388 1426 2418 vel
1449 2388 1693 2429 praedicantem
1725 2388 1765 2418 ab
1797 2388 1871 2419 aliis
1902 2394 1979 2419 sunt
2006 2389 2138 2420 collecta
2146 2396 2160 2427 ‚⁹
2189 2394 2224 2419 ut
2240 2395 2324 2430 puta
2348 2390 2408 2420 Le-

1337 2444 1352 2458 »
1375 2437 1468 2463 ctura
1492 2442 1591 2473 super
1613 2432 1791 2473 Epistolam
1815 2433 1860 2463 ad
1885 2433 2070 2464 Corinthios
2098 2433 2138 2464 ab
2167 2433 2334 2465 undecimo
2358 2444 2410 2465 ca-

1338 2488 1352 2503 »
1369 2477 1477 2518 pitulo
1501 2486 1602 2518 usque
1624 2477 1668 2508 ad
1686 2477 1793 2518 finem
1825 2482 1856 2508 et
1885 2477 2053 2518 Expositio
2081 2487 2180 2518 super
2203 2480 2348 2518 primum
2372 2479 2412 2510 de

1338 2532 1351 2547 ²
1374 2522 1514 2559 Anima,
1548 2531 1630 2562 quas
1656 2521 1775 2563 frater
1804 2522 2008 2563 Reginaldus
2037 2523 2106 2553 eius
2135 2523 2242 2553 socius
2271 2524 2411 2565 collegit.

1338 2577 1352 2592 »
1375 2566 1499 2597 Iterum
1520 2564 1607 2608 (ecce
1627 2576 1724 2606 opera
1743 2566 1826 2597 Petri
1846 2566 1885 2597 de
1904 2565 2015 2609 Adria)
2039 2567 2180 2598 Lectura
2199 2577 2297 2608 super
2315 2567 2413 2598 Ioan-

1339 2622 1352 2637 »
1377 2620 1448 2641 nem
1473 2616 1504 2641 et
1525 2620 1624 2651 super
1647 2612 1776 2641 tertium
1797 2611 2001 2642 Nocturnum
2021 2612 2191 2643 Psalterii:
2217 2612 2413 2643 Collationes

1339 2666 1353 2681 ³>
1376 2656 1416 2686 de
1434 2654 1591 2686 Oratione
1604 2655 1776 2686 Dominica
1800 2661 1830 2686 et
1849 2656 2021 2696 Symbolo:
2041 2657 2114 2687 item
2146 2657 2343 2688 Collationes
2356 2658 2411 2688 do-

1339 2712 1353 2726 »
1376 2701 1543 2731 minicales
1565 2706 1596 2731 et
1610 2699 1774 2742 festivae:
1797 2701 1871 2731 item
1895 2700 2091 2731 Collationes
2114 2701 2154 2731 de
2176 2701 2283 2732 decem
2311 2702 2411 2732 Prae-

1338 2756 1352 2771 »
1376 2746 1485 2786 ceptis,
1510 2755 1592 2786 quas
1615 2745 1746 2786 collegit
1758 2744 1877 2786 frater
1899 2745 2015 2776 Petrus
2038 2745 2078 2776 de
2100 2745 2230 2783 Adria,·
2253 2747 2326 2776 item
2350 2747 2410 2776 Le-

1338 2801 1352 2816 ³·
1376 2795 1470 2821 ctura
1493 2799 1592 2830 super
1615 2790 1816 2820 Matthaeum
1851 2790 2026 2830 completa,
2051 2800 2147 2830 quam
2173 2792 2296 2830 partim
2326 2791 2408 2821 idem

1338 2846 1352 2861 »
1364 2834 1497 2876 frater,
1519 2835 1643 2875 partim
1667 2834 1847 2865 saecularis
1865 2834 1995 2875 quidam
2017 2835 2183 2875 recollegit
2212 2836 2281 2865 eius
2302 2835 2408 2866 studio

1337 2891 1351 2905 »
1375 2879 1560 2910 delectatus.
1575 2892 1590 2906 »

1402 2924 1478 2960 Quo
1502 2923 1535 2953 in
1559 2923 1632 2954 loco
1656 2923 1724 2963 ipse
1744 2923 1958 2954 inverecunde
1976 2923 2087 2953 miscet
2111 2923 2220 2954 omnia
2242 2923 2407 2962 Oudinus;

1334 2978 1410 2998 cum
1439 2969 1580 2999 Lectura
1612 2969 1644 2998 in
1669 2968 1825 2998 Ioannem
1857 2974 1887 2998 et
1916 2977 2014 3008 super
2044 2969 2172 2998 tertium
2204 2969 2407 2999 Nocturnum

1333 3013 1485 3043 Psalterii
1508 3013 1547 3042 ad
1571 3022 1669 3053 opera
1699 3012 1892 3053 pertineant,
1917 3022 1999 3052 quae
2030 3012 2123 3042 frater
2146 3012 2339 3052 Reginaldus
2370 3013 2408 3043 de

1333 3057 1484 3088 Priverno
1509 3057 1647 3097 excepit,
1676 3067 1743 3087 non
1768 3057 1860 3087 frater
1883 3057 1993 3087 Petrus
2017 3056 2055 3086 de
2074 3057 2211 3087 Andria:
2236 3057 2409 3098 ipsumque

1334 3102 1521 3139 Oudinum,
1547 3101 1636 3142 quod
1664 3101 1775 3132 attinet
1798 3102 1837 3131 ad
1853 3101 2092 3141 Expositionem
2118 3102 2150 3131 in
2175 3101 2350 3140 Ioannem,
2375 3102 2407 3132 id

1333 3146 1545 3176 affirmantem
1559 3146 1714 3176 habemus
1738 3146 1771 3176 in
1795 3145 1909 3185 Elogio
1935 3145 2033 3176 sancti
2048 3145 2195 3176 Thomae
2218 3146 2319 3186 capite
2333 3157 2408 3176 xvnr

1333 3191 1419 3221 iuxta
1443 3190 1540 3220 fidem
1563 3190 1713 3220 Bernardi
1733 3190 1890 3221 Guidonis
1911 3197 1941 3220 et
1959 3189 2126 3228 Antonini,
2142 3190 2281 3230 suipsius
2298 3197 2409 3231 postea

1333 3235 1559 3265 immemorem
1583 3234 1706 3275 sibique
1737 3235 1964 3265 adversantem.
1993 3234 2060 3265 Cur
2090 3245 2164 3265 vero
2194 3242 2260 3265 tam
2284 3236 2407 3265 invere-

1333 3280 1437 3310 cunde
1461 3289 1493 3309 se
1517 3279 1668 3319 gesserint
1691 3285 1862 3316 nostrateS,
1893 3279 2040 3309 Thomae
2069 3279 2252 3319 simpliciter
2278 3280 2408 3309 eosdem

1334 3323 1593 3354 Commentarios
1624 3321 1816 3354 tribuentes?
1847 3323 1980 3363 Optima
2010 3330 2090 3353 certe
2121 3333 2187 3353 non
2219 3323 2319 3353 defuit
2347 3323 2407 3353 illis

1334 3378 1437 3398 causa.
1459 3367 1567 3397 Fuerit
1590 3367 1676 3397 enim
1707 3367 1872 3407 utriusque
1896 3368 2116 3407 Expositionis
2139 3367 2239 3407 stylus
2267 3374 2322 3397 aut
2345 3368 2407 3397 Re-

1333 3411 1450 3451 ginaldi
1465 3411 1653 3441 Privernatis
1668 3419 1722 3442 aut
1736 3411 1818 3441 Petri
1839 3411 1876 3441 de
1891 3411 2028 3449 Andria;
2044 3411 2186 3441 doctrina
2201 3418 2317 3449 tamen,
2336 3421 2407 3441 sen-

1333 3455 1441 3492 tentia,
1465 3455 1692 3494 interpretatio,
1717 3455 1797 3485 ordo
1821 3455 1986 3485 Thomam
2009 3462 2172 3485 auctorem
2199 3455 2332 3485 habent:
2357 3455 2406 3496 ip-

1334 3509 1472 3539 sumque
1495 3509 1622 3528 rursum
1652 3499 1856 3529 recollectum
1881 3498 2159 3529 Commentarium
2190 3500 2222 3529 in
2247 3499 2403 3530 Ioannem

1335 3543 1440 3573 revisit
1463 3543 1619 3580 Thomas,
1644 3543 1786 3580 correxit,
1811 3543 2006 3582 adprobavit.

1398 3587 1568 3617 Caeterum
1588 3587 1642 3616 abs
1662 3587 1882 3617 morosissimo
1898 3597 2042 3625 censore,
2063 3587 2118 3628 qui
2138 3594 2204 3618 tam
2222 3588 2306 3618 leves
2325 3588 2406 3619 alio-

1335 3641 1407 3662 rum
1431 3631 1566 3661 festucas
1590 3631 1784 3672 insequitur,
1808 3631 2027 3672 quaerendum
2051 3638 2097 3662 est
2117 3642 2172 3662 cur
2195 3632 2326 3663 Petrum
2349 3643 2404 3663 eo-

1335 3676 1409 3706 dem
1427 3675 1460 3705 in
1480 3675 1580 3716 ipsius
1595 3675 1699 3716 elogio
1715 3676 1852 3716 appellet
1866 3676 1906 3706 de
1919 3676 2033 3714 Adria,
2049 3676 2089 3706 de
2102 3677 2228 3707 Andria
2244 3682 2274 3708 et
2287 3677 2406 3708 Adria-
