2548 4192
919 270 973 306 IN
1004 270 1042 306 S.
1064 269 1305 307 THOMAM
1333 270 1658 317 AQUINATEM

184 352 280 390 mnis,
301 352 414 392 Pange
429 351 545 392 lingua
560 350 697 391 gloriosi
714 356 744 380 et
766 349 900 380 Verbum
916 359 1104 390 supernum,
1121 348 1258 378 maxime

184 397 326 435 elucere,
355 404 471 435 nempe
495 393 729 434 simplicitatem
753 393 942 424 elocutionis
969 403 1044 424 cum
1068 393 1259 433 proprietate

184 441 355 471 verborum
377 445 409 470 et
431 438 660 469 sententiarum
683 437 876 469 sublimitate
901 437 1115 468 coniunctam.
1145 437 1195 467 Ab
1211 437 1260 467 his

182 485 310 526 hymnis
334 493 433 524 quam
455 483 552 523 longe
576 482 695 513 differat
716 482 882 523 ingenium
905 482 1091 513 Leodiensis
1117 481 1259 520 Ioannis,

183 529 240 570 qui
256 529 381 560 iuvenis
396 534 472 566 erat,
489 527 589 568 ipsius
615 527 727 568 hymni
743 526 948 567 patefaciunt,
965 536 1048 567 quos
1067 536 1104 556 ex
1118 526 1262 556 eiusdem

183 572 342 604 Ecclesiae
367 571 552 602 Leodiensis
571 571 764 602 membranis
790 578 943 612 typorum
974 570 1127 601 beneficio
1152 570 1261 610 vulga-

183 624 259 648 runt
276 617 310 647 in
325 616 512 657 Appendice
528 616 621 647 citata
636 615 847 646 Bollandiani.
864 616 1034 656 Hymnum
1051 614 1263 655 Completorii

185 661 331 692 exhibere
363 667 519 701 praestat,
557 668 593 692 ut
625 660 748 701 insigne
781 660 949 691 discrimen
984 660 1120 701 quisque
1153 659 1262 700 depre-

186 706 320 737 hendat:

189 809 204 824 a:
229 795 374 827 Christus
389 804 462 825 vere
478 801 587 824 noster
604 794 703 833 cibus,
723 793 868 824 Christus
883 802 956 823 vere
972 798 1079 822 noster
1093 798 1203 832 potus:

225 839 309 871 Caro
326 839 386 870 Dei
401 848 474 869 vere
491 838 591 876 cibus,
609 838 744 879 Sanguis
759 837 820 868 Dei
834 847 907 867 vere
923 843 1030 877 potus.

252 885 335 915 Vera
351 883 436 915 Caro
453 893 552 924 quam
567 883 737 921 sumimus,
754 892 853 923 quam
869 880 1040 921 assumpsit
1054 890 1092 911 ex
1105 879 1249 919 Virgine:

253 929 334 959 Vere
351 928 486 968 Sanguis
502 937 601 969 quem
617 928 767 966 bibimus,
784 936 882 968 quern
898 925 1007 956 effudit
1023 935 1082 965 pro
1098 923 1239 955 homine.

223 973 304 1004 Vere
320 973 375 1004 tali
392 972 539 1004 convivio
555 973 699 1004 Verbum
715 982 787 1003 caro
805 970 998 1008 comeditur,

223 1018 283 1048 Per
298 1018 388 1059 quod
401 1017 486 1058 viget
501 1017 623 1058 religio,
640 1027 696 1057 per
711 1016 800 1057 quod
816 1015 940 1046 caelum
955 1013 1139 1054 ingreditur.

253 1062 348 1093 Panis
363 1062 422 1093 iste
438 1061 614 1092 dulcedinis
630 1067 717 1092 totus
734 1060 847 1101 plenus
865 1066 911 1090 est
926 1058 1058 1099 gratiae:

254 1107 338 1137 Alvo
353 1112 492 1146 gestatus
507 1105 646 1145 Virginis
663 1106 730 1136 Rex
746 1111 792 1135 est
807 1111 951 1135 aeternae
966 1102 1096 1143 gloriae.

191 1156 194 1159 ’
225 1150 331 1181 Huius
348 1150 439 1191 panis
455 1150 599 1190 Angelici
616 1149 797 1190 saginemur
813 1147 1016 1189 pinguedine,

224 1195 268 1225 Ut
282 1201 349 1225 tam
365 1194 410 1235 pii
425 1193 530 1225 viatici
546 1194 739 1225 delectemur
754 1192 930 1224 dulcedine.

254 1239 284 1270 O
301 1238 432 1270 caeleste
450 1238 650 1270 convivium!
672 1248 692 1269 o
709 1238 950 1278 redemptorum
965 1233 1082 1275 gloria!

254 1283 285 1315 Ο
301 1283 425 1324 requies
441 1282 632 1314 humilium!
653 1290 778 1314 aeterna
794 1280 903 1313 confer
918 1279 1043 1320 gaudia.

223 1328 350 1369 Praesta
365 1328 458 1359 Pater
472 1335 528 1368 per
543 1327 674 1367 Filium,
690 1333 814 1368 praesta
829 1335 886 1366 per
901 1325 1025 1355 almum
1040 1322 1210 1363 Spiritum,

201 1371 352 1410 “Quibus
376 1372 438 1403 hoc
462 1372 517 1403 das
541 1372 704 1411 edulium,
728 1379 919 1412 prosperum
943 1378 1045 1399 serves
1070 1366 1199 1398 exitum.

322 1419 438 1448 Amen.
457 1429 472 1444 >›

566 1518 777 1555 CAPUT
808 1517 887 1553 111.

189 1607 306 1634 Priorem
325 1613 429 1633 revocat
447 1607 639 1642 Papebrochius
658 1607 817 1640 opinionem.
841 1606 967 1639 Dupinius
987 1611 1012 1630 et
1031 1605 1172 1630 Grancolas
1190 1605 1266 1630 refel-

195 1645 198 1648 ’
259 1645 355 1669 luntur.
374 1644 491 1677 Itemque
509 1644 633 1669 refellitur
651 1643 804 1675 wadingus,
820 1642 864 1675 qui
879 1649 997 1675 prosam,
1012 1641 1109 1666 Lauda
1124 1641 1189 1666 Sion
1205 1641 1266 1666 Sal-

260 1682 394 1709 vator-em,
414 1679 502 1705 tribuit
520 1685 610 1705 sancto
628 1679 834 1704 Bonaventurae.

189 1778 213 1809 1.
233 1769 532 1853 Expostulatione
555 1773 676 1804 Natalis
699 1771 868 1803 Alexandri
886 1770 953 1801 visa
971 1777 1003 1801 et
1025 1780 1172 1810 expensa,
1196 1780 1265 1801 sen-

296 1819 429 1852 tentiam
443 1824 631 1850 revocarunt
643 1815 853 1848 Bollandiani.
869 1814 1129 1856 Satisfactionem
1145 1815 1177 1845 in
1189 1815 1265 1846 Pro-

188 1866 303 1908 pylaeo
320 1864 361 1894 ad
369 1866 450 1895 Acta
459 1863 650 1894 Sanctorum
670 1861 746 1892 maii
761 1859 980 1891 dissertatione
996 1859 1098 1890 XXIII
1120 1859 1153 1890 in
1166 1859 1266 1890 vitam

188 1909 309 1942 Urbani
332 1908 375 1939 IV
399 1908 473 1938 dare
501 1906 604 1938 voluit
626 1905 740 1937 Daniel
765 1904 1021 1946 papebrochius:
1053 1911 1204 1945 totusque
1232 1904 1266 1934 in

188 1963 260 1986 eam
288 1952 477 1985 sententiam
499 1951 621 1983 transiit
644 1960 734 1981 num.
751 1959 774 1990 4
790 1956 821 1980 et
839 1951 868 1988 5,
892 1949 1093 1979 membranas
1115 1948 1263 1979 videlicet

186 1999 256 2031 illas
272 1997 476 2036 Leodienses,
500 2006 583 2038 quae
606 1995 718 2026 fucum
741 1994 890 2032 fecerant,
914 2003 1018 2024 unum
1037 1993 1181 2024 exhibere
1208 1993 1265 2034 Of-

178 2044 296 2087 ficium
315 2042 470 2083 Corporis
487 2041 608 2072 Christi
627 2050 663 2070 ex
677 2039 807 2080 gemino
822 2038 1016 2077 confectum,
1032 2048 1069 2068 ex
1088 2038 1144 2068 illo
1161 2038 1266 2079 priore

189 2088 317 2121 Ioannis
333 2085 518 2118 Leodiensis
542 2092 573 2116 et
596 2094 633 2115 ex
656 2094 743 2115 novo
768 2083 866 2114 sancti
882 2083 1029 2114 Thomae
1053 2092 1111 2124 pro
1129 2092 1167 2113 eo
1185 2082 1265 2113 arbi-

187 2138 282 2173 tratu,
306 2141 374 2174 quo
398 2130 540 2171 singulae
562 2129 721 2160 Ecclesiae
744 2134 844 2159 aetate
867 2127 920 2158 illa
936 2126 1097 2168 fingebant
1120 2134 1151 2158 et
1173 2126 1265 2158 refin-

187 2178 303 2219 gebant
318 2177 405 2208 iuxta
421 2174 569 2216 proprios
586 2174 664 2205 ritus
680 2172 852 2204 Breviaria:
870 2172 993 2213 sibique
1015 2173 1079 2203 iam
1097 2172 1264 2213 nequidem

187 2231 322 2254 manere
337 2220 507 2263 probabile
536 2229 562 2250 s.
585 2219 754 2256 Thomam,
777 2219 907 2248 attentis
925 2218 1176 2248 circumstantiis
1191 2217 1264 2254 loci,

186 2267 274 2298 modi
288 2276 329 2297 ac
344 2265 506 2306 temporis,
531 2264 646 2305 quibus
671 2264 698 2294 is
714 2263 858 2303 scripsit,
882 2267 972 2293 vetus
993 2261 1075 2292 illud
1089 2261 1266 2292 Leodiense

190 2311 344 2354 Officium
377 2309 494 2342 uidisse
532 2309 742 2349 habuisseque
769 2317 855 2348 prae
877 2307 988 2338 oculis.
1021 2306 1157 2347 Scripsit
1180 2307 1264 2336 enim

186 2354 310 2399 (inquit
319 2352 457 2397 num.6)
478 2353 665 2385 Urbeveteri
672 2352 792 2394 procul
807 2351 938 2389 Leodio,
954 2351 1122 2382 occasione
1135 2352 1263 2391 inexpe-

187 2401 265 2432 ctati
286 2399 454 2437 miraculi,
480 2398 598 2429 animis
616 2398 758 2428 omnium
781 2402 919 2438 propter
941 2396 1192 2436 expectationem
1209 2405 1264 2425 no-

188 2455 248 2477 vae
261 2444 454 2486 festivitatis
471 2444 516 2474 ita
532 2443 687 2480 accensis,
713 2446 748 2472 ut
769 2450 879 2472 moras
902 2441 1067 2481 longiores
1090 2449 1154 2470 non
1173 2445 1264 2480 pate-

188 2494 314 2521 rentur.
338 2489 426 2519 Haec
443 2497 528 2518 anno
551 2487 631 2517 1685
649 2486 733 2527 typis
748 2485 931 2526 vulgaverat
946 2484 1192 2524 papebrochius.

256 2533 294 2565 11.
319 2533 354 2564 In
371 2532 439 2564 eius
455 2538 594 2563 attamen
618 2530 839 2571 opinationem
857 2529 997 2570 priorem
1013 2528 1089 2559 abiit
1103 2528 1265 2569 Dupinius

187 2579 221 2610 in
243 2577 440 2610 Bibliotheca
471 2576 663 2617 scriptorum
693 2574 994 2606 ecclesiasticorum:
1032 2573 1160 2614 quodve
1191 2583 1265 2603 sane

189 2623 339 2655 festivum
363 2629 420 2661 est,
443 2620 700 2662 papebrochium
723 2626 754 2650 et
768 2619 915 2650 Natalem
929 2617 1157 2657 Alexandrum,
1181 2627 1264 2658 quos

188 2674 357 2706 memorat,
381 2667 422 2698 ad
437 2665 642 2697 concordiam
665 2664 708 2695 ita
731 2663 830 2704 redigi
853 2672 947 2703 posse
964 2662 1130 2701 existimat,
1154 2668 1191 2693 ut
1207 2661 1264 2693 Of-

187 2711 251 2744 ficii
267 2718 401 2753 partem,
425 2721 525 2752 quam
548 2710 682 2741 Ioannes
698 2707 883 2739 Leodiensis
901 2706 1088 2746 confecerat,
1105 2717 1164 2738 suo
1182 2707 1264 2737 inse-

188 2756 287 2789 ruen't
301 2756 473 2788 reformato
498 2754 709 2795 ordinatoque
726 2752 844 2784 Officio
860 2751 1023 2790 Thomas3
1042 2752 1132 2793 quod
1146 2761 1265 2792 purum

189 2808 371 2843 putumque
387 2807 434 2831 est
447 2798 656 2840 papebrochii
673 2804 911 2835 commentum,
931 2796 1019 2837 prius
1040 2796 1263 2836 excogitatum,

189 2853 438 2887 revocatamque
457 2850 578 2885 postea.
602 2843 784 2884 Dupinium
806 2841 1010 2882 transcripsit,
1035 2841 1166 2871 nomine
1189 2851 1263 2881 sup-

189 2900 311 2931 presso,
330 2889 503 2921 Grancolas
525 2889 559 2919 in
583 2886 825 2919 Commentario
853 2886 1003 2917 historico
1027 2885 1175 2916 Breviarii
1198 2886 1263 2916 Ro-

190 2934 278 2964 mani
292 2941 385 2965 tomo
399 2934 438 2964 11.
455 2933 540 2964 Tam
554 2932 706 2963 levidensi
723 2940 872 2962 censurae
888 2940 1053 2970 opponere
1069 2930 1142 2960 satis
1158 2929 1263 2968 fuerit,

191 2988 274 3019 quae
297 2978 442 3018 superius
465 2977 654 3008 inconcussa
677 2976 770 3007 allata
793 2981 868 3006 sunt
890 2981 1086 3014 argumenta.
1117 2974 1263 3005 Casimiri

192 3022 315 3054 Oudini
328 3022 422 3052 verba
437 3021 532 3060 addo,
547 3031 630 3062 quae
643 3026 830 3061 sequuntur:
853 3032 868 3047 «κ
881 3018 1014 3050 Amicus
1028 3019 1160 3060 quidem
1173 3018 1263 3048 Plato

194 3079 209 3094 ι
233 3074 298 3106 est,
329 3066 431 3106 magis
453 3072 560 3096 tamen
585 3065 686 3096 amica
714 3064 837 3095 veritas.
862 3063 1010 3095 Vidimus
1038 3073 1098 3093 nos
1129 3062 1208 3093 olim
1230 3062 1264 3092 in

195 3124 209 3139 >›
232 3110 374 3152 partibus
396 3109 530 3150 Belgicis
545 3109 687 3150 primum
705 3108 858 3141 Officium
872 3108 912 3139 de
930 3107 1074 3148 Corpore
1094 3107 1225 3144 Christi,
1246 3117 1264 3137 a

194 3168 208 3182 ι
232 3155 325 3186 fratre
341 3155 459 3185 Ioanne
475 3153 644 3184 Leodiensi
668 3152 897 3194 compositum,
921 3152 1010 3193 quod
1026 3151 1113 3182 aliud
1129 3151 1263 3182 omnino

195 3213 210 3227 >›
233 3207 280 3231 est
303 3200 341 3230 ab
370 3199 441 3239 ipso
473 3197 648 3235 hodierno,
679 3197 768 3239 quod
797 3196 980 3237 composuit
1008 3207 1031 3227 s.
1049 3195 1194 3226 Thomas
1225 3195 1264 3225 de

195 3257 209 3271 »
231 3244 382 3286 Aquino,
412 3252 487 3273 cum
518 3251 585 3283 quo
617 3242 740 3272 nullam
767 3241 817 3271 vel
845 3241 1007 3271 modicam
1033 3240 1128 3271 habet
1155 3239 1264 3283 simili-

195 3301 210 3316 »
233 3289 388 3326 tudinem,
411 3287 604 3327 impressum
627 3295 701 3316 cura
723 3285 855 3316 Abbatis
880 3284 1125 3315 Avarbodiensis
1149 3283 1264 3323 optimi

194 3345 210 3360 »
233 3334 326 3371 senis,
338 3332 428 3363 cuius
443 3331 503 3362 tria
511 3330 604 3361 nobis
614 3330 802 3370 exemplaria
817 3330 856 3360 ab
871 3329 943 3369 ipso
958 3328 1168 3368 suppeditata,
1185 3327 1265 3357 dum

196 3392 211 3407 »
233 3378 308 3409 illuc
331 3376 546 3408 transiremus.
560 3387 574 3402 >
602 3374 701 3412 Quod
724 3373 807 3415 typis
831 3373 953 3404 editum
976 3382 1070 3412 opus,
1094 3378 1130 3402 ut
1155 3371 1263 3409 fertur,

192 3424 342 3464 ignotum
365 3420 454 3451 mihi.

260 3465 462 3498 Versiculum
485 3462 588 3505 quarti
613 3461 817 3503 responsorii,
839 3461 1005 3491 Dixerunt
1032 3460 1094 3490 viri
1117 3458 1265 3489 taberna-

195 3513 260 3543 culi
283 3512 365 3548 mei,
390 3510 461 3551 quis
483 3509 536 3539 det
554 3508 594 3539 de
613 3506 764 3538 carnibus
787 3506 856 3536 eius
883 3509 919 3535 ut
936 3509 1142 3540 saturemur,
1168 3502 1266 3542 carpit

196 3556 367 3588 Grancolas
395 3555 469 3584 loco
503 3553 617 3584 citato.-
638 3550 743 3582 Haud
770 3558 932 3590 unquam,
961 3547 1129 3588 inquiens,
1163 3556 1265 3587 aequo

187 3601 286 3642 serre
304 3601 413 3631 animo
426 3598 521 3639 potui
544 3596 640 3628 verba
653 3594 844 3636 praedicta,
869 3602 951 3634 quae
969 3592 1166 3623 detractores
1183 3590 1264 3628 Iobi,

195 3651 254 3676 aut
271 3646 326 3686 qui
351 3653 458 3675 necem
483 3642 571 3673 illius
593 3639 881 3676 machinabantur,
906 3636 1143 3678 imprecationis
1166 3644 1265 3666 causa

2306 284 2386 310 CCLI

1314 350 1468 381 dixerunt
1491 349 1592 390 capite
1614 360 1696 389 xxxx,
1712 355 1741 380 v.
1763 350 1813 381 31.
1830 350 1898 380 Nae
1915 358 2079 380 censorem
2094 350 2288 390 imperitum.
2300 351 2386 382 Malo

1315 394 1464 435 equidem
1483 404 1577 425 sensu
1595 395 1690 424 verba
1705 394 1758 425 illa
1774 404 1840 425 non
1858 394 1951 435 pauci
1966 394 2150 434 interpretes
2167 404 2324 434 accepere,
2334 405 2387 426 ve-

1315 438 1374 469 luti
1397 439 1435 469 ab
1461 439 1528 469 Iobi
1549 439 1775 470 detractoribus
1792 446 1846 470 aut
1860 438 1996 469 inimicis
2012 438 2143 479 prolata.
2168 440 2211 469 At
2231 439 2389 470 Ecclesiae

1315 483 1421 513 Patres
1441 490 1565 523 praesto
1583 490 1668 522 sunt,
1688 482 2389 524 Chrysostomus,Olympiodorus,Augusti-

1316 537 1388 566 nus,
1407 527 1548 568 itemque
1571 528 1760 559 recentiores
1777 527 1964 569 Dionysius,
1980 528 2136 568 Lyranus,
2152 527 2389 566 Titelmannus,

1318 572 1451 602 Ioannes
1467 572 1686 603 Ferdinandus
1707 572 1834 614 aliique,
1847 582 1990 613 quorum
2005 578 2051 602 est
2067 571 2238 612 expositio:
2251 571 2318 602 lobi
2334 582 2389 602 ne-

1318 617 1468 647 cessarios
1483 626 1540 657 per
1556 627 1591 647 ea
1605 617 1699 647 verba
1718 627 1810 648 suam
1829 617 1993 648 ostendere
2012 615 2277 655 benevolentiam,
2293 626 2390 657 seque

1318 670 1354 691 ea
1364 671 1435 700 erga
1441 661 1620 692 Dominum
1630 671 1727 692 suum
1737 661 1865 702 flagrare
1881 661 2017 699 caritate,
2024 667 2060 692 ut
2073 660 2106 691 in
2116 660 2199 691 votis
2208 660 2392 692 habuissent

1318 715 1355 735 ex
1368 705 1464 744 illius,
1476 712 1511 736 ut
1520 705 1563 736 ita
1573 706 1727 744 dicamus,
1739 706 1884 737 carnibus
1894 706 2095 736 manducare:
2107 715 2173 746 quo
2185 711 2278 746 pacto
2289 705 2391 736 dicere

1318 749 1459 780 solemus
1483 750 1595 780 oculos
1613 760 1735 788 vorare,
1751 750 1917 781 blanditias
1942 749 2105 790 deglutire.
2130 750 2223 781 Hanc
2241 749 2274 780 in
2291 749 2390 781 Corn-

1318 794 1474 824 mentario
1499 794 1567 824 lobi
1590 801 1745 835 sequutus
1769 802 1815 825 est
1838 794 2071 835 expositionem
2087 801 2213 825 sanctus
2229 794 2390 825 Thomas:

1322 853 1337 868 ‹
1355 838 1478 869 Deinde
1502 838 1729 878 perfectionem
1753 849 1828 869 suae
1851 839 1974 869 virtutis
1997 838 2145 876 ostendit,
2170 845 2328 880 quantum
2351 838 2391 869 ad

1321 896 1337 910 1>
1357 882 1680 922 superabundantiam
1696 883 1869 921 bonorum,
1886 893 1968 923 quae
1984 883 2052 913 aliis
2068 883 2222 914 exhibuit:
2240 890 2270 914 et
2285 883 2390 924 primo

1321 940 1337 955 »
1356 927 1487 967 quidem
1510 933 1668 967 quantum
1697 927 1736 957 ad
1760 927 1952 958 domesticos
1976 937 2052 957 suos
2079 927 2170 958 dicit:
2197 928 2233 958 Si
2256 938 2319 958 non
2344 928 2392 959 di-

1321 983 1336 998 »
1355 972 1466 1001 xerint
1489 972 1552 1002 viri
1580 971 1793 1002 Tabernaculi
1815 972 1878 1002 mei
1901 978 1958 1002 etc.
1984 971 2070 1002 Cum
2094 972 2179 1002 enim
2202 972 2322 1013 aliquid
2346 979 2392 1003 est

1321 1027 1336 1042 ιν
1356 1015 1538 1046 delectabile
1562 1015 1602 1045 ad
1618 1025 1715 1046 usum
1734 1015 1948 1053 comestionis,
1966 1015 2142 1047 desiderant
2160 1016 2307 1047 homines
2324 1016 2392 1047 eius

1322 1072 1338 1087 10
1358 1059 1502 1090 carnibus
1527 1060 1667 1090 saturari.
1685 1060 1745 1090 Per
1767 1059 1829 1090 hoc
1853 1069 1927 1099 ergo
1945 1060 1997 1090 dat
2016 1059 2198 1100 intelligere,
2215 1061 2304 1102 quod
2324 1061 2392 1091 eius

1322 1115 1336 1130 ι»
1357 1103 1554 1134 conversatio
1569 1110 1635 1134 tam
1659 1103 1718 1134 fuit
1733 1103 1797 1134 suis
1813 1103 1993 1134 domesticis
2007 1111 2104 1143 grata,
2122 1105 2211 1145 quod
2234 1105 2302 1135 eius
2326 1115 2391 1136 car-

1321 1159 1336 1174 »
1357 1147 1421 1178 nali
1445 1148 1620 1188 praesentia
1643 1155 1794 1188 cuperent
1809 1148 1948 1179 saturari.
1961 1160 1974 1174 »
1995 1148 2091 1179 Hunc
2115 1149 2210 1179 etiam
2225 1149 2258 1179 in
2275 1149 2390 1180 Officio

1320 1201 1450 1222 sensum
1469 1192 1628 1232 expressit.
1646 1192 1750 1232 Digna
1774 1199 1848 1223 sunt
1862 1192 2133 1223 animadversione
2151 1194 2246 1224 verba
2265 1194 2392 1224 Ioannis

1320 1236 1359 1266 de
1382 1236 1501 1267 Pineda
1520 1236 1552 1266 in
1577 1237 1728 1267 eumdem
1750 1236 1877 1267 locum:
1912 1250 1926 1265 α
1941 1237 2088 1267 Libenter
2106 1237 2139 1267 in
2157 1247 2224 1267 rem
2248 1238 2393 1269 eamdem

1322 1293 1337 1308 ιι
1359 1279 1562 1322 (bonumque
1583 1281 1739 1323 sensum)
1771 1281 1910 1312 Ecclesia
1941 1281 2017 1311 haec
2045 1282 2139 1312 verba
2169 1289 2301 1322 usurpat
2333 1281 2391 1323 (in

1323 1338 1338 1353 »
1362 1324 1502 1367 Officio)
1533 1335 1599 1356 non
1623 1325 1774 1366 quidem,
1808 1332 1844 1356 ut
1874 1335 1950 1356 eum
1974 1336 2103 1356 sensum
2130 1326 2300 1357 verborum
2324 1327 2392 1357 Iobi

1323 1382 1338 1398 ›
1358 1376 1443 1400 certo
1458 1377 1591 1409 statuat;
1608 1370 1663 1401 sed
1678 1377 1714 1401 ut
1728 1370 1780 1411 pie
1795 1380 1851 1410 per
1867 1370 2044 1410 elegantem
2063 1371 2393 1401 accommodationem

1323 1427 1338 1442 »
1358 1414 1443 1445 illius
1466 1415 1568 1445 verbis
1594 1421 1700 1446 utatur
1715 1415 1756 1445 ad
1771 1424 1839 1445 rem
1863 1425 1964 1446 suam.
1991 1415 2064 1445 Hoc
2088 1415 2173 1445 enirn
2193 1415 2335 1454 dixerim,
2353 1425 2394 1446 ne

1323 1472 1338 1487 »
1358 1459 1430 1500 quis
1454 1459 1609 1490 existimet
1641 1459 1746 1490 ullum
1764 1469 1831 1490 esse
1861 1459 1894 1489 in
1923 1459 1981 1490 hac
2011 1459 2061 1489 vel
2084 1458 2137 1489 illa
2169 1459 2393 1500 interpretandi

1323 1516 1338 1531 »
1361 1503 1483 1534 ratione
1506 1503 1579 1535 fidei
1603 1503 1780 1534 discrimen.
1809 1503 1889 1534 Mihi
1911 1503 2067 1544 profecto,
2092 1503 2143 1534 cui
2162 1503 2304 1544 primurn
2327 1514 2394 1534 non

1325 1561 1340 1576 »
1358 1548 1461 1587 valde,
1485 1549 1607 1589 placere
1631 1548 1693 1579 hoc
1717 1548 1870 1579 ultimum
1893 1548 1995 1579 debet.
2009 1560 2023 1574 »

1389 1593 1440 1624 111.
1464 1593 1607 1631 Prosam,
1632 1593 1747 1624 Lauda
1771 1593 1848 1623 Sion
1872 1592 2095 1630 Salvatorem,
2122 1602 2203 1633 quae
2226 1592 2259 1622 in
2278 1591 2394 1624 Officio

1321 1637 1436 1668 Missae
1455 1638 1648 1676 decantatur,
1673 1637 1764 1678 eripit
1786 1637 1938 1678 Aquinati
1962 1637 2064 1668 Lucas
2083 1636 2263 1677 Wadingus
2280 1643 2311 1668 et
2325 1647 2394 1668 san-

1322 1688 1374 1712 cto
1392 1682 1633 1713 Bonaventurae
1653 1681 1809 1713 adscribit.
1826 1681 1951 1712 Adserti
1971 1682 2163 1712 documenta
2182 1681 2392 1722 postulamus.

1322 1726 1435 1757 Fidem
1467 1726 1581 1767 allegat
1612 1726 1664 1757 ille
1694 1726 1820 1757 Ioannis
1853 1726 1973 1757 Rioche
2004 1725 2163 1756 Armorici
2195 1725 2395 1757 Franciscani

1322 1780 1407 1801 anno
1438 1771 1518 1812 1576
1544 1770 1685 1802 florentis
1701 1777 1732 1802 et
1751 1770 1899 1801 Ieremiae
1915 1770 2027 1802 Buchii
2050 1770 2128 1801 item
2146 1770 2344 1801 Franciscani
2360 1770 2394 1800 in

1321 1815 1402 1846 libro
1429 1815 1701 1856 Conformitatum
1725 1825 1751 1846 s.
1778 1815 1945 1846 Francisci
1954 1838 1964 1853 ,
1990 1815 2133 1846 eiusdem
2156 1825 2231 1845 cum
2258 1814 2394 1846 Riochio

1323 1859 1440 1891 aetatis.
1472 1861 1584 1900 Longe
1613 1859 1826 1901 antiquiores,
1859 1860 2056 1901 synchronos
2089 1866 2119 1890 et
2151 1869 2303 1900 suppares
2335 1869 2395 1890 nos

1323 1911 1431 1935 contra
1454 1905 1643 1936 adducimus
1666 1911 1759 1935 testes
1771 1927 1780 1943 ,
1805 1905 2030 1935 Ptolomaeum
2049 1904 2087 1934 de
2106 1904 2194 1934 Luca
2217 1910 2248 1934 et
2265 1904 2395 1934 Bernar-

1322 1949 1402 1980 dum
1425 1949 1594 1980 Guidonis.
1612 1949 1667 1980 Ait
1689 1949 1758 1980 ille:
1784 1949 1948 1980 Thomam
1967 1948 2090 1989 fecisse
2113 1953 2212 1979 totum
2240 1947 2393 1989 Officium

1321 1994 1362 2024 de
1396 1993 1540 2034 Corpore
1580 1993 1721 2032 Christi,
1758 1999 1822 2024 tam
1857 1994 2010 2024 diurnum
2043 2003 2139 2033 quam
2179 1997 2393 2030 nocturnum,

1321 2048 1417 2079 quam
1443 2039 1537 2069 etiam
1567 2038 1611 2069 ad
1642 2039 1779 2070 Missam
1813 2044 1843 2069 et
1875 2038 2029 2079 quidquid
2061 2038 2118 2068 illa
2148 2037 2200 2068 die
2232 2042 2393 2068 cantatur.

1321 2082 1376 2113 Ait
1398 2082 1471 2114 iste:
1496 2083 1660 2114 Thomam
1683 2083 1853 2114 dictavisse
1877 2088 1907 2114 et
1925 2082 2093 2113 ordinasse
2116 2086 2214 2112 totum
2243 2081 2394 2123 Officium

1321 2127 1582 2159 Ecclesiasticum
1612 2127 1652 2158 de
1683 2128 1826 2168 Corpore
1857 2127 1996 2164 Christi,
2022 2132 2086 2157 tam
2111 2126 2264 2157 diurnum
2299 2136 2394 2167 quam

1322 2178 1534 2210 nocturnum,
1555 2182 1651 2213 quam
1675 2174 1770 2203 etiam
1794 2173 1927 2203 Missae.
1948 2171 2099 2211 Idemque
2123 2176 2222 2201 aetate
2246 2170 2393 2211 sequiore

1321 2217 1543 2248 testimonium
1566 2217 1727 2257 perhibuit
1750 2223 1875 2247 sanctus
1898 2215 2098 2246 Antoninus:
2126 2214 2320 2254 Composuit,
2345 2214 2394 2244 in-

1321 2261 1445 2303 quienS,
1470 2267 1569 2292 totum
1593 2261 1763 2303 Officium,
1789 2266 1853 2291 tam
1878 2260 2031 2291 diurnum
2061 2269 2157 2300 quam
2182 2264 2393 2296 nocturnum,

1320 2316 1361 2337 ac
1383 2307 1478 2337 etiam
1502 2307 1635 2337 Missae.
1657 2305 1737 2343 Quis
1761 2314 1836 2335 vero
1860 2305 1884 2335 F
1887 2303 2074 2335 ranciscanis
2097 2303 2239 2341 testibus,
2257 2303 2312 2344 qui
2329 2313 2394 2333 sae-

1321 2350 1394 2382 culo
1428 2350 1642 2381 sextodecimo
1676 2350 1850 2387 florebant,
1873 2348 1970 2379 fidem
2002 2345 2167 2378 adhibeat?
2190 2347 2318 2378 Fabella
2348 2354 2395 2378 est

1320 2405 1396 2425 cum
1419 2394 1480 2425 alia
1503 2394 1746 2434 coniungenda,
1770 2403 1852 2436 quae
1875 2393 1987 2424 refert:
2013 2392 2164 2424 Officium
2197 2401 2394 2432 componen-

1320 2439 1400 2470 dum
1424 2439 1462 2470 de
1486 2438 1631 2479 Corpore
1655 2438 1773 2470 Christi
1804 2437 1930 2479 utrique
1959 2447 1978 2468 a
1992 2436 2146 2468 Pontifice
2167 2436 2296 2468 Urbano
2320 2446 2393 2476 pro-

1320 2483 1463 2524 positum
1495 2483 1612 2522 fuisse,
1645 2483 1794 2514 Thomae
1828 2492 1864 2513 ac
1895 2483 2156 2513 Bonaventurae:
2185 2481 2224 2511 ab
2257 2486 2394 2522 utroque

1320 2528 1485 2567 oblatum,
1518 2528 1607 2569 quod
1647 2534 1871 2568 composuerat
1909 2533 2064 2567 uterque:
2099 2524 2345 2566 confectumque
2377 2535 2395 2555 a

1319 2583 1343 2603 s.
1361 2572 1490 2603 Thoma
1514 2572 1691 2614 praelatum
1715 2583 1733 2603 a
1756 2572 1892 2603 Summo
1916 2570 2079 2602 Pontifice.

1708 2674 1907 2712 CAPUT
1938 2674 2004 2710 IV.

1319 2770 1441 2797 Officium
1460 2773 1582 2806 Corporis
1602 2772 1704 2800 Christi,
1719 2771 1824 2805 hymnis
1843 2770 1954 2804 exceptis
1974 2776 1999 2795 et
2018 2769 2147 2802 capitulis,
2168 2769 2244 2800 longe
2263 2768 2393 2792 diversum

1392 2807 1534 2834 exhibetur.
1548 2808 1802 2833 Animadversiones.
1817 2806 1901 2832 Sancti
1916 2805 2034 2830 Thomae
2048 2804 2131 2829 foetus
2152 2811 2210 2828 esse
2224 2811 2276 2828 non
2295 2808 2392 2836 potest:

1392 2844 1477 2876 deque
1495 2850 1599 2869 auctore
1619 2844 1788 2869 coniecturae.

1320 2933 1342 2964 I.
1367 2925 1514 3007 Longe
1537 2931 1698 2962 diversum
1730 2929 1869 2970 proferre
1897 2929 1930 2958 in
1953 2928 2058 2958 lucem
2088 2924 2286 2956 sacratissimi
2311 2923 2389 2955 Cor-

1431 2976 1517 3017 poris
1541 2975 1657 3007 Christi
1675 2974 1828 3006 Officium
1851 2972 1929 3003 mihi
1952 2972 2053 3009 liceat,
2073 2970 2161 3011 quod
2185 2974 2266 2999 extat
2281 2968 2314 2998 in
2337 2978 2389 2998 ve-

1320 3028 1406 3052 tusto
1436 3020 1596 3051 Breviario
1629 3019 1757 3051 Ordinis
1790 3017 2064 3053 Praedicatorum,
2095 3014 2129 3044 in
2158 3012 2390 3053 Coneglanensi

1295 3074 1298 3078 ⁴
1320 3066 1467 3096 Fratrum
1490 3071 1674 3095 nostrorum
1706 3062 1896 3094 bibliotheca
1927 3061 1961 3090 in
1985 3058 2120 3090 dioecesi
2144 3056 2312 3088 Cenetensi
2336 3058 2389 3087 ad-

1321 3116 1453 3140 servato.
1479 3110 1601 3140 Puncta
1624 3108 1712 3139 nulla
1740 3116 1834 3147 supra
1863 3105 1928 3136 iota
1950 3104 1984 3134 in
2008 3102 2114 3134 codice
2138 3108 2310 3142 apparent,
2335 3101 2391 3131 sed

1319 3154 1454 3184 lineolae
1483 3160 1538 3184 aut
1559 3152 1715 3193 virgulae:
1740 3160 1821 3192 quae
1846 3159 1920 3180 cum
1943 3158 2028 3178 rarae
2052 3156 2118 3177 non
2138 3147 2209 3184 sint,
2227 3145 2390 3176 saeculum

1320 3197 1633 3239 quartumdecimum
1655 3195 1792 3226 indicare
1815 3194 1971 3224 videntur.
1998 3191 2150 3223 Officium
2173 3190 2288 3230 accipe.
2317 3203 2331 3218 α
2354 3189 2389 3219 In

1322 3255 1336 3270 »
1357 3242 1438 3273 festo
1462 3241 1615 3281 Corporis
1635 3239 1761 3272 Christi.
1782 3239 1834 3269 Ad
1856 3238 1879 3268 I
1904 3238 2029 3277 Vesper.
2051 3245 2149 3276 super
2173 3235 2291 3265 Psalm.
2313 3233 2388 3264 Ant.

1322 3299 1337 3313 π»
1358 3286 1470 3317 Gaude
1493 3285 1567 3315 felix
1590 3295 1702 3325 parens
1725 3282 1881 3320 Ecclesia;
1906 3282 1992 3312 adest
2014 3290 2116 3311 novae
2135 3279 2236 3310 laudis
2259 3277 2386 3315 laetitia,

1322 3343 1338 3358 s
1358 3331 1437 3361 dum
1461 3329 1578 3359 amoris
1602 3329 1680 3359 tanti
1710 3327 1865 3358 memoria
1889 3326 1980 3356 datur
2003 3324 2095 3355 nobis
2120 3324 2152 3353 in
2177 3332 2275 3353 coena
2294 3321 2387 3361 regia:

1323 3387 1338 3402 »
1358 3384 1433 3404 nam
1468 3373 1502 3403 in
1531 3373 1639 3404 cibum
1670 3382 1707 3403 ex
1736 3372 1804 3402 sola
1832 3370 1930 3410 gratia
1958 3370 2010 3400 dat
2039 3379 2071 3398 se
2107 3367 2199 3397 nobis
2234 3365 2389 3406 paschalis

1322 3431 1337 3445 2·
1357 3418 1470 3448 hostia.
1504 3417 1700 3457 Capitulum.
1731 3414 1891 3446 Dominus
1923 3414 2008 3444 Iesus
2044 3411 2198 3443 Christus.
2233 3410 2388 3450 Respons.

1323 3475 1338 3489 »
1357 3461 1548 3493 Terminatis
1580 3460 1752 3500 legalibus,
1778 3464 1813 3489 ut
1836 3457 1935 3499 infra.
1959 3457 2127 3498 Hymnus,
2152 3455 2257 3494 Pange
2280 3454 2390 3494 lingua

1323 3519 1338 3533 »
1358 3505 1498 3546 gloriosi.
1524 3510 1552 3535 v.
1580 3505 1699 3535 Panem
1728 3503 1766 3533 de
1790 3502 1888 3533 caelo.
1922 3501 1974 3531 Ad
1996 3500 2126 3541 Magnif.
2159 3500 2234 3529 Ant.
2261 3497 2389 3528 Transit

1323 3563 1338 3577 1>
1357 3549 1502 3581 Christus
1525 3549 1565 3579 ad
1588 3548 1684 3588 patris
1708 3547 1844 3584 solium,
1868 3546 1986 3576 habens
2015 3555 2123 3575 secum
2155 3544 2282 3574 turbam
2311 3541 2389 3572 fide-

1323 3607 1338 3622 »
1357 3594 1456 3624 lium:
1473 3603 1555 3634 pane
1578 3592 1706 3623 firmans
1722 3597 1844 3622 mentes
1860 3589 2012 3620 debilium
2031 3588 2253 3620 transformato
2270 3587 2302 3617 in
2322 3596 2389 3617 cor-

1323 3650 1337 3665 »
1357 3649 1418 3679 pus
1442 3637 1619 3678 proprium.
1641 3636 1764 3667 Oratio.
1785 3636 1872 3666 Deus
1895 3634 1951 3675 qui
1975 3633 2076 3664 nobis.
