2788 4204
186 399 200 422 Υ

88 499 98 507 ·
118 503 195 522 asmo
225 497 300 518 omitt.

85 523 159 551 quod.

88 556 97 563 ·
118 559 219 575 ABCGORS
252 560 300 574 om.

86 582 173 601 autem,

89 607 115 627 ἰ
131 606 206 627 omitt.
223 606 302 633 φακὴ

86 638 155 654 nom.
167 634 216 658 est‚·
232 633 300 654 msit.

87 712 97 722 ⁴
124 711 160 733 ef.
183 712 234 733 lect.
263 717 296 738 ιι,

87 745 138 763 not.
153 749 164 764 ε

185 863 199 887 ὃ

87 923 95 932 ’
111 928 139 943 ac
152 930 157 943 .·
187 924 210 943 et
239 922 301 942 sicut

87 949 171 970 haec...
179 955 216 970 cs:
227 948 298 969 deno-

87 977 123 996 tat
130 976 174 996 loc.
185 974 279 1001 design.
287 986 297 990 -

85 1007 112 1022 o:
129 1001 153 1022 si
170 1001 265 1028 nificat;
279 1006 298 1021 1:

87 1008 170 1048 notaf

84 1406 94 1415 '
104 1411 132 1426 u:
154 1405 236 1426 modus
258 1405 295 1426 di-

84 1431 154 1452 cendi
166 1437 213 1458 per
227 1437 267 1456 se,·
281 1438 296 1452 Ν

86 1458 161 1479 omitt.
173 1458 223 1478 eius
234 1457 298 1485 quod

85 1485 122 1505 est
130 1490 176 1511 per
190 1490 224 1505 se.

83 1570 91 1579 ·
104 1570 168 1591 Jdest
183 1577 210 1591 ex
226 1570 294 1591 codd.

81 1602 281 1621 ncnsoixmonsr.

83 1625 93 1633 ·
105 1629 131 1644 o:
142 1625 272 1650 ponantur.

181 1721 194 1748 ζ

332 256 402 304 176

329 333 442 369 etiam
471 332 661 369 interdum
682 339 718 368 et
737 331 862 378 situm,
884 331 978 367 sicut
998 342 1086 366 curn
1112 330 1245 366 dicitur
1264 328 1396 376 aliquis

329 398 411 423 esse
424 398 498 434 per
515 398 566 433 se,
587 385 741 434 quando
763 393 818 422 est
837 383 1021 420 solitarius
1041 387 1067 418 ⁷.
1098 383 1248 418 Causae
1268 389 1396 417 autem

328 439 589 476 habitudinem
619 438 805 485 designat,
835 436 1039 483 aliquando
1069 435 1225 482 quidem
1242 436 1396 483 sorma-

329 492 372 528 lis
380 506 394 536 ,·
422 492 516 528 sicut
536 504 623 528 cum
644 492 776 528 dicitur
795 489 899 538 quod
914 490 933 509 '¹‘
954 500 1091 536 corpus
1110 487 1205 524 vivit
1225 499 1299 535 per
1317 487 1396 523 ani-

329 557 446 582 mam.
468 567 482 573 -
503 545 745 592 Quandoque
774 551 902 579 autem
921 541 941 562 ’¹‘
968 540 1231 577 habitudinem
1261 552 1396 577 causae

328 598 555 641 materialis,·
583 598 677 633 sicut
711 609 800 633 cum
839 594 972 632 dicitur
1000 593 1105 641 quod
1135 605 1272 641 corpus
1302 602 1357 630 est
1378 594 1397 614 ’⁸‘

329 652 539 688 coloratum
561 662 634 698 per
652 648 911 698 superficiem:
932 646 1020 694 quia
1040 646 1179 683 scilicet
1196 647 1395 695 proprium

328 705 540 741 subiectum
556 703 691 739 coloris
707 710 762 739 est
777 701 995 750 superficies
1008 700 1038 736 ⁵⁵.
1052 720 1076 727 —
1086 699 1267 746 Designat
1282 700 1395 736 etiam

326 757 588 794 habitudinem
617 768 753 792 causae
777 755 1010 791 extrinsecae
1038 759 1075 788 et
1091 752 1295 801 praecipue
1315 754 1395 802 effi-

327 810 472 854 cientis‚·
500 809 594 845 sicut
618 821 706 845 curn
732 808 865 845 dicitur
893 806 997 856 quod
1025 817 1125 854 aqua
1154 805 1303 842 calescit
1325 818 1397 854 per

327 862 453 909 ignem
469 859 493 898 δ.

381 915 484 951 Sicut
512 922 640 951 autem
661 915 785 951 haec*
803 912 1034 962 praepositio
1048 923 1121 959 per
1140 911 1310 959 designat
1328 912 1394 948 ha-

326 967 535 1005 bitudinem
557 980 704 1014 causae,
726 968 880 1016 quando
910 965 1051 1014 aliquid
1071 965 1321 1002 extrinsecum
1342 973 1398 1001 est

326 1033 439 1058 causa
469 1021 559 1068 eius,
582 1021 686 1068 quod
715 1020 926 1058 attribuitur
954 1019 1142 1064 subiecto;
1163 1018 1213 1054 ita
1241 1018 1395 1067 quando

325 1075 536 1111 subiectum
564 1075 626 1111 vel
655 1074 795 1123 aliquid
825 1074 904 1111 eius
934 1081 989 1110 est
1021 1084 1135 1109 causa
1165 1072 1261 1119 eius,
1291 1072 1396 1120 quod

325 1128 536 1166 attribuitur
564 1127 610 1174 ei,
632 1137 668 1165 et
695 1129 770 1166 hoc
799 1127 984 1176 significat
1004 1139 1078 1175 per
1104 1137 1154 1162 se.

380 1183 414 1218 3.
444 1181 596 1220 Primus
635 1194 724 1229 ergo
762 1182 903 1219 modus
941 1180 1090 1217 dicendi
1122 1190 1195 1227 per
1230 1190 1270 1214 se
1288 1183 1299 1198 ‘
1319 1185 1394 1224 est,

324 1235 479 1283 quando
507 1236 557 1283 id,
579 1236 683 1284 quod
703 1235 914 1272 attribuitur
932 1234 1053 1279 alicui,
1074 1232 1235 1281 pertinet
1253 1231 1302 1268 ad
1322 1231 1396 1267 for-

324 1300 430 1325 mam
460 1289 551 1326 eius.
573 1290 622 1326 Et
650 1289 737 1338 quia
767 1288 936 1326 definitio
962 1286 1146 1334 significat
1174 1285 1339 1321 formam
1360 1292 1396 1320 et

325 1342 526 1379 essentiam
556 1342 630 1389 rei,
653 1343 804 1390 primus
831 1342 964 1378 modus
999 1340 1078 1376 eius
1112 1338 1217 1387 quod
1247 1345 1301 1374 est
1323 1349 1397 1385 per

322 1407 362 1432 se
375 1397 395 1417 ’¹‘
415 1404 481 1442 est,
502 1396 657 1444 quando
676 1396 914 1444 praedicatur
934 1394 982 1431 de
1002 1393 1128 1440 aliquo
1149 1390 1319 1428 definitio
1334 1391 1395 1427 vel

323 1450 463 1498 aliquid
492 1450 530 1487 in
568 1448 788 1488 definitione
815 1448 982 1497 positum
1013 1448 1074 1492 (et
1101 1446 1175 1482 hoc
1205 1443 1393 1501 estuquod

323 1503 411 1540 dicit
439 1503 542 1552 quod
576 1516 642 1551 per
663 1514 703 1539 se
728 1511 814 1539 sunt
835 1510 1087 1550 quaecunque
1115 1498 1242 1534 insunt
1267 1508 1308 1532 in
1335 1507 1393 1541 eo,

323 1557 424 1604 quod
441 1557 531 1604 quid
557 1563 620 1602 est,
641 1556 773 1594 idest*
801 1555 838 1591 in
858 1553 1079 1591 definitione
1099 1550 1287 1587 indicante
1307 1549 1398 1596 quid

322 1612 409 1655 est),
430 1609 510 1646 sive
530 1617 693 1658 ponatur
712 1610 731 1628 ⁴*
761 1608 799 1645 in
820 1615 921 1644 recto
942 1606 1022 1643 sive
1042 1604 1080 1640 in
1100 1603 1269 1652 obliquo,
1292 1601 1397 1660 Sicut

321 1661 360 1698 in
389 1662 607 1699 definitione
636 1661 809 1709 trianguli
837 1659 991 1710 ponitur
1019 1657 1135 1703 linea;
1164 1656 1266 1693 unde
1295 1655 1393 1691 hnea

916 253 1300 291 POSTERIORUM
1328 250 1758 288 ANALYTICORUM
1787 251 1881 288 LIB.
1913 253 1926 287 I

1451 327 1547 364 inest
1573 328 1705 365 lineae.
1741 328 1945 365 Rationem
1974 335 2102 364 autem
2132 339 2249 376 quare
2277 327 2347 364 ista
2374 340 2520 376 ponan-

1451 380 1511 417 tur
1539 380 1576 417 in
1619 380 1838 418 definitione
1877 380 2067 428 subiungit
2100 381 2251 417 dicens:
2286 381 2519 428 Substantia,

1451 434 1546 471 idest
1574 434 1730 470 essentia
1744 440 1770 480 ⁷¹,
1792 446 1910 482 quam
1939 434 2123 482 significat
2151 434 2320 471 definitio
2340 434 2519 482 ipsorum,

2647 441 2662 463 η

1451 486 1547 524 idest
1573 487 1747 535 trianguli
1776 496 1812 524 et
1839 487 1960 523 lineae
1977 516 1986 534 ,
2025 493 2079 523 est
2105 499 2155 523 ex
2178 487 2251 533 his,
2284 487 2380 524 idest
2409 499 2453 523 ex
2481 486 2521 522 li-
2552 518 2554 520 .

1451 552 1523 576 nea
1544 547 1579 576 et
1597 540 1757 589 punctis.
1780 540 1895 587 Quod
1916 552 1995 577 non
2010 547 2065 576 est
2083 540 2365 588 intelligendum
2385 540 2490 588 quod
2503 540 2523 560 '¹‘

1450 592 1548 629 linea
1577 605 1622 630 ex
1644 594 1793 642 punctis
1826 601 2090 642 componatur,
2118 594 2185 630 sed
2205 594 2309 643 quod
2336 601 2521 642 punctum

1451 646 1496 683 sit
1525 646 1571 683 de
1592 646 1736 683 ratione
1764 647 1897 693 lineae,
1918 647 2013 683 sicut
2035 647 2134 684 linea
2162 647 2209 684 de
2238 647 2382 684 ratione
2410 646 2522 683 trian-

1451 699 1538 746 guli.
1560 700 1609 735 Et
1627 700 1702 736 hoc
1715 701 1734 721 *
1753 700 1841 736 dicit
1859 700 1908 736 acl
1929 701 2208 738 excludendum
2229 714 2291 748 ea,
2317 713 2416 749 quae
2436 707 2523 737 sunt

1450 760 1577 801 partes
1605 752 1786 789 materiae
1807 760 1843 789 et
1863 765 1942 789 non
1965 754 2124 802 speciei,
2159 766 2257 802 quae
2277 766 2356 791 non
2373 765 2522 803 ponun-

1451 813 1510 841 tur
1538 805 1576 841 in
1605 805 1838 853 definitione,
1859 806 1954 842 sicut
1978 807 2236 843 semicirculus
2264 819 2344 844 non
2371 807 2524 855 ponitur

1451 858 1489 894 in
1518 858 1739 895 definitione
1775 859 1917 906 circuli,
1955 872 2027 896 nec
2064 859 2200 907 digitus
2227 860 2268 897 in
2301 859 2521 897 definitione

1450 911 1629 958 hominis,
1641 920 1682 948 ut
1692 912 1826 949 dicitur
1840 912 1879 949 in
1890 913 1909 933 *
1920 913 1988 949 V11
2004 914 2294 962 Metaphysicae
2305 913 2358 950 **.
2371 913 2421 949 Et
2434 914 2522 950 sub·
2549 922 2560 931 ⁴

1451 965 1568 1013 iungit
1596 966 1700 1013 quod
1729 978 1996 1015 quaecumque
2028 966 2291 1005 universaliter
2324 966 2451 1004 insunt
2483 967 2523 1004 in

1452 1020 1596 1056 ratione
1617 1019 1764 1056 dicente
1784 1021 1875 1068 quid
1900 1025 1963 1065 est,
1977 1031 2052 1068 per
2068 1032 2108 1058 se
2127 1021 2380 1058 attribuuntur
2398 1020 2520 1058 alicui.

1504 1085 1541 1120 4.
1564 1073 1763 1110 Secundus
1776 1073 1946 1110 *modus
1967 1073 2116 1112 dicendi
2129 1087 2202 1123 per
2220 1087 2261 1112 se
2282 1081 2348 1121 est,
2365 1074 2520 1122 quando

1451 1126 1545 1162 haec
1560 1126 1791 1174 praepositio
1807 1138 1880 1175 per
1895 1125 2089 1174 designat*
2105 1127 2367 1166 habitudinem
2384 1139 2520 1164 causae
2552 1146 2560 1155 ·

1450 1179 1664 1226 materialis,
1685 1187 1800 1228 prout
1818 1179 1959 1218 scilicet
1978 1180 2027 1227 id,
2050 1181 2110 1219 cui
2129 1182 2271 1230 aliquid
2291 1181 2519 1227 attribuitur,

1451 1240 1506 1269 est
1519 1232 1674 1281 propria
1689 1233 1846 1270 materia
1863 1241 1900 1270 et
1913 1234 2113 1282 proprium
2133 1236 2346 1272 subiectum
2365 1234 2519 1284 ipsius*.
2549 1249 2557 1257 ·

1452 1286 1614 1334 Oportet
1633 1293 1760 1323 autem
1781 1287 1886 1335 quod
1905 1287 2104 1336 proprium
2127 1289 2340 1327 subiectum
2358 1294 2523 1338 ponatur

1449 1338 1489 1374 in
1517 1338 1737 1376 definitione
1769 1340 1993 1378 accidentis:
2029 1342 2262 1391 quandoque
2294 1341 2523 1391 quidemin

1451 1390 1627 1439 obliquo,
1662 1392 1757 1430 sicut
1790 1406 1879 1430 cum
1913 1394 2089 1432 accidens
2125 1395 2163 1433 in
2195 1397 2382 1434 abstracto
2406 1395 2427 1416 '³
2458 1394 2522 1432 de·
2551 1407 2560 1416 ·

1450 1443 1594 1490 finitur,
1623 1452 1665 1481 ut
1685 1457 1772 1482 curn
1795 1446 1968 1494 dicimus,
1998 1448 2103 1497 quod
2126 1449 2269 1486 simitas
2287 1455 2342 1486 est
2359 1449 2523 1486 curvitas

1450 1497 1551 1540 nasi‚·
1579 1498 1812 1547 quandoque
1839 1500 1934 1537 vero
1963 1500 2001 1537 in
2021 1509 2136 1549 recto,
2165 1509 2207 1539 ut
2236 1515 2325 1540 cum
2345 1501 2521 1539 accidens

1451 1548 1629 1589 definitur
1656 1549 1694 1586 in
1723 1560 1901 1600 concreto
1916 1554 1955 1600 ⁸²,
1976 1561 2018 1589 ut
2037 1567 2126 1591 cum
2155 1555 2317 1593 dicimus
2343 1555 2449 1604 quod
2473 1555 2520 1591 si-

1449 1613 1533 1638 mus
1561 1608 1616 1638 est
1640 1614 1754 1640 nasus
1781 1616 1931 1644 curvus.
1971 1605 2089 1645 Cuius
2123 1606 2281 1655 quidem
2316 1607 2410 1645 ratio
2445 1614 2520 1654 est,

1449 1654 1539 1703 quia
1558 1656 1577 1674 ⁴*
1599 1667 1687 1692 cum
1716 1668 1795 1694 esse
1813 1658 2016 1698 accidentis
2043 1660 2258 1710 dependeat
2282 1673 2305 1698 a
2331 1660 2519 1707 subiecto,

315 1726 389 1763 per
405 1727 445 1751 se
472 1715 569 1751 inest
597 1715 782 1762 triangulo
803 1714 833 1750 ἔτ
864 1721 900 1750 et
928 1712 1096 1749 similiter
1114 1710 1153 1747 in
1173 1707 1392 1747 definitione
1448 1715 1600 1756 oportet
1628 1708 1742 1746 etiam
1762 1710 1868 1759 quod
1889 1712 2059 1751 definitio
2080 1714 2160 1755 eius
2179 1710 2192 1734 ⁰
2210 1713 2427 1762 significans
2445 1725 2523 1750 esse

320 1767 441 1804 lineae
475 1768 628 1816 ponitur
663 1775 870 1817 punctum;
909 1766 1011 1803 unde
1044 1771 1230 1813 punctum
1256 1773 1330 1809 per
1356 1772 1396 1796 se
1449 1760 1567 1820 ipsius
1589 1762 1608 1783 *
1627 1763 1817 1821 contineat
1835 1764 1874 1802 in
1893 1777 1934 1802 se
1954 1767 2309 1805 subiectuqunde'
2327 1766 2521 1804 secundus

321 1933 372 1963 agit
391 1939 412 1956 s.
423 1931 550 1958 Thomas.
565 1930 707 1955 notandum
724 1933 763 1954 est
782 1937 840 1954 cum
855 1929 977 1953 Caietano
992 1927 1029 1961 (in
1045 1927 1054 1952 1
1074 1927 1184 1955 Foster„
1199 1933 1255 1958 cap.
1265 1932 1299 1955 w,
1314 1923 1338 1956 ξ.
1348 1923 1392 1948 Ad

320 1967 481 1992 euidentiam
500 1965 560 2000 etc.)
580 1966 651 1998 quod
666 1972 718 1997 per
735 1972 763 1990 se
782 1969 868 1997 potest
886 1964 966 1996 accipi
985 1962 1132 1996 dupliciter,
1152 1969 1205 1986 uno
1224 1961 1303 1985 modo
1317 1959 1391 1991 posi-

321 2002 382 2031 tive,
401 2002 452 2026 alio
471 2002 550 2026 modo
570 2001 729 2034 negative.—
741 2001 767 2025 Si
787 2005 903 2024 sumatur
917 1999 1035 2032 positive,
1049 1999 1090 2022 vel
1110 2002 1150 2022 est
1162 1996 1275 2022 conditio
1294 1996 1393 2020 incom-

321 2039 457 2071 plexorum
477 2037 645 2070 (substantia,
659 2043 763 2068 corpus,
778 2036 867 2060 vivens
886 2034 944 2069 etc.)
959 2039 984 2059 et
1003 2035 1040 2059 sic
1060 2033 1223 2065 distinguitur
1242 2036 1329 2056 contra
1343 2030 1393 2055 hoc

322 2074 392 2105 quod
412 2073 468 2097 dico
488 2072 514 2096 in
534 2072 596 2101 alio,
615 2077 641 2096 et
660 2071 791 2096 constituit
810 2071 912 2095 tertium
933 2070 1040 2095 modum
1061 2068 1160 2093 dicendi
1174 2075 1227 2100 per
1240 2075 1267 2093 se
1282 2066 1326 2100 (de
1340 2073 1393 2106 quo

320 2108 435 2140 loquitur
453 2115 474 2132 s-
484 2107 602 2132 Thomas
622 2115 647 2132 n.
662 2106 699 2141 6),
719 2106 862 2131 secundum
878 2113 957 2138 quem
976 2104 1120 2130 substantia
1134 2109 1159 2129 et
1173 2110 1344 2136 quaecunque
1359 2110 1393 2126 st-

321 2142 442 2175 gnificant
460 2143 509 2168 hoc
527 2142 630 2175 aliquid
650 2140 699 2177 (Cf.
718 2146 771 2166 not.
793 2139 817 2171 ξ)
836 2142 904 2166 entia
917 2148 970 2173 per
983 2148 1011 2166 se
1030 2146 1103 2170 sunt;
1123 2139 1261 2164 accidentia
1278 2146 1349 2168 vero,
1366 2142 1395 2161 ut

321 2179 417 2207 album,
437 2178 574 2203 ambulans
594 2184 642 2203 etc.
662 2183 722 2202 sunt
741 2177 808 2202 entia
827 2177 854 2202 in
873 2177 936 2202 alio.
956 2176 1004 2201 Vel
1018 2184 1071 2208 per
1088 2183 1116 2201 se
1135 2175 1245 2208 positive
1259 2178 1393 2206 sumptum

322 2219 361 2239 est
373 2213 485 2238 conditio
500 2214 704 2245 complexorum,
715 2220 781 2245 quae
794 2218 854 2237 sunt
864 2212 955 2237 iudicia
965 2219 1012 2237 seu
1023 2211 1223 2245 propositiones,
1236 2218 1261 2235 v.
1271 2218 1305 2242 g.‚
1315 2210 1394 2235 homo

321 2253 360 2276 est
378 2249 494 2278 animal,
513 2249 591 2274 homo
610 2252 650 2273 est
672 2249 748 2273 albus
767 2251 860 2273 etc.'et
879 2247 915 2272 sic
930 2255 982 2279 per
1000 2255 1027 2272 se
1047 2246 1210 2279 distinguitur
1235 2251 1323 2270 contra
1342 2252 1395 2277 per·

321 2285 459 2312 accidens,
480 2290 610 2316 quatenus
624 2291 677 2316 per
695 2284 818 2309 accidens
837 2283 906 2308 idem
926 2282 1051 2315 significat
1070 2290 1099 2307 ac
1118 2281 1317 2315 contingenter:
1340 2288 1394 2313 quo

322 2328 401 2345 sensu
416 2319 525 2344 dicimus
539 2319 619 2352 quod,
633 2319 711 2344 homo
723 2323 763 2344 est
775 2319 887 2348 animal,
902 2323 942 2343 est
956 2318 1100 2353 propositio
1110 2325 1163 2350 per
1174 2324 1210 2346 sc,
1225 2317 1286 2349 quia
1300 2316 1394 2341 animal

322 2355 492 2381 essentialiter
510 2355 578 2380 inest
596 2354 708 2383 homini;
728 2360 753 2379 et
771 2355 851 2387 quod,
864 2354 943 2379 homo
965 2357 1005 2379 est
1017 2354 1100 2382 albus,
1121 2359 1159 2378 est
1185 2352 1329 2386 propositio
1347 2359 1395 2384 per

323 2391 457 2420 accidens,
477 2390 537 2423 quia
555 2397 610 2415 esse
629 2390 717 2414 album
737 2389 927 2415 accidentaliter
945 2397 991 2414 seu
1011 2389 1189 2421 contingenter
1207 2387 1306 2413 homini
1332 2395 1394 2412 con-

321 2426 400 2451 venit.
420 2426 457 2450 Ex
476 2426 525 2450 hoc
545 2430 631 2450 autem
651 2425 740 2458 capite,
757 2426 854 2450 scilicet
873 2430 1000 2457 quatenus
1015 2431 1067 2456 per
1085 2431 1113 2449 se
1131 2429 1172 2449 est
1189 2423 1302 2448 conditio
1323 2430 1394 2447 com—

322 2462 467 2494 plexorum,
486 2461 616 2485 constituit
634 2466 686 2485 tres
706 2461 771 2485 alios
790 2461 883 2485 modos
908 2460 1007 2484 dicendi
1022 2467 1075 2492 per
1092 2467 1132 2488 se,
1153 2460 1184 2484 de
1203 2459 1299 2492 quibus
1318 2458 1395 2483 etiam

322 2497 347 2521 in
367 2496 414 2521 hac
437 2496 547 2521 lectione
565 2501 605 2520 est
627 2503 723 2521 sermo.
748 2496 852 2520 Primus
876 2496 971 2520 modus
991 2502 1044 2528 per
1061 2502 1090 2520 se
1108 2499 1148 2519 est
1167 2494 1311 2527 complexio
1333 2493 1394 2519 sub-

322 2531 465 2560 stantialis,
486 2532 589 2564 quando
609 2539 704 2564 nempe
717 2531 891 2564 praedicatum
907 2536 947 2556 est
961 2531 994 2555 de
1007 2530 1106 2556 ratione
1122 2530 1244 2561 subiecti;
1265 2529 1394 2554 secundus

323 2567 418 2592 modus
431 2571 472 2591 est
486 2567 631 2599 complexio
643 2566 917 2595 extrasubstantialis,
928 2567 1033 2599 quando
1048 2566 1144 2590 scilicet
1154 2566 1328 2598 praedicatum
1343 2572 1395 2589 non

323 2607 364 2627 est
382 2603 414 2627 de
432 2602 531 2626 ratione
549 2602 670 2632 subiecti;
690 2602 780 2627 tertius
805 2602 899 2626 modus
919 2606 959 2626 est
978 2601 1123 2634 complexio
1142 2601 1270 2632 causalis,
1291 2600 1395 2633 quando

323 2637 420 2662 scilicet
440 2637 466 2661 in
485 2637 600 2662 subiecto
622 2642 662 2662 est
675 2645 751 2662 causa
769 2637 906 2670 praedicati
926 2637 997 2669 quod
1019 2636 1068 2669 ipsi
1092 2636 1217 2661 tribuitur.
1243 2637 1281 2661 De
1300 2635 1395 2668 quibus

323 2672 446 2698 omnibus
466 2672 550 2696 modis
569 2672 649 2697 habes
669 2673 787 2705 exempla
805 2680 836 2696 ex
855 2671 998 2697 s.Thoma.

378 2708 430 2733 Per
448 2715 475 2733 se
494 2712 580 2732 autem
604 2708 722 2739 negative
745 2707 879 2740 dupliciter
904 2707 997 2732 eodem
1017 2707 1096 2732 rnodo
1122 2707 1189 2731 sumi
1209 2711 1308 2740 potest:
1332 2713 1352 2730 1.
1367 2710 1396 2730 ut

325 2743 436 2768 conditio
452 2743 615 2775 incomplexi,
630 2748 655 2767 et
669 2742 705 2767 sic
718 2742 883 2774 distinguitur
896 2747 983 2767 contra
997 2742 1046 2767 hoc
1061 2742 1131 2774 quod
1147 2742 1237 2767 dicitur
1248 2749 1308 2767 cum
1327 2741 1397 2766 alio:

325 2786 378 2811 quo
397 2786 476 2803 sensu
500 2778 609 2802 dicimus
628 2779 698 2810 quod
722 2778 851 2810 quantitas
871 2785 925 2810 per
942 2785 970 2802 se
989 2785 1074 2810 neque
1093 2781 1134 2802 est
1158 2777 1287 2802 circularis
1310 2783 1397 2809 neque

325 2814 456 2846 quadrata,
471 2814 543 2846 quod
558 2813 651 2838 animal
661 2820 714 2845 per
725 2820 753 2838 se
768 2821 853 2846 neque
868 2818 908 2838 est
921 2813 1045 2838 rationale
1058 2820 1145 2845 neque
1158 2812 1317 2838 irrationale:
1332 2812 1394 2837 nihil

325 2849 394 2874 aliud
413 2849 575 2874 intendentes
601 2849 649 2873 nisi
669 2849 740 2881 quod
759 2849 891 2881 quantitati
915 2850 1059 2874 secundum
1079 2855 1108 2873 se
1126 2848 1241 2881 praecise
1260 2853 1395 2881 sumptae,

326 2889 388 2917 puta
407 2884 557 2909 dissociatae
575 2892 590 2908 a
604 2891 762 2916 quocunque
781 2884 950 2909 determinato
963 2884 1088 2914 subiecto,
1102 2883 1128 2907 in
1147 2891 1201 2916 quo
1220 2889 1245 2909 et
1263 2891 1322 2908 cum
1343 2891 1396 2916 quo

325 2925 444 2944 concrete
463 2919 558 2948 existit,
579 2927 631 2944 non
651 2919 771 2944 convenit
784 2927 845 2944 esse
864 2927 950 2952 neque
964 2919 1114 2944 circularem
1129 2926 1215 2951 neque
1227 2920 1394 2952 quadratam

326 2960 351 2979 et
370 2955 427 2979 ideo
446 2959 532 2987 potest
550 2960 681 2987 utrunque
694 2963 760 2979 esse:
771 2969 789 2973 -
801 2962 824 2980 2.
844 2959 872 2979 ut
891 2954 1002 2979 conditio
1022 2954 1158 2987 complexi,
1173 2959 1198 2979 et
1210 2954 1247 2979 sic
1260 2953 1395 2986 distingui-

326 2996 368 3015 tur
382 2995 469 3014 contra
479 2997 532 3022 per
545 2990 675 3018 accidens,
690 2995 816 3022 quatenus
826 2997 878 3022 per
892 2990 1014 3015 accidens
1028 2988 1152 3021 significat
1167 2997 1219 3014 non
1232 2990 1339 3022 quidem
1353 2997 1395 3014 ac-

327 3025 483 3050 cidentaliter
498 3030 522 3050 et
535 3025 725 3057 contingenter,
751 3030 780 3050 ut
799 3033 877 3058 supra
897 3026 1007 3050 diximus
1027 3026 1059 3050 de
1068 3032 1121 3057 per
1138 3025 1261 3050 accidens
1275 3025 1396 3058 opposito

321 3067 374 3093 per
391 3068 418 3085 se
437 3061 546 3093 positive
565 3065 683 3093 accepto,
703 3061 749 3086 sed
772 3066 900 3094 quatenus
920 3060 1046 3093 significat
1059 3068 1116 3093 per.
1129 3060 1213 3086 aliud.
1237 3061 1294 3086 Hoc
1313 3068 1394 3086 sensu

327 3095 435 3120 dicimus
449 3097 527 3128 quod,
540 3096 619 3121 homo
633 3099 672 3121 est
690 3097 772 3125 albus,
789 3102 828 3121 est
847 3096 990 3129 propositio
1004 3103 1051 3129 per
1063 3104 1105 3127 se,
1124 3096 1184 3128 quia
1199 3104 1251 3121 non
1265 3104 1313 3129 per
1326 3095 1396 3120 aliud

327 3131 373 3156 sed
393 3139 439 3164 per
458 3131 574 3164 seipsum
594 3131 674 3155 homo
689 3131 720 3156 ab
736 3131 854 3156 albedine
874 3131 1039 3161 informatum
1059 3136 1084 3156 et
1103 3139 1133 3156 ex
1145 3132 1267 3164 opposito
1286 3131 1395 3156 dicimus

328 3167 399 3199 quod
418 3166 479 3191 haec
494 3166 636 3199 propositio
650 3167 738 3191 album
751 3170 791 3192 est
808 3167 886 3192 homo
905 3172 945 3191 est
964 3166 1106 3200 propositio
1126 3174 1172 3200 per
1189 3167 1316 3199 accidens,
1335 3167 1396 3199 quia

327 3201 387 3226 albo
405 3209 458 3226 non
473 3201 593 3226 convenit
605 3209 665 3226 esse
679 3202 821 3232 hominem,
832 3202 880 3227 nisi
896 3207 1024 3235 quatenus
1035 3202 1060 3226 id
1075 3203 1146 3234 quod
1156 3202 1311 3235 supponitur
1326 3202 1395 3226 albe-

328 3236 388 3267 dini,
402 3242 442 3261 est
454 3237 542 3262 homo.
558 3237 655 3262 Neutro
668 3245 746 3262 sensu
760 3242 895 3270 sumptum
904 3245 956 3269 per
970 3244 998 3262 se
1011 3237 1128 3269 negative
1141 3237 1270 3262 constituit
1282 3237 1396 3270 aliquem

323 3272 479 3304 per-scitatis
493 3272 610 3297 modurn.
625 3273 656 3297 Et
669 3272 727 3297 ideo
740 3273 773 3297 de
781 3280 833 3304 per
845 3280 873 3298 se
885 3273 996 3305 positive
1009 3278 1113 3305 sumpto
1126 3278 1166 3298 est
1180 3281 1267 3298 sermo
1282 3273 1307 3298 in
1322 3280 1396 3305 prae-

329 3307 393 3332 senti
414 3307 693 3339 lectione.—-1ntelliget
712 3313 797 3332 autem
817 3308 928 3332 novitius
948 3316 1027 3340 posse
1043 3307 1163 3333 facillime
1181 3308 1341 3341 sophismata
1358 3308 1397 3333 in—

329 3342 386 3366 duci
405 3350 436 3367 ex
454 3342 561 3367 transitu
580 3350 595 3367 a
614 3350 661 3376 per
685 3350 714 3367 se
737 3343 847 3376 positive
865 3344 897 3368 ad
916 3351 963 3376 per
981 3351 1010 3368 se
1028 3343 1145 3375 negative
1163 3349 1189 3368 et
1212 3343 1364 3377 praesertim
1382 3351 1397 3368 a

329 3377 411 3410 prima
430 3378 461 3402 ad
480 3378 621 3402 secundam
641 3378 815 3411 acceptionem
834 3380 882 3403 τοῦ
891 3386 943 3411 per
957 3378 1087 3408 accidens,
1107 3386 1202 3412 nempe
1220 3384 1249 3404 ut
1263 3379 1323 3404 dicit
1335 3386 1396 3405 con-

330 3412 463 3446 tingenter
477 3418 503 3437 et
521 3418 549 3437 ut
568 3413 627 3438 dicit
640 3420 693 3445 pet·
709 3413 794 3438 aliud.

383 3446 410 3481 γ)
431 3447 507 3473 Sicut
524 3455 583 3473 cum
606 3448 705 3473 dicitur
723 3454 770 3473 etc.
795 3449 842 3473 Est
861 3449 937 3474 lectio
957 3449 1032 3474 codd.
1049 3446 1112 3482 (exc.
1128 3447 1244 3483 lx).-}>:
1263 3449 1332 3475 sicut
1355 3449 1395 3474 di-

330 3482 401 3507 citur
419 3489 474 3507 esse
491 3483 588 3515 aliquis
606 3491 658 3515 per
675 3491 703 3508 se
721 3489 777 3514 etc.;
789 3484 824 3509 K:
843 3484 912 3509 sicut
931 3485 1032 3510 dicitur
1050 3484 1154 3517 aliquid
1167 3491 1220 3517 per
1237 3492 1272 3514 se.
1292 3484 1399 3518 quando

330 3517 489 3548 solitarium,-
503 3518 565 3542 HN:
584 3519 652 3543 sicut
665 3526 724 3544 cum
739 3519 838 3544 dicitur
851 3519 967 3552 aliquem
982 3527 1037 3545 esse
1050 3525 1104 3551 etc3
1118 3520 1141 3545 1:
1156 3520 1225 3546 sicut
1239 3520 1338 3546 dicitur
1349 3520 1399 3545 ali—

330 3552 396 3584 quid
414 3559 468 3577 esse
487 3554 707 3578 etc.—-Lectiones
727 3561 779 3578 non
799 3555 969 3586 adoptandae.
1005 3559 1010 3563 '

385 3585 410 3621 ὃ)
430 3587 506 3613 Sicut
523 3595 583 3613 cum
603 3588 702 3614 dicitur
720 3589 791 3621 quod
808 3597 879 3622 aqua
898 3590 1007 3615 calescit
1020 3597 1073 3622 per
1091 3590 1188 3623 ignem.
1208 3590 1243 3615 lta
1262 3591 1303 3616 ed.
1323 3590 1400 3615 Pinna

1445 1928 1471 1948 et
1489 1925 1568 1955 codd„
1583 1925 1741 1956 DHKOQT.
1750 1928 2001 1956 -ACEGLMNRSz
2015 1929 2084 1954 sicut
2102 1937 2161 1957 cum
2172 1929 2272 1955 dicitur
2285 1930 2357 1963 quod
2369 1937 2440 1964 aqua
2453 1930 2521 1964 (AG,

1441 1958 1591 2000 frigidum,-
1610 1962 1635 1986 Μ
1654 1962 1736 1987 omitt.
1755 1967 1812 1987 tum
1830 1963 1900 1997 frig.
1921 1969 1976 1988 tum
1996 1963 2083 1997 aqua)
2102 1965 2192 2006 calefit
2204 1972 2258 1997 per·
2275 1965 2402 1999 ignem.—·
2417 1965 2481 1991 Cod.
2497 1966 2519 1992 1:

1445 1997 1554 2022 sicut...
1569 1997 1641 2029 quod
1658 2004 1728 2029 aqua
1741 2002 1781 2023 est
1793 1999 1924 2032 calefacta
1939 2004 1986 2024 etc.
2001 2000 2089 2025 Codex
2102 2000 2213 2033 demque
2227 1998 2255 2026 Β
2268 2001 2416 2034 exemplum
2431 2006 2521 2033 mutat,

1446 2037 1472 2057 et
1482 2032 1555 2064 legit:
1568 2032 1638 2057 sicut
1651 2040 1711 2058 cum
1721 2033 1823 2058 dicitur
1833 2034 1905 2066 quod
1913 2035 2021 2068 serrum
2035 2036 2220 2069 calefacit-per
2234 2036 2332 2069 ignem.
2342 2037 2416 2062 Unus
2427 2044 2489 2070 ergo
2499 2037 2521 2062 B

1448 2067 1520 2101 ponit
1538 2068 1647 2092 verbum
1664 2068 1783 2093 activum.
1797 2070 1934 2103 calefacit;
1953 2069 2035 2094 maior
2053 2076 2139 2095 autem
2158 2072 2234 2096 codd.
2244 2079 2309 2104 ¹pars
2326 2072 2398 2098 idem
2411 2072 2521 2098 verbum

1447 2103 1546 2136 profert
1565 2103 1675 2137 passive,
1700 2104 1800 2137 calefit,
1820 2102 1870 2130 hoc
1888 2110 1928 2130 est
1946 2106 2043 2137 accedit
2060 2106 2096 2135 ad¹
2112 2106 2251 2135 lectionem
2270 2106 2377 2132 Pianam
2401 2112 2429 2132 et
2445 2107 2520 2133 codd.

1448 2139 1498 2170 cit„
1513 2146 1580 2172 quae
1594 2139 1620 2163 in
1635 2146 1715 2164 sensu
1735 2145 1826 2165 neutro
1840 2140 1925 2171 habet,
1939 2141 2082 2166 calescit.·-
2091 2141 2255 2167 Manifestum
2269 2141 2309 2168 es't‘
2325 2141 2414 2168 'autem
2433 2142 2522 2168 lectio—

1448 2182 1510 2199 nem
1528 2175 1651 2208 calefacit
1669 2176 1726 2200 cod.
1734 2176 1766 2200 'B'
1781 2183 1834 2200 non
1853 2181 1950 2201 rectam
1969 2177 2036 2202 ess'e.
2152 2175 2154 2178 '
2384 2184 2386 2186 ·

1502 2210 1646 2236 Discrimen
1661 2216 1749 2236 autem
1763 2212 1833 2244 quod
1848 2211 1952 2237 affertur
1967 2219 2027 2237 cum
2042 2212 2156 2238 additur·-
2169 2213 2240 2239 sicut
2250 2216 2368 2239 autem...
2383 2213 2423 2239 ita
2435 2220 2521 2246 quan-

1448 2245 1482 2271 do
1502 2252 1549 2271 etc.
1569 2251 1609 2271 est
1627 2247 1822 2272 attendendum.
1848 2247 1904 2272 Sint
1922 2247 1971 2272 hae
1990 2247 2056 2272 duae
2080 2248 2286 2282 propositiones:
2305 2256 2376 2282 aqua
2400 2248 2522 2278 cale-scih·

1447 2288 1518 2314 aqua
1529 2281 1614 2316 fluit.⁴
1623 2281 1682 2315 Duo
1700 2282 1845 2316 praedicata
1859 2281 2007 2315 tribuuntur
2025 2291 2228 2318 aquae„nernpe
2239 2285 2368 2311 calescere
2382 2289 2408 2310 et
2414 2285 2503 2319 fluere
2511 2291 2522 2314 ,·

1448 2317 1494 2341 sed
1512 2317 1642 2342 calescere
1655 2317 1774 2342 tribuitur
1787 2325 1871 2350 aquae
1886 2325 1933 2351 per
1951 2315 2047 2352 aliquid
2066 2319 2139 2352 quod
2153 2327 2205 2344 non
2217 2324 2258 2345 est
2271 2327 2347 2353 aqua,
2362 2327 2459 2353 nempe
2472 2327 2522 2355 per

1449 2353 1549 2385 ignem5
1574 2352 1655 2378 fluere
1677 2357 1764 2378 autem
1780 2354 1910 2379 ‘convenit
1933 2359 2015 2388 aquae
2039 2358 2092 2379 n'on
2115 2362 2164 2388 per
2186 2355 2284 2389 aliquid
2308 2351 2380 2389 quod
2404 2352 2458 2380 non
2481 2351 2522 2381 eii

1449 2396 1523 2420 aqua,
1543 2388 1589 2413 sed
1608 2395 1655 2421 per
1673 2388 1758 2422 ipsam
1777 2397 1882 2422 aquam.
2275 2416 2279 2420 ,
2396 2397 2398 2399 ·

1501 2422 1524 2458 ε)
1543 2423 1651 2449 Pri'mus
1669 2431 1735 2457 ergo
1754 2424 1849 2450 modus
1868 2424 1974 2450 dicendi
1987 2432 2040 2458 per
2057 2432 2085 2450 se
2103 2431 2151 2450 etc.
2165 2427 2186 2445 '-
2199 2425 2239 2451 De
2257 2425 2342 2460 primo
2361 2431 2388 2452 et
2405 2423 2520 2451 secundo

1449 2459 1529 2484 modo
1549 2459 1648 2484 dicendi
1662 2466 1714 2492 per
1726 2466 1754 2484 se
1767 2460 1860 2484 redibit
1879 2467 1966 2486 sermo
1986 2462 2044 2486 lect.
2056 2468 2128 2493 xm,
2142 2470 2167 2487 n.
2179 2469 2205 2495 4,
2224 2462 2269 2486 ubi
2288 2470 2309 2487 s.
2320 2461 2437 2487 Thomas
2451 2460 2523 2486 addit

1448 2495 1519 2527 quod
1538 2494 1578 2519 alii
1599 2495 1668 2520 modi
1686 2495 1785 2520 dicendi
1799 2502 1853 2527 per
1869 2502 1898 2521 se
1910 2496 1943 2520 ad
1957 2497 2024 2521 duos
2043 2496 2106 2521 istos
2121 2497 2220 2530 priores
2234 2498 2399 2523 reducuntur.
2418 2496 2521 2522 Primus

1449 2537 1511 2562 ergo
1531 2531 1625 2555 modus
1650 2530 1751 2555 dicendi
1775 2539 1823 2563 per
1841 2538 1870 2556 se
1889 2536 1929 2556 est
1947 2532 2052 2564 quando
2071 2532 2246 2565 praedicatum
2270 2538 2311 2558 est
2327 2533 2370 2558 vel
2388 2532 2454 2558 ratio
2471 2538 2521 2556 sm

1449 2565 1563 2591 delinitio
1578 2565 1699 2596 subiecti,
1719 2565 1760 2590 vel
1779 2571 1821 2591 est
1838 2566 1871 2591 de
1890 2566 1989 2592 ratione
2002 2575 2050 2592 seu
2064 2566 2212 2592 definitione
2230 2568 2338 2594 subiecti
2357 2569 2400 2593 vel
2419 2568 2446 2593 in
2463 2567 2521 2600 ipsa

1449 2601 1557 2626 subiecti
1576 2599 1723 2626 definitione
1741 2601 1892 2632 includitur;
1918 2602 1986 2627 sicut
2003 2602 2025 2627 si
2045 2607 2200 2635 quaeratur:
2223 2603 2287 2636 quid
2306 2608 2347 2628 est
2364 2601 2460 2628 homo?
2479 2609 2519 2631 re-

1449 2636 1604 2669 spondetur:
1623 2636 1726 2662 animal
1744 2636 1894 2666 rationu-,-
1916 2637 1967 2668 vel,
1985 2637 2095 2668 animal,
2110 2638 2161 2668 vel,
2177 2638 2317 2664 rationale.
2337 2638 2522 2671 Respondenti-

1449 2671 1518 2696 enim
1537 2678 1584 2704 per
1602 2671 1746 2704 praedicata
1765 2679 1832 2704 quae
1850 2671 2030 2704 ingrediuntur
2048 2671 2222 2698 definitionem
2236 2673 2362 2698 hominis:
2383 2681 2443 2699 nam
2461 2674 2520 2701 ani·

1449 2707 1504 2731 mal
1523 2706 1653 2731 rationale
1667 2711 1708 2731 est
1720 2705 1834 2732 definitio
1853 2706 1978 2738 hominm
1997 2708 2099 2733 animal
2117 2712 2158 2733 est
2172 2713 2255 2733 totum
2267 2707 2406 2742 potentiale
2421 2714 2446 2734 et
2459 2712 2520 2743 pars

1449 2741 1524 2774 quasi
1539 2741 1676 2767 materialis
1691 2741 1820 2767 essentiae
1834 2742 2034 2776 metaphysicae,
2043 2750 2091 2768 seu
2125 2750 2190 2769 enus
2204 2742 2275 2777 (cal
2289 2743 2386 2774 Perih„
2396 2744 2455 2770 lect.
2463 2749 2520 2776 vm,

1449 2785 1475 2802 n.
1488 2785 1513 2810 9,
1533 2784 1571 2807 io,
1585 2781 1611 2802 et
1625 2781 1678 2802 not.
1693 2785 1708 2802 κ
1722 2781 1748 2802 et
1761 2775 1800 2811 ν);
1815 2777 1948 2803 rationale
1967 2783 2007 2803 est
2024 2786 2085 2811 pars
2114 2779 2229 2810 ormalis,
2243 2786 2290 2804 seu
2305 2779 2445 2806 differentia
2459 2787 2520 2806 eon⁴

1449 2812 1563 2837 stitutiva
1581 2812 1693 2838 hominis
1713 2810 1763 2846 (Cf.
1775 2813 1832 2837 lect.
1847 2812 1888 2838 cit.
1903 2813 2012 2847 Per-ih).
2027 2814 2065 2838 Ex
2077 2813 2117 2839 his
2131 2814 2309 2847 intelliguntur
2322 2815 2441 2848 exempla
2452 2821 2523 2849 quoe

1449 2852 1581 2881 ponuntur
1600 2848 1632 2873 de
1649 2848 1720 2873 linea
1738 2848 1764 2873 ln
1783 2846 1931 2874 definitione
1955 2849 2086 2881 trianguli,
2112 2855 2138 2875 et
2156 2850 2188 2875 de
2206 2855 2304 2883 puncto
2323 2850 2349 2875 in
2373 2848 2522 2876 definitione

1449 2883 1540 2908 lineae.
1559 2883 1661 2908 Etenim
1681 2883 1702 2908 si
1717 2888 1855 2916 quaeratur
1874 2884 1937 2917 quid
1956 2884 1990 2909 sit
2008 2884 2159 2916 triangulus,
2178 2886 2350 2918 respondetur
2363 2885 2520 2918 &angulum

1450 2918 1595 2944 definiendo
1615 2919 1685 2951 quod
1704 2919 1737 2943 sit
1747 2919 1845 2952 figura
1858 2923 1983 2945 constans
1996 2927 2034 2945 ex
2048 2920 2133 2946 tribus
2147 2923 2252 2946 tantum
2268 2921 2352 2950 lineis,
2366 2925 2392 2946 et
2405 2921 2427 2946 ei
2441 2929 2520 2955 quae7

1449 2959 1519 2979 ratur
1537 2953 1599 2986 quid
1618 2954 1651 2979 sit
1669 2953 1743 2985 linea,
1763 2955 1934 2988 respondetur
1953 2956 2023 2988 quod
2045 2955 2078 2980 sit
2095 2956 2236 2990 longitudo
2248 2956 2400 2982 latitudinis
2413 2963 2521 2991 expett,

1448 2989 1523 3015 cuius
1538 2993 1633 3022 partes
1647 2989 1756 3021 punctis
1775 2990 1956 3015 terminantur
1973 2994 2000 3015 et
2017 2992 2185 3023 copulantur.

1503 3025 1620 3050 Primum
1640 3026 1748 3050 modum
1769 3025 1868 3050 dicendi
1887 3033 1934 3058 per
1953 3033 1982 3051 se
2002 3023 2078 3060 (sicut
2092 3031 2118 3051 et
2131 3025 2286 3061 secundum)
2302 3026 2453 3052 Scholastici
2471 3027 2519 3052 ite-

1449 3068 1508 3085 rum
1527 3060 1674 3086 dividebant
1692 3061 1718 3085 in
1737 3068 1784 3093 per
1802 3069 1832 3086 se
1845 3061 1931 3094 primo
1951 3060 2067 3095 (quando
2086 3062 2261 3096 praedicatum
2281 3062 2352 3096 quod
2370 3066 2412 3088 est
2428 3062 2462 3088 de
2479 3070 2522 3093 ro—

1449 3096 1518 3122 tione
1537 3095 1644 3121 subiecti
1669 3100 1708 3121 est
1726 3097 1893 3122 convertibile
1917 3104 1977 3121 cum
1997 3104 2045 3128 eo,
2074 3097 2135 3130 quia
2153 3097 2279 3131 adaequat
2302 3097 2520 3124 universalitatem

1450 3131 1530 3164 ipsius
1549 3128 1683 3166 subiecti),
1702 3135 1728 3156 et
1746 3131 1771 3156 in
1791 3139 1839 3164 per
1856 3139 1886 3157 se
1900 3133 2015 3158 secundo
2039 3130 2160 3167 (quando
2180 3133 2222 3158 illa
2245 3131 2444 3161 convertibilitas
2467 3140 2520 3158 non

1450 3167 1527 3193 habet
1546 3165 1654 3202 locum).
1673 3167 1724 3192 Sed
1744 3167 1776 3192 de
1795 3167 1836 3192 his
1854 3167 1920 3193 insi-a
1939 3168 1998 3194 lect.
2012 3175 2046 3193 xi.

1503 3201 1529 3234 ζ)
1553 3201 1627 3227 Unde
1645 3202 1716 3227 linea
1735 3207 1783 3228 etc.
1803 3203 1866 3228 Cod.
1880 3203 1918 3228 M:
1938 3203 2008 3228 unde
2026 3203 2096 3228 linea
2113 3203 2237 3229 similiter
2251 3204 2319 3229 inest
2327 3210 2380 3236 per
2392 3209 2422 3230 te
2433 3203 2521 3230 trian-

2549 540 2559 550 ·
2570 544 2621 559 ior:
2637 539 2715 566 quasi.

2549 710 2560 721 ⁵
2570 710 2763 737 Codd.(exc.ao).-

2550 743 2570 758 P:
2578 737 2763 764 haec;cdubius;

2550 769 2566 784 n
2581 769 2628 786 om.
2643 767 2736 792 utrunq.

2583 920 2610 942 In
2638 927 2666 942 ex
2694 920 2764 943 codd.

2551 949 2762 995 ffi‘fizffi'f‘lzn.

2550 1000 2601 1022 lect.
2612 1006 2655 1021 ιι·
2662 999 2697 1021 Ed
2702 999 2764 1022 Did.

2550 1026 2590 1047 lib.
2607 1026 2648 1053 V1,
2668 1032 2720 1054 cap.
2738 1032 2762 1053 x,

2550 1058 2572 1073 n.
2582 1059 2602 1079 2,
2611 1058 2678 1080 seqq.

2550 1090 2557 1097 ·
2569 1094 2584 1109 1:
2595 1087 2711 1115 secundus
2721 1093 2763 1110 au·

2549 1115 2601 1136 tem.

2550 1565 2561 1575 '⁸
2589 1564 2658 1587 conf.
2677 1563 2767 1591 Periti„

2555 1592 2610 1613 lect.
2626 1597 2659 1619 iv,
2674 1596 2697 1612 n.
2708 1597 2728 1619 5.

2551 1680 2652 1705 ''Codd.
2671 1693 2681 1699 -
2700 1688 2726 1704 ¹¹:

2549 1708 2620 1738 quod.
2648 1735 2662 1762 ο

2554 1785 2565 1796 “
2588 1783 2664 1807 Codd.
2674 1790 2700 1805 r:
2711 1783 2774 1806 eine.

1449 3238 1514 3271 gulo
1534 3235 1609 3271 (hanc
1632 3237 1859 3270 transpositionem
1882 3237 1978 3264 habent
2002 3238 2079 3264 etiam
2098 3238 2188 3274 ΕΗΒ),
2207 3242 2234 3264 et
2253 3239 2279 3264 in
2300 3237 2453 3272 definitione
2469 3241 2520 3263 etc.
2573 3235 2579 3240 ’

1451 3273 1502 3298 Sed
1521 3277 1560 3297 est
1579 3273 1653 3298 lectio
1672 3281 1724 3298 non
1743 3273 1884 3306 probanda.

1503 3305 1532 3343 η)
1551 3308 1715 3338 Substantia,
1735 3308 1811 3337 idest,
1831 3309 2081 3334 essentia-Pinna:
2099 3309 2249 3335 substantia
2267 3312 2371 3340 autem,
2391 3308 2461 3334 idest
2477 3314 2518 3333 es-

1450 3344 1550 3373 sentias·
1569 3344 1616 3369 sed
1633 3347 1723 3369 autem
1748 3352 1799 3369 non
1818 3349 1858 3369 est
1877 3351 1962 3377 neque
1980 3344 2006 3369 in
2024 3344 2144 3370 versione
2167 3350 2255 3371 noan-a
2273 3344 2365 3374 latine,
2389 3350 2476 3376 neque
2493 3342 2520 3367 in

1450 3384 1520 3405 textu
1539 3387 1640 3412 graeco.
1660 3379 1688 3404 ln
1706 3387 1760 3404 uno
1774 3379 1843 3404 enim
1858 3385 1884 3405 et
1898 3379 1924 3404 in
1938 3380 2017 3406 altera
2035 3380 2128 3412 legitur
2145 3380 2232 3406 enim:
2244 3378 2260 3412 ἡ
2273 3377 2322 3414 γὰρ
2337 3376 2423 3405 obuio.
2436 3378 2520 3404 Codd.

1452 3412 1516 3448 (exc.
1530 3413 1565 3450 Η)
1585 3414 1707 3440 omittunt
1725 3417 1831 3444 autenm
1849 3415 1875 3439 M
1894 3414 1972 3440 habet
1989 3414 2072 3444 enim,
2092 3415 2164 3448 quod
2186 3415 2264 3441 etiam
2286 3414 2389 3440 additur
2405 3413 2432 3440 in
2450 3421 2519 3438 mar-

1469 3450 1511 3475 ine
1530 3450 1586 3475 cod.
1601 3450 1631 3476 C.

1451 3457 1468 3483 g
1500 3483 1525 3520 θ)
1543 3485 1655 3517 Oportet
1663 3485 1744 3511 etiam
1754 3485 1827 3518 quod
1837 3490 1885 3511 etc.
1896 3485 1943 3511 Est
1953 3485 2028 3511 lectio
2038 3485 2171 3511 P.··Codd.
2178 3485 2282 3511 AlMNs
2294 3483 2418 3510 omittunt
2426 3484 2516 3513 etiam,

1452 3521 1523 3553 quod
1542 3528 1556 3545 a
1570 3521 1644 3545 codd.
1659 3521 1728 3546 BCO
1743 3520 1908 3554 postponitur
1922 3521 1969 3546 ita:
1988 3523 2094 3553 oportet
2112 3520 2184 3554 quod
2202 3519 2323 3552 definitio
2336 3519 2418 3546 etiam
2437 3525 2486 3544 etc.
2499 3533 2520 3539 -

1452 3556 1490 3581 H:
1512 3559 1617 3588 oportet
1640 3555 1760 3588 definitio
1777 3556 1834 3581 eius
1853 3561 1902 3581 etc.
1918 3569 1937 3575 —-
1951 3556 2034 3581 Codd.
2053 3555 2137 3586 KLQ:
2156 3558 2261 3588 oportet
2283 3555 2356 3588 quod
2373 3555 2454 3580 etiam
2474 3553 2520 3579 de-

1445 3590 1538 3623 finitio
1556 3591 1612 3616 eius
1631 3595 1688 3616 eta:
1708 3596 1733 3616 et
1751 3590 1814 3616 haec
1835 3591 1910 3616 lectio
1930 3590 2023 3616 melior
2042 3590 2150 3616 videtur.
