<?xml version="1.0" encoding="UTF-8"?>
<!DOCTYPE html PUBLIC "-//W3C//DTD XHTML 1.0 Transitional//EN"
    "http://www.w3.org/TR/xhtml1/DTD/xhtml1-transitional.dtd">
<html xmlns="http://www.w3.org/1999/xhtml" xml:lang="en" lang="en">
 <head>
  <title>
</title>
<meta http-equiv="Content-Type" content="text/html;charset=utf-8" />
  <meta name='ocr-system' content='tesseract 3.04.00' />
  <meta name='ocr-capabilities' content='ocr_page ocr_carea ocr_par ocr_line ocrx_word'/>
</head>
<body>
  <div class='ocr_page' id='page_1' title='image "./operaomniaiussui01thom/operaomniaiussui01thom_0162.png"; bbox 0 0 2548 4192; ppageno 0'>
   <div class='ocr_carea' id='block_1_1' title="bbox 168 286 236 311">
    <p class='ocr_par' dir='ltr' id='par_1_1' title="bbox 168 286 236 311">
     <span class='ocr_line' id='line_1_1' title="bbox 168 286 236 311; baseline -0.029 0"><span class='ocrx_word' id='word_1_1' title='bbox 168 286 236 311; x_wconf 88' lang='lat' dir='ltr'>CXL</span> 
     </span>
    </p>
   </div>
   <div class='ocr_carea' id='block_1_2' title="bbox 162 348 1248 3359">
    <p class='ocr_par' dir='ltr' id='par_1_2' title="bbox 164 348 1239 876">
     <span class='ocr_line' id='line_1_2' title="bbox 165 348 1236 390; baseline -0.007 -7"><span class='ocrx_word' id='word_1_2' title='bbox 165 359 222 390; x_wconf 88' lang='lat' dir='ltr'>est,</span> <span class='ocrx_word' id='word_1_3' title='bbox 243 352 385 382; x_wconf 89' lang='lat' dir='ltr'>eiusdem</span> <span class='ocrx_word' id='word_1_4' title='bbox 404 351 513 382; x_wconf 88' lang='lat' dir='ltr'>munia</span> <span class='ocrx_word' id='word_1_5' title='bbox 529 351 561 381; x_wconf 92' lang='lat' dir='ltr'>in</span> <span class='ocrx_word' id='word_1_6' title='bbox 578 351 719 381; x_wconf 89' lang='lat' dir='ltr'>Verbum</span> <span class='ocrx_word' id='word_1_7' title='bbox 738 355 868 389; x_wconf 88' lang='lat' dir='ltr'>propter</span> <span class='ocrx_word' id='word_1_8' title='bbox 884 348 1038 378; x_wconf 91' lang='lat' dir='ltr'>unionem</span> <span class='ocrx_word' id='word_1_9' title='bbox 1055 356 1130 377; x_wconf 90' lang='lat' dir='ltr'>cum</span> <span class='ocrx_word' id='word_1_10' title='bbox 1146 355 1236 376; x_wconf 88' lang='lat' dir='ltr'>carne</span> 
     </span>
     <span class='ocr_line' id='line_1_3' title="bbox 164 391 1238 436; baseline -0.007 -9"><span class='ocrx_word' id='word_1_11' title='bbox 164 396 393 427; x_wconf 86' lang='lat' dir='ltr'>transferentes.</span> <span class='ocrx_word' id='word_1_12' title='bbox 415 396 578 436; x_wconf 87' lang='lat' dir='ltr'>Sophistas</span> <span class='ocrx_word' id='word_1_13' title='bbox 596 394 777 425; x_wconf 84' lang='lat' dir='ltr'>Platonicos</span> <span class='ocrx_word' id='word_1_14' title='bbox 798 398 927 423; x_wconf 91' lang='lat' dir='ltr'>secutus</span> <span class='ocrx_word' id='word_1_15' title='bbox 950 397 996 421; x_wconf 87' lang='lat' dir='ltr'>est</span> <span class='ocrx_word' id='word_1_16' title='bbox 1014 391 1238 431; x_wconf 89' lang='lat' dir='ltr'>Apollinarius</span> 
     </span>
     <span class='ocr_line' id='line_1_4' title="bbox 165 433 1239 483; baseline -0.007 -12"><span class='ocrx_word' id='word_1_17' title='bbox 165 439 272 483; x_wconf 88' lang='lat' dir='ltr'>(verba</span> <span class='ocrx_word' id='word_1_18' title='bbox 296 448 370 471; x_wconf 91' lang='lat' dir='ltr'>sunt</span> <span class='ocrx_word' id='word_1_19' title='bbox 387 440 526 470; x_wconf 90' lang='lat' dir='ltr'>Nemesii</span> <span class='ocrx_word' id='word_1_20' title='bbox 551 439 650 479; x_wconf 89' lang='lat' dir='ltr'>capite</span> <span class='ocrx_word' id='word_1_21' title='bbox 671 449 682 468; x_wconf 89' lang='lat'>1</span> <span class='ocrx_word' id='word_1_22' title='bbox 702 438 740 467; x_wconf 93' lang='lat' dir='ltr'>de</span> <span class='ocrx_word' id='word_1_23' title='bbox 759 438 878 467; x_wconf 87' lang='lat' dir='ltr'>Natura</span> <span class='ocrx_word' id='word_1_24' title='bbox 897 433 1050 477; x_wconf 90' lang='lat' dir='ltr'>hominis)</span> <span class='ocrx_word' id='word_1_25' title='bbox 1070 435 1125 475; x_wconf 92' lang='lat' dir='ltr'>qui</span> <span class='ocrx_word' id='word_1_26' title='bbox 1147 434 1239 464; x_wconf 89' lang='lat' dir='ltr'>aliud</span> 
     </span>
     <span class='ocr_line' id='line_1_5' title="bbox 166 479 1238 522; baseline -0.007 -6"><span class='ocrx_word' id='word_1_27' title='bbox 166 495 234 516; x_wconf 87' lang='lat' dir='ltr'>esse</span> <span class='ocrx_word' id='word_1_28' title='bbox 263 486 425 522; x_wconf 90' lang='lat' dir='ltr'>animum,</span> <span class='ocrx_word' id='word_1_29' title='bbox 458 484 550 514; x_wconf 89' lang='lat' dir='ltr'>aliud</span> <span class='ocrx_word' id='word_1_30' title='bbox 573 483 816 522; x_wconf 80' lang='lat' dir='ltr'><em>intelligentiam</em></span> <span class='ocrx_word' id='word_1_31' title='bbox 846 479 1045 516; x_wconf 83' lang='lat' dir='ltr'><em>statuebant,</em></span> <span class='ocrx_word' id='word_1_32' title='bbox 1078 486 1172 519; x_wconf 86' lang='lat' dir='ltr'>atque</span> <span class='ocrx_word' id='word_1_33' title='bbox 1197 488 1238 509; x_wconf 89' lang='lat' dir='ltr'>ex</span> 
     </span>
     <span class='ocr_line' id='line_1_6' title="bbox 167 523 1237 564; baseline -0.007 -4"><span class='ocrx_word' id='word_1_34' title='bbox 167 523 269 561; x_wconf 85' lang='lat' dir='ltr'>tribus</span> <span class='ocrx_word' id='word_1_35' title='bbox 291 530 447 560; x_wconf 87' lang='lat' dir='ltr'>hominem</span> <span class='ocrx_word' id='word_1_36' title='bbox 473 533 620 559; x_wconf 84' lang='lat' dir='ltr'>constare</span> <span class='ocrx_word' id='word_1_37' title='bbox 643 526 770 562; x_wconf 86' lang='lat' dir='ltr'>volunt,</span> <span class='ocrx_word' id='word_1_38' title='bbox 796 533 940 564; x_wconf 91' lang='lat' dir='ltr'>corpore,</span> <span class='ocrx_word' id='word_1_39' title='bbox 966 524 1090 560; x_wconf 86' lang='lat' dir='ltr'>animo,</span> <span class='ocrx_word' id='word_1_40' title='bbox 1122 523 1237 553; x_wconf 88' lang='lat' dir='ltr'>intelli-</span> 
     </span>
     <span class='ocr_line' id='line_1_7' title="bbox 165 568 1237 615; baseline -0.007 -10"><span class='ocrx_word' id='word_1_41' title='bbox 165 575 294 615; x_wconf 85' lang='lat' dir='ltr'>gentia:</span> <span class='ocrx_word' id='word_1_42' title='bbox 317 584 382 614; x_wconf 91' lang='lat' dir='ltr'>quo</span> <span class='ocrx_word' id='word_1_43' title='bbox 406 573 564 612; x_wconf 85' lang='lat' dir='ltr'><em>opinionis</em></span> <span class='ocrx_word' id='word_1_44' title='bbox 586 580 666 601; x_wconf 89' lang='lat' dir='ltr'>suae</span> <span class='ocrx_word' id='word_1_45' title='bbox 684 571 766 600; x_wconf 90' lang='lat' dir='ltr'>iacto</span> <span class='ocrx_word' id='word_1_46' title='bbox 781 568 1012 609; x_wconf 89' lang='lat' dir='ltr'>fundament0,</span> <span class='ocrx_word' id='word_1_47' title='bbox 1034 568 1160 608; x_wconf 88' lang='lat' dir='ltr'>reliqua</span> <span class='ocrx_word' id='word_1_48' title='bbox 1178 577 1237 598; x_wconf 90' lang='lat' dir='ltr'>suo</span> 
     </span>
     <span class='ocr_line' id='line_1_8' title="bbox 167 611 1238 659; baseline -0.008 -10"><span class='ocrx_word' id='word_1_49' title='bbox 167 619 312 659; x_wconf 83' lang='lat' dir='ltr'><em>dogmati</em></span> <span class='ocrx_word' id='word_1_50' title='bbox 330 618 552 648; x_wconf 91' lang='lat' dir='ltr'>convenienter</span> <span class='ocrx_word' id='word_1_51' title='bbox 570 615 742 645; x_wconf 81' lang='lat' dir='ltr'><em>adstruxit.</em></span> <span class='ocrx_word' id='word_1_52' title='bbox 760 613 843 643; x_wconf 93' lang='lat' dir='ltr'>Hinc</span> <span class='ocrx_word' id='word_1_53' title='bbox 863 612 1016 642; x_wconf 88' lang='lat' dir='ltr'>inferebat</span> <span class='ocrx_word' id='word_1_54' title='bbox 1034 611 1096 649; x_wconf 91' lang='lat' dir='ltr'>ille,</span> <span class='ocrx_word' id='word_1_55' title='bbox 1117 612 1238 642; x_wconf 90' lang='lat' dir='ltr'>nedum</span> 
     </span>
     <span class='ocr_line' id='line_1_9' title="bbox 168 656 1237 700; baseline -0.007 -7"><span class='ocrx_word' id='word_1_56' title='bbox 168 672 265 693; x_wconf 91' lang='lat' dir='ltr'>unam</span> <span class='ocrx_word' id='word_1_57' title='bbox 289 671 354 692; x_wconf 89' lang='lat' dir='ltr'>esse</span> <span class='ocrx_word' id='word_1_58' title='bbox 379 661 495 691; x_wconf 91' lang='lat' dir='ltr'>Christi</span> <span class='ocrx_word' id='word_1_59' title='bbox 519 668 688 700; x_wconf 88' lang='lat' dir='ltr'>personam</span> <span class='ocrx_word' id='word_1_60' title='bbox 711 664 742 687; x_wconf 93' lang='lat' dir='ltr'>et</span> <span class='ocrx_word' id='word_1_61' title='bbox 765 656 974 698; x_wconf 85' lang='lat' dir='ltr'>hypostasim,</span> <span class='ocrx_word' id='word_1_62' title='bbox 998 666 1111 686; x_wconf 88' lang='lat' dir='ltr'>verum</span> <span class='ocrx_word' id='word_1_63' title='bbox 1135 663 1165 686; x_wconf 90' lang='lat' dir='ltr'>et</span> <span class='ocrx_word' id='word_1_64' title='bbox 1183 666 1237 686; x_wconf 88' lang='lat' dir='ltr'>na-</span> 
     </span>
     <span class='ocr_line' id='line_1_10' title="bbox 167 700 1237 741; baseline -0.007 -4"><span class='ocrx_word' id='word_1_65' title='bbox 167 714 271 738; x_wconf 87' lang='lat' dir='ltr'>turam</span> <span class='ocrx_word' id='word_1_66' title='bbox 294 715 401 735; x_wconf 88' lang='lat' dir='ltr'>unam.</span> <span class='ocrx_word' id='word_1_67' title='bbox 426 705 516 735; x_wconf 88' lang='lat' dir='ltr'>Hanc</span> <span class='ocrx_word' id='word_1_68' title='bbox 540 703 738 733; x_wconf 86' lang='lat' dir='ltr'>anathemate</span> <span class='ocrx_word' id='word_1_69' title='bbox 762 707 984 741; x_wconf 86' lang='lat' dir='ltr'>percusserunt</span> <span class='ocrx_word' id='word_1_70' title='bbox 1007 700 1162 730; x_wconf 83' lang='lat' dir='ltr'>haeresim</span> <span class='ocrx_word' id='word_1_71' title='bbox 1181 700 1237 741; x_wconf 90' lang='lat' dir='ltr'>Sy-</span> 
     </span>
     <span class='ocr_line' id='line_1_11' title="bbox 168 745 1236 783; baseline -0.006 -3"><span class='ocrx_word' id='word_1_72' title='bbox 168 751 271 781; x_wconf 91' lang='lat' dir='ltr'>nodus</span> <span class='ocrx_word' id='word_1_73' title='bbox 294 749 503 779; x_wconf 89' lang='lat' dir='ltr'>Alexandrina</span> <span class='ocrx_word' id='word_1_74' title='bbox 527 748 585 777; x_wconf 92' lang='lat' dir='ltr'>sub</span> <span class='ocrx_word' id='word_1_75' title='bbox 609 745 783 777; x_wconf 86' lang='lat' dir='ltr'>Athanasio</span> <span class='ocrx_word' id='word_1_76' title='bbox 807 755 892 775; x_wconf 89' lang='lat' dir='ltr'>anno</span> <span class='ocrx_word' id='word_1_77' title='bbox 919 745 992 783; x_wconf 85' lang='lat'>362,</span> <span class='ocrx_word' id='word_1_78' title='bbox 1008 745 1154 774; x_wconf 90' lang='lat' dir='ltr'>Romana</span> <span class='ocrx_word' id='word_1_79' title='bbox 1178 745 1236 775; x_wconf 90' lang='lat' dir='ltr'>sub</span> 
     </span>
     <span class='ocr_line' id='line_1_12' title="bbox 167 789 1239 833; baseline -0.005 -9"><span class='ocrx_word' id='word_1_80' title='bbox 167 795 305 825; x_wconf 86' lang='lat' dir='ltr'>Damaso</span> <span class='ocrx_word' id='word_1_81' title='bbox 329 794 413 833; x_wconf 91' lang='lat' dir='ltr'>Papa</span> <span class='ocrx_word' id='word_1_82' title='bbox 441 802 525 822; x_wconf 90' lang='lat' dir='ltr'>anno</span> <span class='ocrx_word' id='word_1_83' title='bbox 550 791 669 822; x_wconf 89' lang='lat' dir='ltr'>circiter</span> <span class='ocrx_word' id='word_1_84' title='bbox 687 791 760 831; x_wconf 84' lang='lat'>373,</span> <span class='ocrx_word' id='word_1_85' title='bbox 780 789 981 820; x_wconf 87' lang='lat' dir='ltr'>Antiochena</span> <span class='ocrx_word' id='word_1_86' title='bbox 1007 799 1091 819; x_wconf 91' lang='lat' dir='ltr'>anno</span> <span class='ocrx_word' id='word_1_87' title='bbox 1122 789 1183 831; x_wconf 83' lang='lat'>378</span> <span class='ocrx_word' id='word_1_88' title='bbox 1209 795 1239 819; x_wconf 86' lang='lat' dir='ltr'>et</span> 
     </span>
     <span class='ocr_line' id='line_1_13' title="bbox 168 833 1128 876; baseline -0.005 -8"><span class='ocrx_word' id='word_1_89' title='bbox 168 837 519 876; x_wconf 86' lang='lat' dir='ltr'>Constantinopolitana</span> <span class='ocrx_word' id='word_1_90' title='bbox 543 834 759 866; x_wconf 90' lang='lat' dir='ltr'>Oecumenica</span> <span class='ocrx_word' id='word_1_91' title='bbox 782 834 921 864; x_wconf 91' lang='lat' dir='ltr'>secunda</span> <span class='ocrx_word' id='word_1_92' title='bbox 944 843 1029 863; x_wconf 88' lang='lat' dir='ltr'>anno</span> <span class='ocrx_word' id='word_1_93' title='bbox 1056 833 1128 864; x_wconf 83' lang='lat'>381.</span> 
     </span>
    </p>

    <p class='ocr_par' dir='ltr' id='par_1_3' title="bbox 162 878 1247 2428">
     <span class='ocr_line' id='line_1_14' title="bbox 233 878 1238 919; baseline -0.003 -8"><span class='ocrx_word' id='word_1_94' title='bbox 233 880 499 911; x_wconf 88' lang='lat' dir='ltr'>Luculentissima</span> <span class='ocrx_word' id='word_1_95' title='bbox 527 886 601 910; x_wconf 90' lang='lat' dir='ltr'>sunt</span> <span class='ocrx_word' id='word_1_96' title='bbox 636 879 669 909; x_wconf 91' lang='lat' dir='ltr'>in</span> <span class='ocrx_word' id='word_1_97' title='bbox 700 878 850 919; x_wconf 82' lang='lat' dir='ltr'>operibus</span> <span class='ocrx_word' id='word_1_98' title='bbox 881 878 978 918; x_wconf 89' lang='lat' dir='ltr'>vulgo</span> <span class='ocrx_word' id='word_1_99' title='bbox 1009 878 1238 918; x_wconf 87' lang='lat' dir='ltr'>Areopagiticis</span> 
     </span>
     <span class='ocr_line' id='line_1_15' title="bbox 167 923 1236 965; baseline -0.004 -9"><span class='ocrx_word' id='word_1_100' title='bbox 167 926 356 963; x_wconf 85' lang='lat' dir='ltr'>testimonia,</span> <span class='ocrx_word' id='word_1_101' title='bbox 375 935 457 965; x_wconf 87' lang='lat' dir='ltr'>quae</span> <span class='ocrx_word' id='word_1_102' title='bbox 473 924 610 965; x_wconf 89' lang='lat' dir='ltr'>impium</span> <span class='ocrx_word' id='word_1_103' title='bbox 628 924 726 954; x_wconf 91' lang='lat' dir='ltr'>hocce</span> <span class='ocrx_word' id='word_1_104' title='bbox 743 924 862 963; x_wconf 85' lang='lat' dir='ltr'>dogma</span> <span class='ocrx_word' id='word_1_105' title='bbox 881 923 1024 953; x_wconf 88' lang='lat' dir='ltr'>funditus</span> <span class='ocrx_word' id='word_1_106' title='bbox 1044 923 1236 954; x_wconf 89' lang='lat' dir='ltr'>convellunt.</span> 
     </span>
     <span class='ocr_line' id='line_1_16' title="bbox 166 967 1239 1009; baseline -0.003 -9"><span class='ocrx_word' id='word_1_107' title='bbox 166 971 214 1001; x_wconf 92' lang='lat' dir='ltr'>De</span> <span class='ocrx_word' id='word_1_108' title='bbox 237 970 348 1000; x_wconf 85' lang='lat' dir='ltr'>libellis</span> <span class='ocrx_word' id='word_1_109' title='bbox 367 969 521 1009; x_wconf 89' lang='lat' dir='ltr'>Gregorio</span> <span class='ocrx_word' id='word_1_110' title='bbox 540 969 795 1007; x_wconf 84' lang='lat' dir='ltr'>ThaumaturgO,</span> <span class='ocrx_word' id='word_1_111' title='bbox 816 967 912 998; x_wconf 88' lang='lat' dir='ltr'>Felici</span> <span class='ocrx_word' id='word_1_112' title='bbox 932 974 963 998; x_wconf 90' lang='lat' dir='ltr'>et</span> <span class='ocrx_word' id='word_1_113' title='bbox 985 967 1065 998; x_wconf 90' lang='lat' dir='ltr'>Iulio</span> <span class='ocrx_word' id='word_1_114' title='bbox 1085 967 1239 997; x_wconf 89' lang='lat' dir='ltr'>Romanis</span> 
     </span>
     <span class='ocr_line' id='line_1_17' title="bbox 166 1012 1239 1052; baseline -0.003 -8"><span class='ocrx_word' id='word_1_115' title='bbox 166 1013 371 1045; x_wconf 87' lang='lat' dir='ltr'>Pontificibus</span> <span class='ocrx_word' id='word_1_116' title='bbox 395 1013 550 1044; x_wconf 84' lang='lat' dir='ltr'>attributis</span> <span class='ocrx_word' id='word_1_117' title='bbox 574 1020 604 1043; x_wconf 92' lang='lat' dir='ltr'>et</span> <span class='ocrx_word' id='word_1_118' title='bbox 628 1023 664 1043; x_wconf 86' lang='lat' dir='ltr'>ex</span> <span class='ocrx_word' id='word_1_119' title='bbox 688 1012 987 1052; x_wconf 86' lang='lat' dir='ltr'>Apollinaristarum</span> <span class='ocrx_word' id='word_1_120' title='bbox 1014 1012 1139 1042; x_wconf 88' lang='lat' dir='ltr'>officina</span> <span class='ocrx_word' id='word_1_121' title='bbox 1164 1021 1239 1051; x_wconf 92' lang='lat' dir='ltr'>pro-</span> 
     </span>
     <span class='ocr_line' id='line_1_18' title="bbox 167 1056 1239 1098; baseline -0.003 -9"><span class='ocrx_word' id='word_1_122' title='bbox 167 1059 347 1096; x_wconf 87' lang='lat' dir='ltr'>deuntibus,</span> <span class='ocrx_word' id='word_1_123' title='bbox 373 1058 398 1088; x_wconf 90' lang='lat' dir='ltr'>si</span> <span class='ocrx_word' id='word_1_124' title='bbox 422 1058 578 1089; x_wconf 89' lang='lat' dir='ltr'>credimus</span> <span class='ocrx_word' id='word_1_125' title='bbox 598 1057 739 1098; x_wconf 87' lang='lat' dir='ltr'>Hypatio</span> <span class='ocrx_word' id='word_1_126' title='bbox 763 1056 796 1086; x_wconf 94' lang='lat' dir='ltr'>in</span> <span class='ocrx_word' id='word_1_127' title='bbox 820 1066 913 1097; x_wconf 82' lang='lat' dir='ltr'>saepe</span> <span class='ocrx_word' id='word_1_128' title='bbox 936 1056 1063 1087; x_wconf 90' lang='lat' dir='ltr'>laudata</span> <span class='ocrx_word' id='word_1_129' title='bbox 1082 1056 1239 1087; x_wconf 91' lang='lat' dir='ltr'>Constan—</span> 
     </span>
     <span class='ocr_line' id='line_1_19' title="bbox 168 1101 1240 1143; baseline -0.002 -10"><span class='ocrx_word' id='word_1_130' title='bbox 168 1103 378 1143; x_wconf 86' lang='lat' dir='ltr'>tinopolitana</span> <span class='ocrx_word' id='word_1_131' title='bbox 402 1102 582 1139; x_wconf 89' lang='lat' dir='ltr'>collatione,</span> <span class='ocrx_word' id='word_1_132' title='bbox 607 1102 668 1132; x_wconf 91' lang='lat' dir='ltr'>hoc</span> <span class='ocrx_word' id='word_1_133' title='bbox 692 1101 764 1131; x_wconf 92' lang='lat' dir='ltr'>loco</span> <span class='ocrx_word' id='word_1_134' title='bbox 788 1111 855 1131; x_wconf 92' lang='lat' dir='ltr'>non</span> <span class='ocrx_word' id='word_1_135' title='bbox 879 1111 950 1141; x_wconf 89' lang='lat' dir='ltr'>ago.</span> <span class='ocrx_word' id='word_1_136' title='bbox 975 1101 1080 1131; x_wconf 92' lang='lat' dir='ltr'>Pauca</span> <span class='ocrx_word' id='word_1_137' title='bbox 1098 1103 1240 1141; x_wconf 89' lang='lat' dir='ltr'>Areopa-</span> 
     </span>
     <span class='ocr_line' id='line_1_20' title="bbox 167 1145 1240 1187; baseline -0.003 -9"><span class='ocrx_word' id='word_1_138' title='bbox 167 1147 337 1187; x_wconf 89' lang='lat' dir='ltr'>giticorum</span> <span class='ocrx_word' id='word_1_139' title='bbox 351 1147 490 1187; x_wconf 87' lang='lat' dir='ltr'>proferre</span> <span class='ocrx_word' id='word_1_140' title='bbox 500 1146 571 1177; x_wconf 87' lang='lat' dir='ltr'>loca</span> <span class='ocrx_word' id='word_1_141' title='bbox 581 1146 683 1183; x_wconf 89' lang='lat' dir='ltr'>liceat,</span> <span class='ocrx_word' id='word_1_142' title='bbox 693 1155 834 1186; x_wconf 91' lang='lat' dir='ltr'>quorum</span> <span class='ocrx_word' id='word_1_143' title='bbox 845 1145 986 1185; x_wconf 89' lang='lat' dir='ltr'>primum</span> <span class='ocrx_word' id='word_1_144' title='bbox 1001 1145 1033 1175; x_wconf 91' lang='lat' dir='ltr'>in</span> <span class='ocrx_word' id='word_1_145' title='bbox 1044 1145 1187 1185; x_wconf 89' lang='lat' dir='ltr'>Epistola</span> <span class='ocrx_word' id='word_1_146' title='bbox 1199 1145 1240 1175; x_wconf 89' lang='lat' dir='ltr'>lv</span> 
     </span>
     <span class='ocr_line' id='line_1_21' title="bbox 168 1189 1242 1222; baseline -0.002 0"><span class='ocrx_word' id='word_1_147' title='bbox 168 1192 208 1222; x_wconf 93' lang='lat' dir='ltr'>ad</span> <span class='ocrx_word' id='word_1_148' title='bbox 227 1191 344 1222; x_wconf 89' lang='lat' dir='ltr'>Caium</span> <span class='ocrx_word' id='word_1_149' title='bbox 367 1191 563 1222; x_wconf 89' lang='lat' dir='ltr'>monachum</span> <span class='ocrx_word' id='word_1_150' title='bbox 587 1191 733 1221; x_wconf 85' lang='lat' dir='ltr'>habetur:</span> <span class='ocrx_word' id='word_1_151' title='bbox 753 1190 889 1220; x_wconf 90' lang='lat' dir='ltr'>Iesus...</span> <span class='ocrx_word' id='word_1_152' title='bbox 905 1191 1041 1220; x_wconf 89' lang='lat' dir='ltr'>caeteris</span> <span class='ocrx_word' id='word_1_153' title='bbox 1063 1189 1242 1220; x_wconf 90' lang='lat' dir='ltr'>hominibus</span> 
     </span>
     <span class='ocr_line' id='line_1_22' title="bbox 168 1235 1240 1276; baseline -0.002 -10"><span class='ocrx_word' id='word_1_154' title='bbox 168 1236 422 1266; x_wconf 84' lang='lat' dir='ltr'>substantialiter</span> <span class='ocrx_word' id='word_1_155' title='bbox 435 1240 642 1276; x_wconf 84' lang='lat' dir='ltr'>aggregatus</span> <span class='ocrx_word' id='word_1_156' title='bbox 656 1240 733 1265; x_wconf 89' lang='lat' dir='ltr'>est...</span> <span class='ocrx_word' id='word_1_157' title='bbox 746 1235 936 1275; x_wconf 85' lang='lat' dir='ltr'>inquantum</span> <span class='ocrx_word' id='word_1_158' title='bbox 952 1239 998 1264; x_wconf 92' lang='lat' dir='ltr'>est</span> <span class='ocrx_word' id='word_1_159' title='bbox 1012 1244 1126 1264; x_wconf 89' lang='lat' dir='ltr'>revera</span> <span class='ocrx_word' id='word_1_160' title='bbox 1137 1235 1240 1271; x_wconf 91' lang='lat' dir='ltr'>homo,</span> 
     </span>
     <span class='ocr_line' id='line_1_23' title="bbox 169 1276 1240 1316; baseline -0.003 -5"><span class='ocrx_word' id='word_1_161' title='bbox 169 1280 343 1311; x_wconf 90' lang='lat' dir='ltr'>secundum</span> <span class='ocrx_word' id='word_1_162' title='bbox 369 1286 466 1311; x_wconf 88' lang='lat' dir='ltr'>totam</span> <span class='ocrx_word' id='word_1_163' title='bbox 491 1281 628 1310; x_wconf 90' lang='lat' dir='ltr'>hominis</span> <span class='ocrx_word' id='word_1_164' title='bbox 652 1279 874 1316; x_wconf 83' lang='lat' dir='ltr'>substantiam,</span> <span class='ocrx_word' id='word_1_165' title='bbox 900 1277 974 1310; x_wconf 81' lang='grc' dir='ltr'>κατ’</span> <span class='ocrx_word' id='word_1_166' title='bbox 1005 1278 1121 1309; x_wconf 78' lang='grc' dir='ltr'><strong>οὐσίαν</strong></span> <span class='ocrx_word' id='word_1_167' title='bbox 1148 1276 1240 1314; x_wconf 80' lang='grc' dir='ltr'><strong>ὅλην.</strong></span> 
     </span>
     <span class='ocr_line' id='line_1_24' title="bbox 169 1323 1241 1365; baseline -0.002 -10"><span class='ocrx_word' id='word_1_168' title='bbox 169 1325 204 1354; x_wconf 90' lang='lat' dir='ltr'>ln</span> <span class='ocrx_word' id='word_1_169' title='bbox 224 1325 368 1362; x_wconf 87' lang='lat' dir='ltr'>Scholiis,</span> <span class='ocrx_word' id='word_1_170' title='bbox 393 1334 534 1365; x_wconf 90' lang='lat' dir='ltr'>quorum</span> <span class='ocrx_word' id='word_1_171' title='bbox 553 1324 658 1364; x_wconf 89' lang='lat' dir='ltr'>aliqua</span> <span class='ocrx_word' id='word_1_172' title='bbox 678 1324 811 1354; x_wconf 87' lang='lat' dir='ltr'>Ioannes</span> <span class='ocrx_word' id='word_1_173' title='bbox 831 1323 1112 1364; x_wconf 89' lang='lat' dir='ltr'>Scythopolitanus</span> <span class='ocrx_word' id='word_1_174' title='bbox 1134 1323 1241 1361; x_wconf 88' lang='lat' dir='ltr'>edidit,</span> 
     </span>
     <span class='ocr_line' id='line_1_25' title="bbox 167 1367 1244 1408; baseline -0.002 -8"><span class='ocrx_word' id='word_1_175' title='bbox 167 1369 344 1400; x_wconf 88' lang='lat' dir='ltr'>lucubravit</span> <span class='ocrx_word' id='word_1_176' title='bbox 363 1369 423 1399; x_wconf 90' lang='lat' dir='ltr'>alia</span> <span class='ocrx_word' id='word_1_177' title='bbox 441 1368 598 1399; x_wconf 86' lang='lat' dir='ltr'>Maximus</span> <span class='ocrx_word' id='word_1_178' title='bbox 618 1374 746 1408; x_wconf 90' lang='lat' dir='ltr'>martyr,</span> <span class='ocrx_word' id='word_1_179' title='bbox 770 1367 873 1407; x_wconf 90' lang='lat' dir='ltr'>legere</span> <span class='ocrx_word' id='word_1_180' title='bbox 896 1367 973 1397; x_wconf 87' lang='lat' dir='ltr'>haec</span> <span class='ocrx_word' id='word_1_181' title='bbox 997 1374 1057 1398; x_wconf 88' lang='lat' dir='ltr'>est:</span> <span class='ocrx_word' id='word_1_182' title='bbox 1086 1381 1100 1396; x_wconf 72' lang='grc' dir='ltr'>ιι</span> <span class='ocrx_word' id='word_1_183' title='bbox 1122 1368 1162 1398; x_wconf 90' lang='lat' dir='ltr'>In</span> <span class='ocrx_word' id='word_1_184' title='bbox 1183 1368 1244 1398; x_wconf 87' lang='lat' dir='ltr'>hac</span> 
     </span>
     <span class='ocr_line' id='line_1_26' title="bbox 171 1411 1243 1454; baseline -0.002 -10"><span class='ocrx_word' id='word_1_185' title='bbox 171 1427 186 1441; x_wconf 86' lang='lat'>»</span> <span class='ocrx_word' id='word_1_186' title='bbox 208 1419 314 1444; x_wconf 88' lang='lat' dir='ltr'>autem</span> <span class='ocrx_word' id='word_1_187' title='bbox 333 1413 579 1454; x_wconf 82' lang='lat' dir='ltr'>dispensatione,</span> <span class='ocrx_word' id='word_1_188' title='bbox 599 1419 764 1452; x_wconf 87' lang='lat' dir='ltr'>tamquam</span> <span class='ocrx_word' id='word_1_189' title='bbox 784 1412 962 1442; x_wconf 86' lang='lat' dir='ltr'>secundum</span> <span class='ocrx_word' id='word_1_190' title='bbox 983 1418 1084 1442; x_wconf 88' lang='lat' dir='ltr'>totam</span> <span class='ocrx_word' id='word_1_191' title='bbox 1102 1411 1243 1442; x_wconf 90' lang='lat' dir='ltr'>hominis</span> 
     </span>
     <span class='ocr_line' id='line_1_27' title="bbox 171 1456 1242 1488; baseline -0.001 -2"><span class='ocrx_word' id='word_1_192' title='bbox 171 1471 186 1486; x_wconf 79' lang='lat'>»</span> <span class='ocrx_word' id='word_1_193' title='bbox 209 1458 417 1488; x_wconf 83' lang='lat' dir='ltr'>substantiam</span> <span class='ocrx_word' id='word_1_194' title='bbox 441 1457 651 1488; x_wconf 87' lang='lat' dir='ltr'>substantialis</span> <span class='ocrx_word' id='word_1_195' title='bbox 670 1457 770 1486; x_wconf 88' lang='lat' dir='ltr'>homo</span> <span class='ocrx_word' id='word_1_196' title='bbox 795 1456 954 1486; x_wconf 91' lang='lat' dir='ltr'>dicitur...</span> <span class='ocrx_word' id='word_1_197' title='bbox 971 1456 1112 1487; x_wconf 88' lang='lat' dir='ltr'>Observa</span> <span class='ocrx_word' id='word_1_198' title='bbox 1135 1463 1242 1487; x_wconf 90' lang='lat' dir='ltr'>autem</span> 
     </span>
     <span class='ocr_line' id='line_1_28' title="bbox 172 1500 1243 1542; baseline -0.001 -11"><span class='ocrx_word' id='word_1_199' title='bbox 172 1515 187 1530; x_wconf 59' lang='lat' dir='ltr'>a»</span> <span class='ocrx_word' id='word_1_200' title='bbox 209 1509 315 1533; x_wconf 89' lang='lat' dir='ltr'>totum</span> <span class='ocrx_word' id='word_1_201' title='bbox 333 1502 494 1542; x_wconf 89' lang='lat' dir='ltr'>Epistolae</span> <span class='ocrx_word' id='word_1_202' title='bbox 518 1507 712 1538; x_wconf 88' lang='lat' dir='ltr'>contextum,</span> <span class='ocrx_word' id='word_1_203' title='bbox 737 1500 893 1541; x_wconf 87' lang='lat' dir='ltr'>quoniam</span> <span class='ocrx_word' id='word_1_204' title='bbox 916 1506 963 1530; x_wconf 92' lang='lat' dir='ltr'>est</span> <span class='ocrx_word' id='word_1_205' title='bbox 982 1507 1091 1531; x_wconf 91' lang='lat' dir='ltr'>contra</span> <span class='ocrx_word' id='word_1_206' title='bbox 1110 1510 1243 1531; x_wconf 89' lang='lat' dir='ltr'>omnem</span> 
     </span>
     <span class='ocr_line' id='line_1_29' title="bbox 172 1545 1244 1586; baseline -0.001 -10"><span class='ocrx_word' id='word_1_207' title='bbox 172 1559 188 1574; x_wconf 82' lang='lat'>»</span> <span class='ocrx_word' id='word_1_208' title='bbox 210 1547 375 1584; x_wconf 88' lang='lat' dir='ltr'>haeresim,</span> <span class='ocrx_word' id='word_1_209' title='bbox 394 1546 653 1586; x_wconf 81' lang='lat' dir='ltr'>tamantiquam,</span> <span class='ocrx_word' id='word_1_210' title='bbox 669 1555 767 1585; x_wconf 88' lang='lat' dir='ltr'>quam</span> <span class='ocrx_word' id='word_1_211' title='bbox 786 1554 913 1574; x_wconf 89' lang='lat' dir='ltr'>novam.</span> <span class='ocrx_word' id='word_1_212' title='bbox 929 1556 943 1571; x_wconf 83' lang='lat'><strong>»</strong></span> <span class='ocrx_word' id='word_1_213' title='bbox 967 1545 1015 1575; x_wconf 85' lang='lat' dir='ltr'>De</span> <span class='ocrx_word' id='word_1_214' title='bbox 1038 1545 1244 1575; x_wconf 88' lang='lat' dir='ltr'>ecclesiastica</span> 
     </span>
     <span class='ocr_line' id='line_1_30' title="bbox 172 1588 1245 1631; baseline -0.001 -10"><span class='ocrx_word' id='word_1_215' title='bbox 172 1590 354 1621; x_wconf 86' lang='lat' dir='ltr'>Hierarchia</span> <span class='ocrx_word' id='word_1_216' title='bbox 378 1601 444 1631; x_wconf 85' lang='lat' dir='ltr'>cap.</span> <span class='ocrx_word' id='word_1_217' title='bbox 463 1601 506 1628; x_wconf 92' lang='lat'>111,</span> <span class='ocrx_word' id='word_1_218' title='bbox 525 1600 555 1620; x_wconf 91' lang='lat' dir='ltr'>n.</span> <span class='ocrx_word' id='word_1_219' title='bbox 576 1591 606 1627; x_wconf 87' lang='lat'>3,</span> <span class='ocrx_word' id='word_1_220' title='bbox 622 1589 649 1629; x_wconf 61' lang='grc' dir='ltr'>θ.</span> <span class='ocrx_word' id='word_1_221' title='bbox 675 1600 695 1630; x_wconf 93' lang='lat'><strong><em>7</em></strong></span> <span class='ocrx_word' id='word_1_222' title='bbox 719 1589 751 1619; x_wconf 88' lang='lat' dir='ltr'>in</span> <span class='ocrx_word' id='word_1_223' title='bbox 775 1588 837 1619; x_wconf 90' lang='lat' dir='ltr'>fine</span> <span class='ocrx_word' id='word_1_224' title='bbox 861 1588 1012 1628; x_wconf 88' lang='lat' dir='ltr'>legimus:</span> <span class='ocrx_word' id='word_1_225' title='bbox 1032 1589 1245 1630; x_wconf 78' lang='lat' dir='ltr'>Perfectaque</span> 
     </span>
     <span class='ocr_line' id='line_1_31' title="bbox 171 1633 1244 1674; baseline -0.001 -9"><span class='ocrx_word' id='word_1_226' title='bbox 171 1645 281 1665; x_wconf 90' lang='lat' dir='ltr'>rerum</span> <span class='ocrx_word' id='word_1_227' title='bbox 306 1636 496 1666; x_wconf 86' lang='lat' dir='ltr'>nostratium</span> <span class='ocrx_word' id='word_1_228' title='bbox 521 1635 747 1674; x_wconf 80' lang='lat' dir='ltr'>assumptione,</span> <span class='ocrx_word' id='word_1_229' title='bbox 767 1643 903 1663; x_wconf 90' lang='lat' dir='ltr'>suarum</span> <span class='ocrx_word' id='word_1_230' title='bbox 924 1643 982 1664; x_wconf 91' lang='lat' dir='ltr'>nos</span> <span class='ocrx_word' id='word_1_231' title='bbox 1000 1635 1177 1674; x_wconf 83' lang='lat' dir='ltr'>participes</span> <span class='ocrx_word' id='word_1_232' title='bbox 1196 1633 1244 1674; x_wconf 81' lang='lat' dir='ltr'>ef-</span> 
     </span>
     <span class='ocr_line' id='line_1_32' title="bbox 162 1677 1244 1720; baseline -0.002 -10"><span class='ocrx_word' id='word_1_233' title='bbox 162 1680 268 1720; x_wconf 86' lang='lat' dir='ltr'>ficiat.</span> <span class='ocrx_word' id='word_1_234' title='bbox 299 1679 486 1710; x_wconf 88' lang='lat' dir='ltr'>Scholiastes</span> <span class='ocrx_word' id='word_1_235' title='bbox 515 1678 575 1708; x_wconf 83' lang='lat' dir='ltr'>ait:</span> <span class='ocrx_word' id='word_1_236' title='bbox 607 1690 622 1706; x_wconf 78' lang='grc'><strong>«</strong></span> <span class='ocrx_word' id='word_1_237' title='bbox 640 1677 797 1718; x_wconf 73' lang='lat' dir='ltr'>Perfecta.</span> <span class='ocrx_word' id='word_1_238' title='bbox 832 1678 917 1708; x_wconf 89' lang='lat' dir='ltr'>Nota</span> <span class='ocrx_word' id='word_1_239' title='bbox 946 1677 1024 1719; x_wconf 91' lang='lat' dir='ltr'>quid</span> <span class='ocrx_word' id='word_1_240' title='bbox 1054 1678 1092 1709; x_wconf 89' lang='lat' dir='ltr'>de</span> <span class='ocrx_word' id='word_1_241' title='bbox 1116 1678 1244 1709; x_wconf 89' lang='lat' dir='ltr'>Christo</span> 
     </span>
     <span class='ocr_line' id='line_1_33' title="bbox 175 1722 1243 1763; baseline 0.002 -12"><span class='ocrx_word' id='word_1_242' title='bbox 175 1737 190 1751; x_wconf 81' lang='lat'>»</span> <span class='ocrx_word' id='word_1_243' title='bbox 214 1723 312 1761; x_wconf 88' lang='lat' dir='ltr'>dicat,</span> <span class='ocrx_word' id='word_1_244' title='bbox 344 1723 407 1754; x_wconf 89' lang='lat' dir='ltr'>sive</span> <span class='ocrx_word' id='word_1_245' title='bbox 439 1723 476 1753; x_wconf 90' lang='lat' dir='ltr'>de</span> <span class='ocrx_word' id='word_1_246' title='bbox 501 1722 649 1763; x_wconf 86' lang='lat' dir='ltr'>perfecta</span> <span class='ocrx_word' id='word_1_247' title='bbox 680 1722 747 1752; x_wconf 91' lang='lat' dir='ltr'>eius</span> <span class='ocrx_word' id='word_1_248' title='bbox 779 1722 997 1762; x_wconf 87' lang='lat' dir='ltr'>assumptione</span> <span class='ocrx_word' id='word_1_249' title='bbox 1021 1722 1243 1761; x_wconf 88' lang='lat' dir='ltr'>humanitatis,</span> 
     </span>
     <span class='ocr_line' id='line_1_34' title="bbox 175 1766 1244 1808; baseline 0.002 -12"><span class='ocrx_word' id='word_1_250' title='bbox 175 1781 189 1795; x_wconf 88' lang='lat'>&gt;›</span> <span class='ocrx_word' id='word_1_251' title='bbox 213 1768 307 1797; x_wconf 88' lang='lat' dir='ltr'>etiam</span> <span class='ocrx_word' id='word_1_252' title='bbox 327 1774 434 1798; x_wconf 86' lang='lat' dir='ltr'>contra</span> <span class='ocrx_word' id='word_1_253' title='bbox 453 1766 697 1806; x_wconf 81' lang='lat' dir='ltr'>Apollinarium.</span> <span class='ocrx_word' id='word_1_254' title='bbox 717 1779 732 1794; x_wconf 68' lang='lat' dir='ltr'>a·</span> <span class='ocrx_word' id='word_1_255' title='bbox 759 1767 800 1797; x_wconf 88' lang='lat' dir='ltr'>Et</span> <span class='ocrx_word' id='word_1_256' title='bbox 823 1767 925 1807; x_wconf 86' lang='lat' dir='ltr'>capite</span> <span class='ocrx_word' id='word_1_257' title='bbox 939 1777 982 1805; x_wconf 94' lang='lat' dir='ltr'>1v,</span> <span class='ocrx_word' id='word_1_258' title='bbox 1002 1777 1091 1798; x_wconf 91' lang='lat' dir='ltr'>num.</span> <span class='ocrx_word' id='word_1_259' title='bbox 1113 1768 1141 1806; x_wconf 85' lang='lat'>3,</span> <span class='ocrx_word' id='word_1_260' title='bbox 1157 1767 1184 1808; x_wconf 72' lang='lat'>§-</span> <span class='ocrx_word' id='word_1_261' title='bbox 1208 1777 1244 1797; x_wconf 91' lang='lat'>10</span> 
     </span>
     <span class='ocr_line' id='line_1_35' title="bbox 171 1809 1244 1855; baseline 0.001 -13"><span class='ocrx_word' id='word_1_262' title='bbox 171 1812 280 1842; x_wconf 90' lang='lat' dir='ltr'>divino</span> <span class='ocrx_word' id='word_1_263' title='bbox 317 1818 481 1851; x_wconf 85' lang='lat' dir='ltr'>unguento</span> <span class='ocrx_word' id='word_1_264' title='bbox 516 1811 661 1842; x_wconf 91' lang='lat' dir='ltr'>Christus</span> <span class='ocrx_word' id='word_1_265' title='bbox 692 1811 878 1849; x_wconf 89' lang='lat' dir='ltr'>denotatur,</span> <span class='ocrx_word' id='word_1_266' title='bbox 911 1809 944 1842; x_wconf 82' lang='grc' dir='ltr'>ἑν</span> <span class='ocrx_word' id='word_1_267' title='bbox 977 1810 1022 1853; x_wconf 77' lang='grc' dir='ltr'>τῇ</span> <span class='ocrx_word' id='word_1_268' title='bbox 1047 1809 1118 1842; x_wconf 57' lang='grc' dir='ltr'>καθ</span> <span class='ocrx_word' id='word_1_269' title='bbox 1155 1810 1244 1855; x_wconf 74' lang='grc' dir='ltr'>ἡμᾶς</span> 
     </span>
     <span class='ocr_line' id='line_1_36' title="bbox 172 1852 1245 1899; baseline 0.001 -13"><span class='ocrx_word' id='word_1_270' title='bbox 172 1855 270 1896; x_wconf 81' lang='grc' dir='ltr'>ὁλικῇ</span> <span class='ocrx_word' id='word_1_271' title='bbox 296 1854 376 1899; x_wconf 74' lang='grc' dir='ltr'>πρὸς</span> <span class='ocrx_word' id='word_1_272' title='bbox 404 1853 565 1890; x_wconf 77' lang='grc' dir='ltr'><strong>ἀλήθειαν</strong></span> <span class='ocrx_word' id='word_1_273' title='bbox 598 1852 868 1898; x_wconf 75' lang='grc' dir='ltr'><strong>ἐνανθρωπήσει,</strong></span> <span class='ocrx_word' id='word_1_274' title='bbox 901 1857 933 1886; x_wconf 92' lang='lat' dir='ltr'>in</span> <span class='ocrx_word' id='word_1_275' title='bbox 966 1857 1058 1887; x_wconf 89' lang='lat' dir='ltr'>totali</span> <span class='ocrx_word' id='word_1_276' title='bbox 1087 1862 1118 1887; x_wconf 92' lang='lat' dir='ltr'>et</span> <span class='ocrx_word' id='word_1_277' title='bbox 1144 1858 1245 1887; x_wconf 88' lang='lat' dir='ltr'>omni-</span> 
     </span>
     <span class='ocr_line' id='line_1_37' title="bbox 172 1900 1246 1942; baseline 0.001 -11"><span class='ocrx_word' id='word_1_278' title='bbox 172 1901 266 1931; x_wconf 89' lang='lat' dir='ltr'>moda</span> <span class='ocrx_word' id='word_1_279' title='bbox 289 1901 462 1931; x_wconf 91' lang='lat' dir='ltr'>secundum</span> <span class='ocrx_word' id='word_1_280' title='bbox 483 1902 649 1931; x_wconf 85' lang='lat' dir='ltr'>veritatem</span> <span class='ocrx_word' id='word_1_281' title='bbox 674 1900 884 1931; x_wconf 85' lang='lat' dir='ltr'>humanitatis</span> <span class='ocrx_word' id='word_1_282' title='bbox 907 1902 1134 1942; x_wconf 88' lang='lat' dir='ltr'>assumptione.</span> <span class='ocrx_word' id='word_1_283' title='bbox 1155 1902 1246 1939; x_wconf 87' lang='lat' dir='ltr'>Quae</span> 
     </span>
     <span class='ocr_line' id='line_1_38' title="bbox 171 1944 1245 1984; baseline 0.001 -9"><span class='ocrx_word' id='word_1_284' title='bbox 171 1946 265 1975; x_wconf 87' lang='lat' dir='ltr'>verba</span> <span class='ocrx_word' id='word_1_285' title='bbox 279 1945 555 1975; x_wconf 87' lang='lat' dir='ltr'>animadvertenda</span> <span class='ocrx_word' id='word_1_286' title='bbox 584 1951 811 1984; x_wconf 88' lang='lat' dir='ltr'>proponuntur</span> <span class='ocrx_word' id='word_1_287' title='bbox 825 1944 857 1974; x_wconf 90' lang='lat' dir='ltr'>in</span> <span class='ocrx_word' id='word_1_288' title='bbox 873 1944 1022 1976; x_wconf 89' lang='lat' dir='ltr'>Scholiis:</span> <span class='ocrx_word' id='word_1_289' title='bbox 1056 1959 1070 1975; x_wconf 85' lang='lat'>‹</span> <span class='ocrx_word' id='word_1_290' title='bbox 1087 1946 1172 1976; x_wconf 91' lang='lat' dir='ltr'>Nota</span> <span class='ocrx_word' id='word_1_291' title='bbox 1191 1956 1245 1976; x_wconf 90' lang='lat' dir='ltr'>au-</span> 
     </span>
     <span class='ocr_line' id='line_1_39' title="bbox 173 1989 1245 2030; baseline 0.003 -13"><span class='ocrx_word' id='word_1_292' title='bbox 173 2002 190 2017; x_wconf 73' lang='lat'><strong>»</strong></span> <span class='ocrx_word' id='word_1_293' title='bbox 212 1996 277 2020; x_wconf 90' lang='lat' dir='ltr'>tem</span> <span class='ocrx_word' id='word_1_294' title='bbox 294 1989 447 2029; x_wconf 83' lang='lat' dir='ltr'>integram</span> <span class='ocrx_word' id='word_1_295' title='bbox 464 1996 610 2020; x_wconf 89' lang='lat' dir='ltr'>naturam</span> <span class='ocrx_word' id='word_1_296' title='bbox 624 1989 799 2019; x_wconf 88' lang='lat' dir='ltr'>humanam</span> <span class='ocrx_word' id='word_1_297' title='bbox 816 1990 1034 2030; x_wconf 88' lang='lat' dir='ltr'>assumpsisse,</span> <span class='ocrx_word' id='word_1_298' title='bbox 1047 1997 1156 2021; x_wconf 89' lang='lat' dir='ltr'>contra</span> <span class='ocrx_word' id='word_1_299' title='bbox 1172 1990 1245 2021; x_wconf 93' lang='lat' dir='ltr'>illos</span> 
     </span>
     <span class='ocr_line' id='line_1_40' title="bbox 173 2033 1246 2074; baseline 0.002 -11"><span class='ocrx_word' id='word_1_300' title='bbox 173 2046 190 2061; x_wconf 70' lang='lat'>2&gt;</span> <span class='ocrx_word' id='word_1_301' title='bbox 213 2033 268 2074; x_wconf 91' lang='lat' dir='ltr'>qui</span> <span class='ocrx_word' id='word_1_302' title='bbox 291 2033 383 2064; x_wconf 91' lang='lat' dir='ltr'>illum</span> <span class='ocrx_word' id='word_1_303' title='bbox 407 2034 522 2064; x_wconf 90' lang='lat' dir='ltr'>mentis</span> <span class='ocrx_word' id='word_1_304' title='bbox 546 2039 705 2073; x_wconf 89' lang='lat' dir='ltr'>expertem</span> <span class='ocrx_word' id='word_1_305' title='bbox 729 2040 896 2064; x_wconf 88' lang='lat' dir='ltr'>asserrunt.</span> <span class='ocrx_word' id='word_1_306' title='bbox 916 2046 930 2061; x_wconf 60' lang='grc' dir='ltr'>ιν</span> <span class='ocrx_word' id='word_1_307' title='bbox 963 2034 1010 2065; x_wconf 91' lang='lat' dir='ltr'>De</span> <span class='ocrx_word' id='word_1_308' title='bbox 1035 2034 1157 2065; x_wconf 85' lang='lat' dir='ltr'>Divinis</span> <span class='ocrx_word' id='word_1_309' title='bbox 1180 2036 1246 2065; x_wconf 92' lang='lat' dir='ltr'>No-</span> 
     </span>
     <span class='ocr_line' id='line_1_41' title="bbox 173 2076 1244 2121; baseline 0.002 -14"><span class='ocrx_word' id='word_1_310' title='bbox 173 2077 312 2108; x_wconf 85' lang='lat' dir='ltr'>minibus</span> <span class='ocrx_word' id='word_1_311' title='bbox 332 2078 431 2118; x_wconf 85' lang='lat' dir='ltr'>capite</span> <span class='ocrx_word' id='word_1_312' title='bbox 446 2089 468 2117; x_wconf 89' lang='lat'>1,</span> <span class='ocrx_word' id='word_1_313' title='bbox 492 2078 520 2118; x_wconf 66' lang='grc' dir='ltr'>ξ.</span> <span class='ocrx_word' id='word_1_314' title='bbox 538 2087 560 2117; x_wconf 88' lang='grc'>4</span> <span class='ocrx_word' id='word_1_315' title='bbox 576 2078 618 2108; x_wconf 89' lang='lat' dir='ltr'>ait</span> <span class='ocrx_word' id='word_1_316' title='bbox 642 2084 765 2108; x_wconf 85' lang='lat' dir='ltr'>auctor:</span> <span class='ocrx_word' id='word_1_317' title='bbox 790 2078 832 2108; x_wconf 89' lang='lat' dir='ltr'>Se</span> <span class='ocrx_word' id='word_1_318' title='bbox 857 2078 947 2109; x_wconf 91' lang='lat' dir='ltr'>nobis</span> <span class='ocrx_word' id='word_1_319' title='bbox 971 2078 1052 2121; x_wconf 79' lang='grc' dir='ltr'>πρὸς</span> <span class='ocrx_word' id='word_1_320' title='bbox 1082 2076 1244 2114; x_wconf 69' lang='grc' dir='ltr'><strong>ἀλήθειαν</strong></span> 
     </span>
     <span class='ocr_line' id='line_1_42' title="bbox 175 2121 1244 2162; baseline 0.003 -10"><span class='ocrx_word' id='word_1_321' title='bbox 175 2121 293 2158; x_wconf 80' lang='grc' dir='ltr'><strong>ὀλικῶς</strong></span> <span class='ocrx_word' id='word_1_322' title='bbox 323 2132 397 2153; x_wconf 84' lang='lat' dir='ltr'>vere</span> <span class='ocrx_word' id='word_1_323' title='bbox 427 2123 553 2162; x_wconf 83' lang='lat' dir='ltr'>integre</span> <span class='ocrx_word' id='word_1_324' title='bbox 583 2123 615 2152; x_wconf 91' lang='lat' dir='ltr'>in</span> <span class='ocrx_word' id='word_1_325' title='bbox 640 2131 706 2152; x_wconf 90' lang='lat' dir='ltr'>una</span> <span class='ocrx_word' id='word_1_326' title='bbox 734 2131 875 2162; x_wconf 91' lang='lat' dir='ltr'>persona</span> <span class='ocrx_word' id='word_1_327' title='bbox 905 2132 966 2153; x_wconf 89' lang='lat' dir='ltr'>sua</span> <span class='ocrx_word' id='word_1_328' title='bbox 990 2125 1244 2155; x_wconf 78' lang='lat' dir='ltr'>communicavit.</span> 
     </span>
     <span class='ocr_line' id='line_1_43' title="bbox 176 2164 1246 2209; baseline 0.004 -14"><span class='ocrx_word' id='word_1_329' title='bbox 176 2179 191 2194; x_wconf 64' lang='grc' dir='ltr'><em>κ</em></span> <span class='ocrx_word' id='word_1_330' title='bbox 212 2167 335 2207; x_wconf 90' lang='lat' dir='ltr'>Nempe</span> <span class='ocrx_word' id='word_1_331' title='bbox 359 2167 447 2207; x_wconf 93' lang='lat' dir='ltr'>quod</span> <span class='ocrx_word' id='word_1_332' title='bbox 472 2166 545 2196; x_wconf 92' lang='lat' dir='ltr'>dicit</span> <span class='ocrx_word' id='word_1_333' title='bbox 569 2167 695 2207; x_wconf 80' lang='lat' dir='ltr'>integre</span> <span class='ocrx_word' id='word_1_334' title='bbox 718 2164 776 2207; x_wconf 88' lang='lat' dir='ltr'>(ut</span> <span class='ocrx_word' id='word_1_335' title='bbox 791 2168 837 2197; x_wconf 92' lang='lat' dir='ltr'>ait</span> <span class='ocrx_word' id='word_1_336' title='bbox 856 2166 1065 2209; x_wconf 85' lang='lat' dir='ltr'>Scholiastes)</span> <span class='ocrx_word' id='word_1_337' title='bbox 1082 2175 1129 2199; x_wconf 92' lang='lat' dir='ltr'>est</span> <span class='ocrx_word' id='word_1_338' title='bbox 1152 2169 1246 2199; x_wconf 90' lang='lat' dir='ltr'>etiarn</span> 
     </span>
     <span class='ocr_line' id='line_1_44' title="bbox 173 2210 1247 2253; baseline 0.003 -13"><span class='ocrx_word' id='word_1_339' title='bbox 173 2224 190 2238; x_wconf 63' lang='lat' dir='ltr'>v&gt;</span> <span class='ocrx_word' id='word_1_340' title='bbox 213 2217 321 2241; x_wconf 90' lang='lat' dir='ltr'>contra</span> <span class='ocrx_word' id='word_1_341' title='bbox 340 2211 589 2250; x_wconf 84' lang='lat' dir='ltr'>Apollinarium:</span> <span class='ocrx_word' id='word_1_342' title='bbox 614 2210 768 2250; x_wconf 85' lang='lat' dir='ltr'>significat</span> <span class='ocrx_word' id='word_1_343' title='bbox 796 2211 880 2241; x_wconf 89' lang='lat' dir='ltr'>enim</span> <span class='ocrx_word' id='word_1_344' title='bbox 905 2212 1012 2251; x_wconf 88' lang='lat' dir='ltr'>ipsum</span> <span class='ocrx_word' id='word_1_345' title='bbox 1041 2213 1247 2253; x_wconf 89' lang='lat' dir='ltr'>assumpsisse</span> 
     </span>
     <span class='ocr_line' id='line_1_45' title="bbox 172 2254 1246 2295; baseline 0.004 -12"><span class='ocrx_word' id='word_1_346' title='bbox 172 2267 189 2282; x_wconf 60' lang='grc' dir='ltr'><em>π</em></span> <span class='ocrx_word' id='word_1_347' title='bbox 213 2255 377 2285; x_wconf 89' lang='lat' dir='ltr'>hominem</span> <span class='ocrx_word' id='word_1_348' title='bbox 390 2255 594 2295; x_wconf 81' lang='lat' dir='ltr'>perfectum.»</span> <span class='ocrx_word' id='word_1_349' title='bbox 608 2255 649 2285; x_wconf 92' lang='lat' dir='ltr'>Et</span> <span class='ocrx_word' id='word_1_350' title='bbox 659 2255 759 2295; x_wconf 90' lang='lat' dir='ltr'>capite</span> <span class='ocrx_word' id='word_1_351' title='bbox 774 2265 806 2292; x_wconf 85' lang='lat'>11,</span> <span class='ocrx_word' id='word_1_352' title='bbox 821 2255 849 2295; x_wconf 71' lang='lat'>§-</span> <span class='ocrx_word' id='word_1_353' title='bbox 859 2256 890 2286; x_wconf 89' lang='lat'>6:</span> <span class='ocrx_word' id='word_1_354' title='bbox 907 2255 1024 2293; x_wconf 82' lang='grc' dir='ltr'>ὄλικῶς</span> <span class='ocrx_word' id='word_1_355' title='bbox 1041 2257 1099 2288; x_wconf 78' lang='grc' dir='ltr'>καὶ</span> <span class='ocrx_word' id='word_1_356' title='bbox 1118 2254 1246 2294; x_wconf 79' lang='grc' dir='ltr'>ἀληθῶς</span> 
     </span>
     <span class='ocr_line' id='line_1_46' title="bbox 174 2299 1247 2342; baseline 0.004 -13"><span class='ocrx_word' id='word_1_357' title='bbox 174 2301 300 2340; x_wconf 81' lang='lat' dir='ltr'>integre</span> <span class='ocrx_word' id='word_1_358' title='bbox 329 2304 360 2330; x_wconf 90' lang='lat' dir='ltr'>et</span> <span class='ocrx_word' id='word_1_359' title='bbox 390 2309 465 2330; x_wconf 88' lang='lat' dir='ltr'>vere</span> <span class='ocrx_word' id='word_1_360' title='bbox 498 2305 640 2330; x_wconf 86' lang='lat' dir='ltr'>nostram</span> <span class='ocrx_word' id='word_1_361' title='bbox 671 2299 882 2330; x_wconf 87' lang='lat' dir='ltr'>substantiam</span> <span class='ocrx_word' id='word_1_362' title='bbox 914 2303 1133 2342; x_wconf 82' lang='lat' dir='ltr'>assumpserit.</span> <span class='ocrx_word' id='word_1_363' title='bbox 1158 2302 1247 2332; x_wconf 87' lang='lat' dir='ltr'>Paria</span> 
     </span>
     <span class='ocr_line' id='line_1_47' title="bbox 173 2343 1247 2386; baseline 0.004 -12"><span class='ocrx_word' id='word_1_364' title='bbox 173 2350 343 2374; x_wconf 91' lang='lat' dir='ltr'>occurrunt</span> <span class='ocrx_word' id='word_1_365' title='bbox 365 2343 518 2383; x_wconf 87' lang='lat' dir='ltr'>plurima,</span> <span class='ocrx_word' id='word_1_366' title='bbox 548 2353 629 2384; x_wconf 92' lang='lat' dir='ltr'>quae</span> <span class='ocrx_word' id='word_1_367' title='bbox 654 2353 728 2374; x_wconf 89' lang='lat' dir='ltr'>cum</span> <span class='ocrx_word' id='word_1_368' title='bbox 752 2344 924 2385; x_wconf 90' lang='lat' dir='ltr'>praecipuo</span> <span class='ocrx_word' id='word_1_369' title='bbox 948 2346 1247 2386; x_wconf 86' lang='lat' dir='ltr'>Apollinaristarum</span> 
     </span>
     <span class='ocr_line' id='line_1_48' title="bbox 172 2387 877 2428; baseline 0.001 -10"><span class='ocrx_word' id='word_1_370' title='bbox 172 2388 336 2418; x_wconf 89' lang='lat' dir='ltr'>haereseos</span> <span class='ocrx_word' id='word_1_371' title='bbox 361 2387 462 2428; x_wconf 87' lang='lat' dir='ltr'>capite</span> <span class='ocrx_word' id='word_1_372' title='bbox 485 2394 629 2428; x_wconf 87' lang='lat' dir='ltr'>pugnant</span> <span class='ocrx_word' id='word_1_373' title='bbox 652 2397 688 2418; x_wconf 85' lang='lat' dir='ltr'>ex</span> <span class='ocrx_word' id='word_1_374' title='bbox 712 2387 877 2419; x_wconf 89' lang='lat' dir='ltr'>diametro.</span> 
     </span>
    </p>

    <p class='ocr_par' dir='ltr' id='par_1_4' title="bbox 173 2432 1248 3182">
     <span class='ocr_line' id='line_1_49' title="bbox 240 2432 1246 2476; baseline 0.005 -15"><span class='ocrx_word' id='word_1_375' title='bbox 240 2434 361 2462; x_wconf 86' lang='lat' dir='ltr'>Auctor</span> <span class='ocrx_word' id='word_1_376' title='bbox 376 2432 500 2472; x_wconf 87' lang='lat' dir='ltr'>prologi</span> <span class='ocrx_word' id='word_1_377' title='bbox 516 2432 549 2462; x_wconf 91' lang='lat' dir='ltr'>in</span> <span class='ocrx_word' id='word_1_378' title='bbox 566 2432 676 2462; x_wconf 88' lang='lat' dir='ltr'>eadem</span> <span class='ocrx_word' id='word_1_379' title='bbox 693 2442 789 2472; x_wconf 89' lang='lat' dir='ltr'>opera</span> <span class='ocrx_word' id='word_1_380' title='bbox 804 2434 1037 2474; x_wconf 84' lang='lat' dir='ltr'>Areopagitica,</span> <span class='ocrx_word' id='word_1_381' title='bbox 1054 2434 1109 2476; x_wconf 93' lang='lat' dir='ltr'>qui</span> <span class='ocrx_word' id='word_1_382' title='bbox 1127 2445 1246 2466; x_wconf 91' lang='lat' dir='ltr'>nomen</span> 
     </span>
     <span class='ocr_line' id='line_1_50' title="bbox 174 2475 1246 2520; baseline 0.006 -15"><span class='ocrx_word' id='word_1_383' title='bbox 174 2487 198 2506; x_wconf 86' lang='lat' dir='ltr'>s.</span> <span class='ocrx_word' id='word_1_384' title='bbox 224 2475 352 2506; x_wconf 84' lang='lat' dir='ltr'>Maximi</span> <span class='ocrx_word' id='word_1_385' title='bbox 381 2476 515 2516; x_wconf 80' lang='lat' dir='ltr'>praefert</span> <span class='ocrx_word' id='word_1_386' title='bbox 543 2476 574 2506; x_wconf 92' lang='lat' dir='ltr'>in</span> <span class='ocrx_word' id='word_1_387' title='bbox 606 2476 743 2506; x_wconf 87' lang='lat' dir='ltr'>editione</span> <span class='ocrx_word' id='word_1_388' title='bbox 768 2476 979 2517; x_wconf 84' lang='lat' dir='ltr'>Corderiana,</span> <span class='ocrx_word' id='word_1_389' title='bbox 1005 2479 1059 2509; x_wconf 91' lang='lat' dir='ltr'>sed</span> <span class='ocrx_word' id='word_1_390' title='bbox 1083 2486 1246 2520; x_wconf 89' lang='lat' dir='ltr'>parentem</span> 
     </span>
     <span class='ocr_line' id='line_1_51' title="bbox 174 2520 1246 2562; baseline 0.005 -12"><span class='ocrx_word' id='word_1_391' title='bbox 174 2520 268 2550; x_wconf 90' lang='lat' dir='ltr'>habet</span> <span class='ocrx_word' id='word_1_392' title='bbox 292 2521 443 2550; x_wconf 89' lang='lat' dir='ltr'>Ioannem</span> <span class='ocrx_word' id='word_1_393' title='bbox 467 2520 777 2560; x_wconf 87' lang='lat' dir='ltr'>Scythopolitanum‚</span> <span class='ocrx_word' id='word_1_394' title='bbox 802 2528 838 2552; x_wconf 92' lang='lat' dir='ltr'>ut</span> <span class='ocrx_word' id='word_1_395' title='bbox 861 2522 942 2553; x_wconf 85' lang='lat' dir='ltr'>infra</span> <span class='ocrx_word' id='word_1_396' title='bbox 961 2523 1142 2562; x_wconf 90' lang='lat' dir='ltr'>dicendum,</span> <span class='ocrx_word' id='word_1_397' title='bbox 1166 2524 1246 2555; x_wconf 89' lang='lat' dir='ltr'>hanc</span> 
     </span>
     <span class='ocr_line' id='line_1_52' title="bbox 175 2564 1246 2609; baseline 0.005 -15"><span class='ocrx_word' id='word_1_398' title='bbox 175 2564 344 2604; x_wconf 88' lang='lat' dir='ltr'>impietatis</span> <span class='ocrx_word' id='word_1_399' title='bbox 363 2564 635 2604; x_wconf 87' lang='lat' dir='ltr'>Apollinaristicae</span> <span class='ocrx_word' id='word_1_400' title='bbox 654 2571 763 2595; x_wconf 88' lang='lat' dir='ltr'>notam</span> <span class='ocrx_word' id='word_1_401' title='bbox 787 2565 851 2596; x_wconf 91' lang='lat' dir='ltr'>iam</span> <span class='ocrx_word' id='word_1_402' title='bbox 870 2566 938 2597; x_wconf 84' lang='lat' dir='ltr'>eius</span> <span class='ocrx_word' id='word_1_403' title='bbox 957 2574 1056 2598; x_wconf 88' lang='lat' dir='ltr'>aetate</span> <span class='ocrx_word' id='word_1_404' title='bbox 1075 2568 1246 2609; x_wconf 88' lang='lat' dir='ltr'>impactam</span> 
     </span>
     <span class='ocr_line' id='line_1_53' title="bbox 176 2608 1246 2652; baseline 0.006 -14"><span class='ocrx_word' id='word_1_405' title='bbox 176 2608 225 2638; x_wconf 91' lang='lat' dir='ltr'>his</span> <span class='ocrx_word' id='word_1_406' title='bbox 248 2608 349 2638; x_wconf 89' lang='lat' dir='ltr'>verbis</span> <span class='ocrx_word' id='word_1_407' title='bbox 373 2608 539 2638; x_wconf 86' lang='lat' dir='ltr'>amolitur:</span> <span class='ocrx_word' id='word_1_408' title='bbox 565 2608 650 2645; x_wconf 85' lang='lat' dir='ltr'>Quin</span> <span class='ocrx_word' id='word_1_409' title='bbox 675 2609 795 2640; x_wconf 91' lang='lat' dir='ltr'>audent</span> <span class='ocrx_word' id='word_1_410' title='bbox 817 2611 928 2651; x_wconf 83' lang='lat' dir='ltr'>aliqui,</span> <span class='ocrx_word' id='word_1_411' title='bbox 954 2611 1111 2652; x_wconf 87' lang='lat' dir='ltr'>inquiens,</span> <span class='ocrx_word' id='word_1_412' title='bbox 1135 2613 1246 2644; x_wconf 87' lang='lat' dir='ltr'>haere-</span> 
     </span>
     <span class='ocr_line' id='line_1_54' title="bbox 177 2653 1246 2696; baseline 0.006 -14"><span class='ocrx_word' id='word_1_413' title='bbox 177 2662 248 2683; x_wconf 85' lang='lat' dir='ltr'>seos</span> <span class='ocrx_word' id='word_1_414' title='bbox 271 2653 460 2683; x_wconf 88' lang='lat' dir='ltr'>insimulare</span> <span class='ocrx_word' id='word_1_415' title='bbox 482 2653 590 2683; x_wconf 88' lang='lat' dir='ltr'>divum</span> <span class='ocrx_word' id='word_1_416' title='bbox 614 2653 821 2693; x_wconf 85' lang='lat' dir='ltr'>Dionysium,</span> <span class='ocrx_word' id='word_1_417' title='bbox 854 2664 926 2685; x_wconf 93' lang='lat' dir='ltr'>cum</span> <span class='ocrx_word' id='word_1_418' title='bbox 944 2665 1084 2696; x_wconf 89' lang='lat' dir='ltr'>prorsus</span> <span class='ocrx_word' id='word_1_419' title='bbox 1107 2667 1170 2687; x_wconf 88' lang='lat' dir='ltr'>non</span> <span class='ocrx_word' id='word_1_420' title='bbox 1195 2667 1246 2688; x_wconf 90' lang='lat' dir='ltr'>co-</span> 
     </span>
     <span class='ocr_line' id='line_1_55' title="bbox 175 2697 1244 2742; baseline 0.006 -16"><span class='ocrx_word' id='word_1_421' title='bbox 175 2701 350 2738; x_wconf 86' lang='lat' dir='ltr'>gnoscant,</span> <span class='ocrx_word' id='word_1_422' title='bbox 375 2706 458 2737; x_wconf 90' lang='lat' dir='ltr'>quae</span> <span class='ocrx_word' id='word_1_423' title='bbox 471 2698 536 2727; x_wconf 91' lang='lat' dir='ltr'>sint</span> <span class='ocrx_word' id='word_1_424' title='bbox 558 2697 802 2728; x_wconf 85' lang='lat' dir='ltr'>haereticorum.</span> <span class='ocrx_word' id='word_1_425' title='bbox 827 2698 863 2728; x_wconf 88' lang='lat' dir='ltr'>Si</span> <span class='ocrx_word' id='word_1_426' title='bbox 891 2700 974 2729; x_wconf 89' lang='lat' dir='ltr'>enim</span> <span class='ocrx_word' id='word_1_427' title='bbox 999 2710 1070 2731; x_wconf 91' lang='lat' dir='ltr'>cum</span> <span class='ocrx_word' id='word_1_428' title='bbox 1094 2702 1244 2742; x_wconf 85' lang='lat' dir='ltr'>singulis,</span> 
     </span>
     <span class='ocr_line' id='line_1_56' title="bbox 173 2741 1244 2786; baseline 0.005 -15"><span class='ocrx_word' id='word_1_429' title='bbox 173 2751 256 2782; x_wconf 89' lang='lat' dir='ltr'>quae</span> <span class='ocrx_word' id='word_1_430' title='bbox 271 2742 303 2771; x_wconf 91' lang='lat' dir='ltr'>in</span> <span class='ocrx_word' id='word_1_431' title='bbox 318 2741 487 2772; x_wconf 85' lang='lat' dir='ltr'>haereticis</span> <span class='ocrx_word' id='word_1_432' title='bbox 496 2741 650 2772; x_wconf 88' lang='lat' dir='ltr'>damnata</span> <span class='ocrx_word' id='word_1_433' title='bbox 664 2747 751 2779; x_wconf 89' lang='lat' dir='ltr'>sunt,</span> <span class='ocrx_word' id='word_1_434' title='bbox 767 2743 864 2773; x_wconf 87' lang='lat' dir='ltr'>huius</span> <span class='ocrx_word' id='word_1_435' title='bbox 877 2743 1031 2784; x_wconf 84' lang='lat' dir='ltr'>dogmata</span> <span class='ocrx_word' id='word_1_436' title='bbox 1046 2745 1244 2786; x_wconf 88' lang='lat' dir='ltr'>conferrent,</span> 
     </span>
     <span class='ocr_line' id='line_1_57' title="bbox 174 2785 1244 2831; baseline 0.006 -16"><span class='ocrx_word' id='word_1_437' title='bbox 174 2786 214 2816; x_wconf 88' lang='lat' dir='ltr'>ab</span> <span class='ocrx_word' id='word_1_438' title='bbox 241 2786 346 2826; x_wconf 89' lang='lat' dir='ltr'>impiis</span> <span class='ocrx_word' id='word_1_439' title='bbox 374 2786 442 2816; x_wconf 82' lang='lat' dir='ltr'>istis</span> <span class='ocrx_word' id='word_1_440' title='bbox 470 2785 570 2816; x_wconf 88' lang='lat' dir='ltr'>multo</span> <span class='ocrx_word' id='word_1_441' title='bbox 594 2787 700 2826; x_wconf 87' lang='lat' dir='ltr'>magis</span> <span class='ocrx_word' id='word_1_442' title='bbox 729 2786 851 2817; x_wconf 84' lang='lat' dir='ltr'>distare</span> <span class='ocrx_word' id='word_1_443' title='bbox 879 2789 1119 2828; x_wconf 80' lang='lat' dir='ltr'>cognovissent,</span> <span class='ocrx_word' id='word_1_444' title='bbox 1149 2799 1244 2831; x_wconf 88' lang='lat' dir='ltr'>quam</span> 
     </span>
     <span class='ocr_line' id='line_1_58' title="bbox 175 2829 1247 2875; baseline 0.006 -16"><span class='ocrx_word' id='word_1_445' title='bbox 175 2839 285 2860; x_wconf 86' lang='lat' dir='ltr'>verum</span> <span class='ocrx_word' id='word_1_446' title='bbox 311 2830 418 2860; x_wconf 90' lang='lat' dir='ltr'>lumen</span> <span class='ocrx_word' id='word_1_447' title='bbox 441 2839 462 2860; x_wconf 90' lang='lat' dir='ltr'>a</span> <span class='ocrx_word' id='word_1_448' title='bbox 486 2829 632 2860; x_wconf 89' lang='lat' dir='ltr'>tenebris.</span> <span class='ocrx_word' id='word_1_449' title='bbox 656 2830 743 2867; x_wconf 86' lang='lat' dir='ltr'>Quid</span> <span class='ocrx_word' id='word_1_450' title='bbox 766 2832 849 2861; x_wconf 86' lang='lat' dir='ltr'>enim</span> <span class='ocrx_word' id='word_1_451' title='bbox 870 2832 1013 2863; x_wconf 84' lang='lat' dir='ltr'>dixerint</span> <span class='ocrx_word' id='word_1_452' title='bbox 1035 2833 1075 2864; x_wconf 89' lang='lat' dir='ltr'>de</span> <span class='ocrx_word' id='word_1_453' title='bbox 1094 2834 1143 2871; x_wconf 90' lang='lat' dir='ltr'>iis,</span> <span class='ocrx_word' id='word_1_454' title='bbox 1164 2844 1247 2875; x_wconf 88' lang='lat' dir='ltr'>quae</span> 
     </span>
     <span class='ocr_line' id='line_1_59' title="bbox 174 2874 1248 2918; baseline 0.006 -15"><span class='ocrx_word' id='word_1_455' title='bbox 174 2874 214 2904; x_wconf 89' lang='lat' dir='ltr'>de</span> <span class='ocrx_word' id='word_1_456' title='bbox 228 2874 299 2904; x_wconf 88' lang='lat' dir='ltr'>sola</span> <span class='ocrx_word' id='word_1_457' title='bbox 317 2874 486 2904; x_wconf 87' lang='lat' dir='ltr'>adoranda</span> <span class='ocrx_word' id='word_1_458' title='bbox 510 2874 668 2905; x_wconf 85' lang='lat' dir='ltr'>Trinitate</span> <span class='ocrx_word' id='word_1_459' title='bbox 683 2875 724 2905; x_wconf 89' lang='lat' dir='ltr'>ab</span> <span class='ocrx_word' id='word_1_460' title='bbox 741 2876 808 2915; x_wconf 91' lang='lat' dir='ltr'>ipso</span> <span class='ocrx_word' id='word_1_461' title='bbox 825 2876 1002 2917; x_wconf 83' lang='lat' dir='ltr'>theologice</span> <span class='ocrx_word' id='word_1_462' title='bbox 1020 2879 1248 2918; x_wconf 78' lang='lat' dir='ltr'>exponuntur?</span> 
     </span>
     <span class='ocr_line' id='line_1_60' title="bbox 176 2918 1244 2960; baseline 0.005 -12"><span class='ocrx_word' id='word_1_463' title='bbox 176 2918 264 2955; x_wconf 86' lang='lat' dir='ltr'>Quid</span> <span class='ocrx_word' id='word_1_464' title='bbox 294 2918 334 2948; x_wconf 89' lang='lat' dir='ltr'>de</span> <span class='ocrx_word' id='word_1_465' title='bbox 363 2928 428 2949; x_wconf 89' lang='lat' dir='ltr'>uno</span> <span class='ocrx_word' id='word_1_466' title='bbox 457 2918 657 2949; x_wconf 84' lang='lat' dir='ltr'>beatissimae</span> <span class='ocrx_word' id='word_1_467' title='bbox 686 2919 782 2950; x_wconf 87' lang='lat' dir='ltr'>huius</span> <span class='ocrx_word' id='word_1_468' title='bbox 814 2921 982 2952; x_wconf 87' lang='lat' dir='ltr'>Trinitatis</span> <span class='ocrx_word' id='word_1_469' title='bbox 1012 2921 1244 2960; x_wconf 89' lang='lat' dir='ltr'>Iesu-Christo,</span> 
     </span>
     <span class='ocr_line' id='line_1_61' title="bbox 175 2962 1248 3009; baseline 0.006 -17"><span class='ocrx_word' id='word_1_470' title='bbox 175 2963 341 3003; x_wconf 84' lang='lat' dir='ltr'>unigenito</span> <span class='ocrx_word' id='word_1_471' title='bbox 359 2963 423 2993; x_wconf 89' lang='lat' dir='ltr'>Dei</span> <span class='ocrx_word' id='word_1_472' title='bbox 452 2962 560 3000; x_wconf 88' lang='lat' dir='ltr'>Verbo,</span> <span class='ocrx_word' id='word_1_473' title='bbox 587 2964 643 3003; x_wconf 87' lang='lat' dir='ltr'>qui</span> <span class='ocrx_word' id='word_1_474' title='bbox 667 2963 802 3000; x_wconf 78' lang='grc' dir='ltr'><strong>τελείως</strong></span> <span class='ocrx_word' id='word_1_475' title='bbox 824 2962 1084 3009; x_wconf 77' lang='grc' dir='ltr'><strong>ἑνανθρωπῆσαι</strong></span> <span class='ocrx_word' id='word_1_476' title='bbox 1101 2966 1248 3009; x_wconf 72' lang='lat' dir='ltr'>perfecte</span> 
     </span>
     <span class='ocr_line' id='line_1_62' title="bbox 175 3007 1246 3055; baseline 0.006 -19"><span class='ocrx_word' id='word_1_477' title='bbox 175 3007 317 3037; x_wconf 90' lang='lat' dir='ltr'>humana</span> <span class='ocrx_word' id='word_1_478' title='bbox 337 3007 428 3037; x_wconf 89' lang='lat' dir='ltr'>indui</span> <span class='ocrx_word' id='word_1_479' title='bbox 446 3013 566 3038; x_wconf 89' lang='lat' dir='ltr'>natura</span> <span class='ocrx_word' id='word_1_480' title='bbox 590 3007 716 3038; x_wconf 78' lang='lat' dir='ltr'>voluit?</span> <span class='ocrx_word' id='word_1_481' title='bbox 735 3009 787 3039; x_wconf 87' lang='lat' dir='ltr'>An</span> <span class='ocrx_word' id='word_1_482' title='bbox 812 3019 875 3039; x_wconf 88' lang='lat' dir='ltr'>non</span> <span class='ocrx_word' id='word_1_483' title='bbox 900 3007 1008 3055; x_wconf 75' lang='grc' dir='ltr'><strong>ψυχήν</strong></span> <span class='ocrx_word' id='word_1_484' title='bbox 1031 3007 1154 3050; x_wconf 77' lang='grc' dir='ltr'><strong>ἔννουν,</strong></span> <span class='ocrx_word' id='word_1_485' title='bbox 1176 3013 1246 3042; x_wconf 86' lang='grc' dir='ltr'><em>αηὶ-</em></span> 
     </span>
     <span class='ocr_line' id='line_1_63' title="bbox 176 3051 1246 3092; baseline 0.007 -12"><span class='ocrx_word' id='word_1_486' title='bbox 176 3061 260 3081; x_wconf 88' lang='lat' dir='ltr'>mam</span> <span class='ocrx_word' id='word_1_487' title='bbox 286 3051 531 3082; x_wconf 86' lang='lat' dir='ltr'>intellectualem</span> <span class='ocrx_word' id='word_1_488' title='bbox 558 3057 589 3083; x_wconf 89' lang='lat' dir='ltr'>et</span> <span class='ocrx_word' id='word_1_489' title='bbox 611 3061 728 3092; x_wconf 89' lang='lat' dir='ltr'>corpus</span> <span class='ocrx_word' id='word_1_490' title='bbox 754 3058 919 3084; x_wconf 87' lang='lat' dir='ltr'>terrenum</span> <span class='ocrx_word' id='word_1_491' title='bbox 944 3060 1053 3086; x_wconf 88' lang='lat' dir='ltr'>nostro</span> <span class='ocrx_word' id='word_1_492' title='bbox 1071 3056 1175 3086; x_wconf 89' lang='lat' dir='ltr'>simile</span> <span class='ocrx_word' id='word_1_493' title='bbox 1198 3065 1246 3087; x_wconf 90' lang='lat' dir='ltr'>re-</span> 
     </span>
     <span class='ocr_line' id='line_1_64' title="bbox 177 3095 1247 3140; baseline 0.006 -15"><span class='ocrx_word' id='word_1_494' title='bbox 177 3095 323 3125; x_wconf 82' lang='lat' dir='ltr'>censuit?</span> <span class='ocrx_word' id='word_1_495' title='bbox 346 3096 432 3126; x_wconf 88' lang='lat' dir='ltr'>Haec</span> <span class='ocrx_word' id='word_1_496' title='bbox 461 3106 534 3126; x_wconf 91' lang='lat' dir='ltr'>sane</span> <span class='ocrx_word' id='word_1_497' title='bbox 558 3096 613 3137; x_wconf 91' lang='lat' dir='ltr'>qui</span> <span class='ocrx_word' id='word_1_498' title='bbox 638 3103 703 3126; x_wconf 88' lang='lat' dir='ltr'>tam</span> <span class='ocrx_word' id='word_1_499' title='bbox 732 3097 843 3128; x_wconf 86' lang='lat' dir='ltr'>diserte</span> <span class='ocrx_word' id='word_1_500' title='bbox 868 3099 969 3137; x_wconf 92' lang='lat' dir='ltr'>docet,</span> <span class='ocrx_word' id='word_1_501' title='bbox 994 3106 1059 3130; x_wconf 88' lang='lat' dir='ltr'>tam</span> <span class='ocrx_word' id='word_1_502' title='bbox 1083 3100 1247 3140; x_wconf 89' lang='lat' dir='ltr'>perspicue</span> 
     </span>
     <span class='ocr_line' id='line_1_65' title="bbox 177 3138 910 3182; baseline 0.007 -14"><span class='ocrx_word' id='word_1_503' title='bbox 177 3138 351 3179; x_wconf 85' lang='lat' dir='ltr'>profitetur,</span> <span class='ocrx_word' id='word_1_504' title='bbox 376 3139 435 3170; x_wconf 91' lang='lat' dir='ltr'>dici</span> <span class='ocrx_word' id='word_1_505' title='bbox 459 3140 683 3180; x_wconf 89' lang='lat' dir='ltr'>Apollinarista</span> <span class='ocrx_word' id='word_1_506' title='bbox 707 3151 772 3171; x_wconf 90' lang='lat' dir='ltr'>non</span> <span class='ocrx_word' id='word_1_507' title='bbox 797 3149 910 3182; x_wconf 90' lang='lat' dir='ltr'>potest.</span> 
     </span>
    </p>

    <p class='ocr_par' dir='ltr' id='par_1_5' title="bbox 177 3183 1247 3359">
     <span class='ocr_line' id='line_1_66' title="bbox 245 3183 1247 3229; baseline 0.007 -17"><span class='ocrx_word' id='word_1_508' title='bbox 245 3183 281 3213; x_wconf 89' lang='lat'>11.</span> <span class='ocrx_word' id='word_1_509' title='bbox 316 3183 478 3213; x_wconf 88' lang='lat' dir='ltr'>Guillelmi</span> <span class='ocrx_word' id='word_1_510' title='bbox 512 3184 613 3222; x_wconf 84' lang='lat' dir='ltr'>Cave,</span> <span class='ocrx_word' id='word_1_511' title='bbox 638 3185 670 3215; x_wconf 90' lang='lat' dir='ltr'>in</span> <span class='ocrx_word' id='word_1_512' title='bbox 699 3185 840 3218; x_wconf 81' lang='lat' dir='ltr'>Historia</span> <span class='ocrx_word' id='word_1_513' title='bbox 871 3187 1019 3218; x_wconf 88' lang='lat' dir='ltr'>litteraria</span> <span class='ocrx_word' id='word_1_514' title='bbox 1051 3188 1247 3229; x_wconf 82' lang='lat' dir='ltr'>Scriptorum</span> 
     </span>
     <span class='ocr_line' id='line_1_67' title="bbox 178 3227 1247 3273; baseline 0.007 -17"><span class='ocrx_word' id='word_1_515' title='bbox 178 3227 474 3265; x_wconf 89' lang='lat' dir='ltr'>ecclesiasticorum,</span> <span class='ocrx_word' id='word_1_516' title='bbox 499 3228 608 3268; x_wconf 89' lang='lat' dir='ltr'>opinio</span> <span class='ocrx_word' id='word_1_517' title='bbox 638 3229 739 3260; x_wconf 89' lang='lat' dir='ltr'>fuerat</span> <span class='ocrx_word' id='word_1_518' title='bbox 762 3239 898 3270; x_wconf 89' lang='lat' dir='ltr'>operum</span> <span class='ocrx_word' id='word_1_519' title='bbox 922 3232 960 3262; x_wconf 91' lang='lat' dir='ltr'>de</span> <span class='ocrx_word' id='word_1_520' title='bbox 984 3232 1100 3273; x_wconf 92' lang='lat' dir='ltr'>quibus</span> <span class='ocrx_word' id='word_1_521' title='bbox 1124 3233 1247 3273; x_wconf 85' lang='lat' dir='ltr'>agimus</span> 
     </span>
     <span class='ocr_line' id='line_1_68' title="bbox 177 3272 1247 3318; baseline 0.007 -17"><span class='ocrx_word' id='word_1_522' title='bbox 177 3278 339 3302; x_wconf 84' lang='lat' dir='ltr'>auctorem</span> <span class='ocrx_word' id='word_1_523' title='bbox 355 3280 422 3302; x_wconf 86' lang='lat' dir='ltr'>esse</span> <span class='ocrx_word' id='word_1_524' title='bbox 437 3272 671 3312; x_wconf 82' lang='lat' dir='ltr'>Apollinarium</span> <span class='ocrx_word' id='word_1_525' title='bbox 688 3274 870 3305; x_wconf 87' lang='lat' dir='ltr'>Antistitem</span> <span class='ocrx_word' id='word_1_526' title='bbox 887 3276 1114 3315; x_wconf 79' lang='lat' dir='ltr'>Laodicenum,</span> <span class='ocrx_word' id='word_1_527' title='bbox 1132 3287 1247 3318; x_wconf 89' lang='lat' dir='ltr'>nempe</span> 
     </span>
     <span class='ocr_line' id='line_1_69' title="bbox 177 3315 1246 3359; baseline 0.007 -14"><span class='ocrx_word' id='word_1_528' title='bbox 177 3315 411 3355; x_wconf 83' lang='lat' dir='ltr'>Apollinarium</span> <span class='ocrx_word' id='word_1_529' title='bbox 435 3315 555 3355; x_wconf 90' lang='lat' dir='ltr'>filium,</span> <span class='ocrx_word' id='word_1_530' title='bbox 588 3317 802 3348; x_wconf 90' lang='lat' dir='ltr'>mutilatorem</span> <span class='ocrx_word' id='word_1_531' title='bbox 826 3320 940 3351; x_wconf 89' lang='lat' dir='ltr'>mentis</span> <span class='ocrx_word' id='word_1_532' title='bbox 964 3320 996 3351; x_wconf 91' lang='lat' dir='ltr'>in</span> <span class='ocrx_word' id='word_1_533' title='bbox 1012 3321 1091 3352; x_wconf 78' lang='lat' dir='ltr'>&#39;lesu</span> <span class='ocrx_word' id='word_1_534' title='bbox 1107 3321 1246 3359; x_wconf 87' lang='lat' dir='ltr'>Christo,</span> 
     </span>
    </p>
   </div>
   <div class='ocr_carea' id='block_1_3' title="bbox 178 3360 1253 3406">
    <p class='ocr_par' dir='ltr' id='par_1_6' title="bbox 178 3360 1253 3406">
     <span class='ocr_line' id='line_1_70' title="bbox 178 3360 1253 3406; baseline 0.007 -17"><span class='ocrx_word' id='word_1_535' title='bbox 178 3360 263 3398; x_wconf 84' lang='lat' dir='ltr'>regni</span> <span class='ocrx_word' id='word_1_536' title='bbox 288 3360 453 3390; x_wconf 86' lang='lat' dir='ltr'>millenarii</span> <span class='ocrx_word' id='word_1_537' title='bbox 477 3368 756 3401; x_wconf 82' lang='lat' dir='ltr'>propugnatorem.</span> <span class='ocrx_word' id='word_1_538' title='bbox 784 3363 968 3403; x_wconf 87' lang='lat' dir='ltr'>Laodiceae,</span> <span class='ocrx_word' id='word_1_539' title='bbox 996 3375 1077 3406; x_wconf 87' lang='lat' dir='ltr'>quae</span> <span class='ocrx_word' id='word_1_540' title='bbox 1103 3366 1143 3397; x_wconf 88' lang='lat' dir='ltr'>ad</span> <span class='ocrx_word' id='word_1_541' title='bbox 1162 3374 1253 3397; x_wconf 76' lang='lat' dir='ltr'>mare·</span> 
     </span>
    </p>
   </div>
   <div class='ocr_carea' id='block_1_4' title="bbox 179 3403 1248 3490">
    <p class='ocr_par' dir='ltr' id='par_1_7' title="bbox 179 3403 1248 3490">
     <span class='ocr_line' id='line_1_71' title="bbox 179 3403 1248 3449; baseline 0.008 -16"><span class='ocrx_word' id='word_1_542' title='bbox 179 3403 307 3441; x_wconf 88' lang='lat' dir='ltr'>dicitur,</span> <span class='ocrx_word' id='word_1_543' title='bbox 337 3404 369 3434; x_wconf 92' lang='lat' dir='ltr'>in</span> <span class='ocrx_word' id='word_1_544' title='bbox 393 3405 603 3436; x_wconf 86' lang='lat' dir='ltr'>Patriarchatu</span> <span class='ocrx_word' id='word_1_545' title='bbox 628 3407 828 3438; x_wconf 87' lang='lat' dir='ltr'>Antiocheno</span> <span class='ocrx_word' id='word_1_546' title='bbox 853 3416 954 3449; x_wconf 86' lang='lat' dir='ltr'>gestas</span> <span class='ocrx_word' id='word_1_547' title='bbox 991 3410 1029 3440; x_wconf 85' lang='lat' dir='ltr'>ab</span> <span class='ocrx_word' id='word_1_548' title='bbox 1054 3410 1109 3441; x_wconf 92' lang='lat' dir='ltr'>illo</span> <span class='ocrx_word' id='word_1_549' title='bbox 1132 3411 1248 3443; x_wconf 83' lang='lat' dir='ltr'>infulas</span> 
     </span>
     <span class='ocr_line' id='line_1_72' title="bbox 179 3448 1248 3490; baseline 0.009 -13"><span class='ocrx_word' id='word_1_550' title='bbox 179 3448 315 3478; x_wconf 82' lang='lat' dir='ltr'>ostendit</span> <span class='ocrx_word' id='word_1_551' title='bbox 330 3449 511 3490; x_wconf 90' lang='lat' dir='ltr'>Lequienus</span> <span class='ocrx_word' id='word_1_552' title='bbox 530 3449 561 3480; x_wconf 93' lang='lat' dir='ltr'>in</span> <span class='ocrx_word' id='word_1_553' title='bbox 577 3449 706 3482; x_wconf 89' lang='lat' dir='ltr'>Oriente</span> <span class='ocrx_word' id='word_1_554' title='bbox 723 3451 902 3484; x_wconf 88' lang='lat' dir='ltr'>christiano.</span> <span class='ocrx_word' id='word_1_555' title='bbox 922 3466 936 3481; x_wconf 59' lang='lat' dir='ltr'>e</span> <span class='ocrx_word' id='word_1_556' title='bbox 949 3453 1070 3485; x_wconf 88' lang='lat' dir='ltr'>Verum</span> <span class='ocrx_word' id='word_1_557' title='bbox 1086 3464 1118 3486; x_wconf 85' lang='lat' dir='ltr'>re</span> <span class='ocrx_word' id='word_1_558' title='bbox 1133 3454 1248 3487; x_wconf 86' lang='lat' dir='ltr'>melius</span> 
     </span>
    </p>
   </div>
   <div class='ocr_carea' id='block_1_5' title="bbox 182 3491 1253 3539">
    <p class='ocr_par' dir='ltr' id='par_1_8' title="bbox 182 3491 1253 3539">
     <span class='ocr_line' id='line_1_73' title="bbox 182 3491 1253 3539; baseline 0.01 -19"><span class='ocrx_word' id='word_1_559' title='bbox 182 3503 197 3519; x_wconf 73' lang='lat'>&gt;</span> <span class='ocrx_word' id='word_1_560' title='bbox 219 3502 370 3532; x_wconf 83' lang='lat' dir='ltr'>perpensa</span> <span class='ocrx_word' id='word_1_561' title='bbox 390 3491 509 3534; x_wconf 87' lang='lat' dir='ltr'>(inquit</span> <span class='ocrx_word' id='word_1_562' title='bbox 525 3494 666 3537; x_wconf 86' lang='lat' dir='ltr'>Caveus)</span> <span class='ocrx_word' id='word_1_563' title='bbox 683 3496 810 3527; x_wconf 87' lang='lat' dir='ltr'>eruditis</span> <span class='ocrx_word' id='word_1_564' title='bbox 834 3497 1074 3539; x_wconf 87' lang='lat' dir='ltr'>disquirendum</span> <span class='ocrx_word' id='word_1_565' title='bbox 1091 3499 1168 3530; x_wconf 88' lang='lat' dir='ltr'>relin</span> <span class='ocrx_word' id='word_1_566' title='bbox 1194 3510 1253 3539; x_wconf 78' lang='lat' dir='ltr'>uo„</span> 
     </span>
    </p>
   </div>
   <div class='ocr_carea' id='block_1_6' title="bbox 184 3538 1249 3585">
    <p class='ocr_par' dir='ltr' id='par_1_9' title="bbox 184 3538 1249 3585">
     <span class='ocr_line' id='line_1_74' title="bbox 184 3538 1249 3585; baseline 0.009 -20"><span class='ocrx_word' id='word_1_567' title='bbox 184 3547 198 3562; x_wconf 68' lang='lat' dir='ltr'>a&gt;</span> <span class='ocrx_word' id='word_1_568' title='bbox 221 3546 260 3566; x_wconf 87' lang='lat' dir='ltr'>an</span> <span class='ocrx_word' id='word_1_569' title='bbox 284 3547 348 3567; x_wconf 91' lang='lat' dir='ltr'>non</span> <span class='ocrx_word' id='word_1_570' title='bbox 367 3538 565 3577; x_wconf 86' lang='lat' dir='ltr'>Apollinario</span> <span class='ocrx_word' id='word_1_571' title='bbox 584 3540 663 3579; x_wconf 89' lang='lat' dir='ltr'>patri</span> <span class='ocrx_word' id='word_1_572' title='bbox 687 3540 805 3580; x_wconf 88' lang='lat' dir='ltr'>potius,</span> <span class='ocrx_word' id='word_1_573' title='bbox 826 3551 925 3583; x_wconf 88' lang='lat' dir='ltr'>quarn</span> <span class='ocrx_word' id='word_1_574' title='bbox 944 3541 1010 3573; x_wconf 89' lang='lat' dir='ltr'>filio</span> <span class='ocrx_word' id='word_1_575' title='bbox 1029 3544 1249 3585; x_wconf 80' lang='lat' dir='ltr'>Areopagitica</span> 
     </span>
    </p>
   </div>
   <div class='ocr_carea' id='block_1_7' title="bbox 184 3580 1255 3622">
    <p class='ocr_par' dir='ltr' id='par_1_10' title="bbox 184 3580 1255 3622">
     <span class='ocr_line' id='line_1_75' title="bbox 184 3580 1255 3622; baseline 0.011 -14"><span class='ocrx_word' id='word_1_576' title='bbox 184 3589 198 3606; x_wconf 63' lang='lat' dir='ltr'>s</span> <span class='ocrx_word' id='word_1_577' title='bbox 221 3580 282 3610; x_wconf 88' lang='lat' dir='ltr'>sint</span> <span class='ocrx_word' id='word_1_578' title='bbox 311 3580 495 3612; x_wconf 88' lang='lat' dir='ltr'>tribuenda?</span> <span class='ocrx_word' id='word_1_579' title='bbox 519 3582 611 3614; x_wconf 89' lang='lat' dir='ltr'>Certe</span> <span class='ocrx_word' id='word_1_580' title='bbox 641 3583 762 3622; x_wconf 87' lang='lat' dir='ltr'>filium,</span> <span class='ocrx_word' id='word_1_581' title='bbox 794 3592 829 3616; x_wconf 93' lang='lat' dir='ltr'>ut</span> <span class='ocrx_word' id='word_1_582' title='bbox 852 3586 884 3616; x_wconf 91' lang='lat' dir='ltr'>in</span> <span class='ocrx_word' id='word_1_583' title='bbox 917 3586 984 3617; x_wconf 89' lang='lat' dir='ltr'>aliis</span> <span class='ocrx_word' id='word_1_584' title='bbox 1007 3587 1080 3618; x_wconf 86' lang='lat' dir='ltr'>fidei</span> <span class='ocrx_word' id='word_1_585' title='bbox 1111 3584 1255 3619; x_wconf 59' lang='lat' dir='ltr'>articulis*</span> 
     </span>
    </p>
   </div>
   <div class='ocr_carea' id='block_1_8' title="bbox 183 3623 1250 3670">
    <p class='ocr_par' dir='ltr' id='par_1_11' title="bbox 183 3623 1250 3670">
     <span class='ocr_line' id='line_1_76' title="bbox 183 3623 1250 3670; baseline 0.011 -18"><span class='ocrx_word' id='word_1_586' title='bbox 183 3634 199 3650; x_wconf 61' lang='grc' dir='ltr'>ιι</span> <span class='ocrx_word' id='word_1_587' title='bbox 222 3623 428 3663; x_wconf 86' lang='lat' dir='ltr'>haereticum,</span> <span class='ocrx_word' id='word_1_588' title='bbox 456 3626 498 3656; x_wconf 88' lang='lat' dir='ltr'>ita</span> <span class='ocrx_word' id='word_1_589' title='bbox 529 3627 609 3658; x_wconf 85' lang='lat' dir='ltr'>inter</span> <span class='ocrx_word' id='word_1_590' title='bbox 631 3628 773 3659; x_wconf 89' lang='lat' dir='ltr'>Millenii</span> <span class='ocrx_word' id='word_1_591' title='bbox 804 3628 1056 3670; x_wconf 83' lang='lat' dir='ltr'>propugnatores</span> <span class='ocrx_word' id='word_1_592' title='bbox 1089 3635 1250 3663; x_wconf 76' lang='lat' dir='ltr'>recensent</span> 
     </span>
    </p>
   </div>
   <div class='ocr_carea' id='block_1_9' title="bbox 896 267 1632 305">
    <p class='ocr_par' dir='ltr' id='par_1_12' title="bbox 896 267 1632 305">
     <span class='ocr_line' id='line_1_77' title="bbox 896 267 1632 305; baseline -0.004 1"><span class='ocrx_word' id='word_1_593' title='bbox 896 267 1353 305; x_wconf 89' lang='lat' dir='ltr'>DISSERTATIONES</span> <span class='ocrx_word' id='word_1_594' title='bbox 1384 267 1632 303; x_wconf 91' lang='lat' dir='ltr'>CRITICAE</span> 
     </span>
    </p>
   </div>
   <div class='ocr_carea' id='block_1_10' title="bbox 1290 346 2381 2824">
    <p class='ocr_par' dir='ltr' id='par_1_13' title="bbox 1292 346 2378 1484">
     <span class='ocr_line' id='line_1_78' title="bbox 1295 346 2369 387; baseline 0.005 -13"><span class='ocrx_word' id='word_1_595' title='bbox 1295 358 1309 373; x_wconf 85' lang='lat'>»</span> <span class='ocrx_word' id='word_1_596' title='bbox 1332 351 1467 383; x_wconf 90' lang='lat' dir='ltr'>veteres;</span> <span class='ocrx_word' id='word_1_597' title='bbox 1492 346 1547 386; x_wconf 91' lang='lat' dir='ltr'>qui</span> <span class='ocrx_word' id='word_1_598' title='bbox 1566 352 1674 376; x_wconf 88' lang='lat' dir='ltr'>tamen</span> <span class='ocrx_word' id='word_1_599' title='bbox 1693 355 1788 385; x_wconf 90' lang='lat' dir='ltr'>error,</span> <span class='ocrx_word' id='word_1_600' title='bbox 1804 353 1840 377; x_wconf 95' lang='lat' dir='ltr'>ut</span> <span class='ocrx_word' id='word_1_601' title='bbox 1858 346 1980 378; x_wconf 89' lang='lat' dir='ltr'>notavit</span> <span class='ocrx_word' id='word_1_602' title='bbox 1999 346 2079 378; x_wconf 90' lang='lat' dir='ltr'>olim</span> <span class='ocrx_word' id='word_1_603' title='bbox 2102 358 2126 378; x_wconf 92' lang='lat' dir='ltr'>s.</span> <span class='ocrx_word' id='word_1_604' title='bbox 2145 348 2320 387; x_wconf 80' lang='lat' dir='ltr'>Maximus,</span> <span class='ocrx_word' id='word_1_605' title='bbox 2335 349 2369 379; x_wconf 91' lang='lat' dir='ltr'>in</span> 
     </span>
     <span class='ocr_line' id='line_1_79' title="bbox 1295 389 2369 430; baseline 0.005 -12"><span class='ocrx_word' id='word_1_606' title='bbox 1295 403 1309 417; x_wconf 82' lang='lat'>&gt;›</span> <span class='ocrx_word' id='word_1_607' title='bbox 1333 389 1381 419; x_wconf 93' lang='lat' dir='ltr'>his</span> <span class='ocrx_word' id='word_1_608' title='bbox 1411 389 1497 420; x_wconf 90' lang='lat' dir='ltr'>libris</span> <span class='ocrx_word' id='word_1_609' title='bbox 1528 390 1651 430; x_wconf 93' lang='lat' dir='ltr'>liquido</span> <span class='ocrx_word' id='word_1_610' title='bbox 1683 391 1860 421; x_wconf 88' lang='lat' dir='ltr'>damnatur.</span> <span class='ocrx_word' id='word_1_611' title='bbox 1891 391 1983 422; x_wconf 90' lang='lat' dir='ltr'>Pater</span> <span class='ocrx_word' id='word_1_612' title='bbox 2011 402 2087 422; x_wconf 89' lang='lat' dir='ltr'>vero</span> <span class='ocrx_word' id='word_1_613' title='bbox 2117 392 2150 422; x_wconf 88' lang='lat' dir='ltr'>in</span> <span class='ocrx_word' id='word_1_614' title='bbox 2181 391 2243 423; x_wconf 88' lang='lat' dir='ltr'>fide</span> <span class='ocrx_word' id='word_1_615' title='bbox 2274 403 2369 424; x_wconf 89' lang='lat' dir='ltr'>sanus</span> 
     </span>
     <span class='ocr_line' id='line_1_80' title="bbox 1295 434 2370 477; baseline 0.005 -14"><span class='ocrx_word' id='word_1_616' title='bbox 1295 447 1310 461; x_wconf 86' lang='lat'>»</span> <span class='ocrx_word' id='word_1_617' title='bbox 1333 440 1413 472; x_wconf 91' lang='lat' dir='ltr'>erat;</span> <span class='ocrx_word' id='word_1_618' title='bbox 1431 444 1488 465; x_wconf 90' lang='lat' dir='ltr'>nec</span> <span class='ocrx_word' id='word_1_619' title='bbox 1506 434 1544 464; x_wconf 93' lang='lat' dir='ltr'>de</span> <span class='ocrx_word' id='word_1_620' title='bbox 1560 434 1616 464; x_wconf 92' lang='lat' dir='ltr'>illo</span> <span class='ocrx_word' id='word_1_621' title='bbox 1632 434 1720 465; x_wconf 88' lang='lat' dir='ltr'>aliter</span> <span class='ocrx_word' id='word_1_622' title='bbox 1733 435 1911 476; x_wconf 91' lang='lat' dir='ltr'>loquuntur</span> <span class='ocrx_word' id='word_1_623' title='bbox 1924 442 2055 473; x_wconf 90' lang='lat' dir='ltr'>veteres,</span> <span class='ocrx_word' id='word_1_624' title='bbox 2071 436 2131 466; x_wconf 90' lang='lat' dir='ltr'>nisi</span> <span class='ocrx_word' id='word_1_625' title='bbox 2150 437 2240 477; x_wconf 92' lang='lat' dir='ltr'>quod</span> <span class='ocrx_word' id='word_1_626' title='bbox 2257 437 2370 473; x_wconf 91' lang='lat' dir='ltr'>Socra-</span> 
     </span>
     <span class='ocr_line' id='line_1_81' title="bbox 1295 478 2365 512; baseline 0.002 -5"><span class='ocrx_word' id='word_1_627' title='bbox 1295 491 1309 506; x_wconf 81' lang='lat'>»</span> <span class='ocrx_word' id='word_1_628' title='bbox 1333 485 1379 508; x_wconf 92' lang='lat' dir='ltr'>tes</span> <span class='ocrx_word' id='word_1_629' title='bbox 1397 478 1495 509; x_wconf 90' lang='lat' dir='ltr'>semel</span> <span class='ocrx_word' id='word_1_630' title='bbox 1510 489 1585 509; x_wconf 89' lang='lat' dir='ltr'>eum</span> <span class='ocrx_word' id='word_1_631' title='bbox 1600 479 1711 509; x_wconf 91' lang='lat' dir='ltr'>eadem</span> <span class='ocrx_word' id='word_1_632' title='bbox 1729 489 1803 510; x_wconf 90' lang='lat' dir='ltr'>cum</span> <span class='ocrx_word' id='word_1_633' title='bbox 1820 479 1887 509; x_wconf 90' lang='lat' dir='ltr'>filio</span> <span class='ocrx_word' id='word_1_634' title='bbox 1901 480 2021 510; x_wconf 89' lang='lat' dir='ltr'>haeresi</span> <span class='ocrx_word' id='word_1_635' title='bbox 2035 480 2196 511; x_wconf 89' lang='lat' dir='ltr'>involvere</span> <span class='ocrx_word' id='word_1_636' title='bbox 2211 481 2365 512; x_wconf 77' lang='lat' dir='ltr'>videtur.»</span> 
     </span>
     <span class='ocr_line' id='line_1_82' title="bbox 1293 523 2369 565; baseline 0.005 -13"><span class='ocrx_word' id='word_1_637' title='bbox 1293 523 1380 553; x_wconf 88' lang='lat' dir='ltr'>Haec</span> <span class='ocrx_word' id='word_1_638' title='bbox 1399 523 1472 553; x_wconf 86' lang='lat' dir='ltr'>satis</span> <span class='ocrx_word' id='word_1_639' title='bbox 1493 529 1606 561; x_wconf 90' lang='lat' dir='ltr'>essent,</span> <span class='ocrx_word' id='word_1_640' title='bbox 1626 523 1738 564; x_wconf 91' lang='lat' dir='ltr'>inquio</span> <span class='ocrx_word' id='word_1_641' title='bbox 1758 533 1828 563; x_wconf 86' lang='lat' dir='ltr'>ego,</span> <span class='ocrx_word' id='word_1_642' title='bbox 1853 530 1890 554; x_wconf 94' lang='lat' dir='ltr'>ut</span> <span class='ocrx_word' id='word_1_643' title='bbox 1907 524 2129 565; x_wconf 85' lang='lat' dir='ltr'>Areopagitica</span> <span class='ocrx_word' id='word_1_644' title='bbox 2148 526 2186 556; x_wconf 92' lang='lat' dir='ltr'>ab</span> <span class='ocrx_word' id='word_1_645' title='bbox 2206 525 2369 557; x_wconf 89' lang='lat' dir='ltr'>haereticis</span> 
     </span>
     <span class='ocr_line' id='line_1_83' title="bbox 1293 567 2368 610; baseline 0.004 -13"><span class='ocrx_word' id='word_1_646' title='bbox 1293 567 1526 607; x_wconf 88' lang='lat' dir='ltr'>Apollinaristis</span> <span class='ocrx_word' id='word_1_647' title='bbox 1554 567 1641 598; x_wconf 89' lang='lat' dir='ltr'>haud</span> <span class='ocrx_word' id='word_1_648' title='bbox 1670 567 1823 608; x_wconf 91' lang='lat' dir='ltr'>prodiisse</span> <span class='ocrx_word' id='word_1_649' title='bbox 1856 568 1980 609; x_wconf 92' lang='lat' dir='ltr'>liquido</span> <span class='ocrx_word' id='word_1_650' title='bbox 2016 576 2166 610; x_wconf 88' lang='lat' dir='ltr'>certoque</span> <span class='ocrx_word' id='word_1_651' title='bbox 2203 577 2368 601; x_wconf 92' lang='lat' dir='ltr'>constaret.</span> 
     </span>
     <span class='ocr_line' id='line_1_84' title="bbox 1292 611 2369 654; baseline 0.004 -13"><span class='ocrx_word' id='word_1_652' title='bbox 1292 612 1374 641; x_wconf 90' lang='lat' dir='ltr'>Rem</span> <span class='ocrx_word' id='word_1_653' title='bbox 1397 611 1518 652; x_wconf 88' lang='lat' dir='ltr'>quippe</span> <span class='ocrx_word' id='word_1_654' title='bbox 1541 611 1791 642; x_wconf 90' lang='lat' dir='ltr'>luculentissime</span> <span class='ocrx_word' id='word_1_655' title='bbox 1824 611 1991 643; x_wconf 89' lang='lat' dir='ltr'>confirmat</span> <span class='ocrx_word' id='word_1_656' title='bbox 2013 620 2120 653; x_wconf 88' lang='lat' dir='ltr'>aperta</span> <span class='ocrx_word' id='word_1_657' title='bbox 2144 614 2245 654; x_wconf 88' lang='lat' dir='ltr'>Regni</span> <span class='ocrx_word' id='word_1_658' title='bbox 2268 615 2369 645; x_wconf 90' lang='lat' dir='ltr'>mille-</span> 
     </span>
     <span class='ocr_line' id='line_1_85' title="bbox 1292 655 2370 700; baseline 0.005 -15"><span class='ocrx_word' id='word_1_659' title='bbox 1292 655 1370 685; x_wconf 90' lang='lat' dir='ltr'>narii</span> <span class='ocrx_word' id='word_1_660' title='bbox 1394 655 1568 694; x_wconf 87' lang='lat' dir='ltr'>damnatio,</span> <span class='ocrx_word' id='word_1_661' title='bbox 1602 656 1690 697; x_wconf 90' lang='lat' dir='ltr'>quod</span> <span class='ocrx_word' id='word_1_662' title='bbox 1713 656 1957 696; x_wconf 87' lang='lat' dir='ltr'>Apollinaristae</span> <span class='ocrx_word' id='word_1_663' title='bbox 1980 657 2165 688; x_wconf 83' lang='lat' dir='ltr'>heterodoxi</span> <span class='ocrx_word' id='word_1_664' title='bbox 2188 668 2370 700; x_wconf 88' lang='lat' dir='ltr'>propugna-</span> 
     </span>
     <span class='ocr_line' id='line_1_86' title="bbox 1292 700 2371 741; baseline 0.005 -12"><span class='ocrx_word' id='word_1_665' title='bbox 1292 700 1378 730; x_wconf 88' lang='lat' dir='ltr'>bant.</span> <span class='ocrx_word' id='word_1_666' title='bbox 1398 700 1557 740; x_wconf 90' lang='lat' dir='ltr'>Insignem</span> <span class='ocrx_word' id='word_1_667' title='bbox 1575 700 1685 730; x_wconf 92' lang='lat' dir='ltr'>locum</span> <span class='ocrx_word' id='word_1_668' title='bbox 1704 700 1831 741; x_wconf 90' lang='lat' dir='ltr'>profero</span> <span class='ocrx_word' id='word_1_669' title='bbox 1851 710 1888 731; x_wconf 90' lang='lat' dir='ltr'>ex</span> <span class='ocrx_word' id='word_1_670' title='bbox 1907 701 2009 741; x_wconf 91' lang='lat' dir='ltr'>capite</span> <span class='ocrx_word' id='word_1_671' title='bbox 2032 712 2076 732; x_wconf 86' lang='lat' dir='ltr'>vn</span> <span class='ocrx_word' id='word_1_672' title='bbox 2099 702 2138 732; x_wconf 93' lang='lat' dir='ltr'>de</span> <span class='ocrx_word' id='word_1_673' title='bbox 2164 703 2371 734; x_wconf 88' lang='lat' dir='ltr'>ecclesiastica</span> 
     </span>
     <span class='ocr_line' id='line_1_87' title="bbox 1293 743 2371 788; baseline 0.006 -15"><span class='ocrx_word' id='word_1_674' title='bbox 1293 743 1476 774; x_wconf 87' lang='lat' dir='ltr'>Hierarchia</span> <span class='ocrx_word' id='word_1_675' title='bbox 1499 754 1589 774; x_wconf 89' lang='lat' dir='ltr'>num.</span> <span class='ocrx_word' id='word_1_676' title='bbox 1620 755 1646 782; x_wconf 92' lang='lat'>1,</span> <span class='ocrx_word' id='word_1_677' title='bbox 1670 744 1698 784; x_wconf 67' lang='grc' dir='ltr'>ἕ.</span> <span class='ocrx_word' id='word_1_678' title='bbox 1726 752 1759 775; x_wconf 88' lang='lat'>2:</span> <span class='ocrx_word' id='word_1_679' title='bbox 1779 745 1846 775; x_wconf 89' lang='lat' dir='ltr'>Alii</span> <span class='ocrx_word' id='word_1_680' title='bbox 1862 755 1978 785; x_wconf 89' lang='lat' dir='ltr'>porro,</span> <span class='ocrx_word' id='word_1_681' title='bbox 2005 747 2110 776; x_wconf 89' lang='lat' dir='ltr'>nescio</span> <span class='ocrx_word' id='word_1_682' title='bbox 2129 756 2191 787; x_wconf 91' lang='lat' dir='ltr'>quo</span> <span class='ocrx_word' id='word_1_683' title='bbox 2206 753 2303 788; x_wconf 88' lang='lat' dir='ltr'>pacto</span> <span class='ocrx_word' id='word_1_684' title='bbox 2326 748 2371 779; x_wconf 88' lang='lat' dir='ltr'>ad</span> 
     </span>
     <span class='ocr_line' id='line_1_88' title="bbox 1293 788 2370 830; baseline 0.004 -12"><span class='ocrx_word' id='word_1_685' title='bbox 1293 793 1441 818; x_wconf 89' lang='lat' dir='ltr'>terrenas</span> <span class='ocrx_word' id='word_1_686' title='bbox 1471 789 1683 829; x_wconf 86' lang='lat' dir='ltr'>cogitationes</span> <span class='ocrx_word' id='word_1_687' title='bbox 1704 788 1833 829; x_wconf 85' lang='lat' dir='ltr'>dilapsi,</span> <span class='ocrx_word' id='word_1_688' title='bbox 1857 789 2013 820; x_wconf 88' lang='lat' dir='ltr'>dixerunt</span> <span class='ocrx_word' id='word_1_689' title='bbox 2029 792 2199 830; x_wconf 87' lang='lat' dir='ltr'>praesenti</span> <span class='ocrx_word' id='word_1_690' title='bbox 2221 793 2306 822; x_wconf 87' lang='lat' dir='ltr'>vitae</span> <span class='ocrx_word' id='word_1_691' title='bbox 2327 793 2370 823; x_wconf 90' lang='lat' dir='ltr'>si-</span> 
     </span>
     <span class='ocr_line' id='line_1_89' title="bbox 1293 832 2371 877; baseline 0.005 -15"><span class='ocrx_word' id='word_1_692' title='bbox 1293 832 1399 862; x_wconf 89' lang='lat' dir='ltr'>milem</span> <span class='ocrx_word' id='word_1_693' title='bbox 1416 832 1528 863; x_wconf 90' lang='lat' dir='ltr'>Beatis</span> <span class='ocrx_word' id='word_1_694' title='bbox 1539 834 1733 872; x_wconf 88' lang='lat' dir='ltr'>promissam</span> <span class='ocrx_word' id='word_1_695' title='bbox 1754 842 1823 863; x_wconf 90' lang='lat' dir='ltr'>esse</span> <span class='ocrx_word' id='word_1_696' title='bbox 1837 834 2072 864; x_wconf 86' lang='lat' dir='ltr'>sanctissimam</span> <span class='ocrx_word' id='word_1_697' title='bbox 2093 835 2371 877; x_wconf 84' lang='lat' dir='ltr'>beatissimamque</span> 
     </span>
     <span class='ocr_line' id='line_1_90' title="bbox 1293 877 2370 922; baseline 0.005 -16"><span class='ocrx_word' id='word_1_698' title='bbox 1293 882 1410 907; x_wconf 88' lang='lat' dir='ltr'>sortem</span> <span class='ocrx_word' id='word_1_699' title='bbox 1417 884 1430 914; x_wconf 90' lang='lat'><strong><em>;</em></strong></span> <span class='ocrx_word' id='word_1_700' title='bbox 1453 877 1600 917; x_wconf 87' lang='lat' dir='ltr'>cibosque</span> <span class='ocrx_word' id='word_1_701' title='bbox 1623 878 1708 907; x_wconf 90' lang='lat' dir='ltr'>vitae</span> <span class='ocrx_word' id='word_1_702' title='bbox 1732 877 1882 908; x_wconf 80' lang='lat' dir='ltr'>variabili</span> <span class='ocrx_word' id='word_1_703' title='bbox 1900 879 2053 918; x_wconf 88' lang='lat' dir='ltr'>proprios</span> <span class='ocrx_word' id='word_1_704' title='bbox 2076 879 2134 916; x_wconf 88' lang='lat' dir='ltr'>iis,</span> <span class='ocrx_word' id='word_1_705' title='bbox 2159 881 2215 920; x_wconf 91' lang='lat' dir='ltr'>qui</span> <span class='ocrx_word' id='word_1_706' title='bbox 2232 881 2370 922; x_wconf 89' lang='lat' dir='ltr'>Angelis</span> 
     </span>
     <span class='ocr_line' id='line_1_91' title="bbox 1293 920 2370 965; baseline 0.004 -14"><span class='ocrx_word' id='word_1_707' title='bbox 1293 921 1447 961; x_wconf 89' lang='lat' dir='ltr'>aequales</span> <span class='ocrx_word' id='word_1_708' title='bbox 1468 926 1554 958; x_wconf 89' lang='lat' dir='ltr'>sunt,</span> <span class='ocrx_word' id='word_1_709' title='bbox 1577 920 1704 962; x_wconf 76' lang='lat' dir='ltr'>nefarie</span> <span class='ocrx_word' id='word_1_710' title='bbox 1723 921 1958 961; x_wconf 88' lang='lat' dir='ltr'>applicuerunt.</span> <span class='ocrx_word' id='word_1_711' title='bbox 1978 921 2043 952; x_wconf 88' lang='lat' dir='ltr'>Sed</span> <span class='ocrx_word' id='word_1_712' title='bbox 2060 922 2142 953; x_wconf 91' lang='lat' dir='ltr'>absit</span> <span class='ocrx_word' id='word_1_713' title='bbox 2164 928 2200 953; x_wconf 90' lang='lat' dir='ltr'>ut</span> <span class='ocrx_word' id='word_1_714' title='bbox 2215 933 2370 965; x_wconf 89' lang='lat' dir='ltr'>umquam</span> 
     </span>
     <span class='ocr_line' id='line_1_92' title="bbox 1293 966 2370 1008; baseline 0.003 -12"><span class='ocrx_word' id='word_1_715' title='bbox 1293 971 1426 996; x_wconf 88' lang='lat' dir='ltr'>sanctus</span> <span class='ocrx_word' id='word_1_716' title='bbox 1449 966 1500 996; x_wconf 86' lang='lat' dir='ltr'>vir</span> <span class='ocrx_word' id='word_1_717' title='bbox 1522 966 1679 1006; x_wconf 65' lang='lat' dir='ltr'>quispiam</span> <span class='ocrx_word' id='word_1_718' title='bbox 1700 967 1732 995; x_wconf 91' lang='lat' dir='ltr'>in</span> <span class='ocrx_word' id='word_1_719' title='bbox 1758 966 1937 996; x_wconf 88' lang='lat' dir='ltr'>istiusmodi</span> <span class='ocrx_word' id='word_1_720' title='bbox 1960 975 2089 997; x_wconf 90' lang='lat' dir='ltr'>errores</span> <span class='ocrx_word' id='word_1_721' title='bbox 2108 967 2237 998; x_wconf 87' lang='lat' dir='ltr'>incidat.</span> <span class='ocrx_word' id='word_1_722' title='bbox 2257 970 2370 1008; x_wconf 93' lang='lat' dir='ltr'>Appo-</span> 
     </span>
     <span class='ocr_line' id='line_1_93' title="bbox 1295 1010 2372 1050; baseline 0.003 -11"><span class='ocrx_word' id='word_1_723' title='bbox 1295 1010 1482 1040; x_wconf 89' lang='lat' dir='ltr'>sitissimum</span> <span class='ocrx_word' id='word_1_724' title='bbox 1506 1010 1606 1040; x_wconf 87' lang='lat' dir='ltr'>refero</span> <span class='ocrx_word' id='word_1_725' title='bbox 1627 1010 1771 1040; x_wconf 90' lang='lat' dir='ltr'>scholion</span> <span class='ocrx_word' id='word_1_726' title='bbox 1795 1010 1884 1050; x_wconf 90' lang='lat' dir='ltr'>quod</span> <span class='ocrx_word' id='word_1_727' title='bbox 1908 1010 1967 1040; x_wconf 91' lang='lat' dir='ltr'>sub</span> <span class='ocrx_word' id='word_1_728' title='bbox 1991 1010 2121 1041; x_wconf 91' lang='lat' dir='ltr'>nomine</span> <span class='ocrx_word' id='word_1_729' title='bbox 2141 1021 2165 1041; x_wconf 92' lang='lat' dir='ltr'>s.</span> <span class='ocrx_word' id='word_1_730' title='bbox 2188 1012 2319 1042; x_wconf 86' lang='lat' dir='ltr'>Maximi</span> <span class='ocrx_word' id='word_1_731' title='bbox 2338 1012 2372 1042; x_wconf 91' lang='lat' dir='ltr'>in</span> 
     </span>
     <span class='ocr_line' id='line_1_94' title="bbox 1295 1054 2372 1096; baseline 0.003 -12"><span class='ocrx_word' id='word_1_732' title='bbox 1295 1054 1488 1085; x_wconf 86' lang='lat' dir='ltr'>Corderiana</span> <span class='ocrx_word' id='word_1_733' title='bbox 1505 1054 1597 1085; x_wconf 89' lang='lat' dir='ltr'>citata</span> <span class='ocrx_word' id='word_1_734' title='bbox 1616 1054 1754 1085; x_wconf 87' lang='lat' dir='ltr'>editione</span> <span class='ocrx_word' id='word_1_735' title='bbox 1773 1061 1908 1094; x_wconf 90' lang='lat' dir='ltr'>prostat:</span> <span class='ocrx_word' id='word_1_736' title='bbox 1933 1068 1947 1082; x_wconf 73' lang='grc' dir='ltr'><strong>α</strong></span> <span class='ocrx_word' id='word_1_737' title='bbox 1964 1055 2263 1096; x_wconf 89' lang='lat' dir='ltr'>Beatissimamque.</span> <span class='ocrx_word' id='word_1_738' title='bbox 2284 1057 2372 1087; x_wconf 83' lang='lat' dir='ltr'>Haec</span> 
     </span>
     <span class='ocr_line' id='line_1_95' title="bbox 1299 1099 2370 1141; baseline 0.002 -13"><span class='ocrx_word' id='word_1_739' title='bbox 1299 1112 1312 1126; x_wconf 86' lang='lat'>»</span> <span class='ocrx_word' id='word_1_740' title='bbox 1336 1099 1378 1129; x_wconf 91' lang='lat' dir='ltr'>ait</span> <span class='ocrx_word' id='word_1_741' title='bbox 1402 1099 1576 1136; x_wconf 89' lang='lat' dir='ltr'>insinuans,</span> <span class='ocrx_word' id='word_1_742' title='bbox 1602 1105 1637 1129; x_wconf 93' lang='lat' dir='ltr'>ut</span> <span class='ocrx_word' id='word_1_743' title='bbox 1660 1099 1793 1140; x_wconf 91' lang='lat' dir='ltr'>opinor,</span> <span class='ocrx_word' id='word_1_744' title='bbox 1817 1099 1949 1140; x_wconf 88' lang='lat' dir='ltr'>Papiam</span> <span class='ocrx_word' id='word_1_745' title='bbox 1974 1100 2157 1140; x_wconf 90' lang='lat' dir='ltr'>Hieropolis</span> <span class='ocrx_word' id='word_1_746' title='bbox 2181 1100 2274 1130; x_wconf 90' lang='lat' dir='ltr'>Asiae</span> <span class='ocrx_word' id='word_1_747' title='bbox 2294 1100 2370 1141; x_wconf 91' lang='lat' dir='ltr'>Epi-</span> 
     </span>
     <span class='ocr_line' id='line_1_96' title="bbox 1299 1142 2369 1184; baseline 0.003 -12"><span class='ocrx_word' id='word_1_748' title='bbox 1299 1156 1312 1169; x_wconf 80' lang='lat'>»</span> <span class='ocrx_word' id='word_1_749' title='bbox 1336 1153 1482 1183; x_wconf 88' lang='lat' dir='ltr'>scopum,</span> <span class='ocrx_word' id='word_1_750' title='bbox 1503 1143 1558 1184; x_wconf 87' lang='lat' dir='ltr'>qui</span> <span class='ocrx_word' id='word_1_751' title='bbox 1578 1142 1641 1173; x_wconf 93' lang='lat' dir='ltr'>divi</span> <span class='ocrx_word' id='word_1_752' title='bbox 1661 1143 1788 1173; x_wconf 90' lang='lat' dir='ltr'>Ioannis</span> <span class='ocrx_word' id='word_1_753' title='bbox 1804 1143 2022 1183; x_wconf 88' lang='lat' dir='ltr'>Evangelistae</span> <span class='ocrx_word' id='word_1_754' title='bbox 2038 1145 2235 1184; x_wconf 86' lang='lat' dir='ltr'>temporibus</span> <span class='ocrx_word' id='word_1_755' title='bbox 2252 1145 2369 1175; x_wconf 90' lang='lat' dir='ltr'>floruit.</span> 
     </span>
     <span class='ocr_line' id='line_1_97' title="bbox 1299 1187 2371 1230; baseline 0.003 -13"><span class='ocrx_word' id='word_1_756' title='bbox 1299 1200 1313 1215; x_wconf 86' lang='lat'>›&gt;</span> <span class='ocrx_word' id='word_1_757' title='bbox 1336 1187 1397 1218; x_wconf 89' lang='lat' dir='ltr'>Hic</span> <span class='ocrx_word' id='word_1_758' title='bbox 1414 1194 1521 1218; x_wconf 87' lang='lat' dir='ltr'>autem</span> <span class='ocrx_word' id='word_1_759' title='bbox 1535 1187 1647 1228; x_wconf 88' lang='lat' dir='ltr'>Papias</span> <span class='ocrx_word' id='word_1_760' title='bbox 1663 1187 1744 1218; x_wconf 89' lang='lat' dir='ltr'>libro</span> <span class='ocrx_word' id='word_1_761' title='bbox 1761 1188 1803 1218; x_wconf 86' lang='lat' dir='ltr'>lv</span> <span class='ocrx_word' id='word_1_762' title='bbox 1819 1188 2054 1219; x_wconf 90' lang='lat' dir='ltr'>dominicarum</span> <span class='ocrx_word' id='word_1_763' title='bbox 2067 1199 2198 1220; x_wconf 88' lang='lat' dir='ltr'>suarum</span> <span class='ocrx_word' id='word_1_764' title='bbox 2215 1189 2371 1230; x_wconf 87' lang='lat' dir='ltr'>Explana-</span> 
     </span>
     <span class='ocr_line' id='line_1_98' title="bbox 1300 1231 2372 1274; baseline 0.002 -12"><span class='ocrx_word' id='word_1_765' title='bbox 1300 1246 1314 1260; x_wconf 77' lang='grc'>»</span> <span class='ocrx_word' id='word_1_766' title='bbox 1337 1232 1463 1263; x_wconf 88' lang='lat' dir='ltr'>tionum</span> <span class='ocrx_word' id='word_1_767' title='bbox 1493 1231 1616 1272; x_wconf 88' lang='lat' dir='ltr'>scripsit</span> <span class='ocrx_word' id='word_1_768' title='bbox 1646 1232 1713 1262; x_wconf 84' lang='lat' dir='ltr'>fore</span> <span class='ocrx_word' id='word_1_769' title='bbox 1736 1232 1770 1262; x_wconf 91' lang='lat' dir='ltr'>in</span> <span class='ocrx_word' id='word_1_770' title='bbox 1797 1232 2025 1263; x_wconf 87' lang='lat' dir='ltr'>resurrectione</span> <span class='ocrx_word' id='word_1_771' title='bbox 2056 1233 2256 1274; x_wconf 78' lang='lat' dir='ltr'>voluptates,</span> <span class='ocrx_word' id='word_1_772' title='bbox 2289 1244 2372 1274; x_wconf 90' lang='lat' dir='ltr'>quae</span> 
     </span>
     <span class='ocr_line' id='line_1_99' title="bbox 1300 1276 2373 1318; baseline 0.003 -13"><span class='ocrx_word' id='word_1_773' title='bbox 1300 1290 1315 1304; x_wconf 68' lang='lat'>2&gt;</span> <span class='ocrx_word' id='word_1_774' title='bbox 1337 1276 1557 1317; x_wconf 87' lang='lat' dir='ltr'>percipiuntur</span> <span class='ocrx_word' id='word_1_775' title='bbox 1565 1286 1603 1306; x_wconf 86' lang='lat' dir='ltr'>ex</span> <span class='ocrx_word' id='word_1_776' title='bbox 1618 1276 1709 1307; x_wconf 83' lang='lat' dir='ltr'>cibis:</span> <span class='ocrx_word' id='word_1_777' title='bbox 1721 1276 1753 1306; x_wconf 93' lang='lat' dir='ltr'>in</span> <span class='ocrx_word' id='word_1_778' title='bbox 1770 1277 1859 1317; x_wconf 92' lang='lat' dir='ltr'>quod</span> <span class='ocrx_word' id='word_1_779' title='bbox 1878 1277 2009 1318; x_wconf 89' lang='lat' dir='ltr'>quidem</span> <span class='ocrx_word' id='word_1_780' title='bbox 2028 1277 2146 1317; x_wconf 90' lang='lat' dir='ltr'>dogma</span> <span class='ocrx_word' id='word_1_781' title='bbox 2161 1278 2373 1318; x_wconf 89' lang='lat' dir='ltr'>postmodum</span> 
     </span>
     <span class='ocr_line' id='line_1_100' title="bbox 1301 1321 2374 1362; baseline 0.002 -12"><span class='ocrx_word' id='word_1_782' title='bbox 1301 1335 1315 1349; x_wconf 83' lang='lat'>›&gt;</span> <span class='ocrx_word' id='word_1_783' title='bbox 1338 1321 1555 1361; x_wconf 88' lang='lat' dir='ltr'>Apollinarius</span> <span class='ocrx_word' id='word_1_784' title='bbox 1579 1321 1719 1358; x_wconf 89' lang='lat' dir='ltr'>credidit,</span> <span class='ocrx_word' id='word_1_785' title='bbox 1744 1321 1832 1362; x_wconf 93' lang='lat' dir='ltr'>quod</span> <span class='ocrx_word' id='word_1_786' title='bbox 1856 1321 1953 1362; x_wconf 90' lang='lat' dir='ltr'>aliqui</span> <span class='ocrx_word' id='word_1_787' title='bbox 1977 1328 2093 1352; x_wconf 87' lang='lat' dir='ltr'>vocant</span> <span class='ocrx_word' id='word_1_788' title='bbox 2115 1322 2245 1352; x_wconf 88' lang='lat' dir='ltr'>Annum</span> <span class='ocrx_word' id='word_1_789' title='bbox 2271 1323 2374 1353; x_wconf 88' lang='lat' dir='ltr'>mille-</span> 
     </span>
     <span class='ocr_line' id='line_1_101' title="bbox 1301 1365 2378 1407; baseline 0.002 -12"><span class='ocrx_word' id='word_1_790' title='bbox 1301 1379 1315 1393; x_wconf 85' lang='lat'>»</span> <span class='ocrx_word' id='word_1_791' title='bbox 1339 1366 1479 1396; x_wconf 91' lang='lat' dir='ltr'>narium.</span> <span class='ocrx_word' id='word_1_792' title='bbox 1505 1365 1682 1402; x_wconf 90' lang='lat' dir='ltr'>Quomodo</span> <span class='ocrx_word' id='word_1_793' title='bbox 1707 1365 1802 1406; x_wconf 90' lang='lat' dir='ltr'>igitur</span> <span class='ocrx_word' id='word_1_794' title='bbox 1825 1366 1939 1406; x_wconf 89' lang='lat' dir='ltr'>scripta</span> <span class='ocrx_word' id='word_1_795' title='bbox 1963 1366 2061 1397; x_wconf 88' lang='lat' dir='ltr'>sancti</span> <span class='ocrx_word' id='word_1_796' title='bbox 2079 1366 2226 1407; x_wconf 91' lang='lat' dir='ltr'>Dionysii</span> <span class='ocrx_word' id='word_1_797' title='bbox 2250 1367 2378 1407; x_wconf 90' lang='lat' dir='ltr'>possint</span> 
     </span>
     <span class='ocr_line' id='line_1_102' title="bbox 1301 1409 2378 1452; baseline 0.003 -13"><span class='ocrx_word' id='word_1_798' title='bbox 1301 1422 1315 1438; x_wconf 78' lang='lat'><strong>»</strong></span> <span class='ocrx_word' id='word_1_799' title='bbox 1339 1419 1405 1440; x_wconf 90' lang='lat' dir='ltr'>esse</span> <span class='ocrx_word' id='word_1_800' title='bbox 1429 1409 1628 1450; x_wconf 88' lang='lat' dir='ltr'>Apollinarii,</span> <span class='ocrx_word' id='word_1_801' title='bbox 1653 1410 1699 1440; x_wconf 90' lang='lat' dir='ltr'>uti</span> <span class='ocrx_word' id='word_1_802' title='bbox 1723 1410 1821 1451; x_wconf 91' lang='lat' dir='ltr'>aliqui</span> <span class='ocrx_word' id='word_1_803' title='bbox 1846 1410 1989 1448; x_wconf 90' lang='lat' dir='ltr'>delirant,</span> <span class='ocrx_word' id='word_1_804' title='bbox 2014 1420 2089 1441; x_wconf 91' lang='lat' dir='ltr'>curn</span> <span class='ocrx_word' id='word_1_805' title='bbox 2112 1410 2189 1442; x_wconf 88' lang='lat' dir='ltr'>haec</span> <span class='ocrx_word' id='word_1_806' title='bbox 2208 1411 2378 1452; x_wconf 88' lang='lat' dir='ltr'>Apollina-</span> 
     </span>
     <span class='ocr_line' id='line_1_103' title="bbox 1301 1451 1634 1484; baseline 0.003 -1"><span class='ocrx_word' id='word_1_807' title='bbox 1301 1467 1315 1481; x_wconf 78' lang='grc'>»</span> <span class='ocrx_word' id='word_1_808' title='bbox 1339 1453 1423 1484; x_wconf 88' lang='lat' dir='ltr'>rium</span> <span class='ocrx_word' id='word_1_809' title='bbox 1451 1451 1634 1484; x_wconf 75' lang='lat' dir='ltr'>refutent?»</span> 
     </span>
    </p>

    <p class='ocr_par' dir='ltr' id='par_1_14' title="bbox 1290 1497 2381 2824">
     <span class='ocr_line' id='line_1_104' title="bbox 1365 1497 2378 1540; baseline 0.003 -13"><span class='ocrx_word' id='word_1_810' title='bbox 1365 1499 1408 1528; x_wconf 89' lang='lat' dir='ltr'>At</span> <span class='ocrx_word' id='word_1_811' title='bbox 1430 1497 1483 1527; x_wconf 86' lang='lat' dir='ltr'>illa</span> <span class='ocrx_word' id='word_1_812' title='bbox 1506 1497 1708 1538; x_wconf 86' lang='lat' dir='ltr'>Apollinario</span> <span class='ocrx_word' id='word_1_813' title='bbox 1731 1498 1811 1538; x_wconf 82' lang='lat' dir='ltr'>patri</span> <span class='ocrx_word' id='word_1_814' title='bbox 1835 1499 2002 1529; x_wconf 89' lang='lat' dir='ltr'>tribuenda</span> <span class='ocrx_word' id='word_1_815' title='bbox 2021 1506 2127 1530; x_wconf 90' lang='lat' dir='ltr'>censet</span> <span class='ocrx_word' id='word_1_816' title='bbox 2145 1499 2292 1538; x_wconf 85' lang='lat' dir='ltr'>Caveus,</span> <span class='ocrx_word' id='word_1_817' title='bbox 2322 1500 2378 1540; x_wconf 88' lang='lat' dir='ltr'>qui</span> 
     </span>
     <span class='ocr_line' id='line_1_105' title="bbox 1299 1540 2375 1583; baseline 0.003 -11"><span class='ocrx_word' id='word_1_818' title='bbox 1299 1543 1332 1573; x_wconf 89' lang='lat' dir='ltr'>in</span> <span class='ocrx_word' id='word_1_819' title='bbox 1346 1542 1420 1583; x_wconf 87' lang='lat' dir='ltr'>side</span> <span class='ocrx_word' id='word_1_820' title='bbox 1442 1551 1544 1573; x_wconf 90' lang='lat' dir='ltr'>sanus</span> <span class='ocrx_word' id='word_1_821' title='bbox 1562 1547 1643 1572; x_wconf 88' lang='lat' dir='ltr'>erat.</span> <span class='ocrx_word' id='word_1_822' title='bbox 1667 1542 1767 1573; x_wconf 83' lang='lat' dir='ltr'>Novit</span> <span class='ocrx_word' id='word_1_823' title='bbox 1785 1543 1853 1583; x_wconf 87' lang='lat' dir='ltr'>ipse</span> <span class='ocrx_word' id='word_1_824' title='bbox 1872 1550 1979 1574; x_wconf 89' lang='lat' dir='ltr'>tamen</span> <span class='ocrx_word' id='word_1_825' title='bbox 2004 1543 2223 1574; x_wconf 89' lang='lat' dir='ltr'>adversantem</span> <span class='ocrx_word' id='word_1_826' title='bbox 2241 1543 2301 1574; x_wconf 91' lang='lat' dir='ltr'>sibi</span> <span class='ocrx_word' id='word_1_827' title='bbox 2318 1540 2375 1575; x_wconf 81' lang='lat' dir='ltr'>so-</span> 
     </span>
     <span class='ocr_line' id='line_1_106' title="bbox 1299 1586 2375 1628; baseline 0.003 -12"><span class='ocrx_word' id='word_1_828' title='bbox 1299 1593 1425 1617; x_wconf 86' lang='lat' dir='ltr'>cratem.</span> <span class='ocrx_word' id='word_1_829' title='bbox 1452 1586 1480 1625; x_wconf 90' lang='lat' dir='ltr'>ls</span> <span class='ocrx_word' id='word_1_830' title='bbox 1500 1586 1586 1617; x_wconf 90' lang='lat' dir='ltr'>enim</span> <span class='ocrx_word' id='word_1_831' title='bbox 1609 1586 1690 1616; x_wconf 92' lang='lat' dir='ltr'>libro</span> <span class='ocrx_word' id='word_1_832' title='bbox 1710 1587 1736 1616; x_wconf 95' lang='lat'>11</span> <span class='ocrx_word' id='word_1_833' title='bbox 1757 1586 1838 1617; x_wconf 86' lang='lat' dir='ltr'>Hist.</span> <span class='ocrx_word' id='word_1_834' title='bbox 1860 1586 1981 1625; x_wconf 88' lang='lat' dir='ltr'>eccles.,</span> <span class='ocrx_word' id='word_1_835' title='bbox 1999 1587 2099 1628; x_wconf 86' lang='lat' dir='ltr'>capite</span> <span class='ocrx_word' id='word_1_836' title='bbox 2115 1598 2187 1618; x_wconf 72' lang='lat' dir='ltr'>va1</span> <span class='ocrx_word' id='word_1_837' title='bbox 2208 1588 2266 1618; x_wconf 90' lang='lat' dir='ltr'>ait:</span> <span class='ocrx_word' id='word_1_838' title='bbox 2290 1588 2375 1619; x_wconf 87' lang='lat' dir='ltr'>Lao-</span> 
     </span>
     <span class='ocr_line' id='line_1_107' title="bbox 1299 1630 2373 1673; baseline 0.002 -12"><span class='ocrx_word' id='word_1_839' title='bbox 1299 1631 1409 1662; x_wconf 88' lang='lat' dir='ltr'>diceae</span> <span class='ocrx_word' id='word_1_840' title='bbox 1432 1632 1465 1661; x_wconf 88' lang='lat' dir='ltr'>in</span> <span class='ocrx_word' id='word_1_841' title='bbox 1489 1630 1591 1671; x_wconf 62' lang='lat' dir='ltr'>§yria</span> <span class='ocrx_word' id='word_1_842' title='bbox 1610 1630 1675 1661; x_wconf 91' lang='lat' dir='ltr'>duo</span> <span class='ocrx_word' id='word_1_843' title='bbox 1694 1636 1790 1661; x_wconf 86' lang='lat' dir='ltr'>erant</span> <span class='ocrx_word' id='word_1_844' title='bbox 1809 1632 1882 1670; x_wconf 87' lang='lat' dir='ltr'>viri,</span> <span class='ocrx_word' id='word_1_845' title='bbox 1903 1631 2011 1662; x_wconf 89' lang='lat' dir='ltr'>eodem</span> <span class='ocrx_word' id='word_1_846' title='bbox 2036 1633 2165 1670; x_wconf 85' lang='lat' dir='ltr'>nomine</span> <span class='ocrx_word' id='word_1_847' title='bbox 2183 1633 2373 1673; x_wconf 88' lang='lat' dir='ltr'>nuncupati,</span> 
     </span>
     <span class='ocr_line' id='line_1_108' title="bbox 1294 1675 2376 1716; baseline 0.002 -10"><span class='ocrx_word' id='word_1_848' title='bbox 1294 1681 1392 1716; x_wconf 90' lang='lat' dir='ltr'>pater</span> <span class='ocrx_word' id='word_1_849' title='bbox 1422 1680 1452 1706; x_wconf 91' lang='lat' dir='ltr'>et</span> <span class='ocrx_word' id='word_1_850' title='bbox 1472 1675 1578 1716; x_wconf 91' lang='lat' dir='ltr'>filius.</span> <span class='ocrx_word' id='word_1_851' title='bbox 1615 1675 1756 1716; x_wconf 86' lang='lat' dir='ltr'>Uterque</span> <span class='ocrx_word' id='word_1_852' title='bbox 1783 1676 1867 1706; x_wconf 89' lang='lat' dir='ltr'>enim</span> <span class='ocrx_word' id='word_1_853' title='bbox 1895 1675 2096 1716; x_wconf 84' lang='lat' dir='ltr'>Apollinaris</span> <span class='ocrx_word' id='word_1_854' title='bbox 2125 1676 2302 1707; x_wconf 86' lang='lat' dir='ltr'>dicebatur.</span> <span class='ocrx_word' id='word_1_855' title='bbox 2331 1675 2376 1708; x_wconf 79' lang='lat' dir='ltr'>Et</span> 
     </span>
     <span class='ocr_line' id='line_1_109' title="bbox 1294 1719 2373 1761; baseline 0.002 -11"><span class='ocrx_word' id='word_1_856' title='bbox 1294 1725 1394 1760; x_wconf 89' lang='lat' dir='ltr'>pater</span> <span class='ocrx_word' id='word_1_857' title='bbox 1420 1719 1546 1760; x_wconf 86' lang='lat' dir='ltr'>quidem</span> <span class='ocrx_word' id='word_1_858' title='bbox 1570 1719 1758 1761; x_wconf 73' lang='lat' dir='ltr'>presbrteri</span> <span class='ocrx_word' id='word_1_859' title='bbox 1785 1719 1927 1761; x_wconf 89' lang='lat' dir='ltr'>gradum</span> <span class='ocrx_word' id='word_1_860' title='bbox 1958 1721 1990 1750; x_wconf 92' lang='lat' dir='ltr'>in</span> <span class='ocrx_word' id='word_1_861' title='bbox 2018 1720 2165 1751; x_wconf 85' lang='lat' dir='ltr'>Ecclesia</span> <span class='ocrx_word' id='word_1_862' title='bbox 2194 1720 2373 1758; x_wconf 84' lang='lat' dir='ltr'>obtinebat,</span> 
     </span>
     <span class='ocr_line' id='line_1_110' title="bbox 1290 1761 2374 1806; baseline 0.002 -12"><span class='ocrx_word' id='word_1_863' title='bbox 1290 1764 1389 1805; x_wconf 87' lang='lat' dir='ltr'>filius</span> <span class='ocrx_word' id='word_1_864' title='bbox 1413 1773 1488 1795; x_wconf 90' lang='lat' dir='ltr'>vero</span> <span class='ocrx_word' id='word_1_865' title='bbox 1508 1764 1636 1794; x_wconf 89' lang='lat' dir='ltr'>lectoris</span> <span class='ocrx_word' id='word_1_866' title='bbox 1659 1763 1767 1805; x_wconf 84' lang='lat' dir='ltr'>officio</span> <span class='ocrx_word' id='word_1_867' title='bbox 1781 1763 2022 1806; x_wconf 85' lang='lat' dir='ltr'>fungebatur...</span> <span class='ocrx_word' id='word_1_868' title='bbox 2038 1764 2191 1796; x_wconf 85' lang='lat' dir='ltr'>Florebat</span> <span class='ocrx_word' id='word_1_869' title='bbox 2212 1774 2279 1796; x_wconf 88' lang='lat' dir='ltr'>una</span> <span class='ocrx_word' id='word_1_870' title='bbox 2302 1761 2374 1796; x_wconf 82' lang='lat' dir='ltr'>cum</span> 
     </span>
     <span class='ocr_line' id='line_1_111' title="bbox 1301 1806 2376 1852; baseline 0.002 -14"><span class='ocrx_word' id='word_1_871' title='bbox 1301 1809 1366 1839; x_wconf 87' lang='lat' dir='ltr'>illis</span> <span class='ocrx_word' id='word_1_872' title='bbox 1393 1808 1598 1849; x_wconf 83' lang='lat' dir='ltr'>Epiphanius</span> <span class='ocrx_word' id='word_1_873' title='bbox 1625 1809 1766 1849; x_wconf 86' lang='lat' dir='ltr'>sophista</span> <span class='ocrx_word' id='word_1_874' title='bbox 1790 1806 2024 1851; x_wconf 89' lang='lat' dir='ltr'>(philosophus</span> <span class='ocrx_word' id='word_1_875' title='bbox 2047 1807 2203 1852; x_wconf 87' lang='lat' dir='ltr'>gentilis),</span> <span class='ocrx_word' id='word_1_876' title='bbox 2227 1811 2281 1840; x_wconf 87' lang='lat' dir='ltr'>cui</span> <span class='ocrx_word' id='word_1_877' title='bbox 2303 1819 2376 1840; x_wconf 85' lang='lat' dir='ltr'>cum</span> 
     </span>
     <span class='ocr_line' id='line_1_112' title="bbox 1301 1853 2377 1891; baseline 0.002 -8"><span class='ocrx_word' id='word_1_878' title='bbox 1301 1858 1407 1884; x_wconf 88' lang='lat' dir='ltr'>essent</span> <span class='ocrx_word' id='word_1_879' title='bbox 1429 1853 1611 1883; x_wconf 88' lang='lat' dir='ltr'>arctissimo</span> <span class='ocrx_word' id='word_1_880' title='bbox 1634 1854 1796 1884; x_wconf 85' lang='lat' dir='ltr'>amicitiae</span> <span class='ocrx_word' id='word_1_881' title='bbox 1815 1854 1943 1884; x_wconf 85' lang='lat' dir='ltr'>vinculo</span> <span class='ocrx_word' id='word_1_882' title='bbox 1967 1854 2139 1891; x_wconf 89' lang='lat' dir='ltr'>coniuncti,</span> <span class='ocrx_word' id='word_1_883' title='bbox 2165 1855 2254 1884; x_wconf 91' lang='lat' dir='ltr'>omni</span> <span class='ocrx_word' id='word_1_884' title='bbox 2270 1853 2377 1885; x_wconf 84' lang='lat' dir='ltr'>studio</span> 
     </span>
     <span class='ocr_line' id='line_1_113' title="bbox 1302 1896 2377 1939; baseline 0.002 -12"><span class='ocrx_word' id='word_1_885' title='bbox 1302 1907 1373 1928; x_wconf 89' lang='lat' dir='ltr'>eum</span> <span class='ocrx_word' id='word_1_886' title='bbox 1389 1896 1559 1938; x_wconf 86' lang='lat' dir='ltr'>fovebant.</span> <span class='ocrx_word' id='word_1_887' title='bbox 1582 1897 1762 1928; x_wconf 87' lang='lat' dir='ltr'>Theodotus</span> <span class='ocrx_word' id='word_1_888' title='bbox 1777 1907 1853 1928; x_wconf 89' lang='lat' dir='ltr'>vero</span> <span class='ocrx_word' id='word_1_889' title='bbox 1869 1897 2071 1928; x_wconf 86' lang='lat' dir='ltr'>Laodicenus</span> <span class='ocrx_word' id='word_1_890' title='bbox 2089 1898 2278 1939; x_wconf 84' lang='lat' dir='ltr'>Episcopus,</span> <span class='ocrx_word' id='word_1_891' title='bbox 2296 1899 2377 1929; x_wconf 86' lang='lat' dir='ltr'>veri-</span> 
     </span>
     <span class='ocr_line' id='line_1_114' title="bbox 1302 1941 2376 1983; baseline 0.001 -11"><span class='ocrx_word' id='word_1_892' title='bbox 1302 1947 1354 1972; x_wconf 89' lang='lat' dir='ltr'>tus</span> <span class='ocrx_word' id='word_1_893' title='bbox 1368 1951 1408 1972; x_wconf 92' lang='lat' dir='ltr'>ne</span> <span class='ocrx_word' id='word_1_894' title='bbox 1421 1941 1553 1972; x_wconf 88' lang='lat' dir='ltr'>assidua</span> <span class='ocrx_word' id='word_1_895' title='bbox 1568 1942 1706 1972; x_wconf 89' lang='lat' dir='ltr'>hominis</span> <span class='ocrx_word' id='word_1_896' title='bbox 1719 1942 1950 1973; x_wconf 89' lang='lat' dir='ltr'>consuetudine</span> <span class='ocrx_word' id='word_1_897' title='bbox 1957 1943 2132 1983; x_wconf 88' lang='lat' dir='ltr'>paullatim</span> <span class='ocrx_word' id='word_1_898' title='bbox 2146 1942 2191 1974; x_wconf 89' lang='lat' dir='ltr'>ad</span> <span class='ocrx_word' id='word_1_899' title='bbox 2201 1942 2376 1973; x_wconf 88' lang='lat' dir='ltr'>Gentilium</span> 
     </span>
     <span class='ocr_line' id='line_1_115' title="bbox 1301 1986 2376 2026; baseline 0.002 -10"><span class='ocrx_word' id='word_1_900' title='bbox 1301 1986 1558 2026; x_wconf 88' lang='lat' dir='ltr'>superstitionem</span> <span class='ocrx_word' id='word_1_901' title='bbox 1582 1986 1827 2024; x_wconf 86' lang='lat' dir='ltr'>delaberentur,</span> <span class='ocrx_word' id='word_1_902' title='bbox 1851 1987 1951 2017; x_wconf 86' lang='lat' dir='ltr'>vetuit</span> <span class='ocrx_word' id='word_1_903' title='bbox 1966 1996 2007 2017; x_wconf 90' lang='lat' dir='ltr'>ne</span> <span class='ocrx_word' id='word_1_904' title='bbox 2025 1986 2069 2017; x_wconf 91' lang='lat' dir='ltr'>ad</span> <span class='ocrx_word' id='word_1_905' title='bbox 2090 1987 2180 2018; x_wconf 90' lang='lat' dir='ltr'>illum</span> <span class='ocrx_word' id='word_1_906' title='bbox 2198 1990 2376 2018; x_wconf 80' lang='lat' dir='ltr'>ventarent.</span> 
     </span>
     <span class='ocr_line' id='line_1_116' title="bbox 1301 2030 2376 2072; baseline 0.002 -12"><span class='ocrx_word' id='word_1_907' title='bbox 1301 2032 1344 2061; x_wconf 91' lang='lat' dir='ltr'>At</span> <span class='ocrx_word' id='word_1_908' title='bbox 1359 2031 1407 2060; x_wconf 87' lang='lat' dir='ltr'>illi</span> <span class='ocrx_word' id='word_1_909' title='bbox 1415 2030 1688 2071; x_wconf 86' lang='lat' dir='ltr'>parvipendentes</span> <span class='ocrx_word' id='word_1_910' title='bbox 1702 2031 1907 2071; x_wconf 86' lang='lat' dir='ltr'>Episcopum,</span> <span class='ocrx_word' id='word_1_911' title='bbox 1923 2031 2098 2062; x_wconf 85' lang='lat' dir='ltr'>amicitiam</span> <span class='ocrx_word' id='word_1_912' title='bbox 2113 2031 2289 2072; x_wconf 86' lang='lat' dir='ltr'>Epiphanii</span> <span class='ocrx_word' id='word_1_913' title='bbox 2301 2041 2376 2062; x_wconf 90' lang='lat' dir='ltr'>con-</span> 
     </span>
     <span class='ocr_line' id='line_1_117' title="bbox 1301 2075 2376 2117; baseline 0.003 -11"><span class='ocrx_word' id='word_1_914' title='bbox 1301 2079 1428 2106; x_wconf 88' lang='lat' dir='ltr'>stanter</span> <span class='ocrx_word' id='word_1_915' title='bbox 1450 2075 1663 2106; x_wconf 82' lang='lat' dir='ltr'>retinuerunt.</span> <span class='ocrx_word' id='word_1_916' title='bbox 1688 2075 1763 2106; x_wconf 89' lang='lat' dir='ltr'>Post</span> <span class='ocrx_word' id='word_1_917' title='bbox 1785 2075 1865 2106; x_wconf 89' lang='lat' dir='ltr'>haec</span> <span class='ocrx_word' id='word_1_918' title='bbox 1889 2075 2062 2117; x_wconf 81' lang='lat' dir='ltr'>Georgius,</span> <span class='ocrx_word' id='word_1_919' title='bbox 2087 2085 2254 2107; x_wconf 86' lang='lat' dir='ltr'>successor</span> <span class='ocrx_word' id='word_1_920' title='bbox 2279 2076 2376 2109; x_wconf 70' lang='lat' dir='ltr'>vueo-</span> 
     </span>
     <span class='ocr_line' id='line_1_118' title="bbox 1302 2119 2375 2159; baseline 0.001 -9"><span class='ocrx_word' id='word_1_921' title='bbox 1302 2119 1379 2157; x_wconf 82' lang='lat' dir='ltr'>doti,</span> <span class='ocrx_word' id='word_1_922' title='bbox 1396 2119 1437 2150; x_wconf 90' lang='lat' dir='ltr'>ab</span> <span class='ocrx_word' id='word_1_923' title='bbox 1451 2119 1627 2159; x_wconf 87' lang='lat' dir='ltr'>Epiphanii</span> <span class='ocrx_word' id='word_1_924' title='bbox 1649 2119 1879 2150; x_wconf 86' lang='lat' dir='ltr'>consuetudine</span> <span class='ocrx_word' id='word_1_925' title='bbox 1899 2129 1954 2150; x_wconf 85' lang='lat' dir='ltr'>eos</span> <span class='ocrx_word' id='word_1_926' title='bbox 1968 2119 2117 2151; x_wconf 83' lang='lat' dir='ltr'>avellere</span> <span class='ocrx_word' id='word_1_927' title='bbox 2132 2125 2278 2158; x_wconf 86' lang='lat' dir='ltr'>conatus,</span> <span class='ocrx_word' id='word_1_928' title='bbox 2303 2129 2375 2151; x_wconf 84' lang='lat' dir='ltr'>cum</span> 
     </span>
     <span class='ocr_line' id='line_1_119' title="bbox 1303 2163 2378 2206; baseline 0.001 -12"><span class='ocrx_word' id='word_1_929' title='bbox 1303 2164 1336 2194; x_wconf 90' lang='lat' dir='ltr'>id</span> <span class='ocrx_word' id='word_1_930' title='bbox 1359 2164 1423 2194; x_wconf 89' lang='lat' dir='ltr'>illis</span> <span class='ocrx_word' id='word_1_931' title='bbox 1439 2163 1643 2204; x_wconf 87' lang='lat' dir='ltr'>persuadere</span> <span class='ocrx_word' id='word_1_932' title='bbox 1666 2174 1730 2194; x_wconf 90' lang='lat' dir='ltr'>non</span> <span class='ocrx_word' id='word_1_933' title='bbox 1748 2164 1926 2205; x_wconf 88' lang='lat' dir='ltr'>potuisset,</span> <span class='ocrx_word' id='word_1_934' title='bbox 1959 2169 2133 2206; x_wconf 89' lang='lat' dir='ltr'>utrumque</span> <span class='ocrx_word' id='word_1_935' title='bbox 2154 2165 2378 2196; x_wconf 76' lang='lat' dir='ltr'>communione</span> 
     </span>
     <span class='ocr_line' id='line_1_120' title="bbox 1302 2207 2378 2250; baseline 0.002 -12"><span class='ocrx_word' id='word_1_936' title='bbox 1302 2209 1478 2239; x_wconf 90' lang='lat' dir='ltr'>mulctavit.</span> <span class='ocrx_word' id='word_1_937' title='bbox 1508 2208 1549 2238; x_wconf 91' lang='lat' dir='ltr'>Id</span> <span class='ocrx_word' id='word_1_938' title='bbox 1563 2207 1694 2249; x_wconf 88' lang='lat' dir='ltr'>factum</span> <span class='ocrx_word' id='word_1_939' title='bbox 1722 2208 1923 2249; x_wconf 83' lang='lat' dir='ltr'>Apollinaris</span> <span class='ocrx_word' id='word_1_940' title='bbox 1940 2208 2039 2250; x_wconf 85' lang='lat' dir='ltr'>filius</span> <span class='ocrx_word' id='word_1_941' title='bbox 2067 2208 2280 2240; x_wconf 87' lang='lat' dir='ltr'>contumeliae</span> <span class='ocrx_word' id='word_1_942' title='bbox 2309 2208 2378 2240; x_wconf 83' lang='grc' dir='ltr'><strong><em>Ιοοο</em></strong></span> 
     </span>
     <span class='ocr_line' id='line_1_121' title="bbox 1302 2251 2379 2294; baseline 0.001 -11"><span class='ocrx_word' id='word_1_943' title='bbox 1302 2253 1415 2283; x_wconf 85' lang='lat' dir='ltr'>duxit:</span> <span class='ocrx_word' id='word_1_944' title='bbox 1438 2257 1469 2283; x_wconf 89' lang='lat' dir='ltr'>et</span> <span class='ocrx_word' id='word_1_945' title='bbox 1491 2252 1662 2292; x_wconf 90' lang='lat' dir='ltr'>sophistica</span> <span class='ocrx_word' id='word_1_946' title='bbox 1685 2253 1813 2284; x_wconf 88' lang='lat' dir='ltr'>dicendi</span> <span class='ocrx_word' id='word_1_947' title='bbox 1826 2252 1994 2294; x_wconf 81' lang='lat' dir='ltr'>facultate</span> <span class='ocrx_word' id='word_1_948' title='bbox 2013 2251 2144 2294; x_wconf 73' lang='lat' dir='ltr'>fietus,</span> <span class='ocrx_word' id='word_1_949' title='bbox 2170 2263 2286 2284; x_wconf 78' lang='lat' dir='ltr'>novam</span> <span class='ocrx_word' id='word_1_950' title='bbox 2311 2253 2379 2294; x_wconf 76' lang='lat' dir='ltr'>ipse</span> 
     </span>
     <span class='ocr_line' id='line_1_122' title="bbox 1302 2295 2378 2339; baseline 0 -11"><span class='ocrx_word' id='word_1_951' title='bbox 1302 2307 1427 2338; x_wconf 87' lang='lat' dir='ltr'>quoque</span> <span class='ocrx_word' id='word_1_952' title='bbox 1440 2297 1598 2327; x_wconf 86' lang='lat' dir='ltr'>haeresim</span> <span class='ocrx_word' id='word_1_953' title='bbox 1613 2297 1785 2328; x_wconf 85' lang='lat' dir='ltr'>condidit...</span> <span class='ocrx_word' id='word_1_954' title='bbox 1805 2297 1848 2328; x_wconf 89' lang='lat' dir='ltr'>Et</span> <span class='ocrx_word' id='word_1_955' title='bbox 1862 2298 1953 2328; x_wconf 91' lang='lat' dir='ltr'>initio</span> <span class='ocrx_word' id='word_1_956' title='bbox 1967 2297 2093 2338; x_wconf 87' lang='lat' dir='ltr'>quidem</span> <span class='ocrx_word' id='word_1_957' title='bbox 2113 2297 2261 2329; x_wconf 87' lang='lat' dir='ltr'>dicebant</span> <span class='ocrx_word' id='word_1_958' title='bbox 2279 2295 2378 2339; x_wconf 87' lang='lat' dir='ltr'>(uter-</span> 
     </span>
     <span class='ocr_line' id='line_1_123' title="bbox 1302 2340 2379 2387; baseline 0.002 -16"><span class='ocrx_word' id='word_1_959' title='bbox 1302 2351 1376 2382; x_wconf 90' lang='lat' dir='ltr'>que,</span> <span class='ocrx_word' id='word_1_960' title='bbox 1401 2347 1490 2382; x_wconf 89' lang='lat' dir='ltr'>pater</span> <span class='ocrx_word' id='word_1_961' title='bbox 1512 2347 1543 2372; x_wconf 92' lang='lat' dir='ltr'>et</span> <span class='ocrx_word' id='word_1_962' title='bbox 1565 2340 1664 2384; x_wconf 83' lang='lat' dir='ltr'>filius)</span> <span class='ocrx_word' id='word_1_963' title='bbox 1688 2342 1846 2372; x_wconf 86' lang='lat' dir='ltr'>hominem</span> <span class='ocrx_word' id='word_1_964' title='bbox 1866 2342 1986 2383; x_wconf 87' lang='lat' dir='ltr'>absque</span> <span class='ocrx_word' id='word_1_965' title='bbox 2008 2342 2118 2372; x_wconf 87' lang='lat' dir='ltr'>anima</span> <span class='ocrx_word' id='word_1_966' title='bbox 2141 2352 2162 2372; x_wconf 91' lang='lat' dir='ltr'>a</span> <span class='ocrx_word' id='word_1_967' title='bbox 2185 2342 2256 2373; x_wconf 90' lang='lat' dir='ltr'>Deo</span> <span class='ocrx_word' id='word_1_968' title='bbox 2278 2341 2379 2387; x_wconf 80' lang='lat' dir='ltr'>Verbo</span> 
     </span>
     <span class='ocr_line' id='line_1_124' title="bbox 1301 2386 2379 2427; baseline 0.002 -11"><span class='ocrx_word' id='word_1_969' title='bbox 1301 2391 1500 2426; x_wconf 90' lang='lat' dir='ltr'>assumptum</span> <span class='ocrx_word' id='word_1_970' title='bbox 1518 2395 1587 2416; x_wconf 90' lang='lat' dir='ltr'>esse</span> <span class='ocrx_word' id='word_1_971' title='bbox 1602 2386 1635 2416; x_wconf 90' lang='lat' dir='ltr'>in</span> <span class='ocrx_word' id='word_1_972' title='bbox 1651 2386 1888 2427; x_wconf 85' lang='lat' dir='ltr'>dispensatione</span> <span class='ocrx_word' id='word_1_973' title='bbox 1903 2386 2155 2418; x_wconf 88' lang='lat' dir='ltr'>Incarnationis.</span> <span class='ocrx_word' id='word_1_974' title='bbox 2171 2386 2286 2418; x_wconf 86' lang='lat' dir='ltr'>Postea</span> <span class='ocrx_word' id='word_1_975' title='bbox 2303 2395 2379 2418; x_wconf 86' lang='lat' dir='ltr'>vero</span> 
     </span>
     <span class='ocr_line' id='line_1_125' title="bbox 1302 2427 2378 2472; baseline 0.002 -12"><span class='ocrx_word' id='word_1_976' title='bbox 1302 2435 1466 2471; x_wconf 84' lang='lat' dir='ltr'>tamquam</span> <span class='ocrx_word' id='word_1_977' title='bbox 1485 2431 1684 2471; x_wconf 87' lang='lat' dir='ltr'>poenitentia</span> <span class='ocrx_word' id='word_1_978' title='bbox 1707 2431 1796 2462; x_wconf 90' lang='lat' dir='ltr'>ducti</span> <span class='ocrx_word' id='word_1_979' title='bbox 1822 2440 1863 2462; x_wconf 89' lang='lat' dir='ltr'>ac</span> <span class='ocrx_word' id='word_1_980' title='bbox 1890 2431 2066 2472; x_wconf 87' lang='lat' dir='ltr'>pristinum</span> <span class='ocrx_word' id='word_1_981' title='bbox 2091 2427 2298 2462; x_wconf 74' lang='lat' dir='ltr'>emendantes</span> <span class='ocrx_word' id='word_1_982' title='bbox 2327 2439 2378 2472; x_wconf 73' lang='lat' dir='ltr'>er—</span> 
     </span>
     <span class='ocr_line' id='line_1_126' title="bbox 1302 2474 2381 2517; baseline 0.002 -12"><span class='ocrx_word' id='word_1_983' title='bbox 1302 2484 1430 2513; x_wconf 88' lang='lat' dir='ltr'>rorem,</span> <span class='ocrx_word' id='word_1_984' title='bbox 1454 2474 1643 2506; x_wconf 87' lang='lat' dir='ltr'>adiecerunt</span> <span class='ocrx_word' id='word_1_985' title='bbox 1666 2476 1808 2506; x_wconf 90' lang='lat' dir='ltr'>animam</span> <span class='ocrx_word' id='word_1_986' title='bbox 1832 2475 1958 2516; x_wconf 87' lang='lat' dir='ltr'>quidem</span> <span class='ocrx_word' id='word_1_987' title='bbox 1983 2480 2180 2517; x_wconf 88' lang='lat' dir='ltr'>assumptam</span> <span class='ocrx_word' id='word_1_988' title='bbox 2206 2485 2294 2514; x_wconf 83' lang='lat' dir='ltr'>esse,</span> <span class='ocrx_word' id='word_1_989' title='bbox 2323 2475 2381 2507; x_wconf 81' lang='lat' dir='ltr'>sed</span> 
     </span>
     <span class='ocr_line' id='line_1_127' title="bbox 1301 2516 2381 2562; baseline 0.001 -12"><span class='ocrx_word' id='word_1_990' title='bbox 1301 2529 1384 2560; x_wconf 87' lang='lat' dir='ltr'>quae</span> <span class='ocrx_word' id='word_1_991' title='bbox 1407 2523 1543 2550; x_wconf 85' lang='lat' dir='ltr'>mentem</span> <span class='ocrx_word' id='word_1_992' title='bbox 1569 2529 1632 2550; x_wconf 86' lang='lat' dir='ltr'>non</span> <span class='ocrx_word' id='word_1_993' title='bbox 1656 2519 1787 2550; x_wconf 88' lang='lat' dir='ltr'>haberet</span> <span class='ocrx_word' id='word_1_994' title='bbox 1793 2527 1807 2556; x_wconf 90' lang='lat'>,·</span> <span class='ocrx_word' id='word_1_995' title='bbox 1834 2520 1939 2550; x_wconf 90' lang='lat' dir='ltr'>Deum</span> <span class='ocrx_word' id='word_1_996' title='bbox 1968 2525 2076 2550; x_wconf 88' lang='lat' dir='ltr'>autem</span> <span class='ocrx_word' id='word_1_997' title='bbox 2107 2519 2240 2551; x_wconf 86' lang='lat' dir='ltr'>Verbum</span> <span class='ocrx_word' id='word_1_998' title='bbox 2265 2516 2381 2562; x_wconf 71' lang='lat' dir='ltr'>mentis</span> 
     </span>
     <span class='ocr_line' id='line_1_128' title="bbox 1302 2562 2379 2606; baseline 0.001 -12"><span class='ocrx_word' id='word_1_999' title='bbox 1302 2564 1370 2594; x_wconf 91' lang='lat' dir='ltr'>loco</span> <span class='ocrx_word' id='word_1_1000' title='bbox 1387 2573 1456 2594; x_wconf 85' lang='lat' dir='ltr'>esse</span> <span class='ocrx_word' id='word_1_1001' title='bbox 1471 2564 1504 2594; x_wconf 91' lang='lat' dir='ltr'>in</span> <span class='ocrx_word' id='word_1_1002' title='bbox 1521 2564 1649 2595; x_wconf 89' lang='lat' dir='ltr'>homine</span> <span class='ocrx_word' id='word_1_1003' title='bbox 1671 2569 1844 2605; x_wconf 87' lang='lat' dir='ltr'>assumpto.</span> <span class='ocrx_word' id='word_1_1004' title='bbox 1869 2564 2017 2595; x_wconf 87' lang='lat' dir='ltr'>Errorem</span> <span class='ocrx_word' id='word_1_1005' title='bbox 2036 2564 2163 2606; x_wconf 86' lang='lat' dir='ltr'>utrique</span> <span class='ocrx_word' id='word_1_1006' title='bbox 2179 2562 2379 2604; x_wconf 87' lang='lat' dir='ltr'>Apollinario</span> 
     </span>
     <span class='ocr_line' id='line_1_129' title="bbox 1301 2606 2380 2648; baseline 0.001 -10"><span class='ocrx_word' id='word_1_1007' title='bbox 1301 2617 1520 2646; x_wconf 88' lang='lat' dir='ltr'>communem,</span> <span class='ocrx_word' id='word_1_1008' title='bbox 1546 2607 1626 2648; x_wconf 89' lang='lat' dir='ltr'>patri</span> <span class='ocrx_word' id='word_1_1009' title='bbox 1650 2615 1681 2639; x_wconf 88' lang='lat' dir='ltr'>et</span> <span class='ocrx_word' id='word_1_1010' title='bbox 1703 2607 1788 2646; x_wconf 88' lang='lat' dir='ltr'>filio,</span> <span class='ocrx_word' id='word_1_1011' title='bbox 1813 2608 1926 2639; x_wconf 89' lang='lat' dir='ltr'>diserte</span> <span class='ocrx_word' id='word_1_1012' title='bbox 1950 2615 2053 2639; x_wconf 89' lang='lat' dir='ltr'>narrat</span> <span class='ocrx_word' id='word_1_1013' title='bbox 2076 2608 2229 2639; x_wconf 83' lang='lat' dir='ltr'>Socrates.</span> <span class='ocrx_word' id='word_1_1014' title='bbox 2255 2606 2380 2646; x_wconf 89' lang='lat' dir='ltr'>Quidni</span> 
     </span>
     <span class='ocr_line' id='line_1_130' title="bbox 1301 2651 2374 2689; baseline 0 -7"><span class='ocrx_word' id='word_1_1015' title='bbox 1301 2651 1343 2682; x_wconf 90' lang='lat' dir='ltr'>ita</span> <span class='ocrx_word' id='word_1_1016' title='bbox 1368 2651 1471 2689; x_wconf 85' lang='lat' dir='ltr'>fuerit,</span> <span class='ocrx_word' id='word_1_1017' title='bbox 1495 2661 1571 2682; x_wconf 91' lang='lat' dir='ltr'>cum</span> <span class='ocrx_word' id='word_1_1018' title='bbox 1594 2652 1690 2683; x_wconf 89' lang='lat' dir='ltr'>ambo</span> <span class='ocrx_word' id='word_1_1019' title='bbox 1714 2652 1889 2683; x_wconf 84' lang='lat' dir='ltr'>arctissimo</span> <span class='ocrx_word' id='word_1_1020' title='bbox 1913 2652 2068 2683; x_wconf 84' lang='lat' dir='ltr'>amicitiae</span> <span class='ocrx_word' id='word_1_1021' title='bbox 2091 2651 2221 2683; x_wconf 91' lang='lat' dir='ltr'>vinculo</span> <span class='ocrx_word' id='word_1_1022' title='bbox 2242 2652 2374 2683; x_wconf 89' lang='lat' dir='ltr'>coniun-</span> 
     </span>
     <span class='ocr_line' id='line_1_131' title="bbox 1301 2695 2373 2738; baseline 0.002 -12"><span class='ocrx_word' id='word_1_1023' title='bbox 1301 2702 1447 2736; x_wconf 86' lang='lat' dir='ltr'>gerentur</span> <span class='ocrx_word' id='word_1_1024' title='bbox 1470 2695 1652 2736; x_wconf 85' lang='lat' dir='ltr'>Epiphanio</span> <span class='ocrx_word' id='word_1_1025' title='bbox 1676 2696 1836 2737; x_wconf 87' lang='lat' dir='ltr'>sophistae</span> <span class='ocrx_word' id='word_1_1026' title='bbox 1858 2696 1978 2736; x_wconf 87' lang='lat' dir='ltr'>gentili,</span> <span class='ocrx_word' id='word_1_1027' title='bbox 2003 2706 2021 2727; x_wconf 90' lang='lat' dir='ltr'>a</span> <span class='ocrx_word' id='word_1_1028' title='bbox 2044 2706 2110 2738; x_wconf 90' lang='lat' dir='ltr'>quo</span> <span class='ocrx_word' id='word_1_1029' title='bbox 2130 2697 2280 2737; x_wconf 85' lang='lat' dir='ltr'>dogmata</span> <span class='ocrx_word' id='word_1_1030' title='bbox 2302 2696 2373 2728; x_wconf 81' lang='lat' dir='ltr'>Pla-</span> 
     </span>
     <span class='ocr_line' id='line_1_132' title="bbox 1300 2739 2374 2782; baseline 0.001 -12"><span class='ocrx_word' id='word_1_1031' title='bbox 1300 2739 1406 2770; x_wconf 90' lang='lat' dir='ltr'>tonica</span> <span class='ocrx_word' id='word_1_1032' title='bbox 1420 2739 1522 2770; x_wconf 90' lang='lat' dir='ltr'>edocti</span> <span class='ocrx_word' id='word_1_1033' title='bbox 1543 2739 1669 2777; x_wconf 85' lang='lat' dir='ltr'>fuerint,</span> <span class='ocrx_word' id='word_1_1034' title='bbox 1685 2740 1802 2782; x_wconf 89' lang='lat' dir='ltr'>quibus</span> <span class='ocrx_word' id='word_1_1035' title='bbox 1821 2749 1934 2772; x_wconf 87' lang='lat' dir='ltr'>eorum</span> <span class='ocrx_word' id='word_1_1036' title='bbox 1953 2740 2108 2771; x_wconf 87' lang='lat' dir='ltr'>haeresim</span> <span class='ocrx_word' id='word_1_1037' title='bbox 2127 2746 2374 2781; x_wconf 85' lang='lat' dir='ltr'>superstructam</span> 
     </span>
     <span class='ocr_line' id='line_1_133' title="bbox 1301 2782 2141 2824; baseline 0.001 -10"><span class='ocrx_word' id='word_1_1038' title='bbox 1301 2783 1397 2814; x_wconf 83' lang='lat' dir='ltr'>fuisse</span> <span class='ocrx_word' id='word_1_1039' title='bbox 1421 2783 1588 2814; x_wconf 88' lang='lat' dir='ltr'>docentem</span> <span class='ocrx_word' id='word_1_1040' title='bbox 1612 2794 1707 2824; x_wconf 87' lang='lat' dir='ltr'>supra</span> <span class='ocrx_word' id='word_1_1041' title='bbox 1730 2784 1911 2815; x_wconf 79' lang='lat' dir='ltr'>audivimus</span> <span class='ocrx_word' id='word_1_1042' title='bbox 1933 2782 2141 2815; x_wconf 87' lang='lat' dir='ltr'>Nemesium?</span> 
     </span>
    </p>
   </div>
   <div class='ocr_carea' id='block_1_11' title="bbox 1675 2898 2000 2936">
    <p class='ocr_par' dir='ltr' id='par_1_15' title="bbox 1675 2898 2000 2936">
     <span class='ocr_line' id='line_1_134' title="bbox 1675 2898 2000 2936; baseline 0.003 -1"><span class='ocrx_word' id='word_1_1043' title='bbox 1675 2898 1886 2936; x_wconf 91' lang='lat' dir='ltr'>CAPUT</span> <span class='ocrx_word' id='word_1_1044' title='bbox 1929 2899 2000 2936; x_wconf 93' lang='lat' dir='ltr'>1v.</span> 
     </span>
    </p>
   </div>
   <div class='ocr_carea' id='block_1_12' title="bbox 1301 2995 2377 3138">
    <p class='ocr_par' dir='ltr' id='par_1_16' title="bbox 1301 2995 2377 3101">
     <span class='ocr_line' id='line_1_135' title="bbox 1301 2995 2375 3029; baseline 0 -7"><span class='ocrx_word' id='word_1_1045' title='bbox 1301 2997 1369 3022; x_wconf 80' lang='lat' dir='ltr'>Ante</span> <span class='ocrx_word' id='word_1_1046' title='bbox 1387 2995 1701 3029; x_wconf 74' lang='lat' dir='ltr'>Constantinopolimam</span> <span class='ocrx_word' id='word_1_1047' title='bbox 1720 2996 1780 3021; x_wconf 82' lang='lat' dir='ltr'>anni</span> <span class='ocrx_word' id='word_1_1048' title='bbox 1801 2995 1850 3021; x_wconf 75' lang='lat'>532</span> <span class='ocrx_word' id='word_1_1049' title='bbox 1870 2995 2036 3021; x_wconf 79' lang='lat' dir='ltr'>collationem</span> <span class='ocrx_word' id='word_1_1050' title='bbox 2055 2995 2109 3020; x_wconf 84' lang='lat' dir='ltr'>noti</span> <span class='ocrx_word' id='word_1_1051' title='bbox 2128 3000 2202 3021; x_wconf 71' lang='lat' dir='ltr'>mnt</span> <span class='ocrx_word' id='word_1_1052' title='bbox 2220 2995 2278 3021; x_wconf 85' lang='lat' dir='ltr'>libri</span> <span class='ocrx_word' id='word_1_1053' title='bbox 2293 2996 2375 3022; x_wconf 77' lang='lat' dir='ltr'>Areo-</span> 
     </span>
     <span class='ocr_line' id='line_1_136' title="bbox 1374 3031 2375 3065; baseline 0.002 -9"><span class='ocrx_word' id='word_1_1054' title='bbox 1374 3031 1488 3065; x_wconf 83' lang='lat' dir='ltr'>pagitici,</span> <span class='ocrx_word' id='word_1_1055' title='bbox 1512 3039 1582 3064; x_wconf 73' lang='lat' dir='ltr'>quos</span> <span class='ocrx_word' id='word_1_1056' title='bbox 1601 3031 1711 3057; x_wconf 79' lang='lat' dir='ltr'>loannes</span> <span class='ocrx_word' id='word_1_1057' title='bbox 1729 3031 1958 3065; x_wconf 81' lang='lat' dir='ltr'>Scythopolitanua</span> <span class='ocrx_word' id='word_1_1058' title='bbox 1977 3031 2115 3057; x_wconf 74' lang='lat' dir='ltr'>illustravit</span> <span class='ocrx_word' id='word_1_1059' title='bbox 2133 3031 2240 3057; x_wconf 74' lang='lat' dir='ltr'>scholiis</span> <span class='ocrx_word' id='word_1_1060' title='bbox 2263 3031 2375 3058; x_wconf 64' lang='lat' dir='ltr'>vindim-</span> 
     </span>
     <span class='ocr_line' id='line_1_137' title="bbox 1373 3064 2377 3101; baseline 0.001 -9"><span class='ocrx_word' id='word_1_1061' title='bbox 1373 3066 1463 3100; x_wconf 86' lang='lat' dir='ltr'>vitque</span> <span class='ocrx_word' id='word_1_1062' title='bbox 1473 3066 1504 3092; x_wconf 83' lang='lat' dir='ltr'>ab</span> <span class='ocrx_word' id='word_1_1063' title='bbox 1515 3064 1654 3092; x_wconf 71' lang='lat' dir='ltr'>haereseos</span> <span class='ocrx_word' id='word_1_1064' title='bbox 1673 3071 1742 3092; x_wconf 72' lang='lat' dir='ltr'>nota.</span> <span class='ocrx_word' id='word_1_1065' title='bbox 1762 3067 1828 3098; x_wconf 82' lang='lat' dir='ltr'>Quis</span> <span class='ocrx_word' id='word_1_1066' title='bbox 1847 3067 1890 3093; x_wconf 87' lang='lat' dir='ltr'>ille</span> <span class='ocrx_word' id='word_1_1067' title='bbox 1904 3065 1996 3092; x_wconf 79' lang='lat' dir='ltr'>fuerit?</span> <span class='ocrx_word' id='word_1_1068' title='bbox 2016 3067 2116 3092; x_wconf 85' lang='lat' dir='ltr'>Eodem</span> <span class='ocrx_word' id='word_1_1069' title='bbox 2131 3071 2250 3101; x_wconf 86' lang='lat' dir='ltr'>tempore</span> <span class='ocrx_word' id='word_1_1070' title='bbox 2263 3067 2377 3095; x_wconf 72' lang='lat' dir='ltr'>laudavit</span> 
     </span>
    </p>

    <p class='ocr_par' dir='ltr' id='par_1_17' title="bbox 1327 3101 1993 3138">
     <span class='ocr_line' id='line_1_138' title="bbox 1327 3101 1993 3138; baseline 0 -11"><span class='ocrx_word' id='word_1_1071' title='bbox 1327 3135 1330 3138; x_wconf 37' lang='grc' dir='ltr'>Ι</span> <span class='ocrx_word' id='word_1_1072' title='bbox 1374 3109 1420 3128; x_wconf 82' lang='lat' dir='ltr'>eos</span> <span class='ocrx_word' id='word_1_1073' title='bbox 1439 3101 1622 3136; x_wconf 83' lang='lat' dir='ltr'>Ephraemius,</span> <span class='ocrx_word' id='word_1_1074' title='bbox 1642 3101 1787 3128; x_wconf 79' lang='lat' dir='ltr'>Patriarcha</span> <span class='ocrx_word' id='word_1_1075' title='bbox 1805 3102 1993 3128; x_wconf 81' lang='lat' dir='ltr'>Antiochenus.</span> 
     </span>
    </p>
   </div>
   <div class='ocr_carea' id='block_1_13' title="bbox 1302 3183 2376 3674">
    <p class='ocr_par' dir='ltr' id='par_1_18' title="bbox 1303 3183 2374 3264">
     <span class='ocr_line' id='line_1_139' title="bbox 1303 3183 2374 3264; baseline 0.004 -45"><span class='ocrx_word' id='word_1_1076' title='bbox 1303 3189 1325 3220; x_wconf 82' lang='lat'>1.</span> <span class='ocrx_word' id='word_1_1077' title='bbox 1347 3183 1583 3264; x_wconf 81' lang='lat' dir='ltr'>Anastasius</span> <span class='ocrx_word' id='word_1_1078' title='bbox 1600 3189 1855 3222; x_wconf 84' lang='lat' dir='ltr'>bibliothecarius</span> <span class='ocrx_word' id='word_1_1079' title='bbox 1879 3190 1911 3222; x_wconf 89' lang='lat' dir='ltr'>in</span> <span class='ocrx_word' id='word_1_1080' title='bbox 1927 3190 2070 3232; x_wconf 86' lang='lat' dir='ltr'>Epistola</span> <span class='ocrx_word' id='word_1_1081' title='bbox 2085 3191 2125 3226; x_wconf 84' lang='lat' dir='ltr'>ad</span> <span class='ocrx_word' id='word_1_1082' title='bbox 2140 3192 2261 3232; x_wconf 87' lang='lat' dir='ltr'>Regem</span> <span class='ocrx_word' id='word_1_1083' title='bbox 2277 3190 2374 3227; x_wconf 50' lang='lat' dir='ltr'>Caroff</span> 
     </span>
    </p>

    <p class='ocr_par' dir='ltr' id='par_1_19' title="bbox 1302 3233 2376 3674">
     <span class='ocr_line' id='line_1_140' title="bbox 1429 3233 2374 3279; baseline 0.003 -15"><span class='ocrx_word' id='word_1_1084' title='bbox 1429 3234 1499 3265; x_wconf 91' lang='lat' dir='ltr'>lum</span> <span class='ocrx_word' id='word_1_1085' title='bbox 1523 3233 1660 3266; x_wconf 91' lang='lat' dir='ltr'>Calvum</span> <span class='ocrx_word' id='word_1_1086' title='bbox 1684 3234 1722 3265; x_wconf 92' lang='lat' dir='ltr'>de</span> <span class='ocrx_word' id='word_1_1087' title='bbox 1746 3245 1803 3266; x_wconf 87' lang='lat' dir='ltr'>sua</span> <span class='ocrx_word' id='word_1_1088' title='bbox 1826 3235 1939 3275; x_wconf 86' lang='lat' dir='ltr'>latina,</span> <span class='ocrx_word' id='word_1_1089' title='bbox 1965 3245 2062 3278; x_wconf 88' lang='lat' dir='ltr'>quam</span> <span class='ocrx_word' id='word_1_1090' title='bbox 2086 3235 2269 3275; x_wconf 86' lang='lat' dir='ltr'>adornavit,</span> <span class='ocrx_word' id='word_1_1091' title='bbox 2283 3241 2374 3279; x_wconf 66' lang='lat' dir='ltr'>trane</span> 
     </span>
     <span class='ocr_line' id='line_1_141' title="bbox 1303 3277 2375 3322; baseline 0.003 -13"><span class='ocrx_word' id='word_1_1092' title='bbox 1303 3277 1436 3310; x_wconf 88' lang='lat' dir='ltr'>slatione</span> <span class='ocrx_word' id='word_1_1093' title='bbox 1453 3278 1648 3310; x_wconf 89' lang='lat' dir='ltr'>scholiorum</span> <span class='ocrx_word' id='word_1_1094' title='bbox 1664 3279 1697 3310; x_wconf 92' lang='lat' dir='ltr'>in</span> <span class='ocrx_word' id='word_1_1095' title='bbox 1713 3279 1932 3320; x_wconf 87' lang='lat' dir='ltr'>Areopagitica</span> <span class='ocrx_word' id='word_1_1096' title='bbox 1957 3279 2000 3311; x_wconf 90' lang='lat' dir='ltr'>sic</span> <span class='ocrx_word' id='word_1_1097' title='bbox 2024 3280 2082 3311; x_wconf 86' lang='lat' dir='ltr'>ait:</span> <span class='ocrx_word' id='word_1_1098' title='bbox 2102 3279 2251 3322; x_wconf 82' lang='lat' dir='ltr'>Ipsorum</span> <span class='ocrx_word' id='word_1_1099' title='bbox 2267 3283 2375 3318; x_wconf 73' lang='lat' dir='ltr'>autent</span> 
     </span>
     <span class='ocr_line' id='line_1_142' title="bbox 1302 3322 2374 3367; baseline 0.002 -14"><span class='ocrx_word' id='word_1_1100' title='bbox 1302 3322 1508 3361; x_wconf 87' lang='lat' dir='ltr'>scholiorum,</span> <span class='ocrx_word' id='word_1_1101' title='bbox 1524 3333 1742 3365; x_wconf 84' lang='lat' dir='ltr'>quaecumque</span> <span class='ocrx_word' id='word_1_1102' title='bbox 1763 3325 1794 3354; x_wconf 91' lang='lat' dir='ltr'>in</span> <span class='ocrx_word' id='word_1_1103' title='bbox 1812 3324 1900 3355; x_wconf 89' lang='lat' dir='ltr'>calce</span> <span class='ocrx_word' id='word_1_1104' title='bbox 1914 3325 1967 3356; x_wconf 85' lang='lat' dir='ltr'>sui</span> <span class='ocrx_word' id='word_1_1105' title='bbox 1981 3325 2112 3366; x_wconf 80' lang='lat' dir='ltr'>signum</span> <span class='ocrx_word' id='word_1_1106' title='bbox 2130 3324 2274 3367; x_wconf 74' lang='lat' dir='ltr'>vivificae</span> <span class='ocrx_word' id='word_1_1107' title='bbox 2291 3322 2374 3355; x_wconf 79' lang='lat' dir='ltr'>Cru-</span> 
     </span>
     <span class='ocr_line' id='line_1_143' title="bbox 1303 3367 2375 3411; baseline 0.002 -13"><span class='ocrx_word' id='word_1_1108' title='bbox 1303 3368 1348 3398; x_wconf 86' lang='lat' dir='ltr'>cis</span> <span class='ocrx_word' id='word_1_1109' title='bbox 1371 3367 1498 3406; x_wconf 87' lang='lat' dir='ltr'>habent‚</span> <span class='ocrx_word' id='word_1_1110' title='bbox 1523 3377 1543 3398; x_wconf 90' lang='lat' dir='ltr'>a</span> <span class='ocrx_word' id='word_1_1111' title='bbox 1566 3367 1657 3399; x_wconf 87' lang='lat' dir='ltr'>beato</span> <span class='ocrx_word' id='word_1_1112' title='bbox 1672 3368 1820 3399; x_wconf 86' lang='lat' dir='ltr'>Maximo</span> <span class='ocrx_word' id='word_1_1113' title='bbox 1842 3367 2026 3411; x_wconf 83' lang='lat' dir='ltr'>consessore</span> <span class='ocrx_word' id='word_1_1114' title='bbox 2045 3373 2076 3400; x_wconf 89' lang='lat' dir='ltr'>et</span> <span class='ocrx_word' id='word_1_1115' title='bbox 2096 3378 2230 3400; x_wconf 86' lang='lat' dir='ltr'>monaco</span> <span class='ocrx_word' id='word_1_1116' title='bbox 2245 3369 2375 3401; x_wconf 76' lang='lat' dir='ltr'>inventa</span> 
     </span>
     <span class='ocr_line' id='line_1_144' title="bbox 1304 3412 2376 3454; baseline 0 -12"><span class='ocrx_word' id='word_1_1117' title='bbox 1304 3417 1486 3442; x_wconf 87' lang='lat' dir='ltr'>narrantur</span> <span class='ocrx_word' id='word_1_1118' title='bbox 1493 3418 1507 3450; x_wconf 89' lang='lat'>,·</span> <span class='ocrx_word' id='word_1_1119' title='bbox 1529 3417 1657 3443; x_wconf 84' lang='lat' dir='ltr'>caetera</span> <span class='ocrx_word' id='word_1_1120' title='bbox 1672 3421 1698 3443; x_wconf 91' lang='lat' dir='ltr'>s.</span> <span class='ocrx_word' id='word_1_1121' title='bbox 1710 3412 1844 3444; x_wconf 89' lang='lat' dir='ltr'>Ioannis</span> <span class='ocrx_word' id='word_1_1122' title='bbox 1859 3413 2117 3454; x_wconf 75' lang='lat' dir='ltr'>Scythopolitani</span> <span class='ocrx_word' id='word_1_1123' title='bbox 2130 3412 2290 3449; x_wconf 76' lang='lat' dir='ltr'>Antistitis</span> <span class='ocrx_word' id='word_1_1124' title='bbox 2308 3420 2376 3443; x_wconf 82' lang='lat' dir='ltr'>esse</span> 
     </span>
     <span class='ocr_line' id='line_1_145' title="bbox 1305 3455 2374 3500; baseline 0 -14"><span class='ocrx_word' id='word_1_1125' title='bbox 1305 3461 1495 3487; x_wconf 87' lang='lat' dir='ltr'>narrantur.</span> <span class='ocrx_word' id='word_1_1126' title='bbox 1525 3469 1539 3485; x_wconf 76' lang='grc' dir='ltr'><strong>α</strong></span> <span class='ocrx_word' id='word_1_1127' title='bbox 1558 3456 1649 3494; x_wconf 88' lang='lat' dir='ltr'>Quae</span> <span class='ocrx_word' id='word_1_1128' title='bbox 1665 3463 1771 3488; x_wconf 88' lang='lat' dir='ltr'>tamen</span> <span class='ocrx_word' id='word_1_1129' title='bbox 1793 3456 1825 3488; x_wconf 90' lang='lat' dir='ltr'>in</span> <span class='ocrx_word' id='word_1_1130' title='bbox 1842 3456 1928 3488; x_wconf 89' lang='lat' dir='ltr'>libris</span> <span class='ocrx_word' id='word_1_1131' title='bbox 1951 3455 2099 3500; x_wconf 88' lang='lat' dir='ltr'>Dionysii</span> <span class='ocrx_word' id='word_1_1132' title='bbox 2122 3456 2266 3488; x_wconf 81' lang='lat' dir='ltr'>ab.ann0</span> <span class='ocrx_word' id='word_1_1133' title='bbox 2293 3455 2374 3495; x_wconf 74' lang='lat'>1562</span> 
     </span>
     <span class='ocr_line' id='line_1_146' title="bbox 1308 3497 2376 3544; baseline 0 -14"><span class='ocrx_word' id='word_1_1134' title='bbox 1308 3512 1321 3527; x_wconf 79' lang='grc'><strong>»</strong></span> <span class='ocrx_word' id='word_1_1135' title='bbox 1344 3500 1496 3531; x_wconf 87' lang='lat' dir='ltr'>inclusive</span> <span class='ocrx_word' id='word_1_1136' title='bbox 1529 3500 1620 3532; x_wconf 90' lang='lat' dir='ltr'>editis</span> <span class='ocrx_word' id='word_1_1137' title='bbox 1653 3499 1868 3544; x_wconf 88' lang='lat' dir='ltr'>(admonente</span> <span class='ocrx_word' id='word_1_1138' title='bbox 1895 3501 2024 3533; x_wconf 87' lang='lat' dir='ltr'>Usserio</span> <span class='ocrx_word' id='word_1_1139' title='bbox 2056 3499 2258 3533; x_wconf 80' lang='lat' dir='ltr'>Armacha&#39;no</span> <span class='ocrx_word' id='word_1_1140' title='bbox 2290 3497 2376 3540; x_wconf 76' lang='lat' dir='ltr'>apud</span> 
     </span>
     <span class='ocr_line' id='line_1_147' title="bbox 1308 3543 2376 3589; baseline 0 -14"><span class='ocrx_word' id='word_1_1141' title='bbox 1308 3557 1321 3571; x_wconf 78' lang='lat'><strong>»</strong></span> <span class='ocrx_word' id='word_1_1142' title='bbox 1345 3544 1489 3576; x_wconf 88' lang='lat' dir='ltr'>Caveum</span> <span class='ocrx_word' id='word_1_1143' title='bbox 1513 3551 1543 3576; x_wconf 88' lang='lat' dir='ltr'>et</span> <span class='ocrx_word' id='word_1_1144' title='bbox 1566 3545 1769 3588; x_wconf 86' lang='lat' dir='ltr'>Lequienum</span> <span class='ocrx_word' id='word_1_1145' title='bbox 1790 3545 1868 3577; x_wconf 89' lang='lat' dir='ltr'>locis</span> <span class='ocrx_word' id='word_1_1146' title='bbox 1893 3543 2008 3589; x_wconf 86' lang='lat' dir='ltr'>citatis)</span> <span class='ocrx_word' id='word_1_1147' title='bbox 2030 3544 2128 3583; x_wconf 80' lang='lat' dir='ltr'>simul</span> <span class='ocrx_word' id='word_1_1148' title='bbox 2151 3543 2283 3576; x_wconf 81' lang='lat' dir='ltr'>confusa</span> <span class='ocrx_word' id='word_1_1149' title='bbox 2301 3549 2376 3575; x_wconf 89' lang='lat' dir='ltr'>sunt</span> 
     </span>
     <span class='ocr_line' id='line_1_148' title="bbox 1308 3586 2376 3631; baseline -0.001 -12"><span class='ocrx_word' id='word_1_1150' title='bbox 1308 3588 1321 3615; x_wconf 67' lang='grc' dir='ltr'>ι’»</span> <span class='ocrx_word' id='word_1_1151' title='bbox 1346 3588 1472 3620; x_wconf 86' lang='lat' dir='ltr'>loannis</span> <span class='ocrx_word' id='word_1_1152' title='bbox 1503 3596 1533 3620; x_wconf 89' lang='lat' dir='ltr'>et</span> <span class='ocrx_word' id='word_1_1153' title='bbox 1555 3589 1684 3620; x_wconf 84' lang='lat' dir='ltr'>Maximi</span> <span class='ocrx_word' id='word_1_1154' title='bbox 1714 3589 1849 3628; x_wconf 85' lang='lat' dir='ltr'>scholia:</span> <span class='ocrx_word' id='word_1_1155' title='bbox 1879 3599 1961 3631; x_wconf 85' lang='lat' dir='ltr'>quae</span> <span class='ocrx_word' id='word_1_1156' title='bbox 1990 3598 2056 3627; x_wconf 70' lang='lat' dir='ltr'>non</span> <span class='ocrx_word' id='word_1_1157' title='bbox 2083 3587 2116 3620; x_wconf 87' lang='lat' dir='ltr'>in</span> <span class='ocrx_word' id='word_1_1158' title='bbox 2145 3587 2209 3619; x_wconf 87' lang='lat' dir='ltr'>anti</span> <span class='ocrx_word' id='word_1_1159' title='bbox 2234 3586 2376 3622; x_wconf 81' lang='lat' dir='ltr'>uioribus</span> 
     </span>
     <span class='ocr_line' id='line_1_149' title="bbox 1307 3630 2375 3674; baseline -0.003 -10"><span class='ocrx_word' id='word_1_1160' title='bbox 1307 3645 1322 3660; x_wconf 58' lang='lat' dir='ltr'><em>w</em></span> <span class='ocrx_word' id='word_1_1161' title='bbox 1345 3633 1462 3672; x_wconf 87' lang='lat' dir='ltr'>solum,</span> <span class='ocrx_word' id='word_1_1162' title='bbox 1479 3635 1561 3674; x_wconf 88' lang='lat' dir='ltr'>quae</span> <span class='ocrx_word' id='word_1_1163' title='bbox 1578 3632 1810 3674; x_wconf 87' lang='lat' dir='ltr'>Cyparissiotae</span> <span class='ocrx_word' id='word_1_1164' title='bbox 1827 3632 1970 3674; x_wconf 87' lang='lat' dir='ltr'>tempore</span> <span class='ocrx_word' id='word_1_1165' title='bbox 1989 3631 2168 3663; x_wconf 86' lang='lat' dir='ltr'>ferebantur</span> <span class='ocrx_word' id='word_1_1166' title='bbox 2184 3641 2200 3662; x_wconf 91' lang='lat' dir='ltr'>e</span> <span class='ocrx_word' id='word_1_1167' title='bbox 2224 3630 2375 3662; x_wconf 81' lang='lat' dir='ltr'>itionibus</span> 
     </span>
    </p>
   </div>
  </div>
 </body>
</html>
