2548 4192
232 306 313 332 CLVI

235 385 250 400 »
272 373 415 413 sumpsit.
440 372 596 412 Itemque:
622 372 674 402 Ad
696 371 904 402 substantiam
928 381 1002 402 vere
1024 372 1173 408 veniens,
1196 381 1297 411 supra

235 429 250 444 ›
271 417 480 448 substantiam
499 416 729 447 substantiatus
745 421 791 446 est
807 421 837 446 et
851 425 951 455 supra
967 416 1123 446 hominem
1143 415 1296 456 operaba-

234 474 249 488 ι»
272 467 327 492 tur
341 470 424 501 quae
439 461 574 491 hominis
589 465 674 490 sunt.
707 459 742 489 ld
764 460 853 499 quod
876 460 988 499 probat
1012 469 1049 489 ex
1065 459 1132 489 eius
1148 460 1181 490 in
1205 467 1295 491 utero

234 518 249 532 »
271 505 408 545 Virginis
424 504 630 544 conceptione
646 510 676 534 et
691 503 866 533 incessione
881 513 975 542 super
990 513 1098 544 aquas.
1118 505 1209 542 Quae
1226 505 1295 546 qui-

234 562 249 577 »
272 550 346 579 dem
362 548 503 588 exempla
518 547 674 588 ipsissima
689 554 763 577 sunt
779 556 860 587 quae
877 547 943 576 Leo
954 548 1089 586 Magnus
1103 548 1136 578 in
1152 549 1296 588 Epistola

234 606 250 621 »
272 588 516 623 ad'Flavianum
531 591 729 624 adhibuerat.
754 597 790 621 ut
806 591 983 621 ostenderet
1004 591 1161 623 Deitatem
1178 592 1294 624 Christi

233 650 248 665 >
271 637 440 677 peculiares
456 646 527 666 suas
552 635 749 675 operationes
766 635 886 664 divinas
903 635 942 665 ab
961 635 1110 666 humanis
1134 637 1293 668 distinctas

233 694 248 709 »
271 681 456 717 exercuisse;
474 679 748 719 quemadmodum
766 679 956 717 humanitas,
976 689 1060 718 suas,
1077 681 1196 722 absque
1212 689 1294 713 utra-

232 738 248 752 »
270 734 404 764 rumque
421 723 607 754 confusione
623 729 678 753 aut
694 722 864 753 divisione:
883 733 958 753 cum
977 724 1096 764 alioqui
1112 726 1294 767 Monophy-

232 781 248 796 ι
270 768 345 798 sitae
365 768 511 797 adversus
527 767 634 807 ipsum
649 777 687 797 ex
701 766 814 797 iisdem
830 766 968 797 mirificis
991 768 1141 808 operibus
1162 770 1295 801 unicum

231 825 246 840 >
269 811 458 852 operationis
473 821 583 850 genus,
599 811 796 852 subindeque
811 818 955 842 naturam
970 822 1079 851 unam,
1090 813 1220 844 Deitatis
1236 815 1293 845 sci-

231 868 245 883 »
267 856 354 894 licet,
369 855 401 885 in
417 855 543 886 Christo
559 855 655 885 fuisse
669 855 850 886 inferrent...
862 856 1070 896 Proprietates
1084 857 1239 889 humanas
1254 860 1294 890 ad

231 913 245 927 »
268 900 407 930 divinam
422 906 567 930 naturam
577 900 764 930 revocabant
780 907 810 930 et
826 900 1062 939 transferebant,
1073 912 1108 932 ac
1125 903 1293 944 praecipue

230 957 244 972 »
267 943 466 984 operationes
481 954 711 984 quascumque,
734 951 769 974 ut
787 954 858 975 caro
878 945 1008 975 Deitatis
1027 946 1154 977 dotibus
1169 947 1292 979 imbue-

229 1001 243 1015 »
266 995 350 1018 retur
369 995 402 1026 »;
419 998 539 1029 quaeve
561 988 720 1018 humanae
743 989 941 1029 operationes
960 989 1163 1029 videbantur,
1188 1002 1294 1023 revera

227 1032 357 1063 Deitatis
382 1032 481 1072 ipsius
504 1032 643 1063 actiones
669 1034 921 1073 propugnabant.
939 1034 1026 1071 Quin
1054 1035 1186 1066 demum
1207 1036 1293 1067 idem

226 1083 336 1107 auctor
344 1076 462 1107 ibidem
477 1076 640 1116 subiungit
657 1090 671 1104 α
691 1087 737 1115 ea,
749 1088 830 1118 quae
845 1078 883 1108 de
899 1078 1094 1110 humanitate
1112 1079 1228 1111 Christi
1245 1092 1292 1112 as-

228 1133 243 1147 »
266 1121 438 1151 severando
454 1121 612 1159 dicuntur,
622 1121 688 1151 vim
703 1122 810 1161 potius
820 1122 934 1152 habere
949 1124 1086 1154 eximiae
1101 1127 1291 1166 negationis.

228 1177 243 1192 ›
266 1165 359 1196 Unde
375 1165 417 1196 ait
433 1164 643 1207 (Dyonis.).·
665 1165 707 1196 Ut
722 1167 805 1197 enim
821 1167 1005 1207 compendio
1018 1168 1174 1206 dicamus,
1193 1180 1294 1211 neque

227 1221 242 1236 »
265 1210 357 1240 homo
372 1215 453 1247 erat,
465 1219 528 1240 non
544 1215 579 1240 ut
586 1219 726 1250 prorsus
745 1221 807 1241 non
818 1210 928 1251 fuerit
943 1212 1035 1242 homo
1057 1213 1114 1244 sed
1128 1219 1163 1244 ut
1176 1215 1232 1254 qui
1252 1225 1294 1245 ex

227 1265 242 1280 2·
264 1254 444 1284 hominibus
464 1264 534 1285 cum
552 1259 647 1292 esset,
668 1254 708 1285 ab
732 1255 911 1286 hominibus
935 1256 1032 1297 longe
1051 1257 1200 1296 distabat,
1219 1269 1294 1290 vere

227 1309 241 1324 2·
256 1297 372 1337 factus
384 1308 483 1338 supra
498 1299 655 1328 hominem
666 1299 767 1329 homo.
786 1299 911 1337 Quibus
927 1300 1029 1330 verbis
1039 1301 1227 1341 Apollinarii
1237 1313 1292 1334 vo-

227 1353 242 1368 »
265 1352 335 1372 cem
349 1342 500 1380 imitatur,
511 1352 547 1373 ac
563 1342 727 1373 Christum
747 1343 890 1374 absolute
914 1344 974 1374 dici
995 1345 1161 1376 hominem
1174 1346 1292 1378 inficia-

226 1397 241 1412 ιν
264 1393 331 1416 tur:
348 1386 445 1417 veluti
462 1386 525 1417 fere
539 1387 703 1427 quondam
719 1387 878 1428 Eutyches
893 1397 1008 1428 corpus
1029 1389 1097 1420 eius
1112 1390 1292 1422 humanum

226 1441 241 1456 ³·
264 1440 330 1462 esse
346 1440 461 1471 corpus
477 1430 644 1469 effutierat,
664 1441 730 1461 non
748 1441 862 1472 corpus
877 1432 1026 1463 hominis.
1040 1445 1055 1460 2
1081 1434 1168 1465 Haec
1192 1435 1291 1476 Euty-

224 1474 321 1505 chetis
344 1474 512 1506 recitantur
535 1475 630 1505 verba
652 1475 685 1505 in
708 1475 839 1516 Synodo
863 1476 922 1506 sub
952 1476 1104 1508 Flaviano
1127 1479 1289 1511 celebrata.

292 1518 455 1549 Christum
473 1529 539 1549 non
563 1519 660 1549 fuisse
678 1520 821 1550 absolute
843 1520 1000 1550 hominem
1020 1521 1122 1552 dicere
1144 1530 1290 1562 potuerat

224 1563 436 1603 debueratque
460 1563 691 1603 Apollinarius,
716 1563 772 1604 qui
796 1564 1027 1595 humanitatem
1055 1566 1209 1598 nobiliore
1233 1578 1290 1598 sua

223 1614 321 1647 parte,
341 1614 446 1638 mente
466 1607 595 1645 scilicet,
613 1608 778 1638 mutilabat
805 1608 975 1649 ipsumque
998 1610 1141 1641 Verbum
1159 1612 1290 1651 gessisse

222 1651 324 1681 vicem
348 1651 460 1682 mentis
485 1651 652 1682 effutiebat.
676 1652 851 1683 Haereseos
874 1662 1005 1694 quoque
1028 1664 1103 1685 suae
1129 1655 1290 1696 principiis

223 1695 387 1726 inhaerens
410 1695 587 1736 Eutyches,
607 1706 722 1736 corpus
746 1696 863 1728 Christi
893 1696 981 1728 fateri
1009 1708 1126 1739 corpus
1152 1700 1290 1732 hominis

222 1740 389 1778 renuebat,
418 1739 541 1770 tametsi
570 1747 695 1771 vocaret
727 1740 807 1772 illud
837 1751 953 1782 corpus
980 1742 1167 1774 humanum.
1199 1745 1288 1782 Quo-

221 1784 320 1814 modo
343 1794 482 1824 namque
505 1794 621 1824 corpus
643 1785 796 1823 hominis,
821 1792 875 1816 aut
897 1796 970 1816 vera
997 1786 1178 1818 humanitas
1204 1789 1286 1820 dice-

219 1835 314 1866 retur,
331 1838 412 1869 quae
428 1828 471 1859 ita
486 1829 634 1869 absorpta
652 1839 670 1859 a
685 1829 846 1860 divinitate
870 1830 1080 1869 adserebatur,
1101 1839 1136 1862 ut
1150 1833 1284 1872 spoliata

221 1879 301 1902 esset
329 1872 571 1912 proprietatibus
600 1873 682 1912 suis,
703 1883 740 1904 ac
763 1873 962 1905 facultatibus
986 1881 1016 1906 et
1039 1876 1287 1916 operationibus,

220 1926 301 1957 quae
317 1917 385 1946 illas
401 1924 655 1957 consequuntur3
672 1918 846 1959 eademque
863 1919 1086 1950 admittebatur
1101 1920 1133 1950 in
1149 1920 1287 1961 Christo,

219 1961 316 1991 veluti
339 1961 479 1992 inanime
501 1962 665 2002 quoddam
687 1962 1026 2003 instrumentum,‘per
1048 1965 1138 2005 quod
1159 1966 1287 1998 nonnisi

221 2005 343 2036 divinae
374 2005 512 2036 actiones
542 2005 853 2045 transfunderentur,
882 2017 964 2048 quae
994 2008 1192 2048 operationes
1228 2010 1286 2041 hu-

220 2059 330 2080 manas
349 2047 549 2090 supplerent?
572 2050 682 2090 Longe
697 2051 735 2081 ab
750 2051 836 2081 hisce
852 2052 1040 2082 commentis
1059 2053 1174 2084 distant
1187 2055 1286 2085 Areo-

220 2094 354 2134 pagitica
378 2094 468 2124 dicta.
498 2094 591 2124 Plura
622 2094 837 2135 superioribus
861 2095 1015 2136 capitibus
1043 2097 1218 2139 eademque
1236 2099 1286 2130 lu—

219 2137 431 2168 culentissima
445 2138 476 2168 in
492 2138 635 2168 medium
649 2139 842 2179 protulimus
857 2140 1047 2179 testimonia,
1061 2142 1150 2182 queis
1164 2143 1286 2183 egregie

217 2182 303 2212 idem
317 2189 427 2212 auctor
441 2182 534 2213 docet
551 2183 755 2223 adsumptam
769 2193 787 2213 a
803 2183 884 2214 Filio
900 2184 971 2222 Dei,
987 2186 1027 2215 ab
1044 2195 1107 2216 una
1121 2186 1284 2218 Trinitatis

216 2236 352 2266 persona
367 2226 599 2256 humanitatem
609 2237 694 2265 vere,
706 2228 843 2268 integre,
851 2228 1006 2269 perfecte,
1018 2230 1170 2266 totaliter,
1182 2233 1282 2262 omni-

216 2271 317 2301 mode.
334 2272 385 2300 An
400 2270 476 2301 haec
495 2270 587 2301 toties
602 2281 637 2301 ac
654 2271 771 2311 passim
786 2272 966 2311 inculcaret,
982 2273 1038 2314 qui
1055 2273 1286 2306 humanitatem

215 2314 247 2344 in
259 2314 385 2345 Christo
400 2314 542 2345 Domino
559 2315 727 2355 spoliatam
742 2316 942 2347 arbitraretur
958 2317 1201 2358 proprietatibus
1218 2320 1283 2351 suis

215 2369 250 2389 ac
274 2358 473 2389 facultatibus
497 2365 527 2389 et
551 2359 786 2399 operationibus
810 2371 892 2401 quae
913 2361 1174 2402 consequuntur?

283 2403 319 2433 11.
345 2403 464 2434 Favent
478 2410 508 2434 et
522 2403 589 2443 ipsa
604 2404 783 2435 testimonia
798 2405 837 2435 ab
852 2405 1017 2446 Lequieno
1032 2406 1164 2438 obiecta.
1186 2407 1285 2439 Gran—

215 2447 356 2478 dioribus
380 2447 510 2488 quidem
538 2447 639 2478 verbis
667 2448 938 2480 mirabilissimum
962 2450 1188 2482 lncarnationis
1215 2462 1284 2493 my-

216 2491 346 2522 sterium
370 2498 490 2522 enarrat
513 2498 639 2530 auctor;
664 2499 695 2523 at
718 2492 750 2523 in
774 2493 807 2523 id
830 2493 938 2525 recidit
961 2501 1067 2525 tamen
1092 2505 1231 2536 semper,
1249 2503 1286 2527 ut

216 2535 284 2576 ipse
303 2535 447 2566 Christus
466 2545 537 2566 vere
556 2535 649 2568 fuerit
663 2537 774 2568 homo.
799 2538 853 2568 Ait
872 2538 941 2569 ille:
963 2539 1076 2579 Neque
1088 2540 1182 2571 homo
1196 2546 1285 2579 erat;

218 2580 271 2610 sed
295 2580 391 2611 veluti
413 2590 446 2610 se
470 2580 627 2620 corrigens
650 2581 755 2612 addit:
779 2582 866 2619 Non,
887 2587 922 2613 ut
934 2592 1074 2623 prorsus
1097 2594 1160 2615 non
1174 2584 1285 2625 fuerit

217 2625 328 2655 homo:
352 2631 416 2655 erat
438 2634 512 2664 ergo
529 2634 658 2664 prorsus
674 2632 704 2656 et
719 2626 854 2656 omnino
869 2626 980 2658 homo.
1005 2627 1059 2658 Ait
1073 2627 1185 2659 etiam:
1207 2629 1286 2660 Vere

207 2668 324 2710 factus
345 2678 443 2709 super
464 2669 622 2700 hominem
645 2670 761 2708 homo;
784 2670 827 2701 ita
841 2677 886 2708 ut,
902 2671 1025 2702 tametsi
1049 2671 1194 2703 Christus
1218 2673 1279 2704 dici

217 2713 328 2743 debeat
349 2722 447 2753 super
468 2713 637 2751 hominem,
658 2721 694 2745 ut
712 2714 792 2745 infra
816 2714 1056 2754 declarandum,
1081 2726 1156 2747 vere
1178 2723 1284 2748 tamen

206 2756 324 2798 factus
338 2757 431 2788 homo
446 2762 502 2788 est.
528 2758 626 2795 Quod
643 2758 703 2788 illis
723 2759 855 2789 demum
873 2759 974 2790 verbis
993 2759 1214 2791 confirmatur:
1234 2761 1286 2793 Ad

216 2801 426 2832 substantiam
449 2811 523 2832 vere
546 2803 686 2840 veniens,
702 2812 803 2843 supra
821 2803 1032 2834 substantiam
1051 2804 1284 2836 substantiatus

217 2851 272 2876 est.
287 2846 345 2876 Dei
360 2845 459 2876 Filius
474 2855 600 2886 nempe,
611 2856 686 2877 curn
700 2857 758 2878 nec
772 2854 883 2878 natura
898 2857 955 2878 nec
970 2847 1144 2879 substantia
1158 2848 1285 2889 proprie

217 2890 266 2928 sit,
286 2889 340 2920 sed
363 2900 458 2930 supra
481 2897 627 2921 naturam
650 2897 680 2922 et
703 2901 799 2931 supra
827 2891 1053 2930 substantiam;
1079 2893 1119 2923 ad
1142 2899 1283 2924 nostram

216 2941 361 2964 naturam
376 2941 580 2975 nostramque
602 2935 810 2966 substantiam
834 2946 909 2966 vere
933 2937 1018 2967 venit
1041 2941 1071 2967 et
1093 2937 1283 2968 substantia-

217 2984 268 3009 tus
287 2984 333 3009 est
354 2988 409 3018 per
429 2978 570 3009 eiusdem
590 2986 719 3010 naturae
743 2989 778 3010 ac
802 2980 992 3011 substantiae
1023 2980 1282 3021 adsumptionem

218 3029 247 3052 et
271 3032 345 3052 cum
368 3022 510 3053 eiusdem
533 3023 787 3063 proprietatibus,
805 3023 1283 3065 facultatibus„operationibus.

284 3067 368 3096 Tam
384 3066 547 3105 catholica,
564 3074 594 3098 et
615 3067 804 3098 commentis
836 3068 1030 3109 eutychianis
1053 3069 1182 3100 adversa
1205 3070 1283 3110 dog-

218 3116 302 3140 mata
326 3110 455 3140 clariora
477 3109 568 3150 fiunt,
583 3111 608 3141 si
631 3111 732 3142 brevis
753 3111 912 3152 Epistolae
929 3112 969 3142 ad
991 3112 1107 3143 Caium
1126 3113 1284 3154 integrum

219 3160 401 3184 contextum
424 3155 647 3195 expendamus.
667 3155 882 3197 Inquirentem
898 3155 1013 3187 Caium
1036 3157 1173 3188 inducit:
1197 3158 1283 3195 Quo-

219 3198 312 3229 modo
337 3199 452 3239 inquis,
472 3198 564 3230 Iesus
586 3209 656 3230 cum
680 3201 722 3231 sit
737 3200 882 3231 omnibus
904 3202 1062 3241 superior,
1080 3203 1214 3233 caeteris
1229 3203 1283 3234 ho-

218 3243 355 3273 minibus
377 3243 644 3281 substantialiter,
673 3237 841 3281 οὖσιωδῶς
854 3266 865 3284 ,
891 3251 1096 3286 aggregatus
1118 3246 1192 3277 est?
1215 3246 1283 3277 Pla-

218 3297 297 3317 num
320 3297 356 3317 ac
380 3287 524 3327 pervium
540 3297 668 3318 sensum
685 3289 806 3329 accipe:
827 3289 994 3330 quomodo
1018 3289 1117 3320 Filius
1140 3290 1210 3328 Dei,
1227 3290 1282 3332 qui

217 3331 310 3361 rebus
333 3331 483 3362 omnibus
500 3338 530 3362 et
552 3332 736 3363 hominibus
752 3333 896 3373 superior
911 3340 972 3372 est,
991 3333 1090 3364 factus
1114 3333 1207 3365 suerit
1227 3334 1285 3365 ho·

175 3410 177 3412 ¹
217 3375 356 3406 minibus
379 3374 672 3407 consubstantialis?
691 3377 830 3418 Reponit
853 3384 978 3409 auctor:
998 3378 1072 3409 Non
1097 3379 1224 3419 utique,
1250 3384 1285 3410 ut

217 3425 331 3450 auctor
353 3420 535 3458 hominum,
561 3421 620 3452 hoc
642 3421 712 3452 loco
734 3422 827 3452 homo
850 3422 978 3453 dicitur.
1003 3422 1105 3460 ldest,
1129 3432 1168 3453 ne
1191 3429 1284 3463 putes

218 3473 254 3493 ea
276 3463 396 3494 ratione
421 3464 524 3495 Iesum
548 3464 608 3496 dici
631 3465 807 3504 hominem,
824 3476 887 3507 qua
910 3476 1029 3497 nomen
1052 3466 1179 3498 effectus
1207 3467 1283 3498 emi-

218 3507 303 3538 nenti
327 3508 468 3548 quodam
492 3509 591 3540 modo
614 3510 709 3541 tribui
728 3510 807 3541 solet
830 3521 959 3549 causae,
979 3521 1014 3542 ac
1030 3511 1197 3542 hominem
1219 3511 1279 3542 dici

219 3551 333 3589 lesum,
350 3552 423 3592 quia
439 3560 548 3583 auctor
571 3560 617 3584 est
632 3554 820 3592 hominum;
840 3555 1115 3595 quemadmodum
1133 3562 1164 3586 et
1187 3555 1236 3586 sol
1252 3562 1283 3586 et

219 3594 273 3624 lux
295 3602 425 3626 vocatur
447 3597 544 3635 Deus,
561 3597 616 3637 qui
640 3608 787 3638 suprema
805 3605 852 3630 est
875 3609 968 3630 causa
990 3606 1021 3630 et
1040 3599 1120 3630 lucis
1143 3606 1174 3631 et
1196 3599 1281 3630 solis.

220 3638 283 3669 Sed
306 3639 493 3680 inquantum
516 3642 690 3672 secundum
722 3642 931 3673 substantiam
956 3648 1053 3674 totam
1087 3653 1162 3675 vere
1190 3644 1283 3675 homo

952 290 1410 329 DISSERTATIONES
1440 291 1687 329 CRITICAE

1352 375 1409 408 est,
1425 368 1499 400 κατ’
1530 368 1646 401 οὐσίαν
1673 368 1753 407 ὅλην
1780 368 1910 408 ἀληθῶς
1936 370 2107 416 ἄνθρωπος
2133 371 2188 404 ὦν.
2208 374 2311 405 Verba
2339 383 2424 415 sunt,

1352 424 1434 454 quae
1458 419 1571 445 contra
1587 425 1711 445 omnem
1729 416 1897 454 haeresim,
1917 422 1981 447 tam
1999 420 2176 458 antiquam,
2194 428 2290 459 quam
2309 430 2423 451 novam

1351 458 1497 496 militant,
1515 465 1551 489 ut
1574 459 1617 489 ait
1639 459 1837 490 Scholiastes.
1864 461 2079 492 Adversantur
2102 472 2138 492 ea
2168 463 2422 502 Phantasiastis,

1351 502 1407 542 qui
1430 512 1542 533 verum
1565 513 1681 543 corpus
1708 513 1878 545 veramque
1909 505 2140 537 humanitatem
2171 506 2299 538 Christo
2330 518 2424 549 nega-

1351 547 1441 584 bant;
1461 553 1492 577 et
1513 548 1765 587 Apollinaristis,
1788 548 1844 589 qui
1867 555 1968 591 totam
1990 549 2130 580 hominis
2154 551 2362 583 substantiam
2390 553 2423 583 in

1351 590 1478 621 Christo
1502 601 1569 621 non
1592 593 1824 631 agnoscebant,
1849 599 1960 633 utpote
1984 601 2089 624 mente
2122 604 2193 625 eam
2223 596 2404 628 mutilantes
2412 605 2422 636 ;

1351 640 1381 664 et
1402 635 1573 675 Acephalis
1596 645 1632 666 ac
1655 636 1902 677 Monophysitis,
1919 637 1975 678 qui
1999 638 2145 669 eamdem
2169 638 2286 670 Christi
2309 641 2422 672 huma-

1350 678 1481 709 nitatem
1497 679 1742 719 proprietatibus
1758 680 1835 718 suis,
1852 687 1883 711 et
1899 681 2110 721 facultatibus,
2129 692 2164 713 ac
2182 684 2421 724 operationibus

1350 732 1432 762 quae
1455 730 1706 764 consequuntur,
1723 724 1918 764 spoliabant:
1939 726 2024 756 unde
2047 736 2105 757 nec
2128 726 2174 757 illi
2203 728 2420 768 admittebant,

1350 771 1448 796 totam
1472 766 1505 796 in
1529 766 1657 797 Christo
1682 777 1756 798 vere
1779 768 1908 799 existere
1930 769 2173 801 humanitatem.

1416 810 1581 851 Sequitur:
1601 811 1670 842 Nos
1688 817 1795 842 autem
1819 812 1927 843 Iesum
1951 823 2014 844 non
2031 814 2220 846 humanitus
2236 816 2418 856 definimus.

1349 854 1527 891 Quomodo
1544 855 1631 885 enirn
1653 855 1840 886 humanitus
1855 862 1981 887 tanturn
2000 857 2122 888 definiri
2138 865 2244 898 potest
2262 860 2419 901 Christus,

1349 898 1404 939 qui
1428 909 1446 928 a
1470 899 1597 929 caeteris
1612 899 1798 930 hominibus
1821 900 1916 940 longe
1932 900 2043 938 distat,
2063 911 2121 932 nec
2137 909 2184 933 est
2199 903 2287 934 solus
2306 904 2419 944 homo,

1348 943 1404 973 sed
1426 943 1527 974 homo
1558 949 1589 974 et
1617 941 1725 974 Deus?
1749 944 1862 984 Neque
1894 945 1977 975 enim
2001 945 2057 975 ille
2078 945 2171 976 homo
2199 952 2324 978 tantum
2353 954 2419 988 est,

1348 988 1423 1028 quia
1441 997 1642 1028 nequaquam
1658 988 1976 1028 supersubstantialis
1992 990 2153 1027 existeret,
2170 991 2200 1020 si
2214 991 2302 1022 solus
2326 993 2419 1024 homo

1339 1031 1442 1072 foret.
1464 1031 1558 1062 Solus
1578 1042 1717 1073 namque
1733 1032 1834 1063 homo
1857 1039 1969 1063 natura
1986 1040 2109 1064 constat
2131 1034 2282 1073 humana,
2299 1043 2330 1067 et
2345 1037 2419 1069 sub-

1348 1076 1487 1106 sistentia
1510 1082 1627 1107 creata:
1648 1083 1679 1107 at
1702 1077 1789 1107 Iesus
1811 1076 1855 1107 ita
1877 1077 1978 1107 homo
2002 1084 2059 1116 est,
2085 1085 2120 1108 ut
2143 1078 2323 1110 humanitas
2347 1080 2418 1111 affe-

1348 1127 1397 1151 cta
1420 1120 1568 1151 subsistat
1590 1120 1747 1161 personali
1764 1121 1835 1151 Filii
1851 1121 1910 1152 Dei
1934 1122 2135 1162 proprietate,
2151 1133 2234 1163 quae
2249 1126 2418 1165 supersub-

1348 1164 1499 1195 stantialis
1522 1171 1585 1203 est;
1605 1171 1636 1195 et
1658 1165 1735 1196 haec
1759 1165 1849 1203 unio,
1865 1175 1947 1206 quae
1971 1166 2084 1197 dicitur
2106 1167 2314 1208 hypostatica,
2335 1175 2419 1200 tran-

1348 1209 1468 1239 scendit
1483 1219 1615 1239 ornnem
1631 1216 1759 1240 naturae
1775 1209 1929 1240 ordinem.
1947 1210 2012 1241 Sed
2027 1217 2165 1242 attamen
2181 1221 2295 1243 revera
2311 1213 2417 1245 homo:

1348 1263 1406 1284 nec
1429 1253 1515 1283 enim
1538 1263 1594 1294 per
1616 1254 1762 1284 eamdem
1778 1254 1934 1284 unionem
1956 1261 2011 1285 aut
2029 1262 2161 1294 mutata,
2178 1263 2233 1287 aut
2256 1257 2417 1298 deperdita

1348 1297 1408 1328 fuit
1430 1304 1541 1328 natura
1564 1298 1716 1336 humana,
1732 1305 1788 1328 aut
1810 1298 1955 1329 mutilata
1977 1299 2083 1340 aliqua
2105 1299 2155 1330 sui
2178 1307 2276 1340 parte,
2293 1308 2348 1333 aut
2363 1302 2416 1333 de-

1347 1351 1440 1371 mum
1462 1341 1597 1382 spoliata
1620 1342 1875 1382 proprietatibus,
1892 1353 1973 1383 quae
1989 1343 2152 1374 veritatem
2176 1353 2417 1386 consequuntur

1347 1392 1476 1416 naturae
1499 1386 1668 1417 humanae.
1686 1387 1958 1428 Quandoquidem
1976 1387 2081 1418 Filius
2098 1388 2172 1426 Dei,
2193 1399 2294 1429 supra
2316 1391 2416 1421 homi-

1347 1439 1414 1467 nes,
1430 1435 1461 1460 et
1482 1430 1657 1461 secundum
1681 1431 1842 1469 homines,
1867 1441 1909 1462 ex
1930 1432 2094 1462 hominum
2122 1433 2322 1472 substantia,
2343 1445 2415 1466 cum

1345 1483 1445 1514 supra
1468 1474 1679 1505 substantiam
1704 1476 1865 1513 existeret,
1882 1476 2094 1506 substantiam
2113 1479 2294 1518 assumpsit.
2316 1478 2416 1510 Filius

1345 1527 1461 1558 nempe
1485 1518 1571 1548 Deus
1595 1518 1773 1549 incarnatus
1789 1526 1820 1550 et
1843 1526 1889 1550 est
1910 1529 2011 1560 supra
2034 1521 2195 1559 homines,
2217 1522 2294 1563 quia
2316 1523 2416 1555 Filius

1345 1561 1403 1592 Dei
1427 1572 1464 1592 ac
1486 1571 1578 1592 verus
1602 1562 1707 1593 Deus:
1727 1569 1758 1593 et
1780 1570 1827 1594 est
1848 1564 2024 1594 secundum
2047 1565 2200 1603 homines,
2224 1566 2300 1607 quia
2322 1577 2415 1598 verus

1344 1605 1456 1636 homo.
1475 1606 1620 1647 ipseque,
1641 1616 1717 1637 cum
1739 1606 1773 1637 in
1796 1613 1907 1638 natura
1930 1608 2037 1638 divina
2058 1609 2231 1640 subsistens
2257 1610 2298 1641 sit
2319 1621 2417 1652 supra

1344 1657 1501 1690 naturam,
1518 1657 1549 1681 et
1570 1660 1672 1691 supra
1694 1651 1922 1689 substantiam,
1947 1661 1990 1682 ex
2011 1652 2190 1684 hominibus
2213 1660 2320 1685 tamen
2342 1655 2414 1686 sub-

1343 1696 1495 1725 stantiam
1518 1696 1700 1735 assumpsit.
1717 1695 1853 1726 Nonnisi
1876 1695 1991 1726 lividus
2021 1696 2135 1727 oculus
2165 1697 2358 1730 heterodoxa
2380 1699 2414 1731 in

1343 1738 1392 1769 his
1415 1739 1517 1770 verbis
1540 1739 1644 1770 videat
1666 1746 1821 1780 portenta.

1410 1783 1472 1814 Sed
1495 1783 1651 1824 ampliora
1673 1783 1774 1824 pergit
1796 1783 1848 1814 ille
1867 1794 2020 1815 enarrare.
2038 1785 2161 1826 Inquit:
2188 1786 2412 1818 Verumtamen

1342 1828 1710 1868 supersubstantialitate
1731 1838 1831 1868 supra
1855 1829 1983 1859 modum
2007 1830 2129 1869 plenus
2152 1835 2208 1861 est.
2225 1831 2295 1862 Iesu
2323 1841 2414 1862 nam-

1342 1881 1405 1912 que
1428 1882 1574 1912 persona,
1591 1878 1703 1912 utpote
1721 1872 1838 1911 divina,
1863 1879 1910 1903 est
1933 1883 2028 1913 supra
2051 1874 2277 1914 substantiam
2301 1885 2338 1906 ac
2360 1885 2412 1907 su-

1342 1916 1548 1956 pernaturalis
1571 1923 1602 1947 et
1617 1916 1924 1956 supersubstantialis
1940 1923 1987 1947 est
2010 1924 2139 1948 naturae
2162 1918 2286 1950 divinae
2302 1926 2334 1950 et
2357 1930 2412 1951 na-

1341 1966 1429 1990 turae
1451 1960 1611 1991 humanae
1634 1960 1738 1991 unitio
1761 1960 1794 1991 in
1818 1971 1882 1992 una
1905 1961 2013 1991 divina
2035 1961 2106 1992 Filii
2121 1962 2181 1993 Dei
2204 1973 2350 2003 persona.
2369 1964 2412 1995 Ut

1340 2005 1398 2045 qui
1418 2014 1544 2045 semper
1574 2014 1675 2045 supra
1703 2005 1915 2036 substantiam
1944 2006 2006 2043 sit,
2040 2006 2240 2038 abundantia
2269 2007 2410 2048 quadam

1339 2049 1718 2089 supersubstantialitatis
1744 2050 1839 2080 etiam
1863 2049 1907 2080 ad
1928 2050 2139 2081 substantiam
2164 2060 2239 2082 uere
2261 2052 2408 2091 veniens,

1339 2102 1440 2133 supra
1462 2093 1674 2124 substantiam
1696 2093 1929 2124 substantiatus
1943 2099 2000 2125 est.
2020 2093 2135 2125 Divina
2156 2095 2252 2126 Verbi
2275 2105 2415 2136 persona

1339 2137 1383 2168 ita
1405 2147 1501 2178 supra
1524 2137 1732 2168 substantiam
1757 2137 1818 2168 dici
1841 2138 1944 2176 debet,
1970 2144 2006 2169 ut
2029 2138 2124 2169 etiarn
2144 2148 2186 2170 ex
2210 2139 2411 2172 abundantia

1339 2182 1479 2222 quadam
1511 2181 1890 2222 supersubstantialitatis
1920 2181 2027 2213 fecerit
2059 2189 2205 2214 naturam
2234 2183 2412 2216 humanam

1340 2226 1678 2266 supersubstantialiter
1701 2226 1880 2264 subsistere,
1897 2226 2056 2266 personali
2078 2226 2196 2259 scilicet
2210 2227 2316 2259 divina
2339 2228 2412 2260 Filii

1339 2270 1530 2311 proprietate
1554 2270 1714 2301 affectam:
1735 2277 1766 2301 et
1787 2270 1861 2302 licet
1877 2280 1952 2301 vere
1975 2271 2015 2301 ad
2033 2277 2175 2302 nostram
2195 2273 2317 2304 venerit
2337 2273 2411 2305 sub-

1338 2315 1502 2353 stantiam,
1520 2321 1647 2345 maneat
1663 2314 1759 2345 simul
1782 2321 1889 2345 tamen
1904 2324 2004 2356 supra
2027 2315 2248 2347 substantiam.
2267 2317 2337 2348 lmo
2357 2317 2411 2349 de-

1339 2368 1432 2390 mum
1446 2364 1476 2390 et
1491 2368 1590 2399 super
1603 2359 1762 2390 hominem
1777 2360 1879 2400 gessit
1902 2369 1951 2397 ea,
1968 2369 2052 2400 quae
2066 2365 2143 2392 sunt
2161 2361 2320 2399 hominis5
2337 2371 2427 2402 pro»

1339 2410 1445 2443 pterea
1467 2413 1585 2443 nempe
1607 2403 1697 2444 quod
1713 2403 1872 2434 humanae
1893 2403 2094 2444 operationes
2109 2414 2176 2436 non
2199 2405 2412 2446 procedebant

1339 2457 1358 2478 a
1380 2447 1450 2478 solo
1474 2447 1616 2485 homine,
1633 2448 1688 2478 sed
1711 2448 1750 2478 ab
1773 2447 1905 2478 homine
1923 2448 2006 2487 Deo,
2021 2448 2077 2490 qui
2100 2448 2168 2480 sine
2191 2449 2290 2481 dubio
2313 2459 2412 2491 super

1338 2492 1497 2522 hominem
1526 2498 1582 2523 est.
1600 2492 1642 2523 Et
1663 2492 1741 2523 haec
1765 2492 1860 2523 etiam
1883 2493 2160 2533 supernaturalitas
2187 2500 2219 2525 et
2247 2494 2410 2526 abundan-

1337 2536 1382 2567 tia
1405 2536 1788 2576 supersubstantialitatis,
1814 2546 1912 2578 quam
1936 2537 1995 2568 Dei
2028 2537 2126 2568 Filius
2149 2537 2182 2568 in
2213 2537 2411 2571 humanitate

1339 2581 1508 2621 adsumpta
1530 2580 1685 2620 integram
1700 2587 1812 2619 servat,
1828 2581 1965 2612 maxime
1980 2588 2110 2622 apparet
2125 2581 2158 2612 in
2178 2582 2318 2614 mirificis
2333 2593 2410 2624 ope-

1339 2624 1436 2663 ribus,
1452 2625 1543 2666 quod
1572 2625 1670 2666 Virgo
1692 2634 1793 2665 supra
1813 2630 1965 2656 naturam
1982 2626 2093 2666 parit,
2113 2626 2203 2667 quod
2225 2636 2311 2667 aqua
2328 2637 2409 2668 pro-

1329 2669 1446 2708 fluens
1453 2669 1574 2709 pedum
1591 2678 1633 2699 ex
1648 2670 1784 2700 materia
1804 2674 1956 2710 terraque
1971 2675 2193 2700 concretorum
2211 2672 2408 2711 gravitatem

1338 2713 1485 2750 sustinet,
1502 2722 1604 2753 neque
1634 2713 1734 2750 cedit;
1747 2712 1805 2743 sed
1827 2714 1946 2744 virtute
1959 2714 2205 2754 supernaturali
2218 2715 2289 2745 sine
2310 2714 2345 2746 di
2372 2725 2408 2746 u·

1338 2757 1428 2787 sione
1449 2756 1601 2787 subsistit.

1405 2800 1491 2831 Hinc
1512 2810 1588 2831 vero
1612 2806 1727 2841 sponte
1749 2810 1786 2831 ac
1809 2800 1983 2832 necessario
2007 2800 2093 2832 fluit:
2113 2811 2161 2840 ea,
2183 2811 2267 2842 quae
2288 2802 2329 2834 de
2350 2803 2408 2834 Ιιιι-

1339 2845 1494 2876 manitate
1515 2844 1591 2876 Iesu
1614 2844 1846 2886 affirmantur,
1872 2845 2058 2876 exceIIentis
2079 2855 2204 2886 quoque
2227 2848 2410 2888 negationis

1339 2890 1402 2920 vim
1426 2889 1600 2920 continere.
1626 2889 1671 2920 lta
1698 2899 1839 2930 namque
1861 2888 2055 2920 affirmamus
2085 2890 2191 2921 lesum
2214 2900 2281 2922 esse
2303 2891 2409 2922 homi-

1339 2943 1425 2972 nem,
1447 2939 1483 2964 ut
1505 2933 1601 2964 simul
1624 2933 1730 2974 negari
1754 2940 1900 2974 oporteat
1921 2933 2030 2974 ipsum
2052 2944 2119 2964 esse
2149 2933 2328 2975 simplicem
2349 2935 2409 2967 ho-

1339 2977 1476 3016 minem;
1495 2987 1570 3008 cum
1593 2977 1632 3008 sit
1655 2987 1750 3018 supra
1773 2977 1949 3016 hominem,
1966 2984 2078 3018 utpote
2093 2988 2229 3018 persona
2251 2979 2358 3011 divina
2374 2979 2410 3012 in

1339 3028 1450 3052 natura
1472 3021 1613 3052 humana
1645 3021 1827 3060 subsistens,
1849 3028 1880 3052 et
1906 3032 1923 3052 a
1946 3021 2073 3062 Virgine
2098 3029 2270 3064 conceptus
2294 3023 2407 3064 fuerit,

1339 3066 1442 3106 deque
1465 3065 1594 3106 Virgine
1616 3066 1716 3097 Matre
1739 3072 1841 3097 natus.
1858 3066 1956 3104 Nam,
1979 3071 2015 3097 ut
2036 3068 2218 3098 summatim
2242 3067 2406 3107 dieamus,

1340 3119 1380 3140 ne
1394 3110 1487 3141 homo
1502 3110 1629 3150 quidem
1645 3115 1735 3141 erat:
1754 3120 1817 3141 non
1834 3110 1919 3151 quod
1934 3120 1998 3142 non
2022 3116 2103 3142 esset
2121 3111 2232 3149 homo,
2251 3112 2309 3144 sed
2323 3112 2409 3154 quod

1339 3163 1381 3185 ex
1402 3154 1582 3186 hominibus
1605 3160 1720 3193 natus,
1745 3155 1889 3186 homines
1920 3155 2018 3196 longe
2039 3161 2231 3196 superaret,·
2254 3161 2285 3187 et
2305 3165 2408 3198 supra

1338 3198 1495 3229 hominem
1521 3208 1596 3230 vere
1617 3199 1710 3230 homo
1724 3198 1841 3239 factus
1863 3200 1914 3230 sit.
1930 3199 2005 3230 Non
2022 3206 2087 3230 erat
2109 3200 2210 3231 homo
2233 3200 2333 3240 solus,
2351 3199 2407 3231 aad

1338 3252 1410 3273 vere
1433 3249 1540 3273 tamen
1556 3242 1656 3274 factus
1679 3249 1726 3274 est
1740 3243 1841 3274 homo
1853 3266 1862 3282 ,
1880 3243 2040 3284 simulque
2064 3253 2177 3275 omnes
2191 3244 2339 3276 homines
2354 3253 2406 3275 su·

1338 3286 1477 3327 perabat,
1493 3293 1524 3317 et
1547 3296 1643 3327 supra
1665 3287 1831 3318 hominem
1854 3294 1936 3326 erat;
1955 3287 2110 3329 quoniam
2131 3298 2267 3329 persona
2289 3287 2406 3327 divina,

1339 3340 1421 3372 quae
1443 3340 1539 3371 supra
1561 3330 1728 3362 hominem
1751 3338 1808 3370 est,
1825 3338 1856 3363 et
1874 3342 1969 3372 supra
1987 3338 2144 3372 naturam,
2161 3339 2192 3363 et
2214 3342 2309 3373 supra
2331 3333 2406 3363 sub-

1339 3374 1503 3414 stantiam,
1528 3385 1600 3406 vere
1624 3375 1812 3407 subsistebat
1834 3375 1867 3406 in
1890 3382 2003 3407 natura
2025 3383 2151 3415 nostra,
2176 3376 2210 3407 in
2233 3375 2405 3407 substantia

1338 3426 1456 3457 nostra,
1471 3419 1506 3451 in
1528 3419 1724 3451 humanitate
1757 3427 1880 3451 nostra:
1900 3426 1931 3451 et
1953 3420 1998 3451 sic
2020 3420 2191 3451 subsistens
2219 3419 2279 3451 Dei
2306 3419 2406 3451 Filius

1339 3473 1413 3495 vere
1435 3464 1528 3495 homo
1542 3463 1659 3505 factus
1681 3469 1761 3495 erat.
1789 3464 2021 3499 Commentum
2043 3473 2141 3496 omne
2163 3462 2404 3504 Monophysita-

1338 3517 1421 3547 rum,
1440 3514 1476 3539 ut
1497 3508 1602 3547 video,
1618 3508 1714 3548 longe
1737 3508 1842 3540 exulat
1869 3509 1908 3539 ab
1930 3508 1990 3540 hac
2012 3508 2171 3549 Epistola:
2197 3507 2287 3548 quod
2310 3507 2405 3538 etiam

1337 3551 1415 3583 vidit
1437 3552 1637 3591 Scholiastes,
1657 3552 1819 3591 Observa,
1839 3553 2006 3594 inquiens,
2023 3557 2121 3584 totum
2144 3551 2308 3591 Epistolae
2331 3562 2404 3583 con-

1337 3601 1480 3634 textum,
1505 3598 1657 3637 quoniam
1682 3602 1728 3628 est
1751 3602 1863 3628 contra
1887 3606 2011 3628 omnem
2041 3596 2209 3633 haeresim,
2226 3600 2292 3626 tam
2320 3597 2404 3627 anti-

1336 3650 1444 3680 quam,
1461 3650 1556 3681 quam
1582 3650 1707 3672 novam.
