2788 4204
81 621 89 630 ·
98 619 167 645 Lib.1,
175 623 290 645 capanna.

82 653 105 667 n.
118 652 133 667 ι.

80 1000 121 1019 ‘n-
132 998 206 1019 solum
220 1004 264 1021 ex,-
277 1004 289 1018 ε

78 1029 134 1056 etp.
146 1031 176 1045 m
187 1031 213 1045 n:
230 1014 288 1045 solis

78 1051 147 1072 etiam
162 1051 249 1078 affirm.

78 1077 192 1099 Codd.-
183 1084 227 1098 -Ρ,
246 1083 271 1098 cs
260 1079 289 1098 sut

78 1267 86 1274 ⁴
102 1271 127 1285 r:
140 1264 212 1289 hic,·A
224 1270 246 1290 p.
257 1270 288 1284 m.

78 1297 134 1315 om.;
146 1296 151 1311 ι
162 1293 216 1315 (om.
228 1290 290 1315 hoel:

77 1317 238 1339 considerare.

77 1372 86 1379 ·
101 1376 121 1391 1:
138 1370 287 1391 demonstra-

76 1397 156 1418 tionis.

75 1854 225 1876 'nzxuuoqsr
234 1855 255 1872 et
264 1857 286 1877 p.

74 1886 104 1900 m.
116 1886 141 1900 c:
157 1878 225 1899 huius
233 1879 286 1904 ,sci-

73 1906 140 1931 licen
154 1912 180 1926 L:
197 1905 285 1926 sit'ltu-

73 1933 118 1956 ius,
134 1931 186 1953 scil.

73 1959 82 1970 '
93 1959 138 1980 Est
150 1965 178 1980 cx
195 1958 263 1979 codd.

72 2012 83 2022 ⁸
91 2017 98 2032 1
105 2019 110 2032 :
125 2011 235 2033 occurrit.

73 2335 82 2343 ·
100 2337 240 2356 nactur-unq
264 2334 285 2351 et

72 2366 95 2387 p.
105 2366 136 2381 m.
144 2366 170 2380 n.
186 2360 222 2379 est
236 2358 266 2379 D.

73 2388 111 2407 ἰ.
126 2385 258 2407 secundum.

71 2488 79 2497 '
93 2487 156 2508 Lect.
169 2491 232 2507 xxvi.

324 217 398 252 300

322 295 424 331 niam
445 300 630 331 ostensum
651 298 704 329 est
723 299 804 339 etc.,
821 299 856 327 et
870 291 1061 327 inducitur
1074 296 1089 314 ’¹
1104 291 1199 326 haec
1218 289 1387 326 secunda

321 347 414 384 ratio
435 347 482 384 ad
508 345 838 384 confirmationem
857 345 1015 392 primae,
1046 356 1143 391 quae
1162 350 1312 390 poterat
1330 342 1385 379 vi-

322 400 401 437 deri
431 400 611 437 deficiens
637 412 682 436 ex
708 399 782 434 hoc
806 397 909 446 quod
930 409 1009 433 non
1029 396 1294 432 assumebatur
1314 396 1384 432 sub

321 453 455 490 maiori
482 453 741 512 propositione
772 463 817 486 eo
838 450 956 486 modo
974 461 1050 497 quo
1070 449 1315 497 probabatur.
1337 450 1386 485 Et

320 507 420 553 ideo,
449 514 491 543 ut
519 506 643 543 omnis
673 503 860 541 calumnia
890 502 1124 549 excludatur,
1156 501 1260 538 addit
1286 502 1385 538 hanc

320 560 527 597 secundam
566 559 751 596 rationem
781 556 829 592 ad
858 532 1190 592 confirmationem
1224 554 1383 603 primae.

322 615 529 650 Ostensum
560 620 614 648 est
642 611 744 647 enim
772 610 810 645 in
839 609 933 646 libro
962 609 1178 645 Priorum*
1181 638 1190 654 ,
1213 609 1318 656 quod
1339 621 1384 645 ex

322 668 469 705 duabus
496 664 819 714 propositionibus
839 662 1021 710 negativis
1045 675 1124 698 non
1151 669 1277 711 potest
1302 662 1383 698 fieri

321 720 571 792 syllogismus,
602 717 669 754 sed
698 724 848 766 oportet
876 716 924 752 ad
953 715 1079 752 minus
1098 728 1216 752 unam
1242 727 1383 764 propo—

321 769 518 811 sitionem⁰
530 783 610 808 esse
631 770 902 807 affirmativam
924 777 959 805 et
974 770 1130 805 alteram
1151 768 1380 817 negativam.

320 829 377 863 Ex
406 838 482 875 quo
512 830 639 873 aperte
669 831 826 873 apparet
845 822 949 872 quod
972 822 1253 871 propositiones
1282 822 1382 859 affir-

319 879 482 916 mativae
518 878 659 914 habent
691 877 878 914 maiorem
915 876 1123 913 efficaciam
1158 876 1206 912 ad
1235 875 1382 923 syllogi-

318 932 482 969 zandum
521 943 637 980 quam
676 931 885 978 negativae.
922 929 1033 967 Unde
1073 929 1241 978 sequitur
1279 929 1383 977 quod

319 985 589 1023 demonstratio
610 984 854 1031 affirmativa,
886 995 983 1032 quae
1003 983 1175 1031 procedit
1195 995 1239 1019 ex
1259 982 1385 1019 solis*

317 1038 568 1084 affirmativis,
587 1037 632 1074 sit
652 1038 671 1058 ’⁸
692 1038 817 1086 potior
841 1049 957 1086 quam
979 1036 1250 1073 demonstratio
1271 1048 1383 1083 nega-

316 1093 405 1139 tiva,
436 1104 534 1141 quae
562 1091 734 1139 procedit
762 1103 807 1127 ex
836 1090 1064 1127 affirmativa
1093 1098 1128 1126 et
1156 1089 1341 1137 negativa.

372 1158 407 1194 7.
437 1144 609 1182 Tertiam
639 1144 824 1181 rationem
844 1143 951 1193 ponit
975 1143 1044 1180 ibi:
1073 1143 1246 1192 Amplius
1278 1144 1384 1180 iuxta

317 1201 387 1236 hoc
416 1207 498 1246 etc.,
531 1206 566 1235 et
585 1197 673 1235 dicit
699 1197 805 1247 quod
834 1196 1046 1234 secundum
1072 1196 1383 1245 consequentiam

315 1253 612 1302 praemissarum
633 1251 823 1288 rationum
842 1262 1048 1299 possumus
1068 1251 1143 1287 hoc
1161 1251 1181 1271 ’¹‘
1200 1250 1383 1298 accipere,

318 1307 423 1354 quod
448 1305 602 1355 quando
633 1304 904 1341 demonstratio
935 1310 1219 1350 augmentatur,
1246 1303 1385 1340 scilicet

316 1372 385 1408 per
400 1359 671 1396 resolutionem
686 1357 993 1407 propositionum
1010 1357 1029 1377 '³‘
1050 1356 1087 1393 in
1103 1369 1171 1393 sua
1185 1356 1383 1405 principia,

317 1425 471 1450 necesse
502 1420 557 1449 est
572 1424 653 1449 esse
673 1413 799 1460 plures
814 1411 1094 1459 propositiones
1123 1410 1383 1457 affirmativas,

317 1466 385 1503 sed
418 1465 611 1514 negativas
641 1464 874 1513 impossibile
904 1471 959 1500 est
992 1475 1073 1500 esse
1105 1463 1233 1511 plures
1266 1476 1383 1512 quarn

316 1532 446 1557 unam.
470 1520 524 1556 Sit
548 1519 649 1556 enim
673 1518 755 1555 talis
780 1516 1052 1554 demonstratio
1073 1516 1264 1563 negativa:
1286 1517 1383 1554 Nul-

316 1574 394 1611 lum
414 1575 449 1610 Β
473 1579 527 1610 est
542 1574 597 1615 A‚·
613 1583 724 1608 omne
757 1571 855 1607 Cest
866 1572 920 1615 Β;
944 1581 1037 1620 ergo
1054 1570 1198 1606 nullum
1219 1570 1318 1607 Cest
1334 1571 1381 1607 A.

316 1629 510 1675 Augeatur
534 1638 622 1685 ergo
653 1623 925 1661 demonstratio
956 1630 1141 1672 quantum
1163 1623 1212 1660 ad
1240 1630 1382 1661 utram-

317 1693 390 1729 que
416 1679 747 1729 propositionem‘
755 1706 763 1723 ,
786 1677 815 1713 si
838 1685 998 1726 utraque
1023 1676 1069 1713 sit
1088 1676 1264 1724 mediata,
1287 1677 1382 1714 acci-

315 1733 456 1793 piendo
492 1732 664 1769 medium
698 1730 915 1779 utriusque3
956 1738 992 1766 et
1020 1730 1191 1767 medium
1227 1730 1382 1778 quidem

315 1787 470 1823 maioris
484 1784 767 1835 propositionis,
780 1783 919 1820 scilicet
939 1784 1082 1820 nullum
1102 1785 1138 1819 B
1151 1785 1260 1829 estA,
1273 1784 1318 1820 sit
1332 1785 1381 1830 D,

315 1840 487 1877 medium
517 1847 645 1876 autem
681 1837 837 1874 minoris
869 1836 1160 1886 propositionis,
1191 1836 1330 1874 scilicet
1364 1838 1384 1859 *

314 1906 425 1936 omne
444 1894 477 1930 C
488 1898 542 1929 est
557 1894 602 1938 Β,
620 1891 666 1928 sit
681 1891 725 1927 E.
748 1891 796 1927 Et
816 1891 904 1939 quia
922 1891 1018 1927 haec
1031 1890 1254 1940 propositio,
1271 1903 1383 1928 omne

319 1948 352 1984 C
364 1953 418 1983 est
436 1948 481 1992 B,
499 1953 554 1982 est
573 1947 592 1964 θ’
613 1943 851 1989 affirmativa,
869 1944 918 1980 ad
938 1956 1054 1993 quam
1075 1943 1380 1981 concludendam

313 2013 393 2037 non
422 1998 610 2036 concurrit
628 1999 648 2020 *
671 1997 795 2046 aliqua
815 1997 1000 2045 negativa,
1023 2009 1178 2034 necesse
1201 2004 1256 2034 est
1275 1997 1381 2047 quod

314 2053 394 2090 eius
428 2052 617 2098 medium,
648 2051 753 2100 quod
783 2058 838 2087 est
866 2051 919 2097 E,
955 2050 1000 2087 sit
1028 2050 1301 2087 affirmativum
1332 2051 1381 2088 ad

311 2114 514 2155 utramque
535 2104 827 2150 extremitatem;
845 2111 880 2140 et
895 2103 948 2140 sic
963 2111 1165 2141 sumuntur
1181 2103 1278 2141 duae
1293 2117 1381 2153 pro-

311 2159 519 2209 positiones
553 2158 820 2203 affirmafivae,
857 2157 995 2194 scilieet
1036 2170 1148 2194 omne
1183 2158 1223 2194 E
1246 2163 1300 2194 est
1324 2159 1380 2204 Β,

313 2225 424 2250 omne
457 2213 490 2249 C
515 2218 568 2249 est
593 2213 647 2257 Ε,
679 2224 723 2248 ex
753 2210 891 2260 quibus
921 2210 1176 2258 concluditur,
1207 2223 1319 2247 omne
1352 2212 1386 2248 C

313 2272 367 2303 est
391 2268 436 2303 B.
469 2265 545 2302 Sed
573 2265 698 2302 maior
715 2263 924 2314 propositio
952 2272 1007 2301 est
1035 2264 1220 2312 negativa,
1242 2264 1382 2301 scilicet

314 2319 457 2356 nullum
476 2320 511 2355 B
530 2324 583 2355 est
599 2319 682 2354 A*:
704 2317 878 2366 negativa
898 2324 1025 2354 autem
1046 2330 1124 2354 non
1146 2317 1382 2355 concluditur

315 2385 359 2409 ex
388 2372 536 2409 duabus
569 2371 768 2419 negativis;
799 2370 866 2408 sed
894 2370 932 2407 in
960 2371 1084 2420 prima
1112 2371 1245 2418 figura,
1274 2383 1344 2420 per
1362 2373 1382 2393 *

315 2438 431 2474 quam
464 2424 629 2461 maxime
658 2425 700 2461 fit
729 2424 1001 2461 demonstratio
1030 2424 1244 2461 secundum
1272 2437 1381 2474 prae-

314 2478 429 2516 missa
444 2478 476 2522 ²¹²,
498 2478 681 2514 maiorem
697 2485 846 2527 oportet
866 2490 947 2514 esse
968 2477 1183 2525 negativam
1209 2485 1244 2514 et
1263 2478 1382 2516 mino-

314 2544 395 2568 rem
424 2530 704 2567 affirmativam.
726 2530 836 2568 Unde
866 2531 1056 2580 oportebit
1084 2531 1188 2579 quod
1207 2532 1283 2568 hoc
1302 2545 1381 2569 me-

316 2585 423 2622 dium
438 2585 472 2620 D
489 2584 535 2620 sit
554 2583 826 2620 affirmativum
841 2596 910 2632 per
925 2584 1252 2633 comparationem
1267 2585 1316 2622 ad
1331 2586 1380 2631 B,

316 2638 361 2675 sit
381 2644 508 2674 autem
529 2637 748 2684 negativum
766 2649 835 2685 per
855 2637 1182 2685 comparationem
1198 2637 1246 2674 ad
1261 2639 1307 2685 A,
1320 2638 1381 2674 tali

317 2690 640 2728 demonstratione
669 2690 786 2727 facta:
815 2690 976 2727 Nullum
997 2691 1035 2726 D
1063 2696 1117 2726 est
1132 2690 1187 2734 Α,·
1212 2703 1324 2728 omne
1347 2692 1383 2727 B

316 2750 371 2781 est
399 2745 455 2788 D;
483 2756 576 2794 ergo
596 2743 740 2780 nullum
764 2744 799 2779 Β
817 2748 872 2780 est
887 2744 935 2780 A.
958 2743 1020 2779 Sic
1040 2743 1149 2790 igitur
1162 2749 1176 2764 ⁸
1200 2756 1381 2791 augmen-

315 2805 390 2834 tata
406 2797 728 2834 demonstratione
743 2796 918 2844 negativa
927 2808 996 2845 per
1011 2796 1282 2833 resolutionem
1293 2809 1381 2846 pro-

315 2850 548 2900 positionum
568 2850 606 2887 in
626 2862 695 2887 sua
713 2849 908 2899 principia,
931 2857 1040 2886 erunt
1058 2857 1222 2898 quatuor
1239 2862 1381 2899 propo-

367 2971 394 3003 η)
415 2970 450 2995 Et
469 2970 605 2995 inducitur
623 2970 742 2994 etc.-A:
763 2969 799 2994 Et
817 2968 954 2994 inducitur
972 2969 1088 2994 secundo
1106 2969 1222 2994 secunda
1240 2974 1296 3000 etc-3
1316 2969 1382 2993 CDE

314 3006 455 3036 KLMQST
474 3013 527 3030 om.
542 3005 618 3035 haec‚·
637 3005 661 3029 1:
676 3007 702 3030 et
716 3004 853 3029 inducitur
867 3004 931 3029 haec
949 3004 1020 3029 ratio
1034 3004 1072 3029 ad
1085 3004 1312 3038 confirmationem
1323 3004 1383 3036 pri-

315 3049 388 3067 mae:
403 3044 513 3073 poterat
531 3040 600 3066 enim
620 3040 706 3065 videri
724 3045 785 3070 etc.;
805 3045 838 3070 et,
853 3043 964 3072 poterat
982 3039 1059 3069 enim,
1081 3039 1157 3064 etiam
1172 3040 1201 3064 B.
1216 3040 1250 3064 L:
1270 3039 1308 3064 ad
1320 3046 1382 3064 con-

308 3077 475 3111 firmandum
494 3076 622 3108 primam.
634 3089 653 3095 ·-
671 3076 737 3100 Cum
756 3080 846 3108 quarta
866 3075 932 3100 linea
950 3074 1026 3100 huius
1051 3075 1151 3100 numeri
1175 3075 1269 3100 desinit
1292 3075 1383 3100 lacuna

315 3113 371 3137 cod.
391 3113 412 3137 N
433 3110 488 3145 (Cf.
504 3112 561 3136 lect.
575 3111 701 3143 praeced.
716 3119 742 3135 n.
756 3118 781 3142 4
796 3115 849 3135 not.
865 3110 893 3145 ι).

368 3145 391 3179 θ)
415 3147 500 3172 Unam
515 3146 725 3178 propositionem
744 3150 821 3171 etc.-·
832 3145 858 3175 Q
874 3154 926 3180 non
945 3150 1026 3170 recte:
1051 3145 1098 3171 sed
1116 3149 1222 3178 oportet
1240 3146 1277 3171 ad
1295 3146 1382 3171 minus

315 3190 395 3208 unam
414 3190 470 3208 esse
493 3181 654 3214 negativam.
673 3182 719 3206 Ex
741 3188 793 3213 quo
817 3185 864 3206 etc.
883 3182 948 3206 Cett.
970 3181 1059 3206 codd..
1081 3189 1161 3206 unam
1179 3181 1312 3213 proposit.
1327 3188 1382 3206 esse

314 3218 442 3251 affirmat.
461 3220 488 3243 et
500 3217 562 3251 (AD
576 3225 629 3242 om.
627 3217 684 3264 ια)
703 3217 785 3242 aliam
805 3217 966 3250 negativam.
981 3217 1014 3241 P:
1030 3224 1110 3242 unam
1129 3216 1234 3250 quidem
1248 3217 1382 3249 proposit.

314 3261 368 3278 esse
383 3258 430 3278 etc.

369 3287 387 3320 ι)
406 3289 450 3314 Ad
469 3291 608 3320 utramque
622 3258 843 3320 propositionem,
858 3287 882 3312 si
897 3293 974 3313 etc.—
984 3288 1036 3312 CS:
1052 3287 1090 3312 ad
1102 3290 1243 3320 utramque
1258 3287 1382 3320 proposi-

315 3324 424 3353 tionum,
438 3324 462 3349 si
475 3329 537 3354 etc.;
551 3323 588 3353 D;
602 3323 639 3348 ad
649 3327 788 3356 utramque
799 3326 906 3354 partem
916 3323 1132 3356 propositionum
1140 3331 1149 3353 ,·
1160 3324 1181 3348 1:
1193 3323 1230 3348 ad
1243 3326 1383 3356 utramque

309 3362 426 3391 partem,
438 3359 462 3384 si
476 3364 538 3390 etc.;
554 3358 578 3383 O
597 3367 649 3383 non
668 3363 750 3383 recte:
767 3358 804 3383 ad
819 3361 959 3391 utramque
978 3359 1245 3387 demonstrationem,
1265 3358 1289 3383 si
1307 3361 1381 3383 utra-

315 3401 364 3426 que
382 3397 421 3419 cst
440 3399 487 3419 etc.

368 3428 393 3463 κ)
405 3430 450 3455 Sic
463 3429 547 3462 igitur
565 3430 673 3454 etc.-H
689 3437 740 3453 non
759 3433 839 3454 recte:
860 3429 891 3454 Si
910 3429 1038 3462 igitur...
1058 3429 1183 3463 negativa
1199 3429 1382 3462 propositione

315 3466 341 3488 et
358 3465 523 3497 affirmativa
534 3472 585 3496 per
605 3465 788 3490 resolutionem
803 3465 829 3489 in
843 3471 892 3490 sua
902 3464 1076 3497 principia.—
1086 3464 1256 3495 AEKLMNQ
1269 3470 1294 3490 et
1308 3473 1334 3498 p.
1344 3472 1381 3489 m.

315 3499 392 3523 CDS.
412 3500 484 3525 Sic..
490 3499 588 3532 .quod
602 3500 742 3533 negativa,·
756 3500 777 3524 B
796 3508 848 3524 om.
866 3500 1006 3534 negativas
1021 3500 1041 3524 C
1061 3507 1082 3525 a.
1096 3507 1144 3524 m.:
1158 3506 1227 3532 quae
1241 3503 1281 3525 est
1300 3507 1380 3534 nega-

315 3534 430 3563 tiva51:
449 3542 507 3559 cum
534 3535 671 3567 negativa‚·
684 3535 720 3559 Τ.
729 3538 808 3566 patet
826 3536 898 3567 quod
917 3535 1050 3568 negativa.

906 211 1290 248 POSTERIORUM
1317 210 1746 248 ANALYTICORUM
1775 212 1871 262 LIB.
1905 213 1918 247 1

1442 289 1607 338 sitiones,
1639 302 1801 338 quarum
1818 292 1838 312 ’³
1857 303 1935 327 una
1963 291 2044 327 sola
2065 298 2121 327 est
2149 291 2339 339 negativa,
2370 292 2509 329 scilicet

1441 343 1585 379 nullum
1613 344 1652 379 D
1680 349 1734 380 est
1758 344 1814 388 A,·
1842 351 1916 380 tres
1949 351 2078 380 autern
2097 345 2117 365 ’¹‘
2145 344 2238 381 aliae
2268 352 2377 382 erunt
2409 345 2508 382 affir-

1441 396 1621 443 mativae,
1653 396 1791 433 scilicet
1819 409 1930 434 omne
1957 399 1993 434 B
2020 403 2075 434 est
2092 399 2145 444 D,
2176 410 2287 434 omne
2313 399 2354 434 E
2377 404 2431 435 est
2455 401 2505 445 Β,

1441 461 1552 485 omne
1585 450 1619 486 C
1643 455 1697 486 est
1721 451 1767 486 E.
1798 451 1847 487 Et
1875 450 1977 487 idem
1999 458 2055 487 est
2073 451 2110 487 in
2136 451 2316 488 omnibus
2336 451 2416 488 aliis
2436 453 2507 500 syl-

1439 502 1625 549 logismis,
1660 503 1749 551 quia
1777 515 1930 552 semper
1964 516 2118 540 necesse
2149 512 2205 540 est
2239 501 2410 541 medium
2438 517 2508 553 per

1440 555 1545 603 quod
1573 556 1823 593 affirmativae
1851 557 2131 606 propositiones
2163 558 2394 607 probantur,
2426 570 2507 594 esse

1439 608 1742 646 affirmativum*
1763 609 1811 646 ad
1831 611 1947 646 ambo
1974 617 2152 648 extrema.
2173 611 2348 648 Medium
2379 618 2545 648 autem

1437 673 1507 709 per
1532 662 1637 710 quod
1655 663 1840 710 probatur
1859 663 2034 711 negativa
2056 664 2267 713 propositio
2289 665 2320 711 *,
2351 677 2506 701 necesse

1439 721 1494 750 est
1514 727 1595 751 esse
1615 715 1835 762 negativum
1855 717 1980 752 solum
2005 717 2054 753 ad
2073 729 2191 753 unam
2212 718 2506 760 extremitatem;

1439 775 1475 804 et
1502 767 1552 804 ita
1581 768 1750 816 sequitur
1768 769 1788 789 *
1816 769 1921 817 quod
1940 781 2018 805 una
2037 770 2118 806 sola
2136 770 2347 819 propositio
2377 771 2424 808 sit
2442 783 2507 808 ne-

1438 820 1574 868 gativa,
1600 821 1694 857 aliae
1721 833 1856 865 omnes
1885 822 2135 859 affirmativae
2155 821 2178 859 ³.
2210 824 2267 859 Ex
2296 835 2373 872 quo
2405 831 2509 873 patet

1439 874 1543 922 quod
1574 874 1785 922 propositio
1814 875 1990 922 negativa
2025 875 2191 912 maxime
2226 876 2507 914 demonstratur

1437 939 1506 975 per
1521 927 1768 964 affirmativas
1786 928 1817 964 ²⁸.
1831 928 1871 964 Si
1887 940 1976 976 ergo
1992 928 2083 966 illud
2097 941 2166 978 per
2191 929 2296 978 quod
2317 930 2459 979 aliquid
2467 931 2508 952 ⁹*

1439 980 1730 1028 demonstratur,
1762 988 1817 1017 est
1844 981 1970 1018 notius
2000 989 2036 1018 et
2069 982 2283 1019 credibilius
2321 995 2368 1020 eo
2403 983 2508 1043 quod

1438 1046 1507 1083 per
1525 1034 1652 1083 ipsum
1677 1034 1971 1082 demonstratur,
1993 1047 2081 1071 cum
2101 1035 2276 1084 negativa
2295 1037 2506 1085 propositio

1439 1087 1604 1124 maxime
1621 1087 1902 1124 demonstretur
1920 1101 1989 1137 per
2004 1089 2272 1126 affirmativam
2292 1090 2323 1136 ²¹³,
2343 1102 2422 1127 non
2442 1102 2507 1127 au-

1438 1149 1516 1177 tem
1537 1154 1556 1177 e
1578 1153 1777 1188 converso,
1799 1141 1968 1190 sequitur
1987 1141 2007 1162 ’¹‘
2037 1142 2141 1190 quod
2167 1143 2396 1180 affirmativa
2419 1153 2546 1192 pro-

1437 1194 1574 1243 positio
1591 1194 1636 1231 sit
1649 1194 1754 1243 prior
1774 1201 1810 1230 et
1828 1194 1954 1231 notior
1974 1202 2009 1232 et
2029 1195 2243 1232 credibilior
2257 1209 2374 1245 quam
2394 1209 2506 1245 nega-

1438 1248 1525 1285 tiva.
1549 1247 1659 1285 Unde
1681 1247 1954 1285 demonstratio
1976 1248 2204 1286 affirmativa
2224 1250 2292 1286 erit
2307 1251 2326 1270 *
2347 1250 2505 1299 dignior.

1494 1302 1528 1338 8.
1551 1302 1736 1348 Quartam
1758 1301 1944 1338 rationem
1963 1302 2072 1350 ponit
2086 1301 2153 1338 ibi:
2169 1303 2343 1351 Amplius
2356 1304 2391 1340 si
2400 1304 2507 1351 prin-

1438 1354 1575 1403 cipium
1603 1354 1817 1404 syllogismi
1848 1363 1935 1402 etc.,
1967 1363 2003 1392 et
2031 1355 2119 1392 dicit
2147 1356 2252 1404 quod
2279 1356 2508 1406 principium

1438 1408 1645 1456 syllogismi
1665 1408 1952 1445 demonstrativi
1973 1416 2028 1445 est
2045 1409 2257 1458 propositio
2281 1409 2508 1447 universalis

1437 1461 1679 1507 immediata;
1700 1461 1751 1497 ita
1778 1468 1907 1498 tamen
1936 1462 2041 1510 quod
2061 1462 2278 1500 affirmativi
2302 1463 2509 1511 syllogismi

1438 1522 1495 1552 est
1525 1514 1756 1563 principium
1787 1514 1988 1563 proprium
2017 1515 2245 1553 affirmativa
2277 1516 2505 1566 propositio,

1438 1567 1601 1616 negativi
1630 1575 1758 1604 autem
1788 1567 1995 1616 syllogismi
2023 1569 2223 1618 proprium
2241 1570 2262 1591 *
2279 1570 2508 1619 principium

1438 1629 1493 1658 est
1509 1623 1528 1641 ⁴*
1544 1621 1718 1669 negativa
1736 1621 1947 1670 propositio
1966 1621 2202 1659 universalis.
2220 1622 2297 1659 Sed
2313 1623 2509 1660 nobilioris

1436 1674 1640 1724 principii*
1650 1674 1814 1711 nobilior
1825 1681 1880 1711 est
1892 1674 2060 1711 effectus.
2073 1675 2175 1724 Ergo
2191 1675 2404 1713 secundum
2418 1689 2507 1726 pro-

1436 1728 1653 1777 portionem
1668 1727 1939 1777 propositionis
1955 1728 2205 1766 affirmativae
2217 1728 2266 1766 ad
2277 1729 2505 1778 negativam,

1438 1783 1522 1819 est*
1534 1781 1732 1831 proportio
1753 1781 2086 1819 demonstrationis
2106 1782 2355 1820 affirmativae
2375 1783 2424 1820 ad
2443 1795 2508 1821 ne-

1437 1835 1615 1883 gativam.
1629 1834 1706 1872 Sed
1718 1834 1946 1872 affirmativa
1959 1835 2170 1884 propositio
2183 1843 2238 1872 est
2247 1836 2374 1885 potior
2389 1849 2506 1886 quam

1437 1889 1635 1937 negativa:
1645 1888 1763 1935 Quod
1783 1888 1922 1937 probat
1946 1889 2158 1948 dupliciter:
2184 1889 2310 1938 primo
2331 1890 2506 1939 quidem,

1437 1943 1526 1992 quia
1558 1941 1787 1979 affirmativa
1821 1949 1875 1979 est
1906 1941 2010 1991 prior
2029 1944 2049 1962 *
2079 1950 2115 1980 et
2142 1942 2285 1990 notior,
2321 1955 2410 1980 cum
2437 1954 2545 1994 per

1437 1995 1707 2033 affirmativam
1721 1995 1906 2044 probetur
1919 1995 2106 2044 negativa,
2123 2003 2160 2033 et
2173 2008 2253 2033 non
2269 2008 2288 2033 e
2305 2009 2506 2045 converso;

1436 2049 1618 2096 secundo,
1635 2048 1724 2098 quia
1743 2048 1981 2086 affirmatio*
1970 2063 1975 2069 ·
1996 2049 2189 2097 praecedit
2207 2050 2423 2088 naturaliter
2442 2063 2507 2088 ne-

1436 2103 1629 2151 gationem
1647 2108 1683 2150 1⁴¹,
1705 2101 1801 2139 sicut
1825 2114 1907 2139 esse
1935 2102 2040 2151 prius
2064 2110 2120 2140 est
2157 2115 2274 2152 quarn
2302 2116 2382 2141 non
2411 2116 2505 2142 esse.

1437 2156 1626 2204 Quamvis
1642 2155 1744 2192 enirn
1759 2155 1797 2193 in
1810 2168 1890 2192 uno
1905 2161 1917 2176 ”
1932 2163 1968 2193 et
1983 2155 2134 2203 eodem,
2147 2156 2252 2205 quod
2267 2156 2314 2194 de
2330 2169 2410 2194 non
2425 2169 2507 2196 esse

1436 2210 1474 2247 in
1495 2223 1577 2247 esse
1597 2209 1784 2269 procedit,
1806 2221 1884 2246 non
1905 2221 1987 2246 esse
2007 2209 2053 2246 sit
2079 2209 2185 2258 prius
2212 2217 2399 2260 tempore,
2425 2223 2507 2249 esse

1435 2271 1565 2301 tamen
1594 2270 1650 2300 est
1671 2262 1777 2312 prius
1797 2270 1947 2310 natura,
1974 2270 2010 2300 et
2029 2262 2247 2313 simpliciter
2264 2263 2370 2313 prius
2390 2264 2506 2302 etiam

1435 2325 1610 2377 tempore
1623 2317 1658 2338 *·
1650 2316 1765 2366 ,quia
1779 2328 1858 2353 non
1874 2292 1973 2353 entia
1986 2329 2065 2353 non
2079 2317 2366 2366 producuntur
2357 2330 2395 2355 1n
2412 2330 2546 2367 esse,·

1436 2371 1506 2408 nisi
1530 2371 1579 2407 ab
1604 2369 1731 2419 aliquo
1761 2377 1859 2407 ente.
1885 2359 1987 2418 Ergo
2015 2377 2119 2419 patet
2146 2370 2252 2420 quod
2280 2371 2509 2410 affirmativa

1437 2423 1711 2462 demonstratio
1741 2430 1797 2460 est
1814 2423 1941 2483 potior
1968 2436 2085 2473 quam
2107 2424 2332 2473 *negativa

1491 2490 1526 2526 9.
1558 2477 1743 2524 Quintam
1765 2476 1951 2514 rationem
1970 2477 2078 2526 ponit
2096 2477 2168 2514 ibi:
2189 2478 2325 2515 Adhuc
2352 2483 2389 2514 et
2399 2478 2507 2527 prin-

1437 2531 1595 2580 cipalior
1628 2538 1716 2577 etc.,
1747 2542 1845 2579 quae
1880 2529 1962 2567 talis
1998 2538 2063 2567 est.
2100 2530 2194 2568 Illud
2223 2543 2268 2568 ex
2297 2543 2375 2580 quo
2404 2531 2506 2570 aliud

1438 2583 1639 2633 dependet,
1666 2591 1721 2620 est
1747 2583 2001 2632 principalius.
2033 2583 2110 2621 Sed
2135 2583 2408 2622 demonstratio
2441 2597 2506 2627 ne.—

1437 2637 1563 2685 gativa
1591 2636 1782 2685 dependet
1801 2648 1846 2673 ex
1865 2637 1884 2658 *
1898 2636 2147 2683 affirmativa3
2169 2637 2258 2686 quia
2283 2649 2362 2674 non
2381 2644 2507 2686 potest
2533 2651 2543 2663 ·

1438 2702 1520 2727 esse
1549 2689 1724 2737 negativa
1753 2689 2025 2727 demonstratio
2054 2689 2133 2727 sine
2163 2690 2391 2727 affirmativa
2417 2703 2506 2740 pro-

1436 2742 1636 2793 positione,
1654 2754 1752 2792 quae
1768 2755 1846 2780 non
1860 2743 2044 2792 probatur
2059 2743 2129 2780 nisi
2144 2755 2215 2792 per
2234 2743 2504 2782 affirmativam

1438 2795 1803 2834 demonstrationem
1818 2797 1848 2833 *.
1866 2797 1967 2846 Ergo
1984 2795 2256 2835 demonstratio
2277 2797 2506 2836 affirmativa
2532 2824 2583 2840 m.

1438 2857 1494 2887 est
1519 2849 1763 2898 principalior
1782 2849 1802 2871 ²⁸
1832 2862 1948 2899 quarn
1977 2850 2163 2899 negativa.

1435 2969 1616 3003 affirmativae
1628 2975 1718 2994 omnes
1733 2968 1782 3002 (Q,
1799 2976 1870 2994 omn.
1883 2967 2008 3003 affirm.);
2024 2969 2059 2993 D:
2074 2975 2164 2994 omnes
2177 2968 2248 2994 aliae
2259 2968 2370 3003 affirma
2383 2968 2421 2994 0:
2435 2968 2506 2994 aliae

1436 3011 1526 3029 omnes
1544 3004 1598 3029 sint
1615 3011 1632 3028 a
1666 3011 1715 3029 rm.

1490 3039 1518 3074 μ)
1533 3004 1685 3073 Αῇἱνηιξΐῖίο
1696 3039 1836 3072 praecedit
1849 3039 2010 3065 naturaliter
2023 3040 2191 3073 negationem
2205 3044 2280 3065 etc.-
2290 3040 2324 3065 B:
2339 3038 2506 3074 affirmativa

1431 3075 1556 3107 procedit
1575 3074 1709 3107 (corrupte
1728 3075 1786 3099 loco
1802 3075 1957 3108 praecedit)
1983 3075 2145 3100 naturaliter
2170 3075 2337 3109 negativam.
2356 3075 2425 3101 sicut
2443 3079 2505 3107 ωας

1435 3111 1498 3141 DQ.
1518 3110 1704 3135 universaliter
1719 3110 1859 3142 praecedit
1877 3111 2045 3144 negationem
2060 3110 2113 3143 (Q,
2129 3111 2310 3144 negativam);
2330 3110 2407 3135 EST:
2426 3113 2505 3135 natu-

1435 3146 1529 3171 raliter
1544 3146 1684 3178 praecedit
1702 3146 1885 3179 negationem,·
1903 3146 1927 3170 1:
1942 3146 2068 3178 procedit
2085 3146 2274 3172 universaliter
2292 3146 2461 3191 negationem
2479 3148 2506 3171 et

1435 3181 1605 3206 naturaliter.

1489 3217 1513 3250 ν)
1534 3216 1662 3247 Quamvis
1680 3217 1750 3242 enim
1767 3217 1793 3242 in
1810 3225 1862 3242 uno
1877 3222 1950 3242 etc.—
1960 3217 2088 3243 Addimus
2107 3217 2176 3243 enim
2190 3224 2221 3242 ex
2233 3217 2334 3243 codd.-
2372 3216 2504 3248 ·Quam-

1435 3252 1502 3277 vis...
1508 3252 1645 3284 procedit,
1660 3252 1696 3277 sit
1704 3252 1784 3284 pm'us
1793 3259 1845 3277 non
1857 3260 1912 3278 esse
1927 3253 1983 3285 ipso
1997 3260 2060 3283 esse,
2071 3255 2160 3278 tamen
2170 3259 2226 3278 esse
2237 3255 2278 3278 est
2287 3257 2344 3284 etc-3
2343 3217 2390 3278 Βῦε
2405 3252 2504 3283 Quam—

1436 3287 1501 3313 vis...
1516 3287 1588 3320 quod
1605 3288 1699 3314 dicunt
1713 3287 1849 3321 (corrupte
1864 3296 1911 3321 pro
1930 3289 1963 3314 de
1982 3287 2052 3321 non)
2067 3295 2122 3314 esse
2141 3288 2167 3314 in
2187 3295 2242 3314 esse
2256 3287 2353 3321 (marg.
2367 3287 2426 3312 edd.
2440 3293 2504 3319 per*-

1436 3322 1572 3357 ducitur),
1587 3330 1639 3348 non
1658 3330 1714 3348 esse
1732 3328 1794 3355 etc.;
1810 3324 1847 3348 H:
1869 3323 2026 3354 Quamvis..
2034 3323 2127 3357 .quod
2145 3324 2179 3349 de
2195 3331 2247 3349 non
2269 3330 2324 3349 esse
2342 3323 2450 3349 ducitur
2466 3321 2504 3347 ad

1435 3365 1498 3389 esse,
1509 3359 1588 3390 prius
1601 3359 1637 3384 sit
1651 3366 1702 3384 non
1716 3366 1772 3384 esse
1790 3366 1869 3392 quam
1884 3366 1940 3384 esse
1957 3341 2029 3392 quod
2045 3359 2153 3384 ducitur
2169 3365 2224 3384 esse
2242 3359 2268 3384 in
2281 3365 2338 3384 esse
2346 3360 2432 3391 prout
2449 3359 2502 3382 non

1435 3401 1491 3419 esse
1500 3394 1580 3426 prius
1593 3394 1629 3419 sit
1641 3397 1765 3427 tempore,
1783 3397 1870 3420 tamen
1886 3397 1926 3420 est
1934 3395 2014 3428 prius
2035 3398 2142 3425 natura,
2157 3397 2184 3420 et
2199 3394 2358 3426 simpliciter
2376 3396 2502 3425 tempore,

1434 3430 1497 3462 quia
1511 3437 1562 3454 non
1577 3436 1632 3455 esse
1647 3437 1698 3455 non
1709 3430 1871 3462 producitur
1890 3430 1916 3455 in
1936 3437 1999 3460 esse,
2015 3430 2068 3455 nisi
2079 3430 2113 3455 ab
2127 3435 2185 3462 etc.;
2202 3429 2299 3455 KLMT
2313 3434 2339 3454 et
2353 3436 2378 3462 p.
2391 3435 2426 3454 m.
2445 3427 2502 3453 DS.

1434 3466 1555 3497 quamvis
1565 3465 1634 3491 enim
1645 3465 1671 3490 in
1683 3473 1736 3491 uno
1748 3468 1775 3490 et
1783 3465 1874 3491 eodem
1885 3466 1956 3499 quod
1965 3465 2057 3491 dicunt
2066 3472 2122 3491 esse
2132 3465 2158 3490 in
2171 3472 2228 3491 esse
2237 3464 2284 3506 (T,
2295 3464 2391 3494 tnesm
2405 3463 2427 3488 L
2436 3462 2501 3495 om.)

1430 3503 1515 3532 prout
1534 3501 1670 3533 (corrupte
1683 3509 1730 3534 pro
1739 3501 1880 3535 procedit)
1896 3508 1948 3526 non
1963 3508 2019 3526 esse
2032 3500 2068 3526 sit
2081 3500 2135 3534 (T,
2149 3500 2202 3533 est)
2215 3499 2295 3532 prius
2308 3502 2433 3531 tempore.
2446 3504 2502 3524 esse

1435 3539 1523 3561 tamen
1537 3541 1594 3567 etc.;
1610 3536 1645 3567 Q:
1662 3537 1790 3567 Quamvis
1804 3537 1873 3562 enim
1888 3537 1914 3561 in
1929 3543 1982 3561 uno
1995 3539 2022 3561 et
2033 3536 2124 3561 eodem
2139 3542 2191 3560 non
2211 3541 2267 3560 esse
2281 3533 2428 3567 praecedat
2445 3540 2502 3559 esse

368 3567 395 3600 λ)
411 3569 453 3594 Sit
468 3570 593 3603 negativa
606 3575 682 3594 etc.-
693 3570 735 3595 Sit
749 3577 779 3594 ex
793 3571 876 3600 codd„
892 3578 944 3595 exc.
959 3571 982 3602 1;
996 3570 1030 3594 P:
1049 3573 1126 3595 est.—
1135 3571 1195 3601 ΒΩ·
1208 3570 1278 3596 aIiae
1290 3574 1379 3596 autem
1435 3574 1562 3604 tempore,
1577 3578 1633 3597 esse
1651 3574 1739 3597 tamen
1755 3571 1834 3604 prius
1852 3574 1892 3596 est
1907 3578 1972 3596 vera
1985 3573 2011 3596 et
2024 3570 2194 3603 simplicite&
2207 3570 2270 3603 quia
2288 3576 2340 3595 non
2361 3569 2434 3594 entia
2453 3574 2501 3594 etc.

2539 305 2546 311 ”
2558 303 2631 330 Quar.
2647 310 2695 325 om.
2707 310 2722 325 ι,

2538 360 2545 367 ·
2555 359 2635 380 Autem
2643 365 2670 380 ex
2681 361 2749 381 codd-

2549 626 2591 641 (3.1(1
2593 626 2663 645 MQT-
2670 627 2706 642 ns:
2715 620 2750 649 af-

2529 647 2672 673 firmative,
2691 653 2749 669 Anus

2535 673 2658 735 aar
2678 673 2749 702 “sc

2536 727 2587 752 ὀρ
2595 732 2644 747 om.
2649 732 2748 754 propos.

2535 779 2545 790 ⁸*
2552 778 2583 800 Et
2591 785 2674 801 om.A.-
2681 786 2705 801 νς
2716 786 2750 801 se·

2536 807 2652 859 quetunx

2536 939 2603 986 ζὲἷί.
2619 937 2748 966 ‘ww‘

2536 990 2677 1039 ἑοαὲωέἔ
2687 997 2748 1044 ἔξ...

2536 1051 2565 1065 κς
2581 1044 2657 1066 aliud

2535 1096 2647 1164 ξιὲἳιῖἓὲ
2651 1103 2672 1119 ¹'
2683 1096 2750 1126 ‘ff'

2567 1153 2642 1175 Codd.
2649 1159 2696 1175 -:r
2710 1159 2749 1175 ee-

2536 1181 2655 1207 queretur.

2535 1259 2580 1279 ὀε
2595 1259 2638 1279 eet.

2537 1576 2547 1587 ⁸
2557 1583 2587 1598 ιιι
2596 1582 2723 1606 om.pmp.

2535 1635 2547 1646 ⁸
2557 1633 2602 1656 Est
2614 1640 2643 1657 ex
2654 1634 2724 1657 codd.

2536 1688 2546 1699 “
2555 1687 2658 1716 Prtndp.
2667 1694 2716 1710 om.
2726 1695 2750 1711 ο.

2536 1794 2547 1804 “
2562 1799 2589 1816 0:
2600 1794 2714 1822 requr't'ur.

2559 1959 2594 1979 »Q
2609 1959 2655 1976 non
2674 1957 2750 1976 recte:

2533 1980 2622 2007 ponor.

2535 2059 2647 2112 legifvtin
2653 2059 2751 2115 mlta,

2535 2119 2587 2139 not.
2601 2113 2626 2148 β.

2631 2158 2650 2184 μ

2634 2196 2648 2212 ν

2555 2337 2583 2354 ις
2597 2338 2610 2353 ε
2657 2331 2749 2353 Lente-

2531 2358 2752 2455 {lynea-uuerde&

2534 2442 2628 2471 Quam
2635 2448 2665 2465 ex
2671 2442 2749 2470 codd„

2535 2475 2585 2492 exc.
2597 2475 2613 2491 ι.

2557 2657 2583 2672 a:
2598 2650 2636 2672 ab.

2533 2791 2747 2821 --ιρνορωωο-

2532 2846 2544 2857 ·
2551 2851 2572 2867 ις
2578 2845 2662 2874 ponor
2668 2848 2691 2868 et
2697 2850 2747 2867 om.

2532 2877 2611 2900 quan.
