2788 4204
45 2569 58 2578 ·
121 2571 137 2590 t.
153 2573 182 2594 n,
205 2573 230 2589 n.
248 2573 259 2595 5

0 2713 8 2827 vn-ww
0 2677 3 2695 w
0 2652 2 2660 ν

46 2667 196 2691 Ammonius.

46 2747 74 2769 s.
87 2746 202 2770 Th0mu.

46 2811 165 2836 Athen-mg

14 3543 15 3547 ,
51 3557 161 3587 'Nempe
175 3559 261 3590 inpri-

51 3589 92 3606 me
99 3585 170 3607 modo
177 3592 264 3613 primae

157 3613 264 3640 synaxis·
293 3634 300 3640 ,

1156 294 1267 330 CAP.
1299 295 1349 341 x,
1380 295 1530 332 LECT.
1563 296 1613 332 lv

292 370 392 403 tivam
408 368 544 408 finitam,
568 368 673 402 nullus
688 369 773 402 homo
790 374 831 401 est
849 369 957 409 iustus,
974 370 1122 414 sequitur
1138 370 1358 414 aequipollen-

291 426 341 451 ter
357 416 410 451 illa
426 417 619 450 universalis
643 416 834 450 affirmativa
858 417 996 458 infinita,
1015 419 1111 451 omnis
1127 418 1211 451 homo
1234 426 1275 452 est
1297 431 1358 453 non

293 466 399 499 iustus.
417 484 436 492 -·
453 464 644 498 Secundum
660 477 738 498 vero
756 465 896 499 declarat
920 478 959 498 ex
975 477 1016 499 eo
1040 466 1130 510 quod
1155 468 1356 510 particularis

292 514 483 548 affirmativa
505 513 596 546 finita
612 523 645 547 et
660 514 861 558 particularis
878 516 1028 558 negativa
1049 514 1173 547 infinita
1189 516 1357 560 aequipol-

291 563 369 597 lent.
387 563 429 597 Et
444 572 685 607 consequenter
700 572 836 608 utraque
853 576 965 598 earum
982 572 1030 596 est
1046 563 1270 598 subcontraria
1286 577 1357 609 par-

290 611 418 646 ticulari
434 613 603 655 negativae
620 612 773 656 simplici,
791 625 874 657 quae
890 622 940 646 est
955 612 1054 646 altera
1070 613 1245 656 angularis,
1263 623 1300 646 ut
1323 615 1356 646 in

291 660 397 704 figura
426 672 525 704 supra
547 661 654 704 posita
678 661 838 705 inspicere
869 670 975 705 potes.
1001 661 1098 695 Unde
1129 661 1240 695 subdit
1267 663 1357 706 quod

292 709 381 743 illam
404 708 633 753 particularem
657 709 883 743 affirmativam
906 710 1051 751 finitam,
1076 710 1186 755 aliquis
1209 711 1293 744 homo
1317 718 1358 744 est

290 759 406 798 iustus,
432 758 585 802 opposita
608 759 757 802 sequitur
779 759 1038 803 aequipollenter
1066 758 1242 804 (opposita
1265 759 1357 792 intel-

290 806 355 851 lige
384 818 453 840 non
481 807 574 840 istius
598 807 819 851 particularis,
851 807 908 841 sed
939 807 1027 841 iuius
1050 807 1241 851 universalis
1272 807 1357 841 affir-

291 856 431 888 mativae
455 855 637 901 infinitae),
661 868 721 890 non
744 857 840 890 omnis
868 857 953 890 homo
981 855 1022 890 e'st
1048 867 1108 890 non
1134 858 1241 890 iustus.
1266 858 1356 890 Haec

291 904 380 937 mim
411 912 460 937 est
488 903 739 938 contradictoria
765 905 847 938 eius.
881 906 927 938 Ut
954 914 1064 939 autem
1095 904 1179 938 clare
1209 905 1357 938 videatur

291 952 463 997 quomodo
488 964 586 997 supra
609 952 713 987 dictae
737 954 984 987 enunciationes
1000 954 1066 986 sint
1081 953 1356 998 aequipollentes,

290 1001 451 1034 formetur
473 1001 577 1045 figura
600 1001 773 1046 quadrata,
802 1003 835 1035 in
860 1003 953 1035 cuius
978 1013 1046 1035 uno
1070 1001 1192 1046 angulo
1216 1010 1358 1046 ponatur

292 1049 483 1083 universalis
507 1051 657 1094 negativa
680 1050 786 1091 finita,
811 1060 843 1084 et
866 1051 926 1084 sub
951 1062 988 1084 ea
1011 1051 1262 1084 contradictoria
1286 1062 1357 1094 par-

291 1098 435 1132 ticularis
451 1098 641 1132 affirmativa
657 1099 765 1139 finita;
790 1111 829 1132 ex
853 1099 914 1133 alia
933 1111 1012 1133 vero
1033 1109 1123 1144 parte
1144 1099 1271 1132 locetur
1286 1101 1357 1133 uni-

290 1147 425 1180 versalis
446 1147 638 1181 affirmativa
654 1147 789 1188 infinita,
806 1157 838 1181 et
854 1149 914 1182 sub
932 1160 969 1182 ea
991 1148 1241 1181 contradictoria
1261 1150 1357 1192 parti-

291 1196 409 1229 cularis
440 1197 590 1240 negativa
620 1196 746 1230 infinita
760 1221 768 1237 ‚
800 1206 998 1242 noteturque
1029 1197 1243 1230 contradictio
1275 1198 1358 1231 inter

291 1243 462 1288 angulares
486 1253 518 1278 et
541 1244 741 1279 collaterales
766 1247 850 1279 inter
873 1257 926 1286 se,
950 1245 1015 1279 hoc
1037 1245 1158 1278 modo:

446 1324 529 1346 Nullus
544 1324 617 1346 homo
1034 1323 1118 1344 Omnis
1133 1323 1205 1344 homo

467 1380 504 1398 est
519 1376 524 1382 ⁸
723 1350 922 1378 Loquivalentee
1138 1377 1143 1381 .

419 1397 422 1399 .
518 1380 593 1399 iustus
1027 1379 1061 1398 est
1075 1382 1121 1398 non
1137 1379 1211 1398 iustus

521 1476 543 1511 a
696 1465 728 1501 ⁰0
892 1466 938 1512 ιθ
1098 1476 1114 1507 ε

520 1513 538 1530 ³·
724 1499 771 1541 θ’,
861 1507 897 1542 a?
1091 1509 1114 1532 ἲ

518 1530 543 1572 ε
767 1541 784 1559 .
841 1533 867 1562 ι»
1092 1534 1114 1576 ἓ

518 1575 543 1616 s
813 1580 833 1602 κ
1091 1577 1114 1621 ῑ

520 1618 544 1672 ξ.
750 1619 797 1659 ⁸⁴⁹
854 1631 901 1674 35!
1092 1621 1114 1682 ἕ

521 1673 537 1704 '0’
703 1674 739 1705 0⁰
893 1669 951 1726 οὒς,
964 1694 969 1697 κ
1092 1684 1114 1702 ω

432 1775 534 1804 Quidam
554 1775 626 1798 homo
1015 1774 1067 1796 Non
1082 1774 1159 1796 omnis
1173 1774 1245 1796 homo

516 1827 521 1832 ,
722 1801 923 1828 ᾸειιιιίνιΙοιιίοι
1148 1827 1152 1831 ,

466 1831 501 1850 est
515 1831 590 1850 iustus
1035 1830 1070 1849 eet
1084 1833 1131 1849 non
1146 1831 1222 1849 iustus

289 1886 351 1920 His
375 1886 538 1930 siquidem
566 1886 613 1918 sic
641 1885 827 1929 dispositiS‚
859 1894 948 1929 patet
975 1885 1083 1929 primo
1112 1886 1257 1929 ipsarum
1286 1886 1357 1918 uni-

288 1934 465 1968 versalium
481 1942 596 1967 mutua
612 1934 847 1978 consequentia
864 1934 898 1966 in
913 1934 1047 1966 veritate
1064 1941 1096 1966 et
1111 1932 1259 1973 falsitate,
1280 1934 1357 1978 quia

287 1983 316 2016 si
331 1982 431 2016 altera
453 1993 568 2015 earum
590 1991 640 2015 est
661 1993 750 2022 vera,
774 1993 833 2014 sua
856 1981 1019 2025 angularis
1041 1982 1291 2015 contradictoria
1307 1990 1356 2015 est

287 2031 383 2073 falsa3
405 2040 439 2065 et
461 2032 489 2064 si
513 2031 573 2064 ista
596 2037 646 2064 est
668 2030 766 2071 falsa,
790 2042 849 2064 sua
873 2029 1066 2064 collateralis
1089 2030 1355 2071 contradictoria,

289 2092 372 2125 quae
388 2088 438 2113 est
453 2079 552 2112 altera
568 2079 773 2119 universalis,
797 2079 858 2112 erit
880 2090 968 2118 vera,
992 2087 1024 2111 et
1044 2078 1193 2112 similiter
1208 2079 1356 2123 procedit

289 2127 399 2174 quoad
415 2127 587 2161 falsitatem
604 2127 860 2172 particularium.
886 2127 1014 2161 Deinde
1035 2127 1153 2161 eodem
1170 2127 1272 2161 modo
1288 2139 1355 2160 ma-

288 2177 458 2210 nifestatur
481 2184 596 2209 mutua
612 2175 754 2221 sequela.
781 2176 815 2210 Si
837 2177 926 2209 enim
947 2175 1046 2209 altera
1069 2188 1182 2210 earum
1203 2185 1252 2209 est
1268 2187 1355 2216 vera,

289 2236 348 2258 sua
364 2224 528 2269 angularis
545 2224 795 2258 contradictoria
816 2233 864 2258 est
879 2223 974 2265 falsa,
997 2225 1056 2258 ista
1073 2234 1183 2258 autem
1199 2226 1355 2258 existente

288 2272 378 2314 falsa,
395 2285 454 2307 sua
470 2273 720 2307 contradictoria
744 2272 947 2314 collateralis,
972 2286 1055 2318 quae
1079 2283 1128 2307 est
1147 2274 1246 2307 altera
1262 2274 1357 2318 parti-

290 2321 406 2356 cularis
431 2323 490 2355 erit
513 2332 607 2363 vera;
631 2322 729 2355 simili
754 2334 887 2366 quoque
912 2321 1014 2355 modo
1038 2322 1283 2366 procedendum
1308 2331 1356 2355 est

289 2371 400 2414 quoad
422 2370 605 2404 falsitatem.

358 2430 386 2462 3.
413 2419 478 2452 Sed
501 2429 551 2452 est
574 2419 626 2452 hic
643 2431 748 2452 unum
773 2419 921 2453 dubium.
947 2420 985 2452 In
1010 2420 1024 2452 I
1049 2421 1137 2452 enim
1150 2420 1304 2459 Priorum,
1322 2420 1356 2452 in

289 2467 365 2508 fine,
389 2468 580 2501 Aristoteles
605 2480 644 2500 ex
667 2469 840 2511 proposito
864 2467 1057 2501 determinat
1080 2479 1148 2500 non
1172 2479 1242 2500 esse
1267 2467 1356 2500 idem

290 2516 447 2550 iudicium
472 2516 512 2550 de
540 2516 714 2550 universali
745 2518 895 2560 negativa
919 2525 951 2549 et
975 2515 1148 2548 universali
1165 2515 1356 2549 affirmativa

289 2565 426 2599 infinita.
443 2566 485 2598 Et
507 2567 658 2610 superius
682 2566 716 2598 in
739 2565 803 2598 hoc
828 2566 958 2599 Secundo
978 2563 1010 2605 *,
1034 2576 1133 2608 super
1156 2564 1212 2597 illo
1237 2564 1355 2597 verbo:

293 2614 437 2657 Quarum
459 2615 536 2648 duae
558 2626 588 2648 se
610 2614 718 2647 habent
738 2615 900 2648 secundum
925 2615 1171 2658 consequentiam,
1196 2614 1273 2647 duae
1287 2626 1357 2648 vero

289 2664 422 2703 minime,
439 2664 650 2702 Ammonius,
664 2662 880 2706 Porphyrius,
894 2662 1051 2696 Boethius
1063 2671 1096 2695 et
1112 2671 1242 2695 sanctus
1260 2662 1355 2695 Tho-

289 2723 359 2744 mas
391 2711 542 2745 dixerunt
567 2712 657 2756 quod
684 2712 835 2755 negativa
857 2711 995 2756 simplex
1022 2712 1170 2755 sequitur
1193 2710 1357 2744 affirmati-

289 2771 365 2793 vam
381 2760 554 2801 infinitam,
579 2760 636 2793 sed
659 2771 728 2793 non
749 2771 767 2792 e
784 2771 956 2793 converso.

356 2809 409 2842 Ad
440 2809 504 2842 hoc
534 2809 710 2842 dicendum
737 2817 803 2849 est,
838 2808 1020 2842 secundum
1048 2808 1238 2848 Albertum,
1267 2807 1357 2852 quod

290 2858 475 2900 negativam
501 2857 627 2890 finitam
660 2858 807 2902 sequitur
834 2857 1025 2890 affirmativa
1056 2856 1181 2889 infinita
1209 2856 1356 2889 subiecto

291 2914 478 2946 constante;
502 2907 652 2949 negativa
679 2918 758 2939 vero
789 2906 929 2950 simplex
955 2907 1103 2950 sequitur
1131 2905 1356 2938 affirmativam

291 2953 449 2987 absolute.
481 2954 578 2988 Unde
606 2963 782 2998 utrumque
815 2954 939 2988 dictum
972 2954 1171 2995 verificatur,
1203 2963 1235 2987 et
1267 2954 1356 2999 quod

291 3003 374 3035 inter
397 3014 450 3035 eas
467 3012 517 3035 est
531 3011 647 3036 mutua
662 3004 897 3047 consequentia
913 3014 989 3035 cum
1005 3003 1141 3036 subiecti
1163 3003 1356 3044 constantia,

291 3059 323 3084 et
347 3051 437 3095 quod
461 3052 544 3084 inter
567 3063 620 3084 eas
644 3062 712 3084 non
728 3060 777 3084 est
799 3060 915 3084 mutua
939 3053 1173 3096 consequentia
1197 3051 1355 3085 absolute.

291 3100 404 3132 Potest
421 3099 483 3132 dici
500 3100 657 3140 secundo,
675 3100 764 3143 quod
789 3112 887 3144 supra
903 3100 1005 3133 locuti
1029 3112 1143 3133 sumus
1167 3100 1206 3133 de
1231 3099 1356 3133 infinita

291 3148 520 3180 enunciatione
537 3147 647 3191 quoad
663 3159 762 3181 suum
779 3148 914 3181 totalem
931 3148 1150 3192 significatum
1163 3148 1203 3182 ad
1215 3148 1355 3181 formam

291 3195 466 3239 praedicati
482 3195 670 3236 reductum;
687 3205 719 3229 et
734 3195 916 3229 secundum
933 3196 1008 3236 hoc,
1025 3197 1101 3240 quia
1117 3197 1267 3240 negativa
1284 3196 1355 3229 fini-

291 3253 323 3277 ta
339 3253 388 3277 est
403 3245 553 3288 superior
573 3243 764 3277 affirmativa
792 3244 932 3285 infinita,
956 3244 1031 3278 ideo
1054 3256 1123 3278 non
1150 3254 1218 3278 erat
1241 3254 1355 3278 mutua

292 3294 542 3337 consequentia:
566 3292 619 3325 hic
635 3301 747 3325 autem
766 3292 935 3338 loquimur
956 3293 996 3326 de
1013 3295 1082 3337 ipsa
1099 3292 1224 3326 infinita
1240 3293 1356 3326 forma-

291 3342 363 3374 liter
379 3350 520 3385 sumpta.
538 3341 634 3374 Unde
658 3352 684 3373 s.
699 3340 850 3374 Thomas
869 3350 948 3373 tunc
969 3341 1161 3374 adducendo
1185 3342 1355 3373 Ammonii

291 3391 532 3434 expositionem
561 3389 661 3429 dixit,
690 3389 872 3422 secundum
900 3389 988 3421 hunc
1015 3388 1152 3422 modum
1180 3388 1354 3432 loquendi:

291 3440 442 3482 negativa
466 3438 622 3482 simplex,
647 3438 680 3470 in
705 3437 779 3481 plus
801 3446 852 3471 est
876 3449 976 3482 quarn
1003 3437 1194 3471 affirmativa
1217 3437 1354 3470 infinita.

358 3487 487 3521 Textus
518 3497 597 3519 vero
621 3487 636 3519 I
659 3486 801 3520 Priorum
831 3485 915 3519 ultra
948 3485 1110 3529 praedicta
1138 3485 1284 3529 loquitur
1315 3484 1354 3518 de

290 3535 382 3570 finita
405 3544 437 3568 et
460 3534 585 3568 infinita
609 3535 643 3567 in
667 3534 781 3568 ordine
805 3533 845 3567 ad
875 3533 1115 3578 syllogismum.
1140 3533 1354 3569 Manifestum

291 3592 340 3618 est
363 3592 474 3618 autem
505 3583 596 3628 quod
629 3583 820 3617 universalis
852 3581 1044 3615 affirmativa
1075 3583 1144 3615 sive
1166 3581 1257 3615 finita
1285 3583 1353 3615 sive

290 3632 418 3667 infinita
440 3644 508 3667 non
531 3631 738 3666 concluditur
761 3632 823 3665 nisi
839 3632 873 3664 in
890 3632 998 3675 primo
1021 3631 1144 3675 primae
1161 3630 1186 3663 *.
1212 3631 1352 3664 Univer-

1413 372 1488 405 salis
1511 382 1620 406 autem
1644 373 1794 416 negativa
1823 384 2049 418 quaecumque
2082 373 2287 407 concluditur
2311 383 2343 408 et
2371 376 2404 407 in
2431 387 2479 409 se-

1414 421 1522 454 cundo
1540 422 1675 465 primae,
1692 430 1724 455 et
1740 422 1847 466 primo
1871 431 1903 455 et
1927 422 2072 455 secundo
2098 422 2270 456 secundae.

1479 481 1510 512 4.
1535 469 1663 503 Deinde
1688 481 1763 503 cum
1788 470 1883 503 dicit:
1907 471 2106 515 Manifestum
2122 478 2163 504 est
2178 478 2278 505 autem
2301 481 2377 512 etc.,
2402 483 2475 505 mo-

1413 526 1467 550 vet
1490 518 1671 551 secundum
1696 517 1833 551 dubium
1857 518 1896 552 de
1920 520 2011 552 vario
2035 520 2098 552 situ
2122 521 2325 563 negationis,
2354 531 2394 552 an
2418 521 2477 553 sci-

1412 566 1487 599 licet
1518 566 1627 610 quoad
1657 567 1825 599 veritatem
1857 576 1888 600 et
1918 566 2090 611 falsitatem
2119 566 2245 601 differat
2275 579 2477 612 praeponere

1413 624 1445 648 et
1461 624 1660 659 postponere
1684 616 1905 659 negationem.
1928 615 2045 650 Oritur
2068 625 2177 649 autem
2202 617 2281 650 haec
2305 616 2475 657 dubitatio,

1413 665 1489 708 quia
1513 663 1637 696 dictum
1661 673 1710 696 est
1733 675 1821 697 nunc
1845 664 1935 709 quod
1962 676 2031 698 non
2054 664 2150 698 refert
2174 665 2283 710 quoad
2306 666 2476 698 veritatem

1412 714 1438 745 si
1460 712 1596 752 dicatur,
1619 713 1715 745 omnis
1730 713 1815 746 homo
1830 720 1871 746 est
1886 725 1946 747 non
1962 714 2068 754 iustus,
2093 723 2149 747 aut
2172 715 2199 747 si
2223 714 2358 754 dicatur,
2382 715 2477 747 omnis

1411 761 1496 794 homo
1519 772 1580 794 non
1603 767 1644 793 est
1665 762 1761 794 iustus
1769 774 1783 801 ,·
1812 770 1844 794 et
1871 770 1980 795 tamen
2004 763 2037 794 in
2061 762 2159 796 altera
2187 764 2399 807 postponitur
2420 774 2477 796 ne-

1411 810 1512 853 gatio,
1536 810 1570 842 in
1590 809 1688 843 altera
1713 811 1940 854 praeponitur,
1964 810 2038 844 licet
2062 811 2203 844 multum
2227 811 2343 844 referat
2366 811 2476 856 quoad

1412 857 1662 891 affirmationem
1678 867 1711 891 et
1725 859 1945 902 negationem.
1959 859 2063 899 Hanc,
2080 861 2226 904 inquam,
2239 860 2476 894 dubitationem

1412 906 1538 939 solvere
1572 906 1743 940 intendens
1773 918 1848 939 cum
1882 906 2104 947 distinctione,
2133 909 2311 952 respondet
2330 909 2420 953 quod
2442 910 2476 942 in

1413 955 1630 998 singularibus
1654 955 1938 988 enunciationibus
1966 956 2112 989 eiusdem
2137 958 2279 990 veritatis
2307 967 2385 990 sunt
2411 959 2476 990 sin-

1412 1002 1533 1046 gularis
1557 1004 1688 1046 negatio
1712 1012 1744 1035 et
1767 1003 1892 1036 infinita
1915 1003 2087 1037 affirmatio
2111 1004 2269 1045 eiusdem,
2294 1006 2327 1038 in
2343 1007 2474 1039 univer-

1413 1052 1533 1085 salibus
1549 1061 1660 1085 autem
1675 1063 1744 1084 non
1761 1061 1809 1085 est
1832 1053 1888 1085 sic.
2012 1061 2015 1064 ⁴

1481 1100 1515 1133 Si
1531 1101 1619 1133 enim
1633 1109 1681 1133 est
1697 1112 1773 1133 vera
1788 1101 1920 1143 negatio
1937 1102 2038 1144 ipsius
2052 1102 2242 1135 universalis
2259 1115 2326 1136 non
2343 1112 2476 1147 oportet

1414 1148 1504 1193 quod
1527 1149 1569 1181 sit
1584 1160 1660 1181 vera
1677 1148 1802 1181 infinita
1819 1149 1990 1182 affirmatio
2010 1149 2211 1183 universalis.
2228 1151 2370 1194 Negatio
2387 1153 2475 1184 enim

1413 1196 1605 1229 universalis
1629 1206 1678 1230 est
1702 1198 1903 1241 particularis
1928 1198 2194 1239 contradictoria,
2226 1211 2290 1243 qua
2318 1201 2474 1234 existente

1412 1258 1507 1286 vera,
1534 1257 1603 1279 non
1631 1255 1680 1278 est
1703 1258 1836 1279 necesse
1860 1258 1953 1279 suam
1977 1247 2206 1288 subalternam,
2227 1260 2308 1292 quae
2328 1258 2377 1281 est
2401 1260 2476 1282 con—

1413 1295 1507 1327 traria
1524 1306 1601 1327 suae
1619 1294 1886 1327 contradictoriae
1903 1306 1974 1328 esse
1991 1307 2111 1328 veram.
2129 1297 2271 1330 Possunt
2288 1298 2375 1330 enim
2392 1296 2474 1330 duae

1413 1343 1592 1376 contrariae
1616 1355 1686 1376 esse
1707 1343 1805 1376 simul
1826 1343 1934 1376 falsae.
1952 1343 2048 1377 Unde
2072 1343 2150 1377 dicit
2173 1345 2262 1388 quod
2285 1346 2319 1378 in
2335 1345 2475 1388 singula-

1413 1392 1501 1425 ribus
1529 1391 1814 1425 enunciationibus
1838 1391 2046 1426 manifestum
2068 1401 2116 1425 est
2132 1393 2233 1437 quod,
2253 1394 2280 1426 si
2296 1402 2345 1426 est
2359 1405 2474 1426 verum

1412 1453 1531 1485 negare
1552 1442 1798 1484 interrogatum,
1816 1441 1909 1481 idest,
1925 1442 1952 1474 si
1969 1450 2018 1474 est
2034 1453 2109 1474 vera
2124 1442 2255 1485 negatio
2272 1443 2474 1475 enunciatio-

1412 1490 1463 1522 nis
1487 1489 1671 1533 singularis,
1689 1489 1728 1522 de
1745 1502 1810 1534 qua
1825 1489 1907 1523 facta
1931 1499 1980 1523 est
1999 1490 2223 1533 interrogatio,
2239 1501 2354 1522 verum
2378 1490 2475 1522 etiam

1413 1547 1462 1571 est
1484 1537 1655 1578 affirmare,
1672 1538 1769 1578 idest,
1790 1550 1866 1572 vera
1889 1539 1950 1572 erit
1976 1537 2148 1572 affirmatio
2176 1537 2301 1571 infinita
2328 1538 2475 1572 eiusdem

1413 1586 1596 1630 singularis.
1612 1586 1712 1620 Verbi
1732 1587 1851 1629 gratia:
1864 1593 1992 1631 putasne
2009 1587 2140 1621 Socrates
2154 1588 2333 1632 estsapiens?
2351 1587 2385 1620 Si
2400 1599 2475 1620 vera

1413 1644 1462 1668 est
1476 1636 1537 1668 ista
1553 1635 1737 1679 responsio,
1752 1646 1812 1668 non
1818 1647 1857 1674 ,·-
1867 1635 1998 1669 Socrates
2014 1636 2107 1679 igitur
2116 1647 2175 1669 non
2189 1636 2305 1679 sapiens
2317 1641 2368 1675 est,
2380 1634 2474 1675 idest,

1411 1696 1487 1718 vera
1511 1685 1571 1717 erit
1587 1685 1647 1717 ista
1663 1683 1834 1717 affirmatio
1859 1683 1994 1723 infinita,
2012 1684 2143 1718 Socrates
2159 1690 2200 1716 est
2222 1695 2282 1717 non
2297 1684 2422 1728 sapiens.

1478 1734 1516 1767 In
1539 1732 1759 1767 universalibus
1774 1744 1844 1766 vero
1868 1744 1927 1766 non
1943 1739 1984 1766 est
2005 1744 2089 1772 vera,
2106 1744 2182 1777 quae
2201 1733 2338 1766 similiter
2352 1733 2472 1773 dicitur,

1412 1784 1506 1823 idest,
1526 1795 1566 1815 ex
1588 1783 1723 1815 veritate
1754 1782 1936 1824 negationis
1965 1781 2155 1814 universalis
2184 1780 2394 1814 affirmativae
2424 1782 2474 1814 in·-

1411 1841 1592 1876 terrogatae
1620 1842 1689 1864 non
1718 1831 1865 1874 sequitur
1880 1841 1955 1862 vera
1978 1829 2169 1863 universalis
2193 1829 2383 1862 affirmativa
2404 1829 2474 1862 infi-

1411 1883 1495 1921 nita,
1518 1892 1602 1926 quae
1632 1879 1747 1912 similis
1771 1887 1819 1912 est
1842 1878 1952 1923 quoad
1983 1879 2195 1923 quantitatem
2226 1886 2258 1910 et
2285 1878 2473 1922 qualitatem

1411 1930 1633 1964 enunciationi
1650 1928 1833 1973 quaesitae;
1854 1938 1927 1961 vera
1949 1933 2050 1960 autem
2072 1933 2113 1960 est
2135 1928 2197 1960 eius
2220 1927 2351 1970 negatio,
2374 1926 2472 1966 idest,

1411 1979 1468 2012 sed
1484 1991 1523 2012 ex
1538 1979 1672 2011 veritate
1689 1977 1912 2020 responsionis
1929 1976 2096 2019 negativae
2113 1976 2259 2020 sequitur
2276 1987 2387 2008 veram
2403 1987 2472 2008 esse

1411 2029 1492 2068 eius,
1509 2027 1632 2060 scilicet
1655 2024 1847 2058 universalis
1871 2025 2035 2069 quaesitae
2051 2024 2271 2067 negationem,
2296 2023 2388 2063 idest,
2405 2036 2475 2067 par-

1410 2075 1579 2109 ticularem
1596 2075 1791 2117 negativam.
1809 2073 1909 2107 Verbi
1934 2074 2053 2116 gratia:
2074 2079 2202 2117 putasne
2217 2073 2312 2106 omnis
2327 2072 2411 2105 homo
2434 2079 2475 2106 est

1410 2126 1550 2170 sapiens?
1575 2124 1609 2158 Si
1638 2134 1713 2156 vera
1742 2132 1791 2156 est
1811 2124 1871 2155 ista
1892 2122 2074 2166 responsio,
2098 2133 2157 2154 non
2163 2133 2208 2161 ,·-
2222 2120 2412 2154 affirmativa
2435 2122 2474 2153 si-

1410 2172 1497 2206 milis
1517 2174 1733 2216 interrogatae
1754 2183 1854 2216 quam
1878 2172 1950 2215 quis
1974 2183 2013 2204 ex
2038 2170 2098 2203 hac
2118 2171 2332 2214 responsione
2356 2169 2472 2203 inferre

1410 2223 1583 2255 intentaret
1599 2230 1648 2254 est
1672 2220 1742 2254 illa:
1759 2221 1852 2264 igitur
1874 2220 1972 2254 omnis
1987 2219 2070 2252 homo
2095 2226 2210 2253 estnon
2232 2219 2357 2263 sapiens.
2383 2219 2472 2251 Haec

1411 2279 1522 2303 autem
1545 2282 1614 2303 non
1637 2270 1784 2314 sequitur
1807 2281 1847 2302 ex
1870 2268 1923 2302 illa
1947 2269 2131 2312 negatione.
2156 2267 2289 2300 Falsum
2312 2276 2361 2299 est
2384 2267 2472 2300 enim

1412 2319 1487 2359 hoc,
1511 2319 1633 2352 scilicet
1650 2318 1739 2363 quod
1764 2318 1911 2362 sequitur
1933 2329 1974 2350 ex
1996 2317 2050 2350 illa
2066 2317 2292 2360 responsione;
2316 2315 2373 2349 sed
2396 2314 2474 2348 infe-

1410 2368 1550 2401 rendum
1580 2376 1646 2408 est,
1670 2368 1763 2411 igitur
1785 2378 1845 2400 non
1871 2367 1967 2400 omnis
1989 2366 2073 2399 homo
2096 2366 2212 2410 sapiens
2235 2371 2284 2398 est.
2297 2365 2368 2398 -Et
2389 2365 2472 2397 ratio

1411 2417 1581 2460 utriusque
1604 2425 1671 2456 est,
1696 2417 1772 2460 quia
1788 2415 1868 2448 haec
1885 2414 2084 2459 particularis
2101 2414 2218 2447 ultimo
2235 2413 2322 2446 illata
2345 2422 2394 2446 est
2417 2425 2473 2456 op-

1412 2466 1528 2509 posita,
1538 2464 1621 2498 idest
1637 2464 1887 2498 contradictoria
1900 2464 1945 2497 illi
1958 2463 2132 2496 universali
2145 2463 2360 2505 interrogatae
2374 2474 2473 2507 quam

1410 2513 1613 2558 respondens
1630 2512 1828 2552 falsificavit;
1845 2522 1878 2546 et
1896 2512 1971 2546 ideo
1984 2521 2115 2556 oportet
2130 2512 2220 2556 quod
2233 2514 2274 2545 sit
2286 2524 2372 2545 vera.
2387 2512 2474 2545 Con-

1410 2562 1671 2595 tradictoriarum
1688 2562 1776 2595 enim
1793 2563 1820 2594 si
1837 2573 1902 2594 una
1917 2570 1966 2594 est
1986 2560 2076 2601 falsa,
2099 2561 2223 2605 reliqua
2239 2569 2288 2594 est
2303 2572 2389 2594 vera.
2414 2560 2473 2594 Illa

1410 2623 1500 2651 vero,
1523 2611 1646 2644 scilicet
1665 2610 1858 2643 universalis
1877 2610 2069 2644 affirmativa
2089 2610 2214 2643 infinita
2237 2610 2344 2653 primo
2369 2608 2472 2650 illata,

1411 2670 1460 2694 est
1483 2661 1643 2694 contraria
1666 2659 1712 2692 illi
1743 2659 1851 2692 eidem
1875 2658 2049 2692 universali
2071 2659 2296 2702 interrogatae.
2322 2658 2402 2692 Non
2425 2666 2474 2692 est

1411 2718 1521 2743 autem
1546 2720 1631 2752 opus
1655 2707 1746 2753 quod
1769 2709 1796 2741 si
1821 2707 2054 2741 universalium
2075 2707 2174 2740 altera
2197 2708 2238 2739 sit
2266 2706 2359 2746 falsa,
2384 2706 2473 2750 quod

1411 2759 1535 2803 reliqua
1555 2759 1597 2791 sit
1613 2770 1699 2792 vera.
1717 2759 1757 2792 In
1774 2766 1930 2801 promptu
1950 2766 2000 2789 est
2015 2765 2125 2789 autem
2141 2767 2237 2789 causa
2253 2756 2350 2788 huius
2367 2755 2472 2788 diver-

1412 2808 1514 2840 sitatis
1530 2808 1614 2840 inter
1629 2806 1809 2850 singulares
1826 2814 1858 2838 et
1870 2804 2078 2838 universales.
2096 2805 2134 2837 In
2150 2803 2368 2847 singularibus
2385 2804 2473 2836 enim

1411 2856 1520 2889 varius
1539 2856 1723 2899 negationis
1739 2855 1821 2887 situs
1838 2865 1906 2886 non
1922 2854 2024 2886 variat
2039 2853 2252 2897 quantitatem
2269 2852 2473 2884 enunciatio-

1411 2906 1479 2945 nis;
1503 2905 1536 2937 in
1568 2903 1805 2937 universalibus
1830 2911 1939 2936 autem
1963 2902 2074 2941 variat,
2099 2910 2135 2933 ut
2155 2909 2252 2944 patet.
2278 2899 2356 2933 Ideo
2380 2899 2416 2932 fit
2437 2909 2473 2932 ut

1410 2965 1480 2986 non
1504 2954 1546 2986 sit
1566 2952 1680 2986 eadem
1696 2953 1813 2985 veritas
1835 2951 2022 2995 negantium
2041 2948 2256 2982 universalem
2275 2949 2309 2980 in
2333 2960 2472 2992 quarum

1411 3002 1510 3036 altera
1534 3002 1762 3046 praeponitur,
1785 3001 1817 3034 in
1839 3001 1936 3034 altera
1960 3007 2068 3032 autem
2092 2997 2301 3042 postponitur
2324 2998 2471 3040 negatio,
2504 3030 2508 3035 ,

1411 3059 1447 3083 ut
1471 3050 1510 3084 de
1535 3062 1568 3083 se
1593 3058 1690 3093 patet.

1480 3109 1508 3140 5.
1533 3097 1661 3132 Deinde
1680 3109 1755 3130 cum
1772 3097 1867 3130 dicit:
1891 3097 1953 3130 Illa
1974 3108 2043 3130 vero
2066 3094 2225 3128 secundum
2246 3094 2368 3138 infinita
2389 3094 2471 3134 etc„

1411 3148 1510 3181 solvit
1533 3148 1661 3180 tertiam
1685 3146 1933 3185 dubitationem,
1954 3156 1995 3177 an
2010 3143 2135 3177 infinita
2158 3142 2292 3175 nomina
2308 3141 2360 3174 vel
2375 3141 2472 3174 verba

1410 3198 1475 3230 sint
1502 3196 1704 3238 negationes.
1737 3195 1881 3237 Insurgit
1908 3202 2017 3226 autem
2045 3192 2108 3225 hoc
2136 3190 2289 3231 dubium,
2318 3191 2394 3234 quia
2422 3189 2471 3223 di-

1411 3254 1501 3278 ctum
1517 3253 1566 3277 est
1582 3243 1672 3288 quod
1689 3241 1914 3287 aequipollent
1929 3241 2078 3284 negativa
2094 3249 2126 3273 et
2141 3238 2276 3272 infinita.
2301 3239 2342 3271 Et
2360 3249 2472 3271 rursus

1411 3293 1536 3326 dictum
1560 3301 1609 3325 est
1631 3303 1719 3324 nunc
1750 3290 1840 3335 quod
1863 3301 1931 3322 non
1951 3288 2047 3322 refert
2077 3289 2110 3320 in
2139 3286 2355 3330 singularibus
2378 3298 2471 3330 prae-

1412 3352 1534 3384 ponere
1551 3349 1582 3373 et
1599 3349 1798 3383 postponere
1823 3339 2046 3382 negationem:
2071 3338 2098 3369 si
2122 3338 2210 3369 enim
2231 3336 2393 3368 infinitum
2410 3346 2471 3368 no-

1412 3401 1488 3423 men
1505 3398 1553 3422 est
1568 3389 1711 3431 negatio,
1739 3397 1816 3420 tunc
1840 3387 2037 3425 enunciatio,
2060 3385 2182 3418 habens
2199 3385 2381 3417 subiectum
2398 3383 2471 3416 infi-

1411 3439 1518 3471 nitum
1541 3437 1592 3470 vel
1617 3436 1850 3481 praedicatum,
1873 3436 1933 3468 erit
1954 3435 2103 3477 negativa
2126 3443 2158 3466 et
2181 3444 2249 3466 non
2270 3432 2470 3465 affirmativa.

1478 3487 1571 3518 Hanc
1595 3485 1832 3518 dubitationem
1857 3483 1954 3517 solvit
1978 3494 2035 3526 per
2055 3482 2370 3526 interpretationem,
2394 3492 2471 3525 pro-

1411 3534 1518 3567 bando
1543 3533 1633 3578 quod
1649 3544 1709 3566 nec
1732 3533 1867 3565 nomina
1890 3543 1950 3565 nec
1973 3530 2070 3564 verba
2093 3530 2218 3564 infinita
2236 3531 2302 3563 sint
2323 3527 2472 3572 negatio-

1411 3595 1480 3622 neS‚
1494 3583 1568 3615 licet
1583 3582 1766 3615 videantur.
1783 3580 1879 3614 Unde
1894 3580 1961 3613 duo
1978 3581 2061 3613 circa
2077 3580 2140 3612 hoc
2160 3578 2248 3612 facit:
2266 3579 2385 3622 primo,
2398 3589 2471 3622 pro·

1411 3632 1504 3675 ponit
1519 3630 1720 3664 solutionem
1737 3629 1865 3663 dicens:
1882 3629 1959 3663 Illae
1969 3641 2050 3669 vero,
2064 3627 2187 3661 scilicet
2205 3627 2376 3667 dictiones,
2400 3638 2471 3661 con-
