2788 4204
0 901 4 912 ι

0 917 3 938 i

60 388 70 397 '
91 386 119 408 In
139 386 183 408 fine
204 385 273 407 huius

59 418 245 461 1¹¹¹lin-addentia.

53 919 66 931 ⁴⁸
80 919 165 947 Codd.,
175 925 226 942 exc.
241 926 274 947 Q,-

0 967 2 969 ,
54 950 103 968 σω.
117 945 150 967 Et
161 946 214 968 hoc.

50 973 268 1027 ,zafati-233:

54 1031 87 1048 m.
97 1031 141 1048 nx:
151 1026 245 1054 qdplex.

1172 256 1283 294 CAP.
1314 259 1381 306 111,
1412 260 1562 297 LECT.
1593 261 1626 298 11

300 327 473 374 intenti03
494 328 676 375 secundo,
708 330 904 378 exequitur
926 333 1182 381 propositum;
1204 335 1270 372 ibi:
1290 338 1370 373 Du-

301 381 431 418 bitabit
447 381 546 417 enim
568 382 694 430 utique
711 383 876 431 aliquis*
897 392 966 421 etc.
997 386 1097 422 Dicit
1126 399 1214 434 ergo
1243 389 1368 436 primo

300 434 406 483 quod
434 434 529 471 inter
558 446 603 471 ea
634 447 734 482 quae
763 436 801 472 in
830 437 996 474 futurum
1026 439 1186 477 dicenda
1213 442 1233 462 '¹‘
1262 452 1367 490 sunt,

299 487 528 537 principium
557 495 706 536 oportet
733 501 885 526 sumere
923 492 971 528 ab
996 503 1042 528 eo
1067 494 1171 541 quod
1201 503 1256 531 est
1280 509 1367 533 con-

298 541 628 579 venientissimum
659 542 895 589 habitarum,
926 544 1023 581 idest
1055 549 1367 595 consequentium

299 595 501 632 rationum.
533 594 650 641 Quod
678 594 834 643 quidem
856 605 911 633 est
940 598 987 634 de
1009 599 1085 636 hoc
1107 602 1212 648 quod
1240 613 1369 650 posset

299 647 433 696 aliquis
462 648 634 685 dubitare
666 656 794 685 utrum
825 650 1015 699 contingat
1042 652 1145 690 idem
1171 662 1206 691 et
1234 668 1366 694 secun-

299 701 393 743 dum
421 700 526 739 idem
544 708 552 722 ¹
580 701 675 747 scire
694 714 764 750 per
783 702 1045 743 definitionem
1066 714 1102 743 et
1130 707 1366 747 demonstra-

297 762 453 791 nonem.

349 819 387 854 4.
417 807 567 845 Deinde
605 821 694 845 curn
732 809 835 846 dicit:
873 812 1051 859 Definitio
1088 815 1237 862 quidem
1266 818 1364 854 enim

297 861 399 910 quod
415 862 506 910 quid
521 867 575 899 est
589 869 671 908 etc.‚
687 864 825 912 probat
843 865 949 912 quod
969 879 1047 903 non
1076 869 1250 906 omnium
1270 884 1364 919 quo-

296 927 383 951 rum
412 922 468 952 est
487 915 773 963 demonstratio,
798 917 844 954 sit
863 918 1045 957 definitio,
1076 922 1125 958 Et
1142 923 1217 959 hoc
1233 924 1253 945 *
1273 938 1364 973 qua-

297 968 513 1017 drupliciter
530 969 562 1006 ²⁸.
592 969 723 1007 Primo
743 971 912 1019 quidem,
935 973 1023 1021 quia
1044 975 1214 1013 definitio
1235 986 1289 1014 est
1309 979 1363 1016 in-

296 1022 458 1060 dicativa
488 1022 568 1060 eius
591 1024 694 1072 quod
719 1025 810 1072 quid
839 1031 910 1070 est;
942 1039 1059 1064 omne
1097 1037 1226 1068 autem
1260 1034 1364 1080 quod

292 1076 455 1125 pertinet
474 1077 524 1114 ad
543 1077 648 1125 quod
672 1077 764 1127 quid
784 1086 849 1125 est,
869 1081 1111 1128 praedicatur
1130 1091 1166 1120 et
1194 1085 1361 1123 affirma-

292 1129 368 1167 tive
389 1138 426 1167 et
448 1130 753 1177 universaliter'‘;
775 1144 864 1180 ergo
886 1133 1056 1172 definitio
1080 1144 1135 1173 est
1153 1138 1279 1175 solum
1301 1151 1364 1176 eo-

182 1204 188 1211 ·
232 1189 238 1194 '
292 1195 378 1220 rum
408 1183 627 1222 contentiva
655 1184 736 1222 sive
765 1185 1013 1234 significativa
1030 1190 1061 1235 ³²,
1083 1203 1182 1238 quae
1216 1194 1363 1241 praedi-

292 1243 424 1274 cantur
438 1237 666 1276 affirmative
687 1246 723 1276 et
740 1239 1012 1280 universaliter.
1031 1243 1110 1280 Sed
1128 1257 1207 1282 non
1227 1258 1363 1284 omnes

290 1290 499 1339 syllogismi
532 1300 619 1329 sunt
656 1293 945 1333 demonstrativi
984 1298 1273 1337 conclusionum
1309 1301 1362 1338 af-

289 1344 568 1392 firmativarum
595 1346 885 1395 universalium3
906 1350 974 1388 sed
1002 1351 1158 1400 quidam
1184 1361 1270 1390 sunt
1298 1366 1362 1391 ne-

289 1395 420 1446 gativi,
439 1407 533 1448 puta
551 1412 688 1437 omnes
708 1401 773 1450 qui
793 1405 911 1439 sunt*
927 1404 964 1441 in
980 1406 1148 1443 secunda
1167 1407 1288 1455 figura
1300 1409 1360 1455 **;

254 1462 261 1477 ²
289 1451 448 1500 quidam
475 1465 570 1490 vero
602 1454 868 1504 particulares,
897 1466 989 1507 puta
1018 1472 1154 1497 omnes
1183 1461 1247 1508 qui
1276 1470 1363 1499 sunt

289 1505 328 1543 in
354 1506 463 1543 tertia
481 1507 604 1555 figura
620 1509 651 1546 *.
674 1509 766 1546 Non
795 1522 885 1558 ergo
906 1512 1080 1550 omnium
1101 1521 1156 1550 est
1176 1514 1358 1563 definitio,

287 1571 456 1608 quorum
485 1567 541 1597 est
569 1560 856 1600 demonstratio.

345 1613 379 1651 5.
410 1613 608 1662 Secundo,
646 1615 716 1653 ibi:
753 1618 888 1654 Postea
924 1630 1044 1667 neque
1086 1632 1218 1658 eorum
1262 1634 1360 1670 quae

285 1672 375 1704 sunt
400 1674 488 1715 etc.‚
519 1669 683 1706 ostendit
710 1669 815 1707 idem
843 1671 972 1709 dicens
1005 1674 1111 1721 quod
1139 1686 1264 1723 neque
1294 1675 1358 1713 de-

287 1720 408 1759 finitio
444 1721 558 1758 etiam
582 1720 596 1743 ὶ
623 1730 748 1771 potest
777 1737 858 1762 esse
887 1726 1063 1763 omniurn
1093 1739 1228 1765 eorum
1257 1741 1357 1777 quae

287 1774 566 1814 concluduntur
591 1787 661 1825 per
688 1777 928 1826 syllogismos
955 1780 1356 1830 affirmativossquod

286 1828 468 1876 contingit
486 1841 569 1866 esse
588 1830 715 1873 solum
734 1831 773 1868 in
791 1832 916 1880 prima
934 1833 1068 1881 figura,
1081 1834 1177 1871 sicut
1196 1835 1356 1873 demon-

251 1903 258 1910 ·
285 1882 439 1920 strative
467 1883 710 1931 syllogizatur
733 1885 839 1933 quod
867 1887 989 1924 omnis
1009 1888 1029 1909 ’¹²
1057 1888 1271 1938 triangulus
1290 1890 1355 1926 ha-

285 1936 347 1973 bet
371 1941 446 1973 tres
481 1937 646 1986 angulos
681 1938 858 1986 aequales
895 1940 1040 1978 duobus
1072 1942 1191 1979 rectis.
1232 1943 1356 1980 Huius

241 2035 256 2048 Ι,
285 1997 414 2027 autem
433 1990 539 2038 quod
555 1990 698 2028 dictum
719 1999 784 2038 est,
801 1992 941 2030 scilicet
959 1995 1064 2043 quod
1084 2008 1163 2032 non
1180 1996 1355 2033 omnium

283 2055 384 2093 quae
403 2043 456 2081 sie
472 2045 493 2066 *
508 2044 786 2094 syllogizantur,
805 2047 926 2096 possit
948 2060 1032 2085 esse
1060 2049 1242 2096 definitio,
1261 2050 1354 2087 ratio

338 2193 358 2227 ι)
381 2194 476 2219 Utrum
500 2193 642 2227 contingat
667 2194 735 2220 idem
755 2198 782 2220 et
798 2195 943 2220 secundum
969 2196 1038 2221 idem
1058 2202 1106 2221 etc.
1120 2209 1142 2216 ·—
1159 2197 1278 2221 Notanda
1297 2202 1358 2221 sunt

282 2229 348 2255 haec
365 2229 458 2259 verba,
477 2229 573 2262 quibus
592 2237 614 2254 s.
624 2229 743 2255 Thomas
765 2231 887 2263 proponit
905 2232 1094 2264 quaestionem,
1113 2237 1281 2265 mentemque
1300 2233 1357 2257 Ari-

283 2265 385 2291 stotelis
404 2265 600 2298 interpretatur:
619 2261 649 2290 τὸ
670 2262 735 2290 αὐτὸ
756 2263 799 2291 καὶ
819 2264 886 2291 κατὰ
906 2263 936 2292 τὸ
955 2263 1029 2292 αὐτὸ.
1049 2268 1075 2292 Si
1090 2267 1158 2292 enirn
1173 2268 1205 2293 ab
1220 2268 1267 2293 hac
1282 2269 1358 2292 redu-

282 2301 420 2334 plicatione
439 2300 603 2326 abstrahatur
622 2302 740 2334 quaestio
759 2310 807 2326 nec
826 2307 895 2326 recte
914 2302 1067 2336 proponitur
1082 2310 1128 2327 nec
1144 2303 1253 2328 dilucide
1271 2309 1358 2336 potest

282 2335 391 2361 definiri.
410 2336 443 2361 Et
461 2343 552 2361 revera
565 2343 580 2360 a
592 2337 697 2361 nemine
716 2337 742 2361 in
761 2337 868 2362 dubium
883 2343 1019 2363 revocatur
1032 2339 1103 2371 quod
1122 2338 1191 2363 idem
1211 2339 1356 2363 secundum

282 2372 385 2397 diversa
402 2376 490 2405 potest
514 2372 591 2396 simul
618 2373 739 2405 cognosci
759 2372 905 2398 definitione
929 2379 955 2398 et
973 2374 1206 2399 demonstratione:
1233 2375 1295 2407 quid
1315 2374 1355 2405 sit,

282 2415 306 2433 e.
321 2416 368 2441 gn,
387 2407 538 2440 triangulus,
554 2406 701 2432 definitione
720 2409 902 2441 cognoscimus
909 2417 916 2439 3
936 2414 961 2434 et
980 2417 1027 2442 per
1046 2410 1294 2434 demonstrationem
1314 2418 1357 2434 co-

282 2443 433 2476 gnoscimus
453 2443 508 2467 eius
527 2444 672 2476 passiones,
686 2449 748 2476 puta
767 2444 839 2476 quod
853 2444 947 2469 habeat
960 2450 1013 2469 tres
1029 2445 1138 2477 angulos
1153 2446 1276 2478 aequales
1291 2446 1354 2470 duo-

280 2479 331 2504 bus
345 2479 431 2504 rectis.
444 2478 571 2503 Standum
590 2484 631 2503 est
644 2487 707 2511 ergo
720 2480 752 2504 ad
764 2479 833 2504 idem
846 2485 872 2504 et
886 2480 1030 2505 secundum
1045 2481 1147 2506 idem.-
1157 2480 1317 2506 Themistius
1331 2481 1356 2505 in

281 2514 303 2540 11
313 2515 425 2544 Foster„
436 2521 492 2546 cap.
502 2521 540 2545 m,
548 2522 607 2547 pag.
618 2514 665 2539 30:
681 2524 693 2536 ‹
703 2515 778 2540 Prius
789 2520 836 2546 est,
844 2516 937 2548 inquit,
947 2521 977 2541 ut
990 2516 1150 2541 disseramus
1167 2522 1254 2541 utrum
1267 2517 1356 2541 omnia

282 2559 298 2574 s
313 2550 407 2575 eodem
426 2554 546 2582 respectu
565 2557 612 2583 per
631 2549 805 2575 definitionem
825 2556 851 2575 et
868 2559 915 2584 per
940 2551 1188 2576 demonstrationem
1207 2552 1274 2576 scire
1294 2559 1355 2576 con-

282 2594 298 2609 »
313 2586 403 2618 tingat.
422 2585 477 2609 Dixi
497 2585 589 2610 eodem
614 2589 747 2618 respectu,
770 2586 831 2619 quia
843 2597 855 2609 ι
877 2592 925 2611 etc.
944 2587 1015 2611 Idem
1035 2592 1125 2611 notant
1143 2587 1304 2619 Philoponus
1328 2587 1353 2611 in

281 2621 303 2646 11
321 2621 434 2648 Foster„
449 2620 465 2653 5
482 2620 561 2650 Quod
580 2621 665 2654 igitur
683 2627 740 2651 etc.‚
756 2630 814 2654 pag.
833 2621 890 2652 113,
906 2623 955 2647 col.
973 2622 986 2647 3
993 2631 1000 2654 ;
1020 2630 1113 2655 graec„
1127 2630 1186 2655 pag.
1206 2622 1268 2656 1983
1283 2623 1354 2647 Ano-

281 2664 377 2690 nymus
393 2661 482 2681 auctor
493 2656 680 2688 &positionis
694 2658 719 2681 in
729 2657 749 2682 11
761 2658 870 2687 Poster„
881 2666 940 2690 pag.
955 2666 1012 2689 114,
1023 2659 1072 2683 col.
1085 2666 1104 2682 1.
1115 2658 1259 2683 —Venetiis
1275 2657 1353 2689 15683

281 2699 376 2724 graec„
385 2699 444 2725 pag.
457 2690 516 2725 ²⁵9·
527 2689 596 2725 (Ext.
610 2692 637 2716 in
650 2693 690 2717 ed.
701 2693 742 2717 cit.
753 2693 857 2718 Comm.
877 2692 1028 2727 Philoponi)
1036 2701 1043 2724 ;
1063 2694 1209 2718 Eustratius
1230 2694 1255 2718 in
1270 2694 1290 2718 11
1303 2694 1354 2719 Po-

280 2730 353 2758 πει,
370 2727 386 2760 g
397 2727 542 2752 Dubitat-et
560 2728 630 2753 enim
650 2732 714 2759 etc.‚
731 2736 790 2761 pag.
808 2727 852 2758 16,
872 2729 922 2754 col.
938 2736 962 2753 2.
982 2729 1048 2761 (Ext.
1062 2729 1088 2753 in
1107 2730 1151 2754 lat.
1166 2730 1206 2754 ed.
1221 2730 1263 2754 cit.
1283 2730 1353 2754 Ano-

280 2762 384 2796 nymi);
404 2768 430 2788 et
448 2763 490 2787 alii
508 2764 652 2795 generatim
671 2768 727 2788 tum
746 2764 830 2795 graeci
849 2769 905 2789 tum
925 2765 994 2789 latini
1012 2765 1166 2798 interpretes
1187 2764 1238 2798 (Cf.
1251 2765 1353 2789 Lincol-

281 2798 366 2823 niens.
382 2798 408 2823 in
425 2798 446 2823 ΙΙ
461 2798 573 2829 Poster„
588 2807 644 2831 cap.
659 2807 691 2829 11,
706 2799 722 2832 ξ
738 2799 880 2824 Dubitabit
897 2799 994 2833 aliquis
1013 2805 1070 2831 etc.‚
1089 2800 1134 2825 fol.
1145 2799 1187 2831 30,
1203 2801 1251 2825 col.
1270 2808 1291 2831 ι,
1306 2801 1353 2825 Ed.

281 2833 332 2864 cit.;
346 2834 445 2858 Albert.
459 2834 546 2867 Magn.
560 2835 586 2858 in
605 2834 625 2859 11
639 2834 750 2864 Foster„
770 2835 857 2860 Tract.
867 2843 895 2865 11,
908 2843 967 2868 pag.
982 2834 1043 2866 615,
1059 2836 1107 2860 col.
1120 2836 1155 2868 2).
1164 2849 1182 2855 -
1198 2845 1211 2859 α
1223 2837 1352 2860 Averroes

282 2878 296 2892 ι
312 2869 506 2902 tamen,1'nqu1’t
519 2870 667 2900 labar-ella,
681 2870 748 2895 hanc
762 2871 949 2903 expositionem
964 2872 1050 2901 reiicit,
1065 2871 1139 2896 nixus
1152 2871 1238 2896 verbis
1253 2872 1353 2896 Aristo-

280 2904 384 2935 rtelis,
408 2912 476 2937 quae
494 2905 520 2929 in
539 2912 589 2929 suo
613 2906 703 2930 codice
721 2905 810 2930 habuit
828 2906 965 2939 depravata
977 2916 991 2930 »
1010 2907 1057 2939 (ln
1075 2907 1095 2931 11
1110 2907 1227 2937 Poster.,
1248 2915 1303 2940 cap.
1325 2915 1352 2938 11,

280 2939 326 2965 fol.
340 2939 397 2971 118,
413 2940 462 2965 col.
475 2940 510 2972 2).
526 2940 600 2970 Quae
615 2940 691 2965 huius
709 2941 830 2965 Auctoris
850 2942 1039 2968 animadversio
1059 2947 1146 2967 utrum
1165 2950 1226 2967 vera
1245 2943 1285 2973 sit,
1301 2951 1352 2967 non

280 2975 366 3000 audeo
383 2973 520 3000 affirmare.
534 2975 626 3008 Neque
640 2983 662 3000 s.
672 2976 803 3006 Thomas,
823 2984 909 3009 neque
921 2977 1045 3002 Albertus
1064 2976 1181 3010 Magnus,
1193 2985 1277 3010 neque
1292 2979 1351 3002 Lin-

281 3011 419 3035 colniensis
434 3010 516 3042 (loce.
530 3011 600 3043 citt.)
615 3011 785 3036 dissensionis
798 3012 920 3036 Averrois
934 3020 948 3036 a
962 3013 1094 3037 communi
1109 3014 1276 3046 interpretum
1292 3022 1352 3038 sen-

279 3046 360 3070 tentia
372 3046 532 3070 mentionem
546 3046 656 3078 faciunt3
677 3052 755 3079 atque
769 3047 879 3078 ipsemet
893 3048 1022 3072 Averroes
1037 3048 1141 3073 Comm.
1156 3049 1175 3073 11
1190 3056 1268 3081 super
1283 3049 1352 3074 hunc

278 3085 380 3105 textum
398 3081 545 3106 Aristotelis
570 3090 623 3106 non
641 3082 743 3106 videtur
761 3082 834 3107 aliter
847 3082 879 3107 ab
900 3083 955 3107 aliis
975 3084 1078 3108 sentire.
1099 3093 1111 3106 α
1125 3084 1244 3116 Oportet,
1258 3084 1350 3116 inquit,

281 3125 296 3140 »
311 3121 340 3141 ut
354 3117 515 3149 inquiramus
527 3117 562 3141 de
576 3124 608 3141 eo
622 3118 694 3150 quod
707 3118 786 3142 crevit
800 3125 878 3142 cursu
889 3119 1071 3151 propositionis
1086 3120 1117 3149 ei,
1127 3119 1152 3143 in
1167 3127 1219 3152 qua
1228 3120 1349 3144 volumus

282 3162 295 3175 a·
311 3153 383 3184 loqui
402 3152 478 3177 illud:
497 3157 523 3176 et
541 3157 589 3184 est,
604 3153 626 3177 si
640 3152 730 3177 videns
745 3161 851 3177 omnem
866 3161 922 3178 rem
937 3154 1028 3179 scitam
1043 3162 1089 3187 per
1103 3155 1350 3179 demonstrationem

281 3196 295 3211 ι
310 3188 381 3220 quod
394 3187 450 3220 ipsa
463 3187 554 3212 eadem
567 3188 648 3212 scitur
661 3196 708 3221 per
727 3187 902 3213 definitionem
922 3189 1004 3214 donec
1023 3190 1056 3214 sit
1075 3190 1137 3214 scita
1153 3197 1199 3222 per
1211 3195 1350 3222 utramque

281 3232 295 3246 »
312 3223 390 3247 simul
409 3230 440 3247 ex
457 3228 530 3255 parte
548 3231 608 3253 una,
623 3228 649 3248 et
663 3224 699 3248 sic
717 3224 739 3248 si
758 3232 810 3248 non
829 3224 863 3248 sit
874 3225 960 3249 omnis
975 3233 1017 3249 res
1032 3233 1090 3250 cum
1104 3225 1152 3249 hac
1167 3225 1335 3257 dispositione
1341 3232 1347 3254 ;

280 3267 295 3282 2
310 3263 336 3283 et
353 3263 441 3287 utrum
460 3258 494 3283 sit
506 3258 631 3290 possibile
644 3264 673 3283 ut
691 3259 835 3284 inveniatur
859 3259 955 3292 aliquid
974 3261 1067 3285 scitum
1087 3268 1133 3292 per
1151 3261 1350 3284 demonstratio-

281 3304 294 3317 2
311 3301 372 3318 nem
391 3298 416 3318 et
435 3293 611 3319 definitionem
630 3294 708 3319 simul
728 3302 758 3319 ex
772 3299 843 3327 parte
857 3302 909 3319 una
928 3300 972 3320 aut
989 3304 1042 3320 non
1061 3295 1204 3320 inveniatur
1223 3303 1283 3320 cum
1301 3295 1348 3320 hac

280 3338 294 3353 :o
312 3329 481 3361 dispositione
492 3339 505 3352 »
526 3328 591 3361 (Ed.
605 3330 647 3354 cit.
660 3330 726 3354 Ven.
745 3329 831 3362 1483).

333 3364 358 3399 κ)
382 3364 466 3390 Omne
479 3368 569 3390 autem
583 3365 655 3397 quod
668 3365 788 3397 pertinet
800 3365 837 3390 ad
849 3365 921 3398 quod
934 3366 999 3399 quid
1012 3369 1052 3391 est
1066 3371 1113 3390 etc.
1122 3379 1141 3385 —-
1150 3366 1252 3390 Dictum
1269 3370 1308 3390 est
1323 3366 1347 3390 in

279 3400 364 3433 primo
378 3400 444 3425 libro
459 3400 534 3433 (lect.
548 3408 597 3430 xix,
613 3409 638 3425 n.
649 3408 664 3433 7
680 3405 705 3425 et
718 3405 771 3430 not.
782 3401 810 3435 μ)
826 3402 896 3433 quod
912 3400 1024 3426 definitio
1039 3409 1124 3433 neque
1140 3401 1292 3425 universalis
1308 3406 1350 3426 est

278 3443 366 3468 neque
385 3436 544 3468 particularis
550 3444 557 3468 ;
576 3435 618 3460 hic
636 3441 721 3460 autem
736 3436 838 3460 videtur
851 3435 971 3461 affirmari
986 3437 1145 3469 oppositum.
1166 3435 1346 3460 Difficultatem

279 3471 407 3496 solvimus
427 3472 486 3496 loco
505 3472 545 3496 cit.
560 3471 603 3496 lib.
618 3471 665 3496 1.-
676 3471 833 3496 Addendum
852 3472 924 3504 quod
943 3472 1062 3504 quamvis
1077 3470 1190 3496 definitio
1205 3471 1347 3496 formaliter

278 3512 383 3539 sumpta
402 3514 454 3531 non
472 3507 539 3532 dicat
557 3514 642 3540 neque
660 3507 886 3539 particularitatem
905 3515 990 3540 neque
1008 3507 1239 3537 universalitatem,
1259 3515 1345 3540 neque

277 3543 495 3576 praedicationem
519 3541 697 3567 affirmativam
720 3550 806 3575 neque
831 3543 990 3575 negativam,
1016 3542 1158 3567 virtualiter
1175 3547 1262 3567 tamen
1281 3542 1346 3567 haec

276 3578 367 3603 omnia
385 3578 473 3609 habet,
493 3579 554 3611 quia
573 3583 614 3603 est
631 3578 773 3602 virtualiter
790 3578 933 3611 propositio
952 3578 1001 3610 (Cf.
1016 3578 1059 3602 lib.
1075 3578 1084 3602 1
1103 3578 1161 3603 lect.
1175 3586 1205 3608 v,
1226 3586 1250 3602 n.
1266 3578 1301 3611 9),
1321 3582 1347 3602 et

276 3619 307 3639 ut
320 3614 464 3647 propositio
475 3614 616 3639 assumitur
626 3614 652 3638 in
666 3614 829 3647 syllogismo.
843 3614 918 3639 Unde
927 3614 999 3639 nulla
1008 3618 1048 3638 est
1059 3614 1189 3647 oppositio
1199 3613 1250 3646 (Cf.
1263 3613 1346 3638 Caiet.

2416 269 2491 306 333

1426 347 1492 386 est,
1522 341 1611 388 quia
1639 341 1734 377 scire
1763 341 1902 390 aliquid
1938 342 2235 381 demonstrative
2270 345 2359 382 nihil
2389 346 2491 384 aliud

1426 401 1481 429 est
1508 405 1624 441 quam
1646 395 2010 432 demonstrationem
2029 397 2182 434 habere.
2213 399 2271 434 Ex
2291 411 2368 447 quo
2387 408 2490 448 patet

1424 447 1528 493 quod
1557 448 1587 483 si
1612 448 1786 485 omnium
1803 450 1823 469 *
1841 449 1978 486 horum
2000 450 2153 486 scientia
2173 452 2298 488 solum
2326 464 2395 500 per
2424 453 2487 490 de-

1423 500 1738 537 monstrationem
1766 503 1936 548 habetur,
1959 515 2037 539 non
2066 511 2121 540 est
2140 515 2275 541 eorum
2305 505 2485 543 definitio.

1424 552 1480 588 Ea
1510 553 1610 590 enim
1634 566 1799 602 quorum
1824 563 1878 591 est
1906 556 2086 603 definitio,
2115 566 2393 604 cognoscuntur
2419 572 2488 608 per

1423 604 1696 644 definitionem.
1720 609 1949 656 Sequeretur
1965 611 1984 630 ‘³‘
2004 610 2113 657 igitur
2132 610 2236 658 quod
2257 610 2389 659 aliquis
2408 625 2486 649 non

1421 658 1566 696 habens
1595 661 1733 697 horum
1760 663 1779 683 '³‘
1809 662 2175 700 demonstrationem
2203 663 2313 700 sciret
2341 677 2407 710 ea;
2438 678 2484 702 eo

1421 713 1527 758 quod
1546 713 1634 750 nihil
1653 714 1830 762 prohibet
1853 715 2019 763 aliquem
2036 718 2055 737 ’ὃ
2075 717 2279 754 habentem
2301 717 2485 755 definitio-

1420 776 1509 801 nem
1534 778 1613 802 non
1641 767 1752 803 simul
1772 769 1912 804 habere
1942 769 2324 816 demonstrationem
2351 783 2484 819 quam-

1419 817 1477 854 vis
1503 818 1671 856 definitio
1701 821 1746 857 sit
1773 822 2105 859 demonstrationis
2129 823 2368 872 principium.
2391 825 2483 861 Non

1421 871 1522 908 enim
1550 872 1767 921 quicunque
1798 875 1988 922 cognoscit
2014 876 2207 925 principia,
2237 877 2305 913 scit
2333 878 2484 914 conclu-

1419 924 1567 961 sionem
1598 925 1785 963 deducere
1816 927 2112 965 demonstrando
2136 935 2166 966 μ.

1473 979 1508 1014 6.
1531 979 1679 1026 Tertio,
1708 980 1777 1016 ibi:
1808 981 2006 1028 Sufficiens
2043 987 2167 1018 autem
2184 983 2286 1030 fides
2313 988 2367 1019 est
2393 990 2480 1030 etc.‚

1419 1032 1583 1068 ostendit
1600 1032 1703 1069 idem
1723 1045 1791 1081 per
1810 1032 2079 1080 inductionem,
2102 1047 2146 1071 ex
2165 1048 2240 1083 qua
2258 1043 2382 1084 potest
2399 1037 2482 1073 fieri

1417 1085 1649 1132 praemissae
1680 1086 1930 1123 conclusionis
1956 1088 2146 1124 sufficiens
2174 1089 2288 1125 fides:
2309 1089 2397 1137 quia
2417 1089 2480 1126 de-

1419 1139 1642 1175 monstratio
1664 1147 1718 1175 est
1748 1151 1881 1176 eorum
1901 1152 1999 1188 quae
2023 1153 2091 1189 per
2106 1153 2144 1177 se
2165 1141 2301 1187 insunt,
2321 1150 2362 1178 ut
2380 1149 2483 1191 patet

1421 1202 1466 1227 ex
1490 1192 1510 1212 '¹‘
1537 1192 1595 1228 his
1630 1204 1728 1239 quae
1761 1192 1799 1228 in
1832 1193 1956 1241 primo
1984 1195 2027 1214 ²²⁴*
2055 1194 2181 1230 habita
2216 1203 2311 1232 sunt.
2346 1196 2480 1232 Nullus

1418 1252 1547 1281 autem
1576 1257 1748 1293 unquam
1769 1246 1947 1293 cognovit
1973 1259 2043 1294 per
2068 1247 2327 1284 definitionem
2356 1261 2480 1297 neque

1419 1298 1559 1346 aliquid
1575 1311 1709 1335 eorum
1734 1311 1832 1347 quae
1847 1312 1916 1348 per
1931 1311 1971 1336 se
1991 1300 2128 1347 insunt,
2145 1313 2268 1348 neque
2290 1301 2401 1338 etiam
2417 1302 2480 1338 ali-

1418 1352 1510 1400 quid
1531 1364 1664 1389 eorum
1693 1364 1791 1400 quae
1811 1365 1880 1401 per
1901 1353 2075 1390 accidens
2096 1353 2237 1400 insunt;
2258 1366 2335 1391 non
2355 1355 2480 1403 quod’

1416 1405 1682 1452 accidentium,
1699 1418 1797 1454 quae
1816 1419 1885 1455 per
1899 1419 1939 1443 se
1953 1407 2015 1443 vel
2029 1408 2128 1455 per*
2148 1407 2322 1444 accidens
2342 1407 2478 1455 insunt,

1416 1472 1494 1496 non
1517 1467 1678 1507 possunt
1706 1471 1788 1495 esse
1807 1459 1955 1507 aliquae
1984 1460 2233 1507 definitiones,
2254 1468 2295 1497 ut
2322 1461 2482 1498 habetur

1415 1513 1486 1550 in*
1505 1513 1573 1550 VII
1593 1513 1763 1561 Metaph.
1782 1514 1842 1559 *ἑή
1864 1513 1930 1550 sed
1947 1514 2035 1561 quia
2061 1513 2139 1550 eius
2159 1514 2264 1562 quod
2285 1522 2340 1550 est
2358 1514 2479 1551 inesse

1413 1578 1483 1615 per
1510 1579 1550 1603 se
1577 1567 1639 1602 vel
1667 1579 1737 1615 per
1769 1566 1960 1613 accidens,
1991 1566 2095 1616 quod
2123 1567 2362 1615 syllogismus
2391 1581 2479 1606 con-

1415 1620 1540 1666 cludit,
1562 1620 1685 1656 nullus
1713 1632 1884 1668 unquam
1915 1620 2016 1656 dedit
2044 1620 2317 1657 definitionem.

1494 1686 1530 1722 7.
1562 1673 1726 1719 Quarto,
1757 1673 1828 1710 ibi:
1857 1674 2029 1721 Amplius
2056 1674 2090 1710 si
2115 1675 2277 1722 definitio
2310 1675 2478 1711 substan-

1411 1727 1485 1763 tiae
1513 1735 1595 1772 etc.‚
1622 1726 1784 1764 ostendit
1810 1726 1912 1763 idem
1931 1740 2000 1776 per
2019 1727 2215 1773 rationem,
2237 1727 2323 1776 quia
2345 1727 2477 1764 defini-

1410 1780 1462 1817 tio
1484 1788 1539 1817 est
1557 1780 1763 1817 notificatio
1788 1781 2033 1817 substantiae:
2059 1788 2140 1817 tum
2160 1781 2248 1828 quia
2271 1780 2477 1817 substantia

1410 1834 1663 1882 principaliter
1696 1833 1882 1880 definitur,
1899 1834 2074 1871 accidens
2101 1846 2195 1871 vero
2218 1835 2236 1855 '¹‘
2255 1846 2324 1882 per
2350 1841 2475 1882 poste-

1411 1887 1498 1933 rius,
1513 1887 1732 1924 definitione
1753 1899 1850 1935 quae
1872 1895 1927 1924 est
1945 1900 2014 1936 per
2033 1887 2344 1933 additamentum,
2356 1894 2396 1923 ut
2410 1887 2475 1923 ha·
2501 1899 2512 1911 ⁸

1410 1942 1550 1978 betur*
1565 1941 1603 1977 in
1617 1942 1685 1978 VII
1701 1941 1937 1989 Metaph.**;
1958 1949 2040 1977 tum
2060 1941 2173 1977 etiam
2193 1941 2281 1989 quia
2300 1940 2475 1977 accidens

1410 2007 1488 2031 non
1503 1995 1692 2041 definitur,
1705 1994 1774 2031 nisi
1786 2001 1972 2042 quatenus
1988 1994 2217 2042 significatur
2231 2007 2299 2043 per
2313 1994 2474 2031 modurn

1410 2048 1639 2085 substantiae
1666 2060 1736 2097 per
1760 2048 1914 2096 aliquod
1941 2059 2095 2084 nomen.
2127 2048 2234 2084 Haec
2266 2054 2392 2084 autern
2427 2046 2473 2083 de

1410 2198 1435 2222 in
1454 2197 1474 2222 11
1488 2198 1604 2227 Poster.,
1626 2206 1681 2230 cap.
1696 2206 1727 2228 11,
1747 2198 1763 2230 ξ
1781 2198 1859 2223 Circa
1872 2198 1991 2230 primam
2014 2198 2144 2223 rationem
2164 2203 2227 2229 etc.‚
2245 2199 2290 2223 fol.
2305 2207 2352 2232 77,
2372 2200 2421 2224 col.
2437 2198 2473 2234 2).

1410 2233 1475 2257 Hinc
1490 2233 1553 2258 infra
1573 2242 1598 2258 n.
1617 2241 1625 2257 1
1635 2241 1655 2264 t,
1671 2233 1731 2266 quia
1745 2232 1857 2257 definitio
1872 2233 2012 2258 formaliter
2026 2234 2153 2265 accipitur,
2168 2239 2275 2266 negatur
2289 2235 2313 2259 in
2328 2234 2473 2260 definitione

1410 2269 1505 2301 aliquid
1524 2269 1663 2301 praedicari
1684 2269 1715 2293 de
1734 2269 1834 2301 aliquo;
1853 2274 1878 2293 et
1897 2278 1921 2293 n.
1937 2268 1952 2293 6
1973 2269 2062 2293 dicitur
2079 2269 2150 2301 quod
2169 2269 2281 2294 definitio
2299 2278 2351 2294 non
2370 2275 2410 2295 est
2428 2278 2472 2295 eo-

1409 2312 1468 2328 rum
1483 2312 1550 2336 quae
1566 2312 1611 2336 per
1626 2312 1654 2328 se
1669 2305 1764 2335 insunt,
1779 2312 1826 2329 seu
1840 2312 1906 2336 quae
1925 2312 1971 2337 per
1990 2312 2019 2328 se
2038 2305 2223 2336 praedicantur.

1462 2338 1491 2373 λ)
1511 2340 1603 2372 Neque
1621 2340 1740 2372 definitio
1759 2340 1838 2364 etiam
1859 2345 1907 2364 etc.
1922 2353 1941 2359 —-
1955 2340 2037 2364 Codd.
2052 2340 2112 2364 BO:
2133 2347 2214 2372 neque
2238 2340 2318 2365 etiam
2338 2341 2456 2374 definitio
2462 2349 2472 2372 ;

1409 2375 1434 2399 H
1452 2383 1505 2399 om.
1519 2375 1646 2408 definitio.
1662 2389 1681 2395 -
1696 2375 1741 2399 FI:
1768 2375 1819 2408 def.
1835 2378 1925 2407 potest
1943 2382 1998 2400 esse
2016 2375 2110 2404 etiam,-
2129 2375 2152 2400 G
2171 2384 2224 2401 om.
2238 2376 2393 2400 omnium.—
2405 2376 2472 2401 Infra

1409 2410 1433 2435 G
1451 2419 1505 2435 om.
1521 2414 1575 2435 tres
1594 2415 1652 2435 ante
1670 2411 1805 2443 angulos,·'
1816 2410 2023 2440 ADEKLNQST
2041 2418 2094 2435 orn.
2109 2412 2258 2443 angulos.-
2269 2412 2310 2436 Ad
2327 2412 2407 2436 verba
2420 2419 2472 2443 per

1408 2446 1578 2479 syllogismos
1596 2446 1786 2479 affirmativos,
1806 2446 1832 2470 in
1846 2446 1904 2470 cod.
1918 2446 1939 2470 C
1953 2447 2089 2479 apponitur
2107 2447 2207 2471 notula:
2221 2446 2391 2480 syllogismos
2412 2447 2470 2472 uni-

1409 2482 1532 2506 versales.

1462 2515 1490 2551 μ)
1506 2517 1566 2542 Νοη
1580 2517 1649 2541 enim
1665 2521 1712 2541 etc.
1722 2532 1741 2536 —
1750 2517 1784 2541 C:
1798 2520 1961 2550 cognoscunt
1970 2517 2115 2549 principia,
2126 2518 2227 2546 sciunt;
2240 2518 2333 2542 AFGI:
2348 2517 2398 2542 scit
2412 2525 2470 2543 eam

1407 2553 1520 2577 conclus.
1527 2559 1535 2580 ,·
1557 2559 1615 2577 eam
1635 2558 1724 2584 posset
1743 2560 1802 2577 esse
1821 2553 1952 2584 corruptio
1970 2560 2017 2584 pro
2042 2560 2073 2577 ea
2092 2553 2131 2581 in,
2157 2553 2228 2585 quod
2246 2553 2342 2578 habent
2360 2553 2470 2584 HMNT;

1407 2587 1472 2612 BCL
1493 2593 1518 2612 et
1537 2595 1558 2612 s.
1574 2596 1608 2612 m.
1623 2588 1684 2612 DK:
1704 2595 1735 2613 ea
1754 2588 1792 2612 ad
1809 2588 1923 2613 conclus.
1943 2588 2014 2618 Quas
2034 2588 2156 2612 lectiones
2176 2589 2292 2612 nonnulli
2311 2589 2352 2613 alii
2369 2589 2469 2613 codices

1407 2623 1530 2647 indicant:
1550 2631 1610 2647 nam
1630 2623 1695 2648 Eos
1720 2628 1745 2647 et
1764 2632 1789 2656 p.
1809 2631 1844 2648 m.
1859 2623 1919 2647 DK:
1943 2623 1994 2647 scit
2017 2630 2048 2647 ea
2073 2624 2168 2652 concl.‚·
2192 2623 2228 2653 Q:
2247 2624 2296 2648 scit
2320 2624 2410 2648 eadem
2433 2624 2470 2649 ad

1406 2659 1659 2684 concl.-Deducere
1673 2659 1723 2691 leg.
1734 2666 1826 2683 omnes
1845 2659 1928 2689 codd.;
1946 2659 1977 2683 P:
1997 2659 2046 2683 scit
2061 2659 2251 2683 conclusionem
2267 2659 2397 2685 inducere.

1460 2693 1484 2728 ν)
1504 2694 1564 2718 Νοη
1585 2694 1656 2726 quod
1668 2694 1832 2719 etc.-Verba
1850 2701 1901 2718 non
1922 2694 1993 2726 quod
2012 2699 2069 2724 etc.‚
2088 2702 2173 2726 usque
2186 2695 2218 2718 ad
2234 2695 2323 2719 insunt
2337 2695 2468 2725 inclusive,

1406 2737 1459 2754 om.
1478 2730 1533 2754 BH.
1549 2730 1620 2754 Loco
1635 2737 1686 2754 non
1701 2729 1772 2762 quod
1785 2729 1881 2754 habent
1896 2729 1929 2753 C:
1950 2737 2001 2754 non
2018 2730 2157 2761 quoniam,·
2176 2730 2219 2754 FI:
2235 2729 2269 2754 nst
2285 2730 2380 2763 (num)
2396 2731 2467 2763 quid,

1407 2765 1486 2790 forte:
1506 2773 1558 2790 non
1578 2765 1660 2798 quod,
1675 2770 1704 2789 ut
1722 2765 1799 2789 habet
1817 2773 1838 2789 s.
1854 2773 1889 2789 m.
1903 2765 1938 2795 D3
1957 2765 2069 2789 ELMNS
2089 2770 2114 2789 et
2131 2773 2156 2796 p.
2171 2773 2206 2789 m.
2222 2765 2305 2789 ADK:
2326 2773 2376 2790 non
2392 2766 2469 2799 quim·

1407 2801 1428 2825 Α
1444 2808 1465 2825 s.
1479 2809 1524 2825 m.:
1540 2808 1591 2825 non
1607 2800 1669 2833 quin
1680 2807 1745 2832 per-5
1759 2800 1783 2825 G
1797 2808 1822 2832 p.
1833 2808 1877 2825 m.:
1893 2808 1944 2825 non
1959 2807 2012 2831 per
2031 2798 2077 2833 (?);
2092 2808 2113 2824 s.
2128 2808 2172 2824 m.:
2186 2807 2237 2824 non
2251 2804 2338 2825 autem
2354 2809 2406 2832 per
2420 2800 2464 2834 (?);

1407 2835 1443 2866 Q:
1459 2843 1510 2861 non
1526 2836 1611 2866 enim5
1624 2836 1660 2860 T:
1676 2836 1853 2860 nam-Maior
1866 2836 1942 2867 igitur
1956 2836 2029 2859 codd.
2045 2843 2168 2860 numerus
2182 2835 2259 2860 habet
2272 2837 2468 2868 negationem.—

1405 2872 1472 2896 Infra
1491 2872 1566 2896 codd.
1587 2877 1612 2896 et
1631 2872 1672 2896 ed.
1690 2879 1721 2896 a:
1740 2871 1787 2896 sed
1805 2871 1867 2903 quia
1887 2871 1936 2903 (E,
1953 2871 2000 2895 sed
2013 2878 2078 2902 per,·
2097 2871 2139 2901 GI,
2158 2871 2205 2895 sed
2223 2872 2319 2903 quare)
2339 2872 2394 2896 eius
2417 2877 2465 2896 etc.

1407 2907 1480 2937 Quae
1499 2907 1575 2931 lectio
1594 2907 1752 2932 connectitur
1767 2906 1922 2930 variantibus
1946 2906 2106 2935 lectionibus,
2124 2914 2188 2938 quas
2204 2907 2358 2931 notavimus.
2374 2907 2411 2931 De
2425 2907 2464 2931 his

1406 2943 1437 2967 cf.
1452 2951 1519 2975 quae
1539 2951 1597 2967 cum
1613 2943 1751 2967 Aristotele
1766 2950 1787 2966 s.
1797 2942 1847 2966 Th.
1858 2942 1959 2966 disserit
1978 2942 2002 2965 in
2022 2941 2062 2965 cit.
2078 2941 2120 2965 lib.
2135 2941 2180 2965 VII
2190 2941 2350 2975 Aletaphys„
2364 2942 2421 2966 lect.
2436 2950 2465 2967 111

1406 2983 1431 3002 et
1450 2986 1524 3011 seqq.
1536 2978 1583 3002 -P
1609 2979 1666 3002 loco
1690 2985 1741 3002 non
1761 2977 1843 3009 quod,
1867 2977 1945 3001 habet
1967 2977 2104 3009 quoniam,
2124 2982 2149 3000 et
2167 2977 2225 3000 loco
2243 2977 2290 3001 sed
2307 2977 2370 3009 quia
2388 2977 2466 3002 habet

1404 3021 1495 3045 quare.
1515 3013 1615 3043 Quibus
1635 3013 1739 3045 positis,
1759 3013 1833 3037 lectio
1852 3012 1871 3036 P
1891 3012 2004 3036 intricata
2023 3017 2075 3041 est,
2096 3012 2117 3036 si
2136 3016 2222 3036 tamen
2241 3012 2274 3036 sit
2291 3012 2464 3045 intelligibilis.

1404 3049 1462 3073 Duo
1479 3049 1546 3073 enim
1566 3049 1591 3073 in
1606 3049 1778 3073 accidentibus
1798 3055 1864 3080 quae
1878 3056 1924 3080 per
1938 3055 1966 3072 se
1980 3048 2020 3071 vel
2036 3055 2080 3079 per
2095 3047 2211 3071 accidens
2225 3047 2319 3078 insunt,
2335 3048 2465 3080 distinguit

1405 3092 1427 3108 s.
1440 3084 1564 3108 Thomas.
1579 3084 1666 3109 Unum
1679 3089 1718 3108 est
1732 3084 1795 3108 ratio
1815 3083 1959 3113 accidentis,
1975 3083 2013 3107 cui
2029 3090 2060 3106 eo
2074 3083 2151 3106 modo
2171 3090 2224 3114 quo
2242 3082 2289 3114 ipsi
2304 3088 2388 3115 potest
2403 3091 2464 3107 con-

1403 3120 1491 3144 venire
1511 3120 1582 3151 quod
1597 3119 1667 3151 quid,
1683 3119 1802 3143 convenit
1820 3119 1895 3143 etiam
1911 3119 1996 3150 aliqua
2011 3117 2136 3142 definitio:
2156 3123 2180 3141 et
2195 3117 2243 3142 hoc
2258 3123 2296 3142 est
2311 3118 2380 3150 quod
2395 3118 2462 3148 dicit,

1404 3162 1455 3179 non
1480 3154 1552 3187 quod
1570 3159 1616 3178 etc.
1636 3155 1753 3178 Alterum
1773 3159 1813 3178 est
1830 3150 1860 3178 τὸ
1882 3154 1964 3178 inesse
1978 3160 2030 3185 per
2047 3160 2075 3177 se
2092 3154 2132 3177 vel
2152 3160 2203 3184 per
2222 3153 2343 3177 accidens
2368 3152 2463 3186 (quarn

1403 3190 1509 3222 quidem
1528 3190 1653 3213 rationem
1673 3189 1820 3213 inhaerendi
1835 3189 1952 3213 subiecto
1971 3189 2099 3212 concludit
2113 3188 2308 3221 syllogismus):
2327 3193 2353 3212 et
2367 3189 2399 3213 de
2412 3189 2462 3213 hoc

1403 3225 1463 3249 dicit
1481 3225 1551 3257 quod
1571 3225 1658 3249 nullus
1677 3231 1790 3256 unquam
1810 3224 1884 3248 dedit
1903 3224 2078 3257 definitIOnem
2099 3223 2169 3255 (quia
2183 3228 2222 3247 est
2235 3223 2329 3256 aliquid
2349 3225 2462 3256 comple-

1403 3267 1478 3291 xum;
1499 3260 1631 3291 complexa
1656 3264 1741 3283 autem
1761 3267 1812 3283 non
1832 3258 1999 3289 definiuntur,
2018 3264 2048 3283 ut
2066 3258 2160 3282 dictum
2184 3263 2224 3283 est
2242 3258 2266 3283 in
2285 3259 2368 3291 primo
2388 3259 2461 3290 libro,

1402 3296 1460 3320 lect.
1470 3303 1497 3325 n,
1511 3303 1536 3319 n.
1549 3294 1572 3324 3,
1584 3300 1609 3319 et
1620 3299 1672 3318 not.
1685 3295 1720 3327 γ).
1735 3295 1823 3318 Lectio
1838 3294 1921 3327 igitur,
1936 3302 2014 3327 quam
2030 3293 2172 3318 sufficimus
2187 3294 2287 3324 Pianae,
2302 3302 2316 3318 a
2331 3294 2460 3319 codicibus

1401 3330 1516 3360 traditur,
1532 3338 1546 3354 a
1561 3338 1639 3354 sensu
1657 3330 1809 3362 postulatur,
1825 3335 1850 3353 et
1868 3329 1898 3354 iis
1918 3337 1984 3362 quae
2003 3329 2028 3353 in
2048 3329 2088 3353 cit.
2103 3330 2151 3353 loc.
2166 3329 2318 3362 Metaphys.
2337 3329 2462 3354 habentur

1402 3365 1541 3390 conformis
1561 3370 1609 3390 est.
1634 3365 1708 3389 Adde
1727 3364 1890 3389 Dominicum
1905 3373 1919 3389 a
1933 3364 2065 3394 Flandria,
2091 3364 2134 3396 qui
2160 3365 2185 3388 in
2204 3364 2223 3388 11
2242 3365 2353 3393 Foster„
2374 3372 2419 3397 qu.
2433 3372 2461 3396 11,

1401 3401 1471 3425 artic.
1491 3409 1514 3431 1,
1534 3401 1580 3425 ait:
1602 3410 1614 3422 α
1627 3400 1818 3424 Demonstratio
1842 3400 1971 3424 concludit
1990 3400 2084 3432 aliquid
2104 3399 2174 3423 alteri
2198 3400 2284 3424 inesse
2307 3407 2354 3432 per
2372 3407 2413 3430 se,
2433 3404 2463 3424 ut

1403 3447 1414 3458 »
1436 3437 1461 3460 in
1479 3437 1563 3468 primo
1583 3435 1629 3467 (cf.
1645 3435 1688 3459 lib.
1703 3435 1725 3465 I,
1745 3435 1865 3467 lect.xtv)
1886 3435 2041 3459 declaratum
2061 3439 2112 3464 est;
2133 3435 2178 3459 sed
2198 3435 2253 3459 eius
2272 3435 2342 3467 quod
2362 3440 2402 3459 est
2415 3443 2462 3468 per

1402 3482 1414 3494 »
1436 3479 1464 3495 se
1483 3479 1617 3503 nunquam
1642 3471 1711 3495 dedit
1733 3470 1825 3503 aliquis
1850 3469 2064 3494 definitionem...
2091 3470 2162 3494 Licet
2180 3470 2347 3494 accidentium
2367 3472 2417 3502 per'
2432 3478 2461 3495 se

1403 3517 1414 3529 »
1436 3506 1469 3530 sit
1487 3505 1613 3535 definitio,
1633 3511 1719 3530 tamen
1733 3506 1787 3530 eius
1802 3506 1873 3538 quod
1892 3510 1932 3530 est
1951 3505 2036 3529 inesse
2056 3512 2103 3537 per
2121 3513 2150 3529 se
2169 3505 2256 3537 (quod
2275 3505 2461 3530 demonstratio

1402 3553 1414 3564 »
1436 3542 1595 3574 concludit),
1615 3549 1674 3566 cum
1690 3541 1723 3565 sit
1737 3542 1908 3574 complexum,
1928 3548 2058 3573 nunquam
2079 3540 2170 3572 aliquis
2190 3541 2258 3565 dedit
2277 3540 2459 3572 definitionem,

1402 3588 1414 3599 a>
1436 3583 1463 3601 ut
1485 3577 1526 3602 hic
1546 3577 1648 3601 deducit
1672 3577 1768 3601 Doctor
1792 3581 1929 3601 sanctus.»
1951 3576 2023 3606 Quae
2042 3581 2081 3601 est
2099 3576 2174 3600 lectio
2194 3576 2333 3601 conformis
2358 3576 2461 3601 lectioni

1399 3618 1511 3638 nostrae-

2516 462 2717 494 'Codd.(excfflor)
2722 474 2729 487 τ

2515 495 2598 511 omnis.

2514 623 2522 631 ·
2532 628 2577 643 ιιι-ιε
2592 623 2710 651 Sequitur.

2514 676 2523 684 '
2533 675 2616 701 Codd.,
2626 682 2675 698 exc.
2686 683 2722 698 ο.-

2513 707 2536 722 r:
2549 707 2639 728 (Ὄννης
2647 709 2667 724 o:
2680 704 2724 725 Ιια-

2513 733 2571 749 rum.

2511 754 2522 765 ⁴
2531 754 2618 776 Codd.·
2626 762 2666 777 ra:
2677 756 2722 778 ali-

2512 781 2581 808 quod.

2507 1208 2517 1220 “
2536 1208 2610 1231 Codd.
2620 1216 2661 1232 -r:
2682 1211 2717 1232 de-

2506 1234 2529 1246 ⁴⁸⁸
2541 1235 2604 1257 Lect.
2619 1243 2664 1258 nv.

2605 1370 2617 1386 ν

2507 1419 2517 1430 ⁸
2531 1419 2578 1441 Per
2595 1426 2623 1442 ex
2636 1421 2705 1443 codd.

2506 1529 2586 1564 ἴξιιμι
2592 1531 2661 1556 patet
2673 1530 2718 1552 VII.

2506 1555 2716 1611 1..5‘,'.:¹?.¹¹32·d⁵.·1l.l:

2506 1608 2576 1635 libs-1,
2585 1610 2716 1636 cap.1v,n.8.

2501 1846 2513 1857 ⁴
2528 1846 2602 1868 Codd.
2612 1858 2622 1863 -
2633 1853 2657 1868 P:
2671 1853 2716 1869 au-

2502 1874 2554 1894 tem.

2534 1906 2558 1921 a:
2580 1900 2715 1931 dieitur-nr·-

2502 1932 2524 1947 οι
2540 1933 2588 1948 orn.
2608 1933 2639 1948 m.

2502 1954 2522 1962 '¹
2534 1953 2626 1975 Comm.
2641 1960 2661 1975 s.
2669 1953 2714 1975 Th.

2501 1979 2552 2000 lect.
2569 1986 2591 2000 ln
2607 1984 2627 2001 et
2647 1987 2678 2002 ιν.
2693 1992 2709 1996 -

2502 2006 2544 2027 Ed,
2560 2006 2611 2028 Did.
2628 2007 2667 2028 lib.
2680 2014 2712 2034 vt,

2502 2038 2553 2059 cap.
2563 2039 2592 2060 1v,
2603 2039 2642 2055 nn.
2654 2033 2676 2060 6,
2689 2034 2711 2062 8,

2501 2065 2568 2086 seqq.
