<?xml version="1.0" encoding="UTF-8"?>
<!DOCTYPE html PUBLIC "-//W3C//DTD XHTML 1.0 Transitional//EN"
    "http://www.w3.org/TR/xhtml1/DTD/xhtml1-transitional.dtd">
<html xmlns="http://www.w3.org/1999/xhtml" xml:lang="en" lang="en">
 <head>
  <title>
</title>
<meta http-equiv="Content-Type" content="text/html;charset=utf-8" />
  <meta name='ocr-system' content='tesseract 3.04.00' />
  <meta name='ocr-capabilities' content='ocr_page ocr_carea ocr_par ocr_line ocrx_word'/>
</head>
<body>
  <div class='ocr_page' id='page_1' title='image "./operaomniaiussui01thom/operaomniaiussui01thom_0186.png"; bbox 0 0 2548 4192; ppageno 0'>
   <div class='ocr_carea' id='block_1_1' title="bbox 181 261 286 288">
    <p class='ocr_par' dir='ltr' id='par_1_1' title="bbox 181 261 286 288">
     <span class='ocr_line' id='line_1_1' title="bbox 181 261 286 288; baseline -0.029 0"><span class='ocrx_word' id='word_1_1' title='bbox 181 261 286 288; x_wconf 86' lang='lat' dir='ltr'><em>CLXIV</em></span> 
     </span>
    </p>
   </div>
   <div class='ocr_carea' id='block_1_2' title="bbox 171 326 1250 1384">
    <p class='ocr_par' dir='ltr' id='par_1_2' title="bbox 171 326 1250 1031">
     <span class='ocr_line' id='line_1_2' title="bbox 180 326 1250 370; baseline -0.002 -9"><span class='ocrx_word' id='word_1_2' title='bbox 180 332 227 361; x_wconf 87' lang='lat' dir='ltr'><em>sic</em></span> <span class='ocrx_word' id='word_1_3' title='bbox 250 330 441 360; x_wconf 88' lang='lat' dir='ltr'><em>mirabiliter</em></span> <span class='ocrx_word' id='word_1_4' title='bbox 464 330 496 359; x_wconf 90' lang='lat' dir='ltr'><em>in</em></span> <span class='ocrx_word' id='word_1_5' title='bbox 519 329 653 359; x_wconf 89' lang='lat' dir='ltr'><em>scientia</em></span> <span class='ocrx_word' id='word_1_6' title='bbox 677 335 708 359; x_wconf 86' lang='lat' dir='ltr'><em>et</em></span> <span class='ocrx_word' id='word_1_7' title='bbox 731 330 796 359; x_wconf 88' lang='lat' dir='ltr'><em>vita</em></span> <span class='ocrx_word' id='word_1_8' title='bbox 814 330 988 370; x_wconf 77' lang='lat' dir='ltr'><em>proficeret</em></span> <span class='ocrx_word' id='word_1_9' title='bbox 1011 326 1127 370; x_wconf 88' lang='lat' dir='ltr'><em>(sacras</em></span> <span class='ocrx_word' id='word_1_10' title='bbox 1151 328 1250 359; x_wconf 91' lang='lat' dir='ltr'><em>Colo-</em></span> 
     </span>
     <span class='ocr_line' id='line_1_3' title="bbox 181 371 1249 415; baseline -0.002 -10"><span class='ocrx_word' id='word_1_11' title='bbox 181 375 251 405; x_wconf 90' lang='lat' dir='ltr'><em>niae</em></span> <span class='ocrx_word' id='word_1_12' title='bbox 283 374 399 405; x_wconf 87' lang='lat' dir='ltr'>litteras</span> <span class='ocrx_word' id='word_1_13' title='bbox 432 371 603 415; x_wconf 89' lang='lat' dir='ltr'><em>tradendo)</em></span> <span class='ocrx_word' id='word_1_14' title='bbox 635 378 666 403; x_wconf 86' lang='lat' dir='ltr'><em>et</em></span> <span class='ocrx_word' id='word_1_15' title='bbox 693 375 850 414; x_wconf 85' lang='lat' dir='ltr'><em>magistro</em></span> <span class='ocrx_word' id='word_1_16' title='bbox 877 374 1006 403; x_wconf 84' lang='lat' dir='ltr'><em>Alberto</em></span> <span class='ocrx_word' id='word_1_17' title='bbox 1036 382 1077 401; x_wconf 89' lang='lat' dir='ltr'><em>ex</em></span> <span class='ocrx_word' id='word_1_18' title='bbox 1105 374 1249 403; x_wconf 85' lang='lat' dir='ltr'><em>commis-</em></span> 
     </span>
     <span class='ocr_line' id='line_1_4' title="bbox 180 415 1249 459; baseline -0.003 -9"><span class='ocrx_word' id='word_1_19' title='bbox 180 421 269 451; x_wconf 83' lang='lat' dir='ltr'><em>sione</em></span> <span class='ocrx_word' id='word_1_20' title='bbox 291 419 330 449; x_wconf 93' lang='lat' dir='ltr'><em>R.</em></span> <span class='ocrx_word' id='word_1_21' title='bbox 350 419 385 449; x_wconf 89' lang='lat' dir='ltr'><em>P.</em></span> <span class='ocrx_word' id='word_1_22' title='bbox 404 418 441 448; x_wconf 88' lang='lat' dir='ltr'><em>F.</em></span> <span class='ocrx_word' id='word_1_23' title='bbox 466 417 599 447; x_wconf 87' lang='lat' dir='ltr'><em>Ioannis</em></span> <span class='ocrx_word' id='word_1_24' title='bbox 622 415 844 459; x_wconf 89' lang='lat' dir='ltr'><em>(Theutonici)</em></span> <span class='ocrx_word' id='word_1_25' title='bbox 868 417 1024 457; x_wconf 80' lang='lat' dir='ltr'><em>Magistri</em></span> <span class='ocrx_word' id='word_1_26' title='bbox 1046 415 1178 447; x_wconf 86' lang='lat' dir='ltr'><em>Ordinis</em></span> <span class='ocrx_word' id='word_1_27' title='bbox 1202 418 1249 447; x_wconf 93' lang='lat' dir='ltr'><em>in-</em></span> 
     </span>
     <span class='ocr_line' id='line_1_5' title="bbox 181 461 1250 500; baseline -0.004 -5"><span class='ocrx_word' id='word_1_28' title='bbox 181 464 357 500; x_wconf 88' lang='lat' dir='ltr'><em>cumberet,</em></span> <span class='ocrx_word' id='word_1_29' title='bbox 392 468 427 493; x_wconf 86' lang='lat' dir='ltr'><em>ut</em></span> <span class='ocrx_word' id='word_1_30' title='bbox 454 462 630 492; x_wconf 87' lang='lat' dir='ltr'><em>Parisiensi</em></span> <span class='ocrx_word' id='word_1_31' title='bbox 657 461 762 491; x_wconf 87' lang='lat' dir='ltr'><em>studio</em></span> <span class='ocrx_word' id='word_1_32' title='bbox 791 461 831 491; x_wconf 83' lang='lat' dir='ltr'><em>de</em></span> <span class='ocrx_word' id='word_1_33' title='bbox 861 461 1021 491; x_wconf 89' lang='lat' dir='ltr'><em>bacelario</em></span> <span class='ocrx_word' id='word_1_34' title='bbox 1046 461 1250 499; x_wconf 77' lang='lat' dir='ltr'><em>provideret:</em></span> 
     </span>
     <span class='ocr_line' id='line_1_6' title="bbox 181 503 1250 549; baseline -0.003 -11"><span class='ocrx_word' id='word_1_35' title='bbox 181 509 338 549; x_wconf 84' lang='lat' dir='ltr'><em>magister</em></span> <span class='ocrx_word' id='word_1_36' title='bbox 362 506 523 547; x_wconf 83' lang='lat' dir='ltr'><em>praedicti</em></span> <span class='ocrx_word' id='word_1_37' title='bbox 551 506 603 535; x_wconf 89' lang='lat' dir='ltr'><em>sui</em></span> <span class='ocrx_word' id='word_1_38' title='bbox 631 505 779 544; x_wconf 82' lang='lat' dir='ltr'><em>discipuli</em></span> <span class='ocrx_word' id='word_1_39' title='bbox 809 503 1007 546; x_wconf 90' lang='lat' dir='ltr'><em>(Aquinatis,</em></span> <span class='ocrx_word' id='word_1_40' title='bbox 1032 503 1088 543; x_wconf 94' lang='lat' dir='ltr'><em>qui</em></span> <span class='ocrx_word' id='word_1_41' title='bbox 1118 515 1250 535; x_wconf 89' lang='lat' dir='ltr'><em>munere</em></span> 
     </span>
     <span class='ocr_line' id='line_1_7' title="bbox 182 548 1248 589; baseline -0.004 -6"><span class='ocrx_word' id='word_1_42' title='bbox 182 551 357 583; x_wconf 83' lang='lat' dir='ltr'><em>secundarii</em></span> <span class='ocrx_word' id='word_1_43' title='bbox 393 551 451 580; x_wconf 90' lang='lat' dir='ltr'><em>sub</em></span> <span class='ocrx_word' id='word_1_44' title='bbox 489 549 560 589; x_wconf 91' lang='lat' dir='ltr'><em>ipso</em></span> <span class='ocrx_word' id='word_1_45' title='bbox 591 549 624 578; x_wconf 92' lang='lat' dir='ltr'><em>in</em></span> <span class='ocrx_word' id='word_1_46' title='bbox 654 548 821 588; x_wconf 87' lang='lat' dir='ltr'><em>gymnasio</em></span> <span class='ocrx_word' id='word_1_47' title='bbox 851 548 1039 579; x_wconf 87' lang='lat' dir='ltr'><em>Coloniensi</em></span> <span class='ocrx_word' id='word_1_48' title='bbox 1067 548 1248 588; x_wconf 81' lang='lat' dir='ltr'><em>theologiae</em></span> 
     </span>
     <span class='ocr_line' id='line_1_8' title="bbox 181 592 1249 635; baseline -0.005 -8"><span class='ocrx_word' id='word_1_49' title='bbox 181 596 306 627; x_wconf 90' lang='lat' dir='ltr'><em>lectoris</em></span> <span class='ocrx_word' id='word_1_50' title='bbox 335 592 536 635; x_wconf 88' lang='lat' dir='ltr'><em>fungebatur)</em></span> <span class='ocrx_word' id='word_1_51' title='bbox 559 593 756 632; x_wconf 81' lang='lat' dir='ltr'><em>praevidens</em></span> <span class='ocrx_word' id='word_1_52' title='bbox 784 593 919 623; x_wconf 85' lang='lat' dir='ltr'><em>velocem</em></span> <span class='ocrx_word' id='word_1_53' title='bbox 950 594 982 622; x_wconf 90' lang='lat' dir='ltr'><em>in</em></span> <span class='ocrx_word' id='word_1_54' title='bbox 1006 593 1153 624; x_wconf 85' lang='lat' dir='ltr'><em>doctrina</em></span> <span class='ocrx_word' id='word_1_55' title='bbox 1171 603 1249 632; x_wconf 86' lang='lat' dir='ltr'><em>pro-</em></span> 
     </span>
     <span class='ocr_line' id='line_1_9' title="bbox 171 636 1248 682; baseline -0.005 -11"><span class='ocrx_word' id='word_1_56' title='bbox 171 641 318 682; x_wconf 86' lang='lat' dir='ltr'><em>fectum,</em></span> <span class='ocrx_word' id='word_1_57' title='bbox 342 639 445 669; x_wconf 85' lang='lat' dir='ltr'><em>suasit</em></span> <span class='ocrx_word' id='word_1_58' title='bbox 468 647 532 677; x_wconf 81' lang='lat' dir='ltr'><em>per</em></span> <span class='ocrx_word' id='word_1_59' title='bbox 559 637 685 666; x_wconf 83' lang='lat' dir='ltr'><em>litteras</em></span> <span class='ocrx_word' id='word_1_60' title='bbox 707 637 871 676; x_wconf 80' lang='lat' dir='ltr'><em>Magistro</em></span> <span class='ocrx_word' id='word_1_61' title='bbox 898 636 1046 674; x_wconf 86' lang='lat' dir='ltr'><em>Ordinis,</em></span> <span class='ocrx_word' id='word_1_62' title='bbox 1068 642 1103 667; x_wconf 90' lang='lat' dir='ltr'><em>ut</em></span> <span class='ocrx_word' id='word_1_63' title='bbox 1130 637 1248 667; x_wconf 86' lang='lat' dir='ltr'><em>dictum</em></span> 
     </span>
     <span class='ocr_line' id='line_1_10' title="bbox 174 680 1249 726; baseline -0.005 -11"><span class='ocrx_word' id='word_1_64' title='bbox 174 685 320 726; x_wconf 83' lang='lat' dir='ltr'><em>fratrem</em></span> <span class='ocrx_word' id='word_1_65' title='bbox 350 683 499 712; x_wconf 86' lang='lat' dir='ltr'><em>Thomam</em></span> <span class='ocrx_word' id='word_1_66' title='bbox 523 681 666 711; x_wconf 84' lang='lat' dir='ltr'><em>Parisios</em></span> <span class='ocrx_word' id='word_1_67' title='bbox 689 681 835 711; x_wconf 88' lang='lat' dir='ltr'><em>mitteret.</em></span> <span class='ocrx_word' id='word_1_68' title='bbox 872 680 974 717; x_wconf 87' lang='lat' dir='ltr'><em>Quem</em></span> <span class='ocrx_word' id='word_1_69' title='bbox 1005 690 1077 711; x_wconf 88' lang='lat' dir='ltr'><em>cum</em></span> <span class='ocrx_word' id='word_1_70' title='bbox 1104 690 1168 710; x_wconf 89' lang='lat' dir='ltr'><em>non</em></span> <span class='ocrx_word' id='word_1_71' title='bbox 1191 681 1249 710; x_wconf 91' lang='lat' dir='ltr'><em>du-</em></span> 
     </span>
     <span class='ocr_line' id='line_1_11' title="bbox 182 724 1249 766; baseline -0.004 -7"><span class='ocrx_word' id='word_1_72' title='bbox 182 733 268 760; x_wconf 87' lang='lat' dir='ltr'><em>ceret</em></span> <span class='ocrx_word' id='word_1_73' title='bbox 285 726 525 766; x_wconf 86' lang='lat' dir='ltr'><em>acceptandum,</em></span> <span class='ocrx_word' id='word_1_74' title='bbox 542 725 700 765; x_wconf 84' lang='lat' dir='ltr'><em>ignorans</em></span> <span class='ocrx_word' id='word_1_75' title='bbox 719 725 787 754; x_wconf 89' lang='lat' dir='ltr'><em>eius</em></span> <span class='ocrx_word' id='word_1_76' title='bbox 800 724 1044 765; x_wconf 84' lang='lat' dir='ltr'><em>sufficientiam,</em></span> <span class='ocrx_word' id='word_1_77' title='bbox 1060 734 1159 755; x_wconf 87' lang='lat' dir='ltr'><em>suasu</em></span> <span class='ocrx_word' id='word_1_78' title='bbox 1176 724 1249 755; x_wconf 91' lang='lat' dir='ltr'><em>Hu-</em></span> 
     </span>
     <span class='ocr_line' id='line_1_12' title="bbox 180 767 1246 813; baseline -0.003 -11"><span class='ocrx_word' id='word_1_79' title='bbox 180 773 277 813; x_wconf 82' lang='lat' dir='ltr'><em>gonis</em></span> <span class='ocrx_word' id='word_1_80' title='bbox 302 770 498 806; x_wconf 84' lang='lat' dir='ltr'><em>Cardinalis,</em></span> <span class='ocrx_word' id='word_1_81' title='bbox 519 769 572 799; x_wconf 89' lang='lat' dir='ltr'><em>cui</em></span> <span class='ocrx_word' id='word_1_82' title='bbox 595 773 666 798; x_wconf 89' lang='lat' dir='ltr'><em>erat</em></span> <span class='ocrx_word' id='word_1_83' title='bbox 683 767 723 799; x_wconf 87' lang='lat' dir='ltr'><em>de</em></span> <span class='ocrx_word' id='word_1_84' title='bbox 742 769 809 808; x_wconf 84' lang='lat' dir='ltr'><em>ipso</em></span> <span class='ocrx_word' id='word_1_85' title='bbox 827 778 891 808; x_wconf 81' lang='lat' dir='ltr'><em>per</em></span> <span class='ocrx_word' id='word_1_86' title='bbox 913 769 1038 799; x_wconf 86' lang='lat' dir='ltr'><em>litteras</em></span> <span class='ocrx_word' id='word_1_87' title='bbox 1054 770 1246 806; x_wconf 88' lang='lat' dir='ltr'><em>intimatum,</em></span> 
     </span>
     <span class='ocr_line' id='line_1_13' title="bbox 175 813 1248 857; baseline -0.003 -11"><span class='ocrx_word' id='word_1_88' title='bbox 175 815 363 857; x_wconf 81' lang='lat' dir='ltr'><em>praedictus</em></span> <span class='ocrx_word' id='word_1_89' title='bbox 382 814 544 854; x_wconf 84' lang='lat' dir='ltr'><em>Magister</em></span> <span class='ocrx_word' id='word_1_90' title='bbox 566 814 669 853; x_wconf 82' lang='lat' dir='ltr'><em>ipsum</em></span> <span class='ocrx_word' id='word_1_91' title='bbox 689 814 721 843; x_wconf 90' lang='lat' dir='ltr'><em>in</em></span> <span class='ocrx_word' id='word_1_92' title='bbox 738 813 933 843; x_wconf 86' lang='lat' dir='ltr'><em>bacelarium</em></span> <span class='ocrx_word' id='word_1_93' title='bbox 952 813 1166 844; x_wconf 87' lang='lat' dir='ltr'><em>Parisiensem</em></span> <span class='ocrx_word' id='word_1_94' title='bbox 1196 823 1248 843; x_wconf 89' lang='lat' dir='ltr'><em>ac-</em></span> 
     </span>
     <span class='ocr_line' id='line_1_14' title="bbox 181 857 1250 900; baseline -0.003 -10"><span class='ocrx_word' id='word_1_95' title='bbox 181 861 331 900; x_wconf 82' lang='lat' dir='ltr'><em>ceptavit,</em></span> <span class='ocrx_word' id='word_1_96' title='bbox 356 858 497 888; x_wconf 88' lang='lat' dir='ltr'><em>scribens</em></span> <span class='ocrx_word' id='word_1_97' title='bbox 520 858 560 894; x_wconf 87' lang='lat' dir='ltr'><em>ei,</em></span> <span class='ocrx_word' id='word_1_98' title='bbox 580 862 614 887; x_wconf 89' lang='lat' dir='ltr'><em>ut</em></span> <span class='ocrx_word' id='word_1_99' title='bbox 634 859 742 887; x_wconf 88' lang='lat' dir='ltr'><em>statim</em></span> <span class='ocrx_word' id='word_1_100' title='bbox 761 857 905 887; x_wconf 89' lang='lat' dir='ltr'><em>Parisios</em></span> <span class='ocrx_word' id='word_1_101' title='bbox 922 867 957 887; x_wconf 93' lang='lat' dir='ltr'><em>se</em></span> <span class='ocrx_word' id='word_1_102' title='bbox 975 857 1139 898; x_wconf 85' lang='lat' dir='ltr'><em>conferret</em></span> <span class='ocrx_word' id='word_1_103' title='bbox 1158 863 1188 887; x_wconf 90' lang='lat' dir='ltr'><em>et</em></span> <span class='ocrx_word' id='word_1_104' title='bbox 1206 857 1250 887; x_wconf 91' lang='lat' dir='ltr'><em>ad</em></span> 
     </span>
     <span class='ocr_line' id='line_1_15' title="bbox 181 901 1248 945; baseline -0.004 -10"><span class='ocrx_word' id='word_1_105' title='bbox 181 903 351 945; x_wconf 80' lang='lat' dir='ltr'><em>legendum</em></span> <span class='ocrx_word' id='word_1_106' title='bbox 374 902 556 932; x_wconf 82' lang='lat' dir='ltr'><em>Sententias</em></span> <span class='ocrx_word' id='word_1_107' title='bbox 570 911 604 932; x_wconf 94' lang='lat' dir='ltr'><em>se</em></span> <span class='ocrx_word' id='word_1_108' title='bbox 614 907 761 941; x_wconf 80' lang='lat' dir='ltr'><em>pararet.</em></span> <span class='ocrx_word' id='word_1_109' title='bbox 778 901 876 931; x_wconf 85' lang='lat' dir='ltr'><em>Datae</em></span> <span class='ocrx_word' id='word_1_110' title='bbox 895 901 962 931; x_wconf 91' lang='lat' dir='ltr'><em>sine</em></span> <span class='ocrx_word' id='word_1_111' title='bbox 978 902 1076 932; x_wconf 89' lang='lat' dir='ltr'><em>dubio</em></span> <span class='ocrx_word' id='word_1_112' title='bbox 1093 902 1133 932; x_wconf 93' lang='lat' dir='ltr'><em>ad</em></span> <span class='ocrx_word' id='word_1_113' title='bbox 1149 901 1248 942; x_wconf 89' lang='lat' dir='ltr'><em>Aqui-</em></span> 
     </span>
     <span class='ocr_line' id='line_1_16' title="bbox 180 945 1249 987; baseline -0.004 -8"><span class='ocrx_word' id='word_1_114' title='bbox 180 955 287 979; x_wconf 90' lang='lat' dir='ltr'><em>natem</em></span> <span class='ocrx_word' id='word_1_115' title='bbox 315 946 490 987; x_wconf 81' lang='lat' dir='ltr'><em>praedictae</em></span> <span class='ocrx_word' id='word_1_116' title='bbox 519 945 637 976; x_wconf 82' lang='lat' dir='ltr'><em>litterae</em></span> <span class='ocrx_word' id='word_1_117' title='bbox 666 945 795 976; x_wconf 86' lang='lat' dir='ltr'><em>fuerunt</em></span> <span class='ocrx_word' id='word_1_118' title='bbox 817 953 888 976; x_wconf 91' lang='lat' dir='ltr'><em>ante</em></span> <span class='ocrx_word' id='word_1_119' title='bbox 919 946 1004 976; x_wconf 91' lang='lat' dir='ltr'><em>diem</em></span> <span class='ocrx_word' id='word_1_120' title='bbox 1026 955 1049 985; x_wconf 86' lang='lat'>4</span> <span class='ocrx_word' id='word_1_121' title='bbox 1067 945 1249 976; x_wconf 88' lang='lat' dir='ltr'><em>novembris</em></span> 
     </span>
     <span class='ocr_line' id='line_1_17' title="bbox 180 989 1090 1031; baseline -0.002 -8"><span class='ocrx_word' id='word_1_122' title='bbox 180 993 253 1023; x_wconf 91' lang='lat' dir='ltr'><em>anni</em></span> <span class='ocrx_word' id='word_1_123' title='bbox 282 992 375 1029; x_wconf 88' lang='lat'><em>1252,</em></span> <span class='ocrx_word' id='word_1_124' title='bbox 400 1000 463 1031; x_wconf 91' lang='lat' dir='ltr'><em>qua</em></span> <span class='ocrx_word' id='word_1_125' title='bbox 486 989 550 1020; x_wconf 87' lang='lat' dir='ltr'><em>vita</em></span> <span class='ocrx_word' id='word_1_126' title='bbox 573 990 699 1020; x_wconf 84' lang='lat' dir='ltr'><em>mortali</em></span> <span class='ocrx_word' id='word_1_127' title='bbox 724 990 857 1020; x_wconf 86' lang='lat' dir='ltr'><em>Ioannes</em></span> <span class='ocrx_word' id='word_1_128' title='bbox 882 989 1010 1020; x_wconf 91' lang='lat' dir='ltr'><em>functus</em></span> <span class='ocrx_word' id='word_1_129' title='bbox 1034 997 1090 1021; x_wconf 90' lang='lat' dir='ltr'><em>est.</em></span> 
     </span>
    </p>

    <p class='ocr_par' dir='ltr' id='par_1_3' title="bbox 178 1032 1249 1384">
     <span class='ocr_line' id='line_1_18' title="bbox 238 1032 1248 1076; baseline -0.002 -10"><span class='ocrx_word' id='word_1_130' title='bbox 238 1037 345 1076; x_wconf 90' lang='lat' dir='ltr'><em>ltaque</em></span> <span class='ocrx_word' id='word_1_131' title='bbox 360 1044 520 1065; x_wconf 88' lang='lat' dir='ltr'><em>annorum</em></span> <span class='ocrx_word' id='word_1_132' title='bbox 537 1035 792 1075; x_wconf 84' lang='lat' dir='ltr'><em>vigintiquinque</em></span> <span class='ocrx_word' id='word_1_133' title='bbox 806 1039 877 1064; x_wconf 91' lang='lat' dir='ltr'><em>erat</em></span> <span class='ocrx_word' id='word_1_134' title='bbox 891 1032 1082 1076; x_wconf 89' lang='lat' dir='ltr'><em>(Ptolomaei</em></span> <span class='ocrx_word' id='word_1_135' title='bbox 1098 1034 1248 1065; x_wconf 90' lang='lat' dir='ltr'><em>Lucensis</em></span> 
     </span>
     <span class='ocr_line' id='line_1_19' title="bbox 178 1077 1248 1122; baseline -0.003 -11"><span class='ocrx_word' id='word_1_136' title='bbox 178 1081 272 1111; x_wconf 89' lang='lat' dir='ltr'><em>verba</em></span> <span class='ocrx_word' id='word_1_137' title='bbox 295 1077 383 1122; x_wconf 90' lang='lat' dir='ltr'><em>sunt)</em></span> <span class='ocrx_word' id='word_1_138' title='bbox 407 1089 478 1109; x_wconf 88' lang='lat' dir='ltr'><em>cum</em></span> <span class='ocrx_word' id='word_1_139' title='bbox 498 1080 640 1118; x_wconf 86' lang='lat' dir='ltr'><em>primum</em></span> <span class='ocrx_word' id='word_1_140' title='bbox 666 1080 751 1109; x_wconf 90' lang='lat' dir='ltr'><em>venit</em></span> <span class='ocrx_word' id='word_1_141' title='bbox 773 1079 933 1115; x_wconf 86' lang='lat' dir='ltr'><em>Parisios,</em></span> <span class='ocrx_word' id='word_1_142' title='bbox 959 1079 1013 1109; x_wconf 89' lang='lat' dir='ltr'><em>ubi</em></span> <span class='ocrx_word' id='word_1_143' title='bbox 1036 1078 1125 1120; x_wconf 88' lang='lat' dir='ltr'><em>infra</em></span> <span class='ocrx_word' id='word_1_144' title='bbox 1150 1080 1248 1119; x_wconf 82' lang='lat' dir='ltr'><em>trige-</em></span> 
     </span>
     <span class='ocr_line' id='line_1_20' title="bbox 178 1122 1247 1164; baseline -0.003 -8"><span class='ocrx_word' id='word_1_145' title='bbox 178 1127 294 1157; x_wconf 88' lang='lat' dir='ltr'><em>simum</em></span> <span class='ocrx_word' id='word_1_146' title='bbox 318 1133 439 1154; x_wconf 87' lang='lat' dir='ltr'><em>annum</em></span> <span class='ocrx_word' id='word_1_147' title='bbox 464 1123 645 1153; x_wconf 82' lang='lat' dir='ltr'><em>Sententias</em></span> <span class='ocrx_word' id='word_1_148' title='bbox 674 1123 764 1164; x_wconf 80' lang='lat' dir='ltr'><em>legit.</em></span> <span class='ocrx_word' id='word_1_149' title='bbox 797 1122 851 1152; x_wconf 89' lang='lat' dir='ltr'><em>Illa</em></span> <span class='ocrx_word' id='word_1_150' title='bbox 878 1123 989 1160; x_wconf 89' lang='lat' dir='ltr'><em>verba,</em></span> <span class='ocrx_word' id='word_1_151' title='bbox 1013 1133 1084 1153; x_wconf 90' lang='lat' dir='ltr'><em>cum</em></span> <span class='ocrx_word' id='word_1_152' title='bbox 1103 1124 1247 1163; x_wconf 81' lang='lat' dir='ltr'><em>primum</em></span> 
     </span>
     <span class='ocr_line' id='line_1_21' title="bbox 180 1167 1246 1207; baseline -0.003 -7"><span class='ocrx_word' id='word_1_153' title='bbox 180 1170 265 1201; x_wconf 88' lang='lat' dir='ltr'><em>venit</em></span> <span class='ocrx_word' id='word_1_154' title='bbox 291 1169 450 1205; x_wconf 86' lang='lat' dir='ltr'><em>Parisios,</em></span> <span class='ocrx_word' id='word_1_155' title='bbox 484 1177 558 1197; x_wconf 86' lang='lat' dir='ltr'><em>cave</em></span> <span class='ocrx_word' id='word_1_156' title='bbox 587 1176 627 1197; x_wconf 91' lang='lat' dir='ltr'><em>ne</em></span> <span class='ocrx_word' id='word_1_157' title='bbox 663 1167 807 1197; x_wconf 90' lang='lat' dir='ltr'><em>absolute</em></span> <span class='ocrx_word' id='word_1_158' title='bbox 835 1173 866 1197; x_wconf 89' lang='lat' dir='ltr'><em>et</em></span> <span class='ocrx_word' id='word_1_159' title='bbox 896 1167 1067 1197; x_wconf 89' lang='lat' dir='ltr'><em>universim</em></span> <span class='ocrx_word' id='word_1_160' title='bbox 1099 1167 1246 1207; x_wconf 89' lang='lat' dir='ltr'><em>accipias:</em></span> 
     </span>
     <span class='ocr_line' id='line_1_22' title="bbox 179 1211 1249 1251; baseline -0.002 -7"><span class='ocrx_word' id='word_1_161' title='bbox 179 1214 244 1245; x_wconf 87' lang='lat' dir='ltr'><em>iam</em></span> <span class='ocrx_word' id='word_1_162' title='bbox 272 1212 358 1243; x_wconf 90' lang='lat' dir='ltr'><em>enim</em></span> <span class='ocrx_word' id='word_1_163' title='bbox 385 1211 520 1242; x_wconf 83' lang='lat' dir='ltr'><em>Parisios</em></span> <span class='ocrx_word' id='word_1_164' title='bbox 553 1211 620 1251; x_wconf 91' lang='lat' dir='ltr'><em>ipse</em></span> <span class='ocrx_word' id='word_1_165' title='bbox 648 1217 775 1242; x_wconf 90' lang='lat' dir='ltr'><em>venerat</em></span> <span class='ocrx_word' id='word_1_166' title='bbox 810 1221 895 1241; x_wconf 91' lang='lat' dir='ltr'><em>anno</em></span> <span class='ocrx_word' id='word_1_167' title='bbox 930 1220 1012 1251; x_wconf 84' lang='lat'>1244</span> <span class='ocrx_word' id='word_1_168' title='bbox 1043 1212 1172 1242; x_wconf 88' lang='lat' dir='ltr'><em>cadente</em></span> <span class='ocrx_word' id='word_1_169' title='bbox 1198 1211 1249 1242; x_wconf 91' lang='lat' dir='ltr'><em>vel</em></span> 
     </span>
     <span class='ocr_line' id='line_1_23' title="bbox 179 1254 1246 1296; baseline -0.003 -7"><span class='ocrx_word' id='word_1_170' title='bbox 179 1258 309 1289; x_wconf 90' lang='lat' dir='ltr'><em>inuente</em></span> <span class='ocrx_word' id='word_1_171' title='bbox 331 1258 424 1296; x_wconf 86' lang='lat'><em>1245,</em></span> <span class='ocrx_word' id='word_1_172' title='bbox 439 1255 512 1286; x_wconf 91' lang='lat' dir='ltr'><em>inde</em></span> <span class='ocrx_word' id='word_1_173' title='bbox 529 1255 735 1296; x_wconf 81' lang='lat' dir='ltr'><em>profecturus</em></span> <span class='ocrx_word' id='word_1_174' title='bbox 760 1254 948 1293; x_wconf 89' lang='lat' dir='ltr'><em>Coloniam,</em></span> <span class='ocrx_word' id='word_1_175' title='bbox 969 1262 1004 1286; x_wconf 95' lang='lat' dir='ltr'><em>ut</em></span> <span class='ocrx_word' id='word_1_176' title='bbox 1032 1255 1141 1286; x_wconf 89' lang='lat' dir='ltr'><em>litteris</em></span> <span class='ocrx_word' id='word_1_177' title='bbox 1170 1266 1246 1296; x_wconf 90' lang='lat' dir='ltr'><em>ope-</em></span> 
     </span>
     <span class='ocr_line' id='line_1_24' title="bbox 180 1299 1245 1340; baseline -0.003 -7"><span class='ocrx_word' id='word_1_178' title='bbox 180 1313 248 1333; x_wconf 85' lang='lat' dir='ltr'><em>ram</em></span> <span class='ocrx_word' id='word_1_179' title='bbox 262 1302 349 1332; x_wconf 86' lang='lat' dir='ltr'><em>daret</em></span> <span class='ocrx_word' id='word_1_180' title='bbox 364 1301 422 1331; x_wconf 91' lang='lat' dir='ltr'><em>sub</em></span> <span class='ocrx_word' id='word_1_181' title='bbox 438 1300 568 1331; x_wconf 90' lang='lat' dir='ltr'><em>Alberto</em></span> <span class='ocrx_word' id='word_1_182' title='bbox 583 1301 718 1339; x_wconf 89' lang='lat' dir='ltr'><em>Magno:</em></span> <span class='ocrx_word' id='word_1_183' title='bbox 735 1299 914 1340; x_wconf 87' lang='lat' dir='ltr'><em>iterumque</em></span> <span class='ocrx_word' id='word_1_184' title='bbox 930 1299 1044 1330; x_wconf 89' lang='lat' dir='ltr'><em>eodem</em></span> <span class='ocrx_word' id='word_1_185' title='bbox 1060 1310 1145 1331; x_wconf 89' lang='lat' dir='ltr'><em>anno</em></span> <span class='ocrx_word' id='word_1_186' title='bbox 1166 1301 1245 1339; x_wconf 84' lang='lat'>¹245</span> 
     </span>
     <span class='ocr_line' id='line_1_25' title="bbox 180 1344 1247 1384; baseline -0.003 -7"><span class='ocrx_word' id='word_1_187' title='bbox 180 1347 220 1377; x_wconf 92' lang='lat' dir='ltr'><em>ad</em></span> <span class='ocrx_word' id='word_1_188' title='bbox 238 1346 335 1376; x_wconf 90' lang='lat' dir='ltr'><em>finem</em></span> <span class='ocrx_word' id='word_1_189' title='bbox 353 1352 500 1384; x_wconf 87' lang='lat' dir='ltr'><em>vergente</em></span> <span class='ocrx_word' id='word_1_190' title='bbox 513 1344 546 1374; x_wconf 94' lang='lat' dir='ltr'><em>in</em></span> <span class='ocrx_word' id='word_1_191' title='bbox 562 1344 790 1384; x_wconf 80' lang='lat' dir='ltr'><em>amplissimam</em></span> <span class='ocrx_word' id='word_1_192' title='bbox 809 1344 921 1374; x_wconf 87' lang='lat' dir='ltr'><em>urbem</em></span> <span class='ocrx_word' id='word_1_193' title='bbox 937 1344 1134 1384; x_wconf 87' lang='lat' dir='ltr'><em>remigravit,</em></span> <span class='ocrx_word' id='word_1_194' title='bbox 1158 1344 1247 1375; x_wconf 92' lang='lat' dir='ltr'><em>theo-</em></span> 
     </span>
    </p>
   </div>
   <div class='ocr_carea' id='block_1_3' title="bbox 123 1387 1246 1431">
    <p class='ocr_par' dir='ltr' id='par_1_4' title="bbox 123 1387 1246 1431">
     <span class='ocr_line' id='line_1_26' title="bbox 123 1387 1246 1431; baseline -0.003 -9"><span class='ocrx_word' id='word_1_195' title='bbox 123 1414 126 1417; x_wconf 81' lang='lat'>·</span> <span class='ocrx_word' id='word_1_196' title='bbox 180 1391 282 1431; x_wconf 89' lang='lat' dir='ltr'><em>logiae</em></span> <span class='ocrx_word' id='word_1_197' title='bbox 306 1399 435 1421; x_wconf 90' lang='lat' dir='ltr'><em>cursum</em></span> <span class='ocrx_word' id='word_1_198' title='bbox 458 1389 516 1419; x_wconf 89' lang='lat' dir='ltr'><em>sub</em></span> <span class='ocrx_word' id='word_1_199' title='bbox 540 1388 658 1419; x_wconf 87' lang='lat' dir='ltr'><em>laudati</em></span> <span class='ocrx_word' id='word_1_200' title='bbox 681 1387 800 1419; x_wconf 91' lang='lat' dir='ltr'><em>Alberti</em></span> <span class='ocrx_word' id='word_1_201' title='bbox 827 1387 992 1428; x_wconf 86' lang='lat' dir='ltr'><em>disciplina</em></span> <span class='ocrx_word' id='word_1_202' title='bbox 1019 1389 1246 1428; x_wconf 75' lang='lat' dir='ltr'><em>completurus,</em></span> 
     </span>
    </p>
   </div>
   <div class='ocr_carea' id='block_1_4' title="bbox 177 1432 1250 3641">
    <p class='ocr_par' dir='ltr' id='par_1_5' title="bbox 178 1432 1250 2438">
     <span class='ocr_line' id='line_1_27' title="bbox 180 1432 1247 1472; baseline -0.003 -6"><span class='ocrx_word' id='word_1_203' title='bbox 180 1436 364 1466; x_wconf 84' lang='lat' dir='ltr'><em>Adventum</em></span> <span class='ocrx_word' id='word_1_204' title='bbox 387 1433 454 1464; x_wconf 91' lang='lat' dir='ltr'><em>eius</em></span> <span class='ocrx_word' id='word_1_205' title='bbox 477 1433 510 1463; x_wconf 89' lang='lat' dir='ltr'><em>in</em></span> <span class='ocrx_word' id='word_1_206' title='bbox 533 1433 645 1463; x_wconf 91' lang='lat' dir='ltr'><em>urbem</em></span> <span class='ocrx_word' id='word_1_207' title='bbox 667 1432 875 1463; x_wconf 89' lang='lat' dir='ltr'><em>Parisiensem</em></span> <span class='ocrx_word' id='word_1_208' title='bbox 897 1439 989 1462; x_wconf 89' lang='lat' dir='ltr'><em>vocat</em></span> <span class='ocrx_word' id='word_1_209' title='bbox 1005 1434 1150 1472; x_wconf 80' lang='lat' dir='ltr'><em>primum</em></span> <span class='ocrx_word' id='word_1_210' title='bbox 1173 1433 1247 1463; x_wconf 85' lang='lat' dir='ltr'><em>Pto-</em></span> 
     </span>
     <span class='ocr_line' id='line_1_28' title="bbox 179 1476 1247 1517; baseline -0.003 -7"><span class='ocrx_word' id='word_1_211' title='bbox 179 1480 342 1517; x_wconf 88' lang='lat' dir='ltr'><em>lomaeus,</em></span> <span class='ocrx_word' id='word_1_212' title='bbox 366 1488 440 1509; x_wconf 90' lang='lat' dir='ltr'><em>cum</em></span> <span class='ocrx_word' id='word_1_213' title='bbox 464 1477 568 1517; x_wconf 89' lang='lat' dir='ltr'><em>primo</em></span> <span class='ocrx_word' id='word_1_214' title='bbox 592 1486 707 1517; x_wconf 87' lang='lat' dir='ltr'><em>nempe</em></span> <span class='ocrx_word' id='word_1_215' title='bbox 735 1476 810 1506; x_wconf 89' lang='lat' dir='ltr'><em>illuc</em></span> <span class='ocrx_word' id='word_1_216' title='bbox 836 1476 951 1506; x_wconf 86' lang='lat' dir='ltr'><em>missus</em></span> <span class='ocrx_word' id='word_1_217' title='bbox 980 1483 1027 1507; x_wconf 88' lang='lat' dir='ltr'><em>est</em></span> <span class='ocrx_word' id='word_1_218' title='bbox 1053 1477 1093 1507; x_wconf 87' lang='lat' dir='ltr'><em>ad</em></span> <span class='ocrx_word' id='word_1_219' title='bbox 1122 1476 1247 1516; x_wconf 90' lang='lat' dir='ltr'><em>publice</em></span> 
     </span>
     <span class='ocr_line' id='line_1_29' title="bbox 179 1520 1246 1564; baseline -0.004 -9"><span class='ocrx_word' id='word_1_220' title='bbox 179 1524 350 1564; x_wconf 89' lang='lat' dir='ltr'><em>legendum</em></span> <span class='ocrx_word' id='word_1_221' title='bbox 372 1522 616 1561; x_wconf 90' lang='lat' dir='ltr'><em>docendumque</em></span> <span class='ocrx_word' id='word_1_222' title='bbox 631 1531 731 1551; x_wconf 90' lang='lat' dir='ltr'><em>sacras</em></span> <span class='ocrx_word' id='word_1_223' title='bbox 746 1521 872 1558; x_wconf 88' lang='lat' dir='ltr'><em>litteras,</em></span> <span class='ocrx_word' id='word_1_224' title='bbox 887 1520 1066 1561; x_wconf 87' lang='lat' dir='ltr'><em>gradusque</em></span> <span class='ocrx_word' id='word_1_225' title='bbox 1081 1520 1246 1552; x_wconf 88' lang='lat' dir='ltr'><em>Academi-</em></span> 
     </span>
     <span class='ocr_line' id='line_1_30' title="bbox 180 1564 1248 1608; baseline -0.004 -9"><span class='ocrx_word' id='word_1_226' title='bbox 180 1579 235 1599; x_wconf 89' lang='lat' dir='ltr'><em>cos</em></span> <span class='ocrx_word' id='word_1_227' title='bbox 254 1567 490 1608; x_wconf 86' lang='lat' dir='ltr'><em>percurrendos.</em></span> <span class='ocrx_word' id='word_1_228' title='bbox 515 1568 627 1596; x_wconf 90' lang='lat' dir='ltr'><em>Annos</em></span> <span class='ocrx_word' id='word_1_229' title='bbox 646 1565 754 1596; x_wconf 87' lang='lat' dir='ltr'><em>aetatis</em></span> <span class='ocrx_word' id='word_1_230' title='bbox 773 1564 841 1595; x_wconf 90' lang='lat' dir='ltr'><em>eius</em></span> <span class='ocrx_word' id='word_1_231' title='bbox 859 1574 933 1595; x_wconf 90' lang='lat' dir='ltr'><em>cum</em></span> <span class='ocrx_word' id='word_1_232' title='bbox 948 1572 1094 1596; x_wconf 87' lang='lat' dir='ltr'><em>numerat</em></span> <span class='ocrx_word' id='word_1_233' title='bbox 1108 1566 1248 1606; x_wconf 84' lang='lat' dir='ltr'><em>quinque</em></span> 
     </span>
     <span class='ocr_line' id='line_1_31' title="bbox 180 1608 1246 1653; baseline -0.004 -9"><span class='ocrx_word' id='word_1_234' title='bbox 180 1618 211 1644; x_wconf 89' lang='lat' dir='ltr'><em>et</em></span> <span class='ocrx_word' id='word_1_235' title='bbox 241 1613 371 1653; x_wconf 82' lang='lat' dir='ltr'><em>viginti,</em></span> <span class='ocrx_word' id='word_1_236' title='bbox 394 1617 638 1651; x_wconf 89' lang='lat' dir='ltr'><em>praeconceptae</em></span> <span class='ocrx_word' id='word_1_237' title='bbox 667 1609 807 1639; x_wconf 86' lang='lat' dir='ltr'><em>inhaeret</em></span> <span class='ocrx_word' id='word_1_238' title='bbox 836 1608 1007 1639; x_wconf 87' lang='lat' dir='ltr'><em>sententiae</em></span> <span class='ocrx_word' id='word_1_239' title='bbox 1038 1610 1077 1640; x_wconf 92' lang='lat' dir='ltr'><em>de</em></span> <span class='ocrx_word' id='word_1_240' title='bbox 1099 1609 1246 1640; x_wconf 85' lang='lat' dir='ltr'><em>Thomae</em></span> 
     </span>
     <span class='ocr_line' id='line_1_32' title="bbox 180 1653 1247 1695; baseline -0.003 -8"><span class='ocrx_word' id='word_1_241' title='bbox 180 1663 279 1688; x_wconf 91' lang='lat' dir='ltr'><em>aetate</em></span> <span class='ocrx_word' id='word_1_242' title='bbox 295 1665 453 1686; x_wconf 87' lang='lat' dir='ltr'><em>annorum</em></span> <span class='ocrx_word' id='word_1_243' title='bbox 468 1660 538 1685; x_wconf 88' lang='lat' dir='ltr'><em>octo</em></span> <span class='ocrx_word' id='word_1_244' title='bbox 553 1659 583 1684; x_wconf 92' lang='lat' dir='ltr'><em>et</em></span> <span class='ocrx_word' id='word_1_245' title='bbox 596 1654 828 1694; x_wconf 84' lang='lat' dir='ltr'><em>quadraginta,</em></span> <span class='ocrx_word' id='word_1_246' title='bbox 839 1663 915 1683; x_wconf 92' lang='lat' dir='ltr'><em>cum</em></span> <span class='ocrx_word' id='word_1_247' title='bbox 928 1663 1014 1684; x_wconf 88' lang='lat' dir='ltr'><em>anno</em></span> <span class='ocrx_word' id='word_1_248' title='bbox 1029 1653 1146 1685; x_wconf 88' lang='lat' dir='ltr'><em>Christi</em></span> <span class='ocrx_word' id='word_1_249' title='bbox 1164 1663 1247 1695; x_wconf 87' lang='lat'>1274</span> 
     </span>
     <span class='ocr_line' id='line_1_33' title="bbox 179 1697 1246 1739; baseline -0.002 -8"><span class='ocrx_word' id='word_1_250' title='bbox 179 1702 219 1731; x_wconf 89' lang='lat' dir='ltr'><em>ad</em></span> <span class='ocrx_word' id='word_1_251' title='bbox 242 1700 389 1731; x_wconf 89' lang='lat' dir='ltr'><em>caelitum</em></span> <span class='ocrx_word' id='word_1_252' title='bbox 412 1699 545 1738; x_wconf 88' lang='lat' dir='ltr'><em>gloriam</em></span> <span class='ocrx_word' id='word_1_253' title='bbox 576 1698 727 1729; x_wconf 84' lang='lat' dir='ltr'><em>evolavit:</em></span> <span class='ocrx_word' id='word_1_254' title='bbox 757 1708 821 1738; x_wconf 92' lang='lat' dir='ltr'><em>qua</em></span> <span class='ocrx_word' id='word_1_255' title='bbox 849 1697 953 1738; x_wconf 90' lang='lat' dir='ltr'><em>posita</em></span> <span class='ocrx_word' id='word_1_256' title='bbox 983 1697 1246 1739; x_wconf 82' lang='lat' dir='ltr'><em>chronographia,</em></span> 
     </span>
     <span class='ocr_line' id='line_1_34' title="bbox 180 1742 1246 1784; baseline -0.002 -9"><span class='ocrx_word' id='word_1_257' title='bbox 180 1745 317 1776; x_wconf 90' lang='lat' dir='ltr'><em>calculos</em></span> <span class='ocrx_word' id='word_1_258' title='bbox 341 1749 483 1774; x_wconf 84' lang='lat' dir='ltr'><em>accurate</em></span> <span class='ocrx_word' id='word_1_259' title='bbox 507 1743 532 1772; x_wconf 91' lang='lat' dir='ltr'><em>si</em></span> <span class='ocrx_word' id='word_1_260' title='bbox 562 1743 735 1779; x_wconf 87' lang='lat' dir='ltr'><em>subducas,</em></span> <span class='ocrx_word' id='word_1_261' title='bbox 754 1751 858 1773; x_wconf 90' lang='lat' dir='ltr'><em>annos</em></span> <span class='ocrx_word' id='word_1_262' title='bbox 885 1742 1157 1784; x_wconf 80' lang='lat' dir='ltr'><em>vigintiquinque,</em></span> <span class='ocrx_word' id='word_1_263' title='bbox 1177 1753 1246 1773; x_wconf 88' lang='lat' dir='ltr'><em>eos-</em></span> 
     </span>
     <span class='ocr_line' id='line_1_35' title="bbox 181 1786 1245 1829; baseline -0.002 -10"><span class='ocrx_word' id='word_1_264' title='bbox 181 1790 319 1829; x_wconf 88' lang='lat' dir='ltr'><em>demque</em></span> <span class='ocrx_word' id='word_1_265' title='bbox 333 1788 521 1827; x_wconf 87' lang='lat' dir='ltr'><em>completos,</em></span> <span class='ocrx_word' id='word_1_266' title='bbox 532 1793 624 1817; x_wconf 84' lang='lat' dir='ltr'><em>natus</em></span> <span class='ocrx_word' id='word_1_267' title='bbox 639 1796 706 1817; x_wconf 89' lang='lat' dir='ltr'><em>esse</em></span> <span class='ocrx_word' id='word_1_268' title='bbox 720 1786 840 1824; x_wconf 88' lang='lat' dir='ltr'><em>debuit,</em></span> <span class='ocrx_word' id='word_1_269' title='bbox 849 1796 924 1816; x_wconf 90' lang='lat' dir='ltr'><em>cum</em></span> <span class='ocrx_word' id='word_1_270' title='bbox 936 1796 1020 1817; x_wconf 89' lang='lat' dir='ltr'><em>anno</em></span> <span class='ocrx_word' id='word_1_271' title='bbox 1031 1787 1149 1818; x_wconf 88' lang='lat' dir='ltr'><em>Christi</em></span> <span class='ocrx_word' id='word_1_272' title='bbox 1165 1788 1245 1817; x_wconf 84' lang='lat'>1252</span> 
     </span>
     <span class='ocr_line' id='line_1_36' title="bbox 182 1830 1247 1871; baseline -0.002 -7"><span class='ocrx_word' id='word_1_273' title='bbox 182 1834 222 1864; x_wconf 87' lang='lat' dir='ltr'><em>ad</em></span> <span class='ocrx_word' id='word_1_274' title='bbox 244 1833 342 1863; x_wconf 90' lang='lat' dir='ltr'><em>finem</em></span> <span class='ocrx_word' id='word_1_275' title='bbox 363 1838 510 1871; x_wconf 90' lang='lat' dir='ltr'><em>vergente</em></span> <span class='ocrx_word' id='word_1_276' title='bbox 532 1832 675 1862; x_wconf 89' lang='lat' dir='ltr'><em>Parisios</em></span> <span class='ocrx_word' id='word_1_277' title='bbox 698 1832 792 1861; x_wconf 87' lang='lat' dir='ltr'><em>venit.</em></span> <span class='ocrx_word' id='word_1_278' title='bbox 824 1830 886 1861; x_wconf 89' lang='lat' dir='ltr'><em>Sed</em></span> <span class='ocrx_word' id='word_1_279' title='bbox 909 1840 1030 1862; x_wconf 88' lang='lat' dir='ltr'><em>annum</em></span> <span class='ocrx_word' id='word_1_280' title='bbox 1056 1831 1247 1871; x_wconf 83' lang='lat' dir='ltr'><em>vigesimum</em></span> 
     </span>
     <span class='ocr_line' id='line_1_37' title="bbox 181 1874 1248 1918; baseline -0.002 -10"><span class='ocrx_word' id='word_1_281' title='bbox 181 1877 354 1918; x_wconf 90' lang='lat' dir='ltr'><em>septimum</em></span> <span class='ocrx_word' id='word_1_282' title='bbox 368 1876 431 1906; x_wconf 89' lang='lat' dir='ltr'><em>iam</em></span> <span class='ocrx_word' id='word_1_283' title='bbox 450 1883 525 1906; x_wconf 91' lang='lat' dir='ltr'><em>tunc</em></span> <span class='ocrx_word' id='word_1_284' title='bbox 544 1875 643 1915; x_wconf 81' lang='lat' dir='ltr'><em>egisse</em></span> <span class='ocrx_word' id='word_1_285' title='bbox 663 1875 828 1906; x_wconf 89' lang='lat' dir='ltr'><em>Thomam</em></span> <span class='ocrx_word' id='word_1_286' title='bbox 849 1874 923 1905; x_wconf 87' lang='lat' dir='ltr'><em>alibi</em></span> <span class='ocrx_word' id='word_1_287' title='bbox 942 1875 1153 1915; x_wconf 81' lang='lat' dir='ltr'><em>probabiliore</em></span> <span class='ocrx_word' id='word_1_288' title='bbox 1172 1885 1248 1906; x_wconf 92' lang='lat' dir='ltr'><em>con-</em></span> 
     </span>
     <span class='ocr_line' id='line_1_38' title="bbox 179 1919 1248 1960; baseline -0.002 -8"><span class='ocrx_word' id='word_1_289' title='bbox 179 1922 298 1952; x_wconf 89' lang='lat' dir='ltr'><em>iectura</em></span> <span class='ocrx_word' id='word_1_290' title='bbox 325 1920 537 1951; x_wconf 85' lang='lat' dir='ltr'><em>confecimus:</em></span> <span class='ocrx_word' id='word_1_291' title='bbox 567 1930 665 1960; x_wconf 90' lang='lat' dir='ltr'><em>quam</em></span> <span class='ocrx_word' id='word_1_292' title='bbox 693 1919 762 1950; x_wconf 91' lang='lat' dir='ltr'><em>eius</em></span> <span class='ocrx_word' id='word_1_293' title='bbox 790 1926 925 1950; x_wconf 85' lang='lat' dir='ltr'><em>aetatem</em></span> <span class='ocrx_word' id='word_1_294' title='bbox 951 1920 1063 1950; x_wconf 89' lang='lat' dir='ltr'><em>notula</em></span> <span class='ocrx_word' id='word_1_295' title='bbox 1091 1921 1248 1960; x_wconf 87' lang='lat' dir='ltr'><em>quaedam</em></span> 
     </span>
     <span class='ocr_line' id='line_1_39' title="bbox 180 1964 1248 2005; baseline -0.001 -9"><span class='ocrx_word' id='word_1_296' title='bbox 180 1965 365 2002; x_wconf 90' lang='lat' dir='ltr'><em>confirmat,</em></span> <span class='ocrx_word' id='word_1_297' title='bbox 405 1974 487 2005; x_wconf 90' lang='lat' dir='ltr'><em>quae</em></span> <span class='ocrx_word' id='word_1_298' title='bbox 518 1964 632 2003; x_wconf 89' lang='lat' dir='ltr'><em>legitur</em></span> <span class='ocrx_word' id='word_1_299' title='bbox 668 1964 702 1994; x_wconf 86' lang='lat' dir='ltr'><em>in</em></span> <span class='ocrx_word' id='word_1_300' title='bbox 733 1970 859 1995; x_wconf 90' lang='lat' dir='ltr'><em>vetusto</em></span> <span class='ocrx_word' id='word_1_301' title='bbox 896 1964 1004 1995; x_wconf 91' lang='lat' dir='ltr'><em>codice</em></span> <span class='ocrx_word' id='word_1_302' title='bbox 1041 1964 1248 1995; x_wconf 85' lang='lat' dir='ltr'><em>bibliothecae</em></span> 
     </span>
     <span class='ocr_line' id='line_1_40' title="bbox 180 2008 1248 2049; baseline -0.001 -9"><span class='ocrx_word' id='word_1_303' title='bbox 180 2021 220 2041; x_wconf 90' lang='lat' dir='ltr'><em>ss.</em></span> <span class='ocrx_word' id='word_1_304' title='bbox 238 2009 365 2040; x_wconf 87' lang='lat' dir='ltr'><em>Ioannis</em></span> <span class='ocrx_word' id='word_1_305' title='bbox 379 2015 410 2039; x_wconf 90' lang='lat' dir='ltr'><em>et</em></span> <span class='ocrx_word' id='word_1_306' title='bbox 425 2008 526 2047; x_wconf 89' lang='lat' dir='ltr'><em>Pauli,</em></span> <span class='ocrx_word' id='word_1_307' title='bbox 542 2008 597 2039; x_wconf 92' lang='lat' dir='ltr'><em>ubi</em></span> <span class='ocrx_word' id='word_1_308' title='bbox 618 2008 799 2039; x_wconf 84' lang='lat' dir='ltr'><em>Chronicon</em></span> <span class='ocrx_word' id='word_1_309' title='bbox 818 2009 923 2040; x_wconf 80' lang='lat' dir='ltr'><em>Breve</em></span> <span class='ocrx_word' id='word_1_310' title='bbox 943 2009 1167 2049; x_wconf 81' lang='lat' dir='ltr'><em>Capitulorum</em></span> <span class='ocrx_word' id='word_1_311' title='bbox 1189 2009 1248 2039; x_wconf 90' lang='lat' dir='ltr'><em>Ge-</em></span> 
     </span>
     <span class='ocr_line' id='line_1_41' title="bbox 180 2052 1249 2094; baseline -0.001 -9"><span class='ocrx_word' id='word_1_312' title='bbox 180 2055 339 2085; x_wconf 84' lang='lat' dir='ltr'><em>neralium</em></span> <span class='ocrx_word' id='word_1_313' title='bbox 364 2052 561 2083; x_wconf 86' lang='lat' dir='ltr'><em>continetur:</em></span> <span class='ocrx_word' id='word_1_314' title='bbox 585 2053 626 2082; x_wconf 92' lang='lat' dir='ltr'><em>ad</em></span> <span class='ocrx_word' id='word_1_315' title='bbox 653 2062 774 2083; x_wconf 88' lang='lat' dir='ltr'><em>annum</em></span> <span class='ocrx_word' id='word_1_316' title='bbox 797 2053 916 2093; x_wconf 86' lang='lat' dir='ltr'><em>quippe</em></span> <span class='ocrx_word' id='word_1_317' title='bbox 946 2054 1043 2090; x_wconf 85' lang='lat'><em>1251,</em></span> <span class='ocrx_word' id='word_1_318' title='bbox 1067 2063 1133 2094; x_wconf 93' lang='lat' dir='ltr'><em>quo</em></span> <span class='ocrx_word' id='word_1_319' title='bbox 1156 2053 1249 2084; x_wconf 88' lang='lat' dir='ltr'><em>Metis</em></span> 
     </span>
     <span class='ocr_line' id='line_1_42' title="bbox 179 2096 1249 2137; baseline 0 -9"><span class='ocrx_word' id='word_1_320' title='bbox 179 2098 331 2129; x_wconf 91' lang='lat' dir='ltr'><em>Generale</em></span> <span class='ocrx_word' id='word_1_321' title='bbox 351 2097 539 2137; x_wconf 87' lang='lat' dir='ltr'><em>Capitulum</em></span> <span class='ocrx_word' id='word_1_322' title='bbox 562 2097 754 2127; x_wconf 90' lang='lat' dir='ltr'><em>celebratum</em></span> <span class='ocrx_word' id='word_1_323' title='bbox 773 2096 842 2135; x_wconf 90' lang='lat' dir='ltr'><em>fuit,</em></span> <span class='ocrx_word' id='word_1_324' title='bbox 862 2098 939 2128; x_wconf 87' lang='lat' dir='ltr'><em>haec</em></span> <span class='ocrx_word' id='word_1_325' title='bbox 957 2097 1129 2128; x_wconf 86' lang='lat' dir='ltr'><em>habentur:</em></span> <span class='ocrx_word' id='word_1_326' title='bbox 1152 2097 1249 2128; x_wconf 85' lang='lat' dir='ltr'><em>Circa</em></span> 
     </span>
     <span class='ocr_line' id='line_1_43' title="bbox 179 2140 1249 2182; baseline -0.001 -9"><span class='ocrx_word' id='word_1_327' title='bbox 179 2144 273 2173; x_wconf 89' lang='lat' dir='ltr'><em>istum</em></span> <span class='ocrx_word' id='word_1_328' title='bbox 297 2151 419 2172; x_wconf 88' lang='lat' dir='ltr'><em>annum</em></span> <span class='ocrx_word' id='word_1_329' title='bbox 438 2151 464 2172; x_wconf 86' lang='lat' dir='ltr'><em>s.</em></span> <span class='ocrx_word' id='word_1_330' title='bbox 480 2142 618 2172; x_wconf 83' lang='lat' dir='ltr'><em>Thomas</em></span> <span class='ocrx_word' id='word_1_331' title='bbox 631 2141 706 2182; x_wconf 88' lang='lat' dir='ltr'><em>suit</em></span> <span class='ocrx_word' id='word_1_332' title='bbox 722 2140 838 2181; x_wconf 86' lang='lat' dir='ltr'><em>factus</em></span> <span class='ocrx_word' id='word_1_333' title='bbox 865 2142 1084 2173; x_wconf 86' lang='lat' dir='ltr'><em>bachallarius</em></span> <span class='ocrx_word' id='word_1_334' title='bbox 1102 2142 1249 2172; x_wconf 88' lang='lat' dir='ltr'><em>Parisius</em></span> 
     </span>
     <span class='ocr_line' id='line_1_44' title="bbox 179 2183 1250 2229; baseline 0 -12"><span class='ocrx_word' id='word_1_335' title='bbox 179 2186 223 2217; x_wconf 88' lang='lat' dir='ltr'><em>ad</em></span> <span class='ocrx_word' id='word_1_336' title='bbox 240 2186 428 2216; x_wconf 85' lang='lat' dir='ltr'><em>mandatum</em></span> <span class='ocrx_word' id='word_1_337' title='bbox 447 2185 543 2215; x_wconf 85' lang='lat' dir='ltr'><em>huius</em></span> <span class='ocrx_word' id='word_1_338' title='bbox 559 2186 715 2226; x_wconf 79' lang='lat' dir='ltr'><em>Magistri</em></span> <span class='ocrx_word' id='word_1_339' title='bbox 728 2183 871 2227; x_wconf 89' lang='lat' dir='ltr'><em>(loannis</em></span> <span class='ocrx_word' id='word_1_340' title='bbox 886 2184 1110 2229; x_wconf 89' lang='lat' dir='ltr'><em>Theutonici),</em></span> <span class='ocrx_word' id='word_1_341' title='bbox 1134 2191 1166 2217; x_wconf 88' lang='lat' dir='ltr'><em>et</em></span> <span class='ocrx_word' id='word_1_342' title='bbox 1179 2192 1250 2217; x_wconf 86' lang='lat' dir='ltr'><em>erat</em></span> 
     </span>
     <span class='ocr_line' id='line_1_45' title="bbox 178 2230 1249 2270; baseline 0 -9"><span class='ocrx_word' id='word_1_343' title='bbox 178 2240 203 2262; x_wconf 90' lang='lat' dir='ltr'><em>s.</em></span> <span class='ocrx_word' id='word_1_344' title='bbox 227 2231 363 2260; x_wconf 62' lang='lat' dir='ltr'><em>Thomas</em></span> <span class='ocrx_word' id='word_1_345' title='bbox 386 2235 463 2260; x_wconf 87' lang='lat' dir='ltr'><em>tunc</em></span> <span class='ocrx_word' id='word_1_346' title='bbox 484 2230 600 2260; x_wconf 87' lang='lat' dir='ltr'><em>aetatis</em></span> <span class='ocrx_word' id='word_1_347' title='bbox 623 2231 686 2260; x_wconf 87' lang='lat' dir='ltr'><em>iam</em></span> <span class='ocrx_word' id='word_1_348' title='bbox 702 2239 863 2261; x_wconf 89' lang='lat' dir='ltr'><em>annorum</em></span> <span class='ocrx_word' id='word_1_349' title='bbox 881 2239 930 2270; x_wconf 86' lang='lat'><em>27,</em></span> <span class='ocrx_word' id='word_1_350' title='bbox 945 2231 1035 2270; x_wconf 94' lang='lat' dir='ltr'><em>quod</em></span> <span class='ocrx_word' id='word_1_351' title='bbox 1058 2241 1117 2270; x_wconf 85' lang='lat' dir='ltr'><em>ego</em></span> <span class='ocrx_word' id='word_1_352' title='bbox 1133 2240 1249 2261; x_wconf 90' lang='lat' dir='ltr'><em>monu-</em></span> 
     </span>
     <span class='ocr_line' id='line_1_46' title="bbox 179 2273 1248 2306; baseline 0 -1"><span class='ocrx_word' id='word_1_353' title='bbox 179 2281 325 2305; x_wconf 92' lang='lat' dir='ltr'><em>mentum</em></span> <span class='ocrx_word' id='word_1_354' title='bbox 348 2273 448 2304; x_wconf 90' lang='lat' dir='ltr'><em>debeo</em></span> <span class='ocrx_word' id='word_1_355' title='bbox 471 2273 704 2304; x_wconf 87' lang='lat' dir='ltr'><em>humanissimo</em></span> <span class='ocrx_word' id='word_1_356' title='bbox 723 2273 792 2304; x_wconf 89' lang='lat' dir='ltr'><em>viro</em></span> <span class='ocrx_word' id='word_1_357' title='bbox 818 2274 991 2305; x_wconf 91' lang='lat' dir='ltr'><em>Dominico</em></span> <span class='ocrx_word' id='word_1_358' title='bbox 1006 2275 1124 2305; x_wconf 88' lang='lat' dir='ltr'><em>Mariae</em></span> <span class='ocrx_word' id='word_1_359' title='bbox 1141 2275 1248 2306; x_wconf 90' lang='lat' dir='ltr'><em>Berar-</em></span> 
     </span>
     <span class='ocr_line' id='line_1_47' title="bbox 179 2317 1249 2356; baseline 0.001 -7"><span class='ocrx_word' id='word_1_360' title='bbox 179 2319 274 2356; x_wconf 90' lang='lat' dir='ltr'><em>dello,</em></span> <span class='ocrx_word' id='word_1_361' title='bbox 290 2318 431 2348; x_wconf 90' lang='lat' dir='ltr'><em>eiusdem</em></span> <span class='ocrx_word' id='word_1_362' title='bbox 447 2317 592 2348; x_wconf 89' lang='lat' dir='ltr'><em>coenobii</em></span> <span class='ocrx_word' id='word_1_363' title='bbox 621 2318 753 2348; x_wconf 86' lang='lat' dir='ltr'><em>alumno</em></span> <span class='ocrx_word' id='word_1_364' title='bbox 776 2324 807 2348; x_wconf 91' lang='lat' dir='ltr'><em>et</em></span> <span class='ocrx_word' id='word_1_365' title='bbox 821 2318 1070 2349; x_wconf 76' lang='lat' dir='ltr'><em>bibliothecario.</em></span> <span class='ocrx_word' id='word_1_366' title='bbox 1096 2319 1158 2350; x_wconf 89' lang='lat' dir='ltr'><em>Sed</em></span> <span class='ocrx_word' id='word_1_367' title='bbox 1173 2319 1249 2350; x_wconf 86' lang='lat' dir='ltr'><em>haec</em></span> 
     </span>
     <span class='ocr_line' id='line_1_48' title="bbox 178 2361 1248 2402; baseline 0 -8"><span class='ocrx_word' id='word_1_368' title='bbox 178 2362 440 2394; x_wconf 89' lang='lat' dir='ltr'><em>luculentioribus</em></span> <span class='ocrx_word' id='word_1_369' title='bbox 455 2361 647 2402; x_wconf 87' lang='lat' dir='ltr'><em>argumentis</em></span> <span class='ocrx_word' id='word_1_370' title='bbox 661 2361 815 2393; x_wconf 89' lang='lat' dir='ltr'><em>firmanda</em></span> <span class='ocrx_word' id='word_1_371' title='bbox 829 2362 960 2394; x_wconf 88' lang='lat' dir='ltr'><em>inferius</em></span> <span class='ocrx_word' id='word_1_372' title='bbox 974 2369 1021 2394; x_wconf 84' lang='lat' dir='ltr'><em>est</em></span> <span class='ocrx_word' id='word_1_373' title='bbox 1036 2363 1144 2394; x_wconf 84' lang='lat' dir='ltr'><em>aetatis</em></span> <span class='ocrx_word' id='word_1_374' title='bbox 1159 2363 1248 2394; x_wconf 87' lang='lat' dir='ltr'><em>Tho-</em></span> 
     </span>
     <span class='ocr_line' id='line_1_49' title="bbox 179 2406 483 2438; baseline -0.003 0"><span class='ocrx_word' id='word_1_375' title='bbox 179 2417 250 2438; x_wconf 90' lang='lat' dir='ltr'><em>mae</em></span> <span class='ocrx_word' id='word_1_376' title='bbox 274 2406 483 2438; x_wconf 83' lang='lat' dir='ltr'><em>chronotaxis.</em></span> 
     </span>
    </p>

    <p class='ocr_par' dir='ltr' id='par_1_6' title="bbox 177 2450 1249 3288">
     <span class='ocr_line' id='line_1_50' title="bbox 245 2450 1248 2483; baseline 0.001 -2"><span class='ocrx_word' id='word_1_377' title='bbox 245 2451 415 2482; x_wconf 86' lang='lat' dir='ltr'><em>Florebant</em></span> <span class='ocrx_word' id='word_1_378' title='bbox 445 2460 522 2481; x_wconf 91' lang='lat' dir='ltr'><em>aevo</em></span> <span class='ocrx_word' id='word_1_379' title='bbox 554 2450 615 2481; x_wconf 89' lang='lat' dir='ltr'><em>isto</em></span> <span class='ocrx_word' id='word_1_380' title='bbox 644 2450 770 2481; x_wconf 88' lang='lat' dir='ltr'><em>scholae</em></span> <span class='ocrx_word' id='word_1_381' title='bbox 798 2450 995 2482; x_wconf 87' lang='lat' dir='ltr'><em>Parisienses.</em></span> <span class='ocrx_word' id='word_1_382' title='bbox 1033 2451 1248 2483; x_wconf 90' lang='lat' dir='ltr'><em>Celeberrimo</em></span> 
     </span>
     <span class='ocr_line' id='line_1_51' title="bbox 178 2494 1248 2537; baseline 0.002 -12"><span class='ocrx_word' id='word_1_383' title='bbox 178 2495 443 2526; x_wconf 87' lang='lat' dir='ltr'><em>Academicorum</em></span> <span class='ocrx_word' id='word_1_384' title='bbox 462 2494 566 2525; x_wconf 90' lang='lat' dir='ltr'><em>coetui</em></span> <span class='ocrx_word' id='word_1_385' title='bbox 586 2495 742 2535; x_wconf 87' lang='lat' dir='ltr'><em>aggregati</em></span> <span class='ocrx_word' id='word_1_386' title='bbox 762 2495 886 2526; x_wconf 83' lang='lat' dir='ltr'><em>fuerant</em></span> <span class='ocrx_word' id='word_1_387' title='bbox 908 2502 1078 2534; x_wconf 75' lang='lat' dir='ltr'><em>nostrates,</em></span> <span class='ocrx_word' id='word_1_388' title='bbox 1103 2497 1248 2537; x_wconf 84' lang='lat' dir='ltr'><em>duaeque</em></span> 
     </span>
     <span class='ocr_line' id='line_1_52' title="bbox 179 2539 1248 2580; baseline 0.002 -10"><span class='ocrx_word' id='word_1_389' title='bbox 179 2541 328 2580; x_wconf 85' lang='lat' dir='ltr'><em>patebant</em></span> <span class='ocrx_word' id='word_1_390' title='bbox 350 2540 382 2570; x_wconf 92' lang='lat' dir='ltr'><em>in</em></span> <span class='ocrx_word' id='word_1_391' title='bbox 407 2539 563 2570; x_wconf 91' lang='lat' dir='ltr'><em>coenobio</em></span> <span class='ocrx_word' id='word_1_392' title='bbox 578 2539 793 2570; x_wconf 87' lang='lat' dir='ltr'><em>Saniacobaeo</em></span> <span class='ocrx_word' id='word_1_393' title='bbox 816 2539 996 2580; x_wconf 87' lang='lat' dir='ltr'><em>theologiae</em></span> <span class='ocrx_word' id='word_1_394' title='bbox 1020 2540 1156 2572; x_wconf 87' lang='lat' dir='ltr'><em>scholae.</em></span> <span class='ocrx_word' id='word_1_395' title='bbox 1167 2541 1248 2572; x_wconf 77' lang='lat' dir='ltr'><em>Ere·</em></span> 
     </span>
     <span class='ocr_line' id='line_1_53' title="bbox 180 2583 1248 2625; baseline 0.001 -10"><span class='ocrx_word' id='word_1_396' title='bbox 180 2591 227 2615; x_wconf 90' lang='lat' dir='ltr'><em>cta</em></span> <span class='ocrx_word' id='word_1_397' title='bbox 244 2584 346 2624; x_wconf 88' lang='lat' dir='ltr'><em>prima</em></span> <span class='ocrx_word' id='word_1_398' title='bbox 360 2584 420 2615; x_wconf 85' lang='lat' dir='ltr'><em>fuit</em></span> <span class='ocrx_word' id='word_1_399' title='bbox 438 2594 522 2614; x_wconf 89' lang='lat' dir='ltr'><em>anno</em></span> <span class='ocrx_word' id='word_1_400' title='bbox 545 2583 638 2622; x_wconf 78' lang='lat'><em>1228,</em></span> <span class='ocrx_word' id='word_1_401' title='bbox 653 2593 751 2624; x_wconf 89' lang='lat' dir='ltr'><em>quam</em></span> <span class='ocrx_word' id='word_1_402' title='bbox 766 2584 888 2624; x_wconf 88' lang='lat' dir='ltr'><em>primus</em></span> <span class='ocrx_word' id='word_1_403' title='bbox 907 2584 984 2615; x_wconf 87' lang='lat' dir='ltr'><em>rexit</em></span> <span class='ocrx_word' id='word_1_404' title='bbox 1003 2585 1136 2616; x_wconf 89' lang='lat' dir='ltr'><em>Ioannes</em></span> <span class='ocrx_word' id='word_1_405' title='bbox 1155 2585 1248 2625; x_wconf 84' lang='lat' dir='ltr'><em>Aegi-</em></span> 
     </span>
     <span class='ocr_line' id='line_1_54' title="bbox 179 2628 1248 2669; baseline 0.002 -11"><span class='ocrx_word' id='word_1_406' title='bbox 179 2629 250 2659; x_wconf 88' lang='lat' dir='ltr'><em>dius</em></span> <span class='ocrx_word' id='word_1_407' title='bbox 268 2629 407 2669; x_wconf 86' lang='lat' dir='ltr'><em>Anglus:</em></span> <span class='ocrx_word' id='word_1_408' title='bbox 432 2628 597 2669; x_wconf 86' lang='lat' dir='ltr'><em>patuitque</em></span> <span class='ocrx_word' id='word_1_409' title='bbox 616 2628 711 2659; x_wconf 88' lang='lat' dir='ltr'><em>altera</em></span> <span class='ocrx_word' id='word_1_410' title='bbox 727 2635 800 2668; x_wconf 92' lang='lat' dir='ltr'><em>post</em></span> <span class='ocrx_word' id='word_1_411' title='bbox 821 2638 943 2659; x_wconf 88' lang='lat' dir='ltr'><em>annum</em></span> <span class='ocrx_word' id='word_1_412' title='bbox 965 2629 1058 2666; x_wconf 83' lang='lat'><em>1231,</em></span> <span class='ocrx_word' id='word_1_413' title='bbox 1078 2636 1114 2660; x_wconf 92' lang='lat' dir='ltr'><em>ut</em></span> <span class='ocrx_word' id='word_1_414' title='bbox 1132 2629 1248 2661; x_wconf 87' lang='lat' dir='ltr'><em>scilicet</em></span> 
     </span>
     <span class='ocr_line' id='line_1_55' title="bbox 179 2672 1249 2714; baseline 0 -10"><span class='ocrx_word' id='word_1_415' title='bbox 179 2673 455 2714; x_wconf 83' lang='lat' dir='ltr'><em>quemadmodum</em></span> <span class='ocrx_word' id='word_1_416' title='bbox 471 2672 619 2703; x_wconf 89' lang='lat' dir='ltr'><em>Franciae</em></span> <span class='ocrx_word' id='word_1_417' title='bbox 639 2672 762 2703; x_wconf 87' lang='lat' dir='ltr'><em>sodales</em></span> <span class='ocrx_word' id='word_1_418' title='bbox 781 2672 814 2703; x_wconf 89' lang='lat' dir='ltr'><em>in</em></span> <span class='ocrx_word' id='word_1_419' title='bbox 833 2672 937 2713; x_wconf 89' lang='lat' dir='ltr'><em>priore</em></span> <span class='ocrx_word' id='word_1_420' title='bbox 956 2673 1188 2711; x_wconf 82' lang='lat' dir='ltr'><em>excolebantur,</em></span> <span class='ocrx_word' id='word_1_421' title='bbox 1206 2673 1249 2704; x_wconf 88' lang='lat' dir='ltr'><em>ita</em></span> 
     </span>
     <span class='ocr_line' id='line_1_56' title="bbox 179 2717 1247 2749; baseline 0 -1"><span class='ocrx_word' id='word_1_422' title='bbox 179 2724 376 2748; x_wconf 84' lang='lat' dir='ltr'><em>externarum</em></span> <span class='ocrx_word' id='word_1_423' title='bbox 399 2717 636 2748; x_wconf 88' lang='lat' dir='ltr'><em>Provinciarum</em></span> <span class='ocrx_word' id='word_1_424' title='bbox 659 2717 781 2747; x_wconf 87' lang='lat' dir='ltr'><em>alumni</em></span> <span class='ocrx_word' id='word_1_425' title='bbox 808 2717 951 2749; x_wconf 88' lang='lat' dir='ltr'><em>doctrina</em></span> <span class='ocrx_word' id='word_1_426' title='bbox 974 2717 1143 2748; x_wconf 86' lang='lat' dir='ltr'><em>Facultatis</em></span> <span class='ocrx_word' id='word_1_427' title='bbox 1161 2717 1247 2748; x_wconf 87' lang='lat' dir='ltr'><em>Pari-</em></span> 
     </span>
     <span class='ocr_line' id='line_1_57' title="bbox 179 2759 1248 2802; baseline 0.001 -10"><span class='ocrx_word' id='word_1_428' title='bbox 179 2762 288 2792; x_wconf 90' lang='lat' dir='ltr'><em>siensis</em></span> <span class='ocrx_word' id='word_1_429' title='bbox 316 2761 430 2792; x_wconf 87' lang='lat' dir='ltr'><em>imbuti</em></span> <span class='ocrx_word' id='word_1_430' title='bbox 453 2761 486 2791; x_wconf 90' lang='lat' dir='ltr'><em>in</em></span> <span class='ocrx_word' id='word_1_431' title='bbox 509 2761 620 2799; x_wconf 85' lang='lat' dir='ltr'><em>altera,</em></span> <span class='ocrx_word' id='word_1_432' title='bbox 640 2771 711 2792; x_wconf 89' lang='lat' dir='ltr'><em>eam</em></span> <span class='ocrx_word' id='word_1_433' title='bbox 739 2759 870 2802; x_wconf 87' lang='lat' dir='ltr'><em>copiose</em></span> <span class='ocrx_word' id='word_1_434' title='bbox 898 2761 985 2802; x_wconf 87' lang='lat' dir='ltr'><em>apud</em></span> <span class='ocrx_word' id='word_1_435' title='bbox 1008 2761 1152 2792; x_wconf 87' lang='lat' dir='ltr'><em>nationes</em></span> <span class='ocrx_word' id='word_1_436' title='bbox 1175 2772 1248 2793; x_wconf 87' lang='lat' dir='ltr'><em>suas</em></span> 
     </span>
     <span class='ocr_line' id='line_1_58' title="bbox 178 2805 1248 2846; baseline 0.001 -10"><span class='ocrx_word' id='word_1_437' title='bbox 178 2806 387 2837; x_wconf 85' lang='lat' dir='ltr'><em>refunderent.</em></span> <span class='ocrx_word' id='word_1_438' title='bbox 417 2805 501 2836; x_wconf 90' lang='lat' dir='ltr'><em>Hinc</em></span> <span class='ocrx_word' id='word_1_439' title='bbox 528 2806 663 2846; x_wconf 87' lang='lat' dir='ltr'><em>privatas</em></span> <span class='ocrx_word' id='word_1_440' title='bbox 694 2805 851 2846; x_wconf 90' lang='lat' dir='ltr'><em>distingue</em></span> <span class='ocrx_word' id='word_1_441' title='bbox 879 2805 1002 2836; x_wconf 89' lang='lat' dir='ltr'><em>scholas</em></span> <span class='ocrx_word' id='word_1_442' title='bbox 1025 2806 1059 2836; x_wconf 88' lang='lat' dir='ltr'><em>in</em></span> <span class='ocrx_word' id='word_1_443' title='bbox 1086 2806 1248 2837; x_wconf 92' lang='lat' dir='ltr'><em>coenobiis</em></span> 
     </span>
     <span class='ocr_line' id='line_1_59' title="bbox 178 2849 1248 2891; baseline 0.001 -10"><span class='ocrx_word' id='word_1_444' title='bbox 178 2861 214 2881; x_wconf 87' lang='lat' dir='ltr'><em>ac</em></span> <span class='ocrx_word' id='word_1_445' title='bbox 234 2851 386 2891; x_wconf 90' lang='lat' dir='ltr'><em>publicas,</em></span> <span class='ocrx_word' id='word_1_446' title='bbox 403 2860 482 2891; x_wconf 88' lang='lat' dir='ltr'><em>quas</em></span> <span class='ocrx_word' id='word_1_447' title='bbox 500 2850 564 2881; x_wconf 91' lang='lat' dir='ltr'><em>loci</em></span> <span class='ocrx_word' id='word_1_448' title='bbox 579 2849 771 2881; x_wconf 87' lang='lat' dir='ltr'><em>Universitas</em></span> <span class='ocrx_word' id='word_1_449' title='bbox 785 2850 1030 2890; x_wconf 88' lang='lat' dir='ltr'><em>adprobaverat;</em></span> <span class='ocrx_word' id='word_1_450' title='bbox 1045 2850 1248 2891; x_wconf 87' lang='lat' dir='ltr'><em>privatosque</em></span> 
     </span>
     <span class='ocr_line' id='line_1_60' title="bbox 177 2894 1247 2935; baseline 0 -10"><span class='ocrx_word' id='word_1_451' title='bbox 177 2895 309 2925; x_wconf 89' lang='lat' dir='ltr'><em>lectores</em></span> <span class='ocrx_word' id='word_1_452' title='bbox 332 2895 488 2934; x_wconf 84' lang='lat' dir='ltr'><em>distingue</em></span> <span class='ocrx_word' id='word_1_453' title='bbox 514 2904 549 2925; x_wconf 89' lang='lat' dir='ltr'><em>ac</em></span> <span class='ocrx_word' id='word_1_454' title='bbox 568 2894 694 2935; x_wconf 87' lang='lat' dir='ltr'><em>publice</em></span> <span class='ocrx_word' id='word_1_455' title='bbox 717 2894 875 2934; x_wconf 83' lang='lat' dir='ltr'><em>legentes,</em></span> <span class='ocrx_word' id='word_1_456' title='bbox 903 2894 959 2935; x_wconf 91' lang='lat' dir='ltr'><em>qui</em></span> <span class='ocrx_word' id='word_1_457' title='bbox 978 2895 1093 2934; x_wconf 81' lang='lat' dir='ltr'><em>gradus</em></span> <span class='ocrx_word' id='word_1_458' title='bbox 1122 2905 1247 2935; x_wconf 92' lang='lat' dir='ltr'><em>percur-</em></span> 
     </span>
     <span class='ocr_line' id='line_1_61' title="bbox 178 2938 1247 2979; baseline 0.001 -10"><span class='ocrx_word' id='word_1_459' title='bbox 178 2940 296 2977; x_wconf 87' lang='lat' dir='ltr'><em>rebant,</em></span> <span class='ocrx_word' id='word_1_460' title='bbox 306 2946 340 2970; x_wconf 88' lang='lat' dir='ltr'><em>ut</em></span> <span class='ocrx_word' id='word_1_461' title='bbox 352 2939 615 2970; x_wconf 85' lang='lat' dir='ltr'><em>Academicorum</em></span> <span class='ocrx_word' id='word_1_462' title='bbox 625 2938 761 2979; x_wconf 89' lang='lat' dir='ltr'><em>denique</em></span> <span class='ocrx_word' id='word_1_463' title='bbox 777 2938 882 2970; x_wconf 92' lang='lat' dir='ltr'><em>coetui</em></span> <span class='ocrx_word' id='word_1_464' title='bbox 897 2938 1154 2970; x_wconf 79' lang='lat' dir='ltr'><em>adscriberentur.</em></span> <span class='ocrx_word' id='word_1_465' title='bbox 1163 2939 1247 2970; x_wconf 89' lang='lat' dir='ltr'><em>Hinc</em></span> 
     </span>
     <span class='ocr_line' id='line_1_62' title="bbox 179 2983 1247 3024; baseline 0.001 -11"><span class='ocrx_word' id='word_1_466' title='bbox 179 2983 273 3013; x_wconf 87' lang='lat' dir='ltr'><em>etiam</em></span> <span class='ocrx_word' id='word_1_467' title='bbox 297 2983 426 3020; x_wconf 89' lang='lat' dir='ltr'><em>factum,</em></span> <span class='ocrx_word' id='word_1_468' title='bbox 446 2990 482 3014; x_wconf 91' lang='lat' dir='ltr'><em>ut</em></span> <span class='ocrx_word' id='word_1_469' title='bbox 500 2983 556 3024; x_wconf 88' lang='lat' dir='ltr'><em>qui</em></span> <span class='ocrx_word' id='word_1_470' title='bbox 579 2993 680 3014; x_wconf 88' lang='lat' dir='ltr'><em>sacras</em></span> <span class='ocrx_word' id='word_1_471' title='bbox 703 2983 820 3014; x_wconf 79' lang='lat' dir='ltr'><em>litteras</em></span> <span class='ocrx_word' id='word_1_472' title='bbox 840 2983 874 3014; x_wconf 90' lang='lat' dir='ltr'><em>in</em></span> <span class='ocrx_word' id='word_1_473' title='bbox 898 2983 1025 3024; x_wconf 88' lang='lat' dir='ltr'><em>privatis</em></span> <span class='ocrx_word' id='word_1_474' title='bbox 1049 2983 1164 3014; x_wconf 90' lang='lat' dir='ltr'><em>scholis</em></span> <span class='ocrx_word' id='word_1_475' title='bbox 1187 2990 1247 3014; x_wconf 91' lang='lat' dir='ltr'><em>tra-</em></span> 
     </span>
     <span class='ocr_line' id='line_1_63' title="bbox 179 3027 1247 3068; baseline 0.001 -11"><span class='ocrx_word' id='word_1_476' title='bbox 179 3027 341 3066; x_wconf 89' lang='lat' dir='ltr'><em>diderunt,</em></span> <span class='ocrx_word' id='word_1_477' title='bbox 358 3027 565 3058; x_wconf 84' lang='lat' dir='ltr'><em>Academicos</em></span> <span class='ocrx_word' id='word_1_478' title='bbox 589 3034 699 3068; x_wconf 90' lang='lat' dir='ltr'><em>postea</em></span> <span class='ocrx_word' id='word_1_479' title='bbox 722 3028 837 3067; x_wconf 85' lang='lat' dir='ltr'><em>gradus</em></span> <span class='ocrx_word' id='word_1_480' title='bbox 856 3027 1085 3068; x_wconf 86' lang='lat' dir='ltr'><em>percurrendos</em></span> <span class='ocrx_word' id='word_1_481' title='bbox 1101 3028 1247 3068; x_wconf 85' lang='lat' dir='ltr'><em>aggrede-</em></span> 
     </span>
     <span class='ocr_line' id='line_1_64' title="bbox 180 3072 1247 3112; baseline 0.001 -11"><span class='ocrx_word' id='word_1_482' title='bbox 180 3078 303 3109; x_wconf 90' lang='lat' dir='ltr'><em>rentur;</em></span> <span class='ocrx_word' id='word_1_483' title='bbox 332 3072 426 3112; x_wconf 92' lang='lat' dir='ltr'><em>quive</em></span> <span class='ocrx_word' id='word_1_484' title='bbox 450 3079 523 3112; x_wconf 91' lang='lat' dir='ltr'><em>post</em></span> <span class='ocrx_word' id='word_1_485' title='bbox 546 3081 692 3102; x_wconf 88' lang='lat' dir='ltr'><em>emensos</em></span> <span class='ocrx_word' id='word_1_486' title='bbox 715 3072 830 3112; x_wconf 86' lang='lat' dir='ltr'><em>gradus</em></span> <span class='ocrx_word' id='word_1_487' title='bbox 859 3072 932 3102; x_wconf 90' lang='lat' dir='ltr'><em>illos</em></span> <span class='ocrx_word' id='word_1_488' title='bbox 960 3072 1066 3102; x_wconf 86' lang='lat' dir='ltr'><em>laurea</em></span> <span class='ocrx_word' id='word_1_489' title='bbox 1094 3072 1247 3103; x_wconf 85' lang='lat' dir='ltr'><em>doctorali</em></span> 
     </span>
     <span class='ocr_line' id='line_1_65' title="bbox 181 3115 1247 3156; baseline 0.002 -11"><span class='ocrx_word' id='word_1_490' title='bbox 181 3115 398 3153; x_wconf 85' lang='lat' dir='ltr'><em>donabantur,</em></span> <span class='ocrx_word' id='word_1_491' title='bbox 427 3116 562 3156; x_wconf 89' lang='lat' dir='ltr'><em>privatas</em></span> <span class='ocrx_word' id='word_1_492' title='bbox 592 3116 624 3146; x_wconf 92' lang='lat' dir='ltr'><em>in</em></span> <span class='ocrx_word' id='word_1_493' title='bbox 658 3115 820 3147; x_wconf 87' lang='lat' dir='ltr'><em>coenobiis</em></span> <span class='ocrx_word' id='word_1_494' title='bbox 850 3123 991 3156; x_wconf 84' lang='lat' dir='ltr'><em>regerent</em></span> <span class='ocrx_word' id='word_1_495' title='bbox 1021 3116 1144 3147; x_wconf 85' lang='lat' dir='ltr'><em>scholas</em></span> <span class='ocrx_word' id='word_1_496' title='bbox 1172 3116 1247 3148; x_wconf 91' lang='lat' dir='ltr'><em>tiro-</em></span> 
     </span>
     <span class='ocr_line' id='line_1_66' title="bbox 182 3160 1246 3201; baseline 0.002 -12"><span class='ocrx_word' id='word_1_497' title='bbox 182 3169 300 3200; x_wconf 87' lang='lat' dir='ltr'><em>nesque</em></span> <span class='ocrx_word' id='word_1_498' title='bbox 319 3160 442 3190; x_wconf 87' lang='lat' dir='ltr'><em>sodales</em></span> <span class='ocrx_word' id='word_1_499' title='bbox 461 3160 688 3200; x_wconf 83' lang='lat' dir='ltr'><em>philosophicis</em></span> <span class='ocrx_word' id='word_1_500' title='bbox 703 3170 738 3191; x_wconf 92' lang='lat' dir='ltr'><em>ac</em></span> <span class='ocrx_word' id='word_1_501' title='bbox 753 3160 939 3201; x_wconf 85' lang='lat' dir='ltr'><em>theologicis</em></span> <span class='ocrx_word' id='word_1_502' title='bbox 961 3160 1111 3191; x_wconf 84' lang='lat' dir='ltr'><em>doctrinis</em></span> <span class='ocrx_word' id='word_1_503' title='bbox 1126 3160 1246 3192; x_wconf 87' lang='lat' dir='ltr'><em>imbue-</em></span> 
     </span>
     <span class='ocr_line' id='line_1_67' title="bbox 182 3204 1247 3245; baseline 0.002 -12"><span class='ocrx_word' id='word_1_504' title='bbox 182 3211 260 3234; x_wconf 91' lang='lat' dir='ltr'><em>rent.</em></span> <span class='ocrx_word' id='word_1_505' title='bbox 294 3204 522 3235; x_wconf 87' lang='lat' dir='ltr'><em>Doctissimum</em></span> <span class='ocrx_word' id='word_1_506' title='bbox 551 3205 731 3235; x_wconf 89' lang='lat' dir='ltr'><em>Echardum</em></span> <span class='ocrx_word' id='word_1_507' title='bbox 760 3205 891 3236; x_wconf 91' lang='lat' dir='ltr'><em>consule</em></span> <span class='ocrx_word' id='word_1_508' title='bbox 920 3204 953 3235; x_wconf 87' lang='lat' dir='ltr'><em>in</em></span> <span class='ocrx_word' id='word_1_509' title='bbox 976 3204 1097 3245; x_wconf 87' lang='lat' dir='ltr'><em>Elogiis</em></span> <span class='ocrx_word' id='word_1_510' title='bbox 1121 3205 1247 3236; x_wconf 84' lang='lat' dir='ltr'><em>Ioannis</em></span> 
     </span>
     <span class='ocr_line' id='line_1_68' title="bbox 183 3248 940 3288; baseline 0.003 -10"><span class='ocrx_word' id='word_1_511' title='bbox 183 3248 315 3288; x_wconf 88' lang='lat' dir='ltr'><em>Aegidii,</em></span> <span class='ocrx_word' id='word_1_512' title='bbox 335 3248 454 3279; x_wconf 89' lang='lat' dir='ltr'><em>Alberti</em></span> <span class='ocrx_word' id='word_1_513' title='bbox 477 3249 583 3288; x_wconf 86' lang='lat' dir='ltr'><em>Magni</em></span> <span class='ocrx_word' id='word_1_514' title='bbox 607 3255 638 3279; x_wconf 91' lang='lat' dir='ltr'><em>et</em></span> <span class='ocrx_word' id='word_1_515' title='bbox 661 3249 758 3279; x_wconf 90' lang='lat' dir='ltr'><em>sancti</em></span> <span class='ocrx_word' id='word_1_516' title='bbox 781 3249 940 3280; x_wconf 83' lang='lat' dir='ltr'><em>Thomae.</em></span> 
     </span>
    </p>

    <p class='ocr_par' dir='ltr' id='par_1_7' title="bbox 181 3292 1248 3641">
     <span class='ocr_line' id='line_1_69' title="bbox 248 3292 1247 3334; baseline 0.002 -12"><span class='ocrx_word' id='word_1_517' title='bbox 248 3293 324 3323; x_wconf 84' lang='lat' dir='ltr'><em>Post</em></span> <span class='ocrx_word' id='word_1_518' title='bbox 350 3293 440 3333; x_wconf 88' lang='lat' dir='ltr'><em>plura</em></span> <span class='ocrx_word' id='word_1_519' title='bbox 463 3292 641 3323; x_wconf 84' lang='lat' dir='ltr'><em>idoneitatis</em></span> <span class='ocrx_word' id='word_1_520' title='bbox 665 3293 848 3333; x_wconf 83' lang='lat' dir='ltr'><em>specimina,</em></span> <span class='ocrx_word' id='word_1_521' title='bbox 867 3303 949 3334; x_wconf 89' lang='lat' dir='ltr'><em>quae</em></span> <span class='ocrx_word' id='word_1_522' title='bbox 973 3292 1038 3324; x_wconf 82' lang='lat' dir='ltr'><em>suis</em></span> <span class='ocrx_word' id='word_1_523' title='bbox 1061 3293 1094 3323; x_wconf 93' lang='lat' dir='ltr'><em>in</em></span> <span class='ocrx_word' id='word_1_524' title='bbox 1117 3293 1247 3324; x_wconf 87' lang='lat' dir='ltr'><em>Provin-</em></span> 
     </span>
     <span class='ocr_line' id='line_1_70' title="bbox 182 3336 1248 3379; baseline 0.001 -12"><span class='ocrx_word' id='word_1_525' title='bbox 182 3336 236 3367; x_wconf 83' lang='lat' dir='ltr'><em>ciis</em></span> <span class='ocrx_word' id='word_1_526' title='bbox 255 3346 290 3367; x_wconf 85' lang='lat' dir='ltr'><em>ac</em></span> <span class='ocrx_word' id='word_1_527' title='bbox 309 3336 489 3378; x_wconf 84' lang='lat' dir='ltr'><em>Gymnasiis</em></span> <span class='ocrx_word' id='word_1_528' title='bbox 512 3337 645 3368; x_wconf 82' lang='lat' dir='ltr'><em>edebant</em></span> <span class='ocrx_word' id='word_1_529' title='bbox 666 3337 773 3368; x_wconf 85' lang='lat' dir='ltr'><em>fratres</em></span> <span class='ocrx_word' id='word_1_530' title='bbox 797 3337 944 3375; x_wconf 86' lang='lat' dir='ltr'><em>extranei,</em></span> <span class='ocrx_word' id='word_1_531' title='bbox 971 3344 1107 3379; x_wconf 84' lang='lat' dir='ltr'><em>postque</em></span> <span class='ocrx_word' id='word_1_532' title='bbox 1131 3337 1248 3368; x_wconf 81' lang='lat' dir='ltr'><em>similes</em></span> 
     </span>
     <span class='ocr_line' id='line_1_71' title="bbox 181 3380 1248 3422; baseline 0.002 -11"><span class='ocrx_word' id='word_1_533' title='bbox 181 3380 345 3411; x_wconf 89' lang='lat' dir='ltr'><em>litterarios</em></span> <span class='ocrx_word' id='word_1_534' title='bbox 364 3391 492 3421; x_wconf 89' lang='lat' dir='ltr'><em>agones,</em></span> <span class='ocrx_word' id='word_1_535' title='bbox 507 3391 589 3422; x_wconf 90' lang='lat' dir='ltr'><em>quos</em></span> <span class='ocrx_word' id='word_1_536' title='bbox 609 3381 739 3412; x_wconf 88' lang='lat' dir='ltr'><em>intranei</em></span> <span class='ocrx_word' id='word_1_537' title='bbox 759 3382 863 3412; x_wconf 87' lang='lat' dir='ltr'><em>subire</em></span> <span class='ocrx_word' id='word_1_538' title='bbox 882 3382 1054 3419; x_wconf 87' lang='lat' dir='ltr'><em>debebant,</em></span> <span class='ocrx_word' id='word_1_539' title='bbox 1078 3382 1118 3412; x_wconf 86' lang='lat' dir='ltr'><em>ad</em></span> <span class='ocrx_word' id='word_1_540' title='bbox 1133 3382 1248 3422; x_wconf 85' lang='lat' dir='ltr'><em>gradus</em></span> 
     </span>
     <span class='ocr_line' id='line_1_72' title="bbox 182 3426 1247 3467; baseline 0.002 -12"><span class='ocrx_word' id='word_1_541' title='bbox 182 3426 467 3464; x_wconf 86' lang='lat' dir='ltr'><em>promovebantur,</em></span> <span class='ocrx_word' id='word_1_542' title='bbox 492 3426 547 3467; x_wconf 92' lang='lat' dir='ltr'><em>qui</em></span> <span class='ocrx_word' id='word_1_543' title='bbox 577 3426 682 3466; x_wconf 86' lang='lat' dir='ltr'><em>plures</em></span> <span class='ocrx_word' id='word_1_544' title='bbox 710 3433 806 3457; x_wconf 85' lang='lat' dir='ltr'><em>erant.</em></span> <span class='ocrx_word' id='word_1_545' title='bbox 832 3426 976 3457; x_wconf 73' lang='lat' dir='ltr'><em>Lector-is</em></span> <span class='ocrx_word' id='word_1_546' title='bbox 997 3426 1102 3457; x_wconf 83' lang='lat' dir='ltr'><em>biblici</em></span> <span class='ocrx_word' id='word_1_547' title='bbox 1127 3426 1247 3467; x_wconf 87' lang='lat' dir='ltr'><em>primus</em></span> 
     </span>
     <span class='ocr_line' id='line_1_73' title="bbox 182 3470 1247 3511; baseline 0.004 -13"><span class='ocrx_word' id='word_1_548' title='bbox 182 3470 365 3500; x_wconf 87' lang='lat' dir='ltr'><em>vocabatur:</em></span> <span class='ocrx_word' id='word_1_549' title='bbox 384 3480 480 3510; x_wconf 88' lang='lat' dir='ltr'><em>quem</em></span> <span class='ocrx_word' id='word_1_550' title='bbox 501 3477 531 3501; x_wconf 90' lang='lat' dir='ltr'><em>et</em></span> <span class='ocrx_word' id='word_1_551' title='bbox 552 3470 798 3502; x_wconf 87' lang='lat' dir='ltr'><em>baccalaureum</em></span> <span class='ocrx_word' id='word_1_552' title='bbox 819 3480 983 3502; x_wconf 85' lang='lat' dir='ltr'><em>cursorem</em></span> <span class='ocrx_word' id='word_1_553' title='bbox 999 3471 1177 3502; x_wconf 86' lang='lat' dir='ltr'><em>Bibliorum</em></span> <span class='ocrx_word' id='word_1_554' title='bbox 1193 3481 1247 3511; x_wconf 85' lang='lat' dir='ltr'><em>ap-</em></span> 
     </span>
     <span class='ocr_line' id='line_1_74' title="bbox 184 3513 1247 3556; baseline 0.004 -14"><span class='ocrx_word' id='word_1_555' title='bbox 184 3513 349 3551; x_wconf 87' lang='lat' dir='ltr'><em>pellabant.</em></span> <span class='ocrx_word' id='word_1_556' title='bbox 383 3514 551 3553; x_wconf 69' lang='lat' dir='ltr'><em>Magister-ii</em></span> <span class='ocrx_word' id='word_1_557' title='bbox 575 3514 713 3545; x_wconf 87' lang='lat' dir='ltr'><em>stadium</em></span> <span class='ocrx_word' id='word_1_558' title='bbox 736 3515 863 3555; x_wconf 88' lang='lat' dir='ltr'><em>proprie</em></span> <span class='ocrx_word' id='word_1_559' title='bbox 892 3515 1013 3546; x_wconf 89' lang='lat' dir='ltr'><em>dictum</em></span> <span class='ocrx_word' id='word_1_560' title='bbox 1038 3516 1247 3556; x_wconf 85' lang='lat' dir='ltr'><em>sequebatur,</em></span> 
     </span>
     <span class='ocr_line' id='line_1_75' title="bbox 183 3555 1247 3600; baseline 0.004 -14"><span class='ocrx_word' id='word_1_561' title='bbox 183 3555 304 3595; x_wconf 87' lang='lat' dir='ltr'><em>integro</em></span> <span class='ocrx_word' id='word_1_562' title='bbox 322 3558 509 3588; x_wconf 86' lang='lat' dir='ltr'><em>conclusum</em></span> <span class='ocrx_word' id='word_1_563' title='bbox 527 3558 672 3589; x_wconf 90' lang='lat' dir='ltr'><em>triennio.</em></span> <span class='ocrx_word' id='word_1_564' title='bbox 693 3559 757 3596; x_wconf 89' lang='lat' dir='ltr'><em>Qui</em></span> <span class='ocrx_word' id='word_1_565' title='bbox 776 3559 876 3590; x_wconf 90' lang='lat' dir='ltr'><em>Biblia</em></span> <span class='ocrx_word' id='word_1_566' title='bbox 894 3559 1123 3599; x_wconf 85' lang='lat' dir='ltr'><em>explanaverat,</em></span> <span class='ocrx_word' id='word_1_567' title='bbox 1142 3559 1247 3600; x_wconf 89' lang='lat' dir='ltr'><em>primo</em></span> 
     </span>
     <span class='ocr_line' id='line_1_76' title="bbox 185 3599 1247 3641; baseline 0.004 -11"><span class='ocrx_word' id='word_1_568' title='bbox 185 3599 315 3631; x_wconf 89' lang='lat' dir='ltr'><em>huiusce</em></span> <span class='ocrx_word' id='word_1_569' title='bbox 333 3601 456 3632; x_wconf 86' lang='lat' dir='ltr'><em>triennii</em></span> <span class='ocrx_word' id='word_1_570' title='bbox 473 3612 557 3632; x_wconf 87' lang='lat' dir='ltr'><em>anno</em></span> <span class='ocrx_word' id='word_1_571' title='bbox 583 3603 814 3634; x_wconf 81' lang='lat' dir='ltr'><em>baccalaureus</em></span> <span class='ocrx_word' id='word_1_572' title='bbox 838 3603 1081 3641; x_wconf 75' lang='lat' dir='ltr'><em>sententiar-ius,</em></span> <span class='ocrx_word' id='word_1_573' title='bbox 1101 3603 1152 3634; x_wconf 85' lang='lat' dir='ltr'><em>vel</em></span> <span class='ocrx_word' id='word_1_574' title='bbox 1169 3603 1247 3634; x_wconf 82' lang='lat' dir='ltr'><em>Sen-</em></span> 
     </span>
    </p>
   </div>
   <div class='ocr_carea' id='block_1_5' title="bbox 911 250 1647 288">
    <p class='ocr_par' dir='ltr' id='par_1_8' title="bbox 911 250 1647 288">
     <span class='ocr_line' id='line_1_77' title="bbox 911 250 1647 288; baseline 0.003 -2"><span class='ocrx_word' id='word_1_575' title='bbox 911 250 1369 287; x_wconf 89' lang='lat' dir='ltr'><em>DISSERTATIONES</em></span> <span class='ocrx_word' id='word_1_576' title='bbox 1399 251 1647 288; x_wconf 90' lang='lat' dir='ltr'><em>CRITICAE</em></span> 
     </span>
    </p>
   </div>
   <div class='ocr_carea' id='block_1_6' title="bbox 1300 330 2379 3643">
    <p class='ocr_par' dir='ltr' id='par_1_9' title="bbox 1303 330 2378 623">
     <span class='ocr_line' id='line_1_78' title="bbox 1306 330 2376 364; baseline 0.005 -5"><span class='ocrx_word' id='word_1_577' title='bbox 1306 330 1478 360; x_wconf 87' lang='lat' dir='ltr'><em>tentiarum</em></span> <span class='ocrx_word' id='word_1_578' title='bbox 1513 331 1686 360; x_wconf 89' lang='lat' dir='ltr'><em>evadebat:</em></span> <span class='ocrx_word' id='word_1_579' title='bbox 1719 331 1809 361; x_wconf 90' lang='lat' dir='ltr'><em>cuius</em></span> <span class='ocrx_word' id='word_1_580' title='bbox 1839 341 1958 362; x_wconf 90' lang='lat' dir='ltr'><em>munus</em></span> <span class='ocrx_word' id='word_1_581' title='bbox 1987 339 2051 363; x_wconf 90' lang='lat' dir='ltr'><em>erat</em></span> <span class='ocrx_word' id='word_1_582' title='bbox 2079 333 2261 364; x_wconf 88' lang='lat' dir='ltr'><em>Sententias</em></span> <span class='ocrx_word' id='word_1_583' title='bbox 2294 334 2376 364; x_wconf 86' lang='lat' dir='ltr'><em>Petri</em></span> 
     </span>
     <span class='ocr_line' id='line_1_79' title="bbox 1305 373 2376 416; baseline 0.007 -14"><span class='ocrx_word' id='word_1_584' title='bbox 1305 373 1478 403; x_wconf 90' lang='lat' dir='ltr'><em>Lombardi</em></span> <span class='ocrx_word' id='word_1_585' title='bbox 1496 373 1598 413; x_wconf 88' lang='lat' dir='ltr'><em>legere</em></span> <span class='ocrx_word' id='word_1_586' title='bbox 1612 374 1645 404; x_wconf 91' lang='lat' dir='ltr'><em>in</em></span> <span class='ocrx_word' id='word_1_587' title='bbox 1662 374 1793 405; x_wconf 91' lang='lat' dir='ltr'><em>alicuius</em></span> <span class='ocrx_word' id='word_1_588' title='bbox 1810 375 1950 415; x_wconf 90' lang='lat' dir='ltr'><em>magistri</em></span> <span class='ocrx_word' id='word_1_589' title='bbox 1972 377 2089 407; x_wconf 90' lang='lat' dir='ltr'><em>schola.</em></span> <span class='ocrx_word' id='word_1_590' title='bbox 2116 378 2188 408; x_wconf 90' lang='lat' dir='ltr'><em>Hoc</em></span> <span class='ocrx_word' id='word_1_591' title='bbox 2213 385 2269 416; x_wconf 88' lang='lat' dir='ltr'><em>est,</em></span> <span class='ocrx_word' id='word_1_592' title='bbox 2285 379 2376 409; x_wconf 92' lang='lat' dir='ltr'><em>scho-</em></span> 
     </span>
     <span class='ocr_line' id='line_1_80' title="bbox 1303 416 2377 462; baseline 0.007 -16"><span class='ocrx_word' id='word_1_593' title='bbox 1303 416 1370 446; x_wconf 91' lang='lat' dir='ltr'><em>lam</em></span> <span class='ocrx_word' id='word_1_594' title='bbox 1398 418 1572 457; x_wconf 89' lang='lat' dir='ltr'><em>quamlibet</em></span> <span class='ocrx_word' id='word_1_595' title='bbox 1599 419 1726 458; x_wconf 89' lang='lat' dir='ltr'><em>regebat</em></span> <span class='ocrx_word' id='word_1_596' title='bbox 1748 419 1912 459; x_wconf 86' lang='lat' dir='ltr'><em>magister;</em></span> <span class='ocrx_word' id='word_1_597' title='bbox 1940 420 1974 450; x_wconf 92' lang='lat' dir='ltr'><em>in</em></span> <span class='ocrx_word' id='word_1_598' title='bbox 2002 421 2208 462; x_wconf 89' lang='lat' dir='ltr'><em>eiusdemque</em></span> <span class='ocrx_word' id='word_1_599' title='bbox 2237 423 2377 462; x_wconf 88' lang='lat' dir='ltr'><em>magistri</em></span> 
     </span>
     <span class='ocr_line' id='line_1_81' title="bbox 1305 461 2378 504; baseline 0.007 -14"><span class='ocrx_word' id='word_1_600' title='bbox 1305 461 1423 499; x_wconf 90' lang='lat' dir='ltr'><em>schola,</em></span> <span class='ocrx_word' id='word_1_601' title='bbox 1439 461 1571 502; x_wconf 91' lang='lat' dir='ltr'><em>eiusque</em></span> <span class='ocrx_word' id='word_1_602' title='bbox 1587 463 1646 492; x_wconf 93' lang='lat' dir='ltr'><em>sub</em></span> <span class='ocrx_word' id='word_1_603' title='bbox 1663 462 1825 502; x_wconf 89' lang='lat' dir='ltr'><em>regimine,</em></span> <span class='ocrx_word' id='word_1_604' title='bbox 1842 464 2007 504; x_wconf 87' lang='lat' dir='ltr'><em>explanare</em></span> <span class='ocrx_word' id='word_1_605' title='bbox 2023 465 2198 496; x_wconf 89' lang='lat' dir='ltr'><em>Sententias</em></span> <span class='ocrx_word' id='word_1_606' title='bbox 2213 467 2378 497; x_wconf 88' lang='lat' dir='ltr'><em>tenebatur</em></span> 
     </span>
     <span class='ocr_line' id='line_1_82' title="bbox 1305 504 2376 547; baseline 0.006 -11"><span class='ocrx_word' id='word_1_607' title='bbox 1305 504 1526 536; x_wconf 88' lang='lat' dir='ltr'><em>baccalaureus</em></span> <span class='ocrx_word' id='word_1_608' title='bbox 1545 506 1586 536; x_wconf 93' lang='lat' dir='ltr'><em>ad</em></span> <span class='ocrx_word' id='word_1_609' title='bbox 1600 506 1817 546; x_wconf 89' lang='lat' dir='ltr'><em>magisterium</em></span> <span class='ocrx_word' id='word_1_610' title='bbox 1831 509 2080 547; x_wconf 90' lang='lat' dir='ltr'><em>promovendus.</em></span> <span class='ocrx_word' id='word_1_611' title='bbox 2097 510 2145 540; x_wconf 90' lang='lat' dir='ltr'><em>De</em></span> <span class='ocrx_word' id='word_1_612' title='bbox 2158 511 2376 541; x_wconf 88' lang='lat' dir='ltr'><em>Baccalaurei</em></span> 
     </span>
     <span class='ocr_line' id='line_1_83' title="bbox 1305 549 2376 590; baseline 0.007 -11"><span class='ocrx_word' id='word_1_613' title='bbox 1305 555 1413 589; x_wconf 88' lang='lat' dir='ltr'><em>etymo</em></span> <span class='ocrx_word' id='word_1_614' title='bbox 1428 549 1631 590; x_wconf 89' lang='lat' dir='ltr'><em>Ducangium</em></span> <span class='ocrx_word' id='word_1_615' title='bbox 1655 552 1786 581; x_wconf 90' lang='lat' dir='ltr'><em>consule</em></span> <span class='ocrx_word' id='word_1_616' title='bbox 1809 552 1842 582; x_wconf 92' lang='lat' dir='ltr'><em>in</em></span> <span class='ocrx_word' id='word_1_617' title='bbox 1866 552 2028 583; x_wconf 89' lang='lat' dir='ltr'><em>Glossario</em></span> <span class='ocrx_word' id='word_1_618' title='bbox 2050 554 2173 585; x_wconf 91' lang='lat' dir='ltr'><em>mediae</em></span> <span class='ocrx_word' id='word_1_619' title='bbox 2195 562 2226 586; x_wconf 92' lang='lat' dir='ltr'><em>et</em></span> <span class='ocrx_word' id='word_1_620' title='bbox 2249 554 2376 586; x_wconf 89' lang='lat' dir='ltr'><em>infimae</em></span> 
     </span>
     <span class='ocr_line' id='line_1_84' title="bbox 1304 592 1474 623; baseline 0.006 -1"><span class='ocrx_word' id='word_1_621' title='bbox 1304 592 1474 623; x_wconf 88' lang='lat' dir='ltr'><em>latinitatis.</em></span> 
     </span>
    </p>

    <p class='ocr_par' dir='ltr' id='par_1_10' title="bbox 1301 638 2377 1727">
     <span class='ocr_line' id='line_1_85' title="bbox 1385 638 2376 678; baseline 0.008 -12"><span class='ocrx_word' id='word_1_622' title='bbox 1385 639 1481 667; x_wconf 87' lang='lat' dir='ltr'><em>Anno</em></span> <span class='ocrx_word' id='word_1_623' title='bbox 1510 638 1614 677; x_wconf 91' lang='lat' dir='ltr'><em>primo</em></span> <span class='ocrx_word' id='word_1_624' title='bbox 1644 639 1784 678; x_wconf 86' lang='lat' dir='ltr'><em>expleto,</em></span> <span class='ocrx_word' id='word_1_625' title='bbox 1813 639 2016 671; x_wconf 87' lang='lat' dir='ltr'><em>Saniacobaei</em></span> <span class='ocrx_word' id='word_1_626' title='bbox 2046 643 2192 673; x_wconf 91' lang='lat' dir='ltr'><em>coenobii</em></span> <span class='ocrx_word' id='word_1_627' title='bbox 2220 643 2310 673; x_wconf 90' lang='lat' dir='ltr'><em>Prior</em></span> <span class='ocrx_word' id='word_1_628' title='bbox 2340 653 2376 674; x_wconf 87' lang='lat' dir='ltr'><em>ac</em></span> 
     </span>
     <span class='ocr_line' id='line_1_86' title="bbox 1304 680 2377 722; baseline 0.009 -13"><span class='ocrx_word' id='word_1_629' title='bbox 1304 680 1445 720; x_wconf 82' lang='lat' dir='ltr'><em>Magistri</em></span> <span class='ocrx_word' id='word_1_630' title='bbox 1476 688 1547 712; x_wconf 92' lang='lat' dir='ltr'><em>actu</em></span> <span class='ocrx_word' id='word_1_631' title='bbox 1575 682 1713 722; x_wconf 89' lang='lat' dir='ltr'><em>legentes</em></span> <span class='ocrx_word' id='word_1_632' title='bbox 1737 682 1933 714; x_wconf 89' lang='lat' dir='ltr'><em>Cancellario</em></span> <span class='ocrx_word' id='word_1_633' title='bbox 1958 685 2175 717; x_wconf 88' lang='lat' dir='ltr'><em>Universitatis</em></span> <span class='ocrx_word' id='word_1_634' title='bbox 2204 687 2377 718; x_wconf 84' lang='lat' dir='ltr'><em>offerebant</em></span> 
     </span>
     <span class='ocr_line' id='line_1_87' title="bbox 1305 724 2376 770; baseline 0.009 -17"><span class='ocrx_word' id='word_1_635' title='bbox 1305 724 1561 763; x_wconf 70' lang='lat' dir='ltr'><em>baccalaurwm,</em></span> <span class='ocrx_word' id='word_1_636' title='bbox 1593 725 1772 758; x_wconf 90' lang='lat' dir='ltr'><em>iuramento</em></span> <span class='ocrx_word' id='word_1_637' title='bbox 1801 728 1978 759; x_wconf 89' lang='lat' dir='ltr'><em>adserentes</em></span> <span class='ocrx_word' id='word_1_638' title='bbox 2006 739 2065 769; x_wconf 94' lang='lat' dir='ltr'><em>pro</em></span> <span class='ocrx_word' id='word_1_639' title='bbox 2095 730 2192 770; x_wconf 90' lang='lat' dir='ltr'><em>digno</em></span> <span class='ocrx_word' id='word_1_640' title='bbox 2220 731 2313 762; x_wconf 90' lang='lat' dir='ltr'><em>illurn</em></span> <span class='ocrx_word' id='word_1_641' title='bbox 2343 742 2376 762; x_wconf 93' lang='lat' dir='ltr'><em>se</em></span> 
     </span>
     <span class='ocr_line' id='line_1_88' title="bbox 1304 767 2375 811; baseline 0.009 -14"><span class='ocrx_word' id='word_1_642' title='bbox 1304 767 1434 805; x_wconf 86' lang='lat' dir='ltr'><em>habere,</em></span> <span class='ocrx_word' id='word_1_643' title='bbox 1455 769 1511 809; x_wconf 92' lang='lat' dir='ltr'><em>qui</em></span> <span class='ocrx_word' id='word_1_644' title='bbox 1538 770 1699 800; x_wconf 87' lang='lat' dir='ltr'><em>licentiam</em></span> <span class='ocrx_word' id='word_1_645' title='bbox 1724 770 1896 811; x_wconf 87' lang='lat' dir='ltr'><em>acciperet;</em></span> <span class='ocrx_word' id='word_1_646' title='bbox 1921 773 1972 803; x_wconf 92' lang='lat' dir='ltr'><em>cui</em></span> <span class='ocrx_word' id='word_1_647' title='bbox 1995 773 2140 805; x_wconf 89' lang='lat' dir='ltr'><em>videlicet</em></span> <span class='ocrx_word' id='word_1_648' title='bbox 2162 775 2294 806; x_wconf 89' lang='lat' dir='ltr'><em>facultas</em></span> <span class='ocrx_word' id='word_1_649' title='bbox 2318 776 2375 806; x_wconf 92' lang='lat' dir='ltr'><em>do-</em></span> 
     </span>
     <span class='ocr_line' id='line_1_89' title="bbox 1304 811 2375 860; baseline 0.009 -19"><span class='ocrx_word' id='word_1_650' title='bbox 1304 811 1395 841; x_wconf 90' lang='lat' dir='ltr'><em>cendi</em></span> <span class='ocrx_word' id='word_1_651' title='bbox 1419 811 1522 850; x_wconf 91' lang='lat' dir='ltr'><em>fieret,</em></span> <span class='ocrx_word' id='word_1_652' title='bbox 1544 820 1709 854; x_wconf 84' lang='lat' dir='ltr'><em>tamquam</em></span> <span class='ocrx_word' id='word_1_653' title='bbox 1737 815 1898 854; x_wconf 88' lang='lat' dir='ltr'><em>magistro.</em></span> <span class='ocrx_word' id='word_1_654' title='bbox 1926 819 2065 857; x_wconf 88' lang='lat' dir='ltr'><em>Accepta</em></span> <span class='ocrx_word' id='word_1_655' title='bbox 2094 819 2236 857; x_wconf 89' lang='lat' dir='ltr'><em>licentia,</em></span> <span class='ocrx_word' id='word_1_656' title='bbox 2261 820 2375 860; x_wconf 86' lang='lat' dir='ltr'><em>princi-</em></span> 
     </span>
     <span class='ocr_line' id='line_1_90' title="bbox 1304 855 2375 902; baseline 0.008 -17"><span class='ocrx_word' id='word_1_657' title='bbox 1304 855 1395 895; x_wconf 91' lang='lat' dir='ltr'><em>pium</em></span> <span class='ocrx_word' id='word_1_658' title='bbox 1423 856 1567 887; x_wconf 88' lang='lat' dir='ltr'><em>solemne</em></span> <span class='ocrx_word' id='word_1_659' title='bbox 1598 857 1631 887; x_wconf 92' lang='lat' dir='ltr'><em>in</em></span> <span class='ocrx_word' id='word_1_660' title='bbox 1659 858 1732 888; x_wconf 88' lang='lat' dir='ltr'><em>aula</em></span> <span class='ocrx_word' id='word_1_661' title='bbox 1760 859 1933 899; x_wconf 90' lang='lat' dir='ltr'><em>episcopali</em></span> <span class='ocrx_word' id='word_1_662' title='bbox 1965 861 2150 892; x_wconf 88' lang='lat' dir='ltr'><em>habendum</em></span> <span class='ocrx_word' id='word_1_663' title='bbox 2178 862 2294 902; x_wconf 87' lang='lat' dir='ltr'><em>fuerat,</em></span> <span class='ocrx_word' id='word_1_664' title='bbox 2323 864 2375 894; x_wconf 90' lang='lat' dir='ltr'><em>ad-</em></span> 
     </span>
     <span class='ocr_line' id='line_1_91' title="bbox 1304 901 2375 942; baseline 0.008 -13"><span class='ocrx_word' id='word_1_665' title='bbox 1304 906 1405 930; x_wconf 90' lang='lat' dir='ltr'><em>stante</em></span> <span class='ocrx_word' id='word_1_666' title='bbox 1438 910 1541 931; x_wconf 88' lang='lat' dir='ltr'><em>sacrae</em></span> <span class='ocrx_word' id='word_1_667' title='bbox 1569 901 1748 941; x_wconf 88' lang='lat' dir='ltr'><em>theologiae</em></span> <span class='ocrx_word' id='word_1_668' title='bbox 1768 903 1993 942; x_wconf 89' lang='lat' dir='ltr'><em>Magistrorum</em></span> <span class='ocrx_word' id='word_1_669' title='bbox 2023 906 2172 936; x_wconf 91' lang='lat' dir='ltr'><em>omnium</em></span> <span class='ocrx_word' id='word_1_670' title='bbox 2196 914 2375 938; x_wconf 90' lang='lat' dir='ltr'><em>conventu:</em></span> 
     </span>
     <span class='ocr_line' id='line_1_92' title="bbox 1303 944 2377 988; baseline 0.007 -14"><span class='ocrx_word' id='word_1_671' title='bbox 1303 944 1400 984; x_wconf 91' lang='lat' dir='ltr'><em>idque</em></span> <span class='ocrx_word' id='word_1_672' title='bbox 1424 944 1485 975; x_wconf 90' lang='lat' dir='ltr'><em>dici</em></span> <span class='ocrx_word' id='word_1_673' title='bbox 1509 953 1676 985; x_wconf 88' lang='lat' dir='ltr'><em>propterea</em></span> <span class='ocrx_word' id='word_1_674' title='bbox 1695 954 1911 986; x_wconf 85' lang='lat' dir='ltr'><em>consueverat,</em></span> <span class='ocrx_word' id='word_1_675' title='bbox 1930 949 2048 979; x_wconf 86' lang='lat' dir='ltr'><em>Aulam</em></span> <span class='ocrx_word' id='word_1_676' title='bbox 2067 959 2161 980; x_wconf 88' lang='lat' dir='ltr'><em>suam</em></span> <span class='ocrx_word' id='word_1_677' title='bbox 2180 951 2308 988; x_wconf 83' lang='lat' dir='ltr'><em>habere,</em></span> <span class='ocrx_word' id='word_1_678' title='bbox 2326 952 2377 982; x_wconf 90' lang='lat' dir='ltr'><em>vel</em></span> 
     </span>
     <span class='ocr_line' id='line_1_93' title="bbox 1307 989 2376 1032; baseline 0.007 -14"><span class='ocrx_word' id='word_1_679' title='bbox 1307 989 1506 1019; x_wconf 88' lang='lat' dir='ltr'><em>Conventum</em></span> <span class='ocrx_word' id='word_1_680' title='bbox 1527 991 1559 1019; x_wconf 89' lang='lat' dir='ltr'><em>in</em></span> <span class='ocrx_word' id='word_1_681' title='bbox 1585 991 1746 1032; x_wconf 83' lang='lat' dir='ltr'><em>theologia</em></span> <span class='ocrx_word' id='word_1_682' title='bbox 1769 993 1922 1031; x_wconf 86' lang='lat' dir='ltr'><em>recipere.</em></span> <span class='ocrx_word' id='word_1_683' title='bbox 1947 993 2031 1023; x_wconf 91' lang='lat' dir='ltr'><em>Hinc</em></span> <span class='ocrx_word' id='word_1_684' title='bbox 2056 994 2134 1023; x_wconf 91' lang='lat' dir='ltr'><em>rude</em></span> <span class='ocrx_word' id='word_1_685' title='bbox 2161 994 2297 1025; x_wconf 88' lang='lat' dir='ltr'><em>donatus</em></span> <span class='ocrx_word' id='word_1_686' title='bbox 2323 995 2376 1026; x_wconf 87' lang='lat' dir='ltr'><em>ille</em></span> 
     </span>
     <span class='ocr_line' id='line_1_94' title="bbox 1305 1033 2376 1078; baseline 0.007 -16"><span class='ocrx_word' id='word_1_687' title='bbox 1305 1033 1542 1074; x_wconf 88' lang='lat' dir='ltr'><em>declaratusque</em></span> <span class='ocrx_word' id='word_1_688' title='bbox 1557 1034 1714 1074; x_wconf 90' lang='lat' dir='ltr'><em>magister,</em></span> <span class='ocrx_word' id='word_1_689' title='bbox 1731 1036 1880 1076; x_wconf 86' lang='lat' dir='ltr'><em>pergebat</em></span> <span class='ocrx_word' id='word_1_690' title='bbox 1894 1046 1979 1067; x_wconf 88' lang='lat' dir='ltr'><em>anno</em></span> <span class='ocrx_word' id='word_1_691' title='bbox 1997 1037 2095 1067; x_wconf 91' lang='lat' dir='ltr'><em>altero</em></span> <span class='ocrx_word' id='word_1_692' title='bbox 2116 1038 2281 1078; x_wconf 87' lang='lat' dir='ltr'><em>explanare</em></span> <span class='ocrx_word' id='word_1_693' title='bbox 2297 1039 2376 1069; x_wconf 89' lang='lat' dir='ltr'><em>Sen-</em></span> 
     </span>
     <span class='ocr_line' id='line_1_95' title="bbox 1304 1077 2375 1122; baseline 0.006 -15"><span class='ocrx_word' id='word_1_694' title='bbox 1304 1078 1421 1108; x_wconf 89' lang='lat' dir='ltr'><em>tentias</em></span> <span class='ocrx_word' id='word_1_695' title='bbox 1452 1077 1486 1107; x_wconf 91' lang='lat' dir='ltr'><em>in</em></span> <span class='ocrx_word' id='word_1_696' title='bbox 1519 1079 1628 1108; x_wconf 89' lang='lat' dir='ltr'><em>schola</em></span> <span class='ocrx_word' id='word_1_697' title='bbox 1651 1086 1726 1110; x_wconf 92' lang='lat' dir='ltr'><em>tunc</em></span> <span class='ocrx_word' id='word_1_698' title='bbox 1750 1091 1824 1118; x_wconf 92' lang='lat' dir='ltr'><em>sua,</em></span> <span class='ocrx_word' id='word_1_699' title='bbox 1858 1090 1956 1121; x_wconf 88' lang='lat' dir='ltr'><em>quam</em></span> <span class='ocrx_word' id='word_1_700' title='bbox 1979 1081 2047 1121; x_wconf 89' lang='lat' dir='ltr'><em>ipse</em></span> <span class='ocrx_word' id='word_1_701' title='bbox 2070 1082 2215 1113; x_wconf 91' lang='lat' dir='ltr'><em>videlicet</em></span> <span class='ocrx_word' id='word_1_702' title='bbox 2238 1084 2375 1122; x_wconf 87' lang='lat' dir='ltr'><em>regebat,</em></span> 
     </span>
     <span class='ocr_line' id='line_1_96' title="bbox 1304 1122 2376 1162; baseline 0.007 -11"><span class='ocrx_word' id='word_1_703' title='bbox 1304 1128 1470 1162; x_wconf 85' lang='lat' dir='ltr'><em>tamquam</em></span> <span class='ocrx_word' id='word_1_704' title='bbox 1493 1122 1652 1162; x_wconf 86' lang='lat' dir='ltr'><em>Magister.</em></span> <span class='ocrx_word' id='word_1_705' title='bbox 1683 1124 1793 1155; x_wconf 91' lang='lat' dir='ltr'><em>Tertio</em></span> <span class='ocrx_word' id='word_1_706' title='bbox 1818 1125 1950 1155; x_wconf 89' lang='lat' dir='ltr'><em>demum</em></span> <span class='ocrx_word' id='word_1_707' title='bbox 1983 1126 2086 1156; x_wconf 91' lang='lat' dir='ltr'><em>adhuc</em></span> <span class='ocrx_word' id='word_1_708' title='bbox 2116 1136 2201 1156; x_wconf 90' lang='lat' dir='ltr'><em>anno</em></span> <span class='ocrx_word' id='word_1_709' title='bbox 2233 1127 2376 1158; x_wconf 91' lang='lat' dir='ltr'><em>scholam</em></span> 
     </span>
     <span class='ocr_line' id='line_1_97' title="bbox 1305 1166 2375 1210; baseline 0.007 -15"><span class='ocrx_word' id='word_1_710' title='bbox 1305 1166 1538 1204; x_wconf 84' lang='lat' dir='ltr'><em>moderabatur,</em></span> <span class='ocrx_word' id='word_1_711' title='bbox 1558 1168 1759 1207; x_wconf 86' lang='lat' dir='ltr'><em>quaestiones</em></span> <span class='ocrx_word' id='word_1_712' title='bbox 1782 1169 1937 1210; x_wconf 85' lang='lat' dir='ltr'><em>quasdam</em></span> <span class='ocrx_word' id='word_1_713' title='bbox 1957 1180 2016 1210; x_wconf 90' lang='lat' dir='ltr'><em>pro</em></span> <span class='ocrx_word' id='word_1_714' title='bbox 2035 1170 2125 1201; x_wconf 89' lang='lat' dir='ltr'><em>libito</em></span> <span class='ocrx_word' id='word_1_715' title='bbox 2145 1172 2375 1210; x_wconf 86' lang='lat' dir='ltr'><em>pertractando,</em></span> 
     </span>
     <span class='ocr_line' id='line_1_98' title="bbox 1303 1210 2375 1254; baseline 0.007 -15"><span class='ocrx_word' id='word_1_716' title='bbox 1303 1210 1462 1250; x_wconf 89' lang='lat' dir='ltr'><em>generales</em></span> <span class='ocrx_word' id='word_1_717' title='bbox 1483 1210 1630 1242; x_wconf 87' lang='lat' dir='ltr'><em>habendo</em></span> <span class='ocrx_word' id='word_1_718' title='bbox 1650 1212 1880 1253; x_wconf 90' lang='lat' dir='ltr'><em>disputationes</em></span> <span class='ocrx_word' id='word_1_719' title='bbox 1902 1214 1951 1244; x_wconf 86' lang='lat' dir='ltr'><em>vel</em></span> <span class='ocrx_word' id='word_1_720' title='bbox 1970 1215 2194 1254; x_wconf 88' lang='lat' dir='ltr'><em>respondendo</em></span> <span class='ocrx_word' id='word_1_721' title='bbox 2210 1215 2250 1246; x_wconf 87' lang='lat' dir='ltr'><em>de</em></span> <span class='ocrx_word' id='word_1_722' title='bbox 2268 1215 2375 1252; x_wconf 82' lang='lat' dir='ltr'><em>Quod-</em></span> 
     </span>
     <span class='ocr_line' id='line_1_99' title="bbox 1304 1255 2376 1299; baseline 0.006 -15"><span class='ocrx_word' id='word_1_723' title='bbox 1304 1255 1416 1292; x_wconf 88' lang='lat' dir='ltr'><em>libetis‚</em></span> <span class='ocrx_word' id='word_1_724' title='bbox 1434 1261 1470 1285; x_wconf 92' lang='lat' dir='ltr'><em>ut</em></span> <span class='ocrx_word' id='word_1_725' title='bbox 1486 1255 1686 1296; x_wconf 89' lang='lat' dir='ltr'><em>inquiebant:</em></span> <span class='ocrx_word' id='word_1_726' title='bbox 1707 1257 1867 1299; x_wconf 89' lang='lat' dir='ltr'><em>simulque</em></span> <span class='ocrx_word' id='word_1_727' title='bbox 1885 1257 1918 1288; x_wconf 90' lang='lat' dir='ltr'><em>in</em></span> <span class='ocrx_word' id='word_1_728' title='bbox 1934 1258 2043 1289; x_wconf 88' lang='lat' dir='ltr'><em>schola</em></span> <span class='ocrx_word' id='word_1_729' title='bbox 2061 1269 2118 1289; x_wconf 89' lang='lat' dir='ltr'><em>sua</em></span> <span class='ocrx_word' id='word_1_730' title='bbox 2134 1259 2376 1290; x_wconf 86' lang='lat' dir='ltr'><em>baccalaureum</em></span> 
     </span>
     <span class='ocr_line' id='line_1_100' title="bbox 1303 1298 2376 1342; baseline 0.006 -14"><span class='ocrx_word' id='word_1_731' title='bbox 1303 1298 1438 1329; x_wconf 90' lang='lat' dir='ltr'><em>habebat</em></span> <span class='ocrx_word' id='word_1_732' title='bbox 1463 1300 1522 1329; x_wconf 92' lang='lat' dir='ltr'><em>sub</em></span> <span class='ocrx_word' id='word_1_733' title='bbox 1550 1310 1610 1330; x_wconf 91' lang='lat' dir='ltr'><em>suo</em></span> <span class='ocrx_word' id='word_1_734' title='bbox 1640 1301 1737 1332; x_wconf 92' lang='lat' dir='ltr'><em>ductu</em></span> <span class='ocrx_word' id='word_1_735' title='bbox 1761 1302 1917 1342; x_wconf 89' lang='lat' dir='ltr'><em>legentem</em></span> <span class='ocrx_word' id='word_1_736' title='bbox 1951 1303 2153 1340; x_wconf 88' lang='lat' dir='ltr'><em>Sententias;</em></span> <span class='ocrx_word' id='word_1_737' title='bbox 2182 1303 2232 1334; x_wconf 92' lang='lat' dir='ltr'><em>cui</em></span> <span class='ocrx_word' id='word_1_738' title='bbox 2256 1303 2288 1333; x_wconf 89' lang='lat' dir='ltr'><em>in</em></span> <span class='ocrx_word' id='word_1_739' title='bbox 2313 1303 2376 1334; x_wconf 90' lang='lat' dir='ltr'><em>fine</em></span> 
     </span>
     <span class='ocr_line' id='line_1_101' title="bbox 1303 1343 2376 1388; baseline 0.007 -16"><span class='ocrx_word' id='word_1_740' title='bbox 1303 1343 1377 1373; x_wconf 91' lang='lat' dir='ltr'><em>anni</em></span> <span class='ocrx_word' id='word_1_741' title='bbox 1402 1343 1440 1373; x_wconf 94' lang='lat' dir='ltr'><em>de</em></span> <span class='ocrx_word' id='word_1_742' title='bbox 1459 1343 1571 1383; x_wconf 90' lang='lat' dir='ltr'><em>peritia</em></span> <span class='ocrx_word' id='word_1_743' title='bbox 1596 1351 1627 1375; x_wconf 92' lang='lat' dir='ltr'><em>et</em></span> <span class='ocrx_word' id='word_1_744' title='bbox 1649 1345 1820 1377; x_wconf 90' lang='lat' dir='ltr'><em>idoneitate</em></span> <span class='ocrx_word' id='word_1_745' title='bbox 1844 1346 2064 1377; x_wconf 84' lang='lat' dir='ltr'><em>testimonium</em></span> <span class='ocrx_word' id='word_1_746' title='bbox 2087 1348 2237 1378; x_wconf 88' lang='lat' dir='ltr'><em>reddebat</em></span> <span class='ocrx_word' id='word_1_747' title='bbox 2254 1348 2376 1388; x_wconf 88' lang='lat' dir='ltr'><em>ipsum·</em></span> 
     </span>
     <span class='ocr_line' id='line_1_102' title="bbox 1303 1387 2375 1431; baseline 0.007 -15"><span class='ocrx_word' id='word_1_748' title='bbox 1303 1397 1366 1428; x_wconf 91' lang='lat' dir='ltr'><em>que</em></span> <span class='ocrx_word' id='word_1_749' title='bbox 1389 1387 1616 1418; x_wconf 87' lang='lat' dir='ltr'><em>licentiandum</em></span> <span class='ocrx_word' id='word_1_750' title='bbox 1639 1399 1698 1429; x_wconf 89' lang='lat' dir='ltr'><em>pro</em></span> <span class='ocrx_word' id='word_1_751' title='bbox 1718 1400 1808 1421; x_wconf 92' lang='lat' dir='ltr'><em>more</em></span> <span class='ocrx_word' id='word_1_752' title='bbox 1827 1392 2052 1431; x_wconf 86' lang='lat' dir='ltr'><em>praesentabat.</em></span> <span class='ocrx_word' id='word_1_753' title='bbox 2077 1391 2219 1422; x_wconf 89' lang='lat' dir='ltr'><em>Emenso</em></span> <span class='ocrx_word' id='word_1_754' title='bbox 2238 1392 2375 1423; x_wconf 88' lang='lat' dir='ltr'><em>triennio</em></span> 
     </span>
     <span class='ocr_line' id='line_1_103' title="bbox 1303 1432 2376 1477; baseline 0.007 -17"><span class='ocrx_word' id='word_1_755' title='bbox 1303 1432 1460 1472; x_wconf 84' lang='lat' dir='ltr'><em>magister</em></span> <span class='ocrx_word' id='word_1_756' title='bbox 1477 1434 1629 1463; x_wconf 88' lang='lat' dir='ltr'><em>emeritus</em></span> <span class='ocrx_word' id='word_1_757' title='bbox 1647 1433 1838 1471; x_wconf 88' lang='lat' dir='ltr'><em>habebatur,</em></span> <span class='ocrx_word' id='word_1_758' title='bbox 1865 1436 2054 1476; x_wconf 87' lang='lat' dir='ltr'><em>regebatque</em></span> <span class='ocrx_word' id='word_1_759' title='bbox 2072 1436 2220 1477; x_wconf 88' lang='lat' dir='ltr'><em>deinceps</em></span> <span class='ocrx_word' id='word_1_760' title='bbox 2239 1437 2376 1476; x_wconf 84' lang='lat' dir='ltr'><em>privatas</em></span> 
     </span>
     <span class='ocr_line' id='line_1_104' title="bbox 1303 1475 2376 1515; baseline 0.007 -11"><span class='ocrx_word' id='word_1_761' title='bbox 1303 1475 1535 1506; x_wconf 89' lang='lat' dir='ltr'><em>coenobiorum</em></span> <span class='ocrx_word' id='word_1_762' title='bbox 1567 1477 1711 1515; x_wconf 86' lang='lat' dir='ltr'><em>scholas,</em></span> <span class='ocrx_word' id='word_1_763' title='bbox 1736 1488 1839 1509; x_wconf 89' lang='lat' dir='ltr'><em>sacrae</em></span> <span class='ocrx_word' id='word_1_764' title='bbox 1862 1479 2032 1510; x_wconf 90' lang='lat' dir='ltr'><em>Facultatis</em></span> <span class='ocrx_word' id='word_1_765' title='bbox 2055 1480 2237 1511; x_wconf 89' lang='lat' dir='ltr'><em>Parisiensis</em></span> <span class='ocrx_word' id='word_1_766' title='bbox 2261 1481 2376 1512; x_wconf 90' lang='lat' dir='ltr'><em>doctri-</em></span> 
     </span>
     <span class='ocr_line' id='line_1_105' title="bbox 1302 1519 2376 1564; baseline 0.007 -16"><span class='ocrx_word' id='word_1_767' title='bbox 1302 1529 1378 1549; x_wconf 89' lang='lat' dir='ltr'><em>nam</em></span> <span class='ocrx_word' id='word_1_768' title='bbox 1406 1519 1594 1558; x_wconf 83' lang='lat' dir='ltr'><em>traditurus;</em></span> <span class='ocrx_word' id='word_1_769' title='bbox 1623 1521 1802 1563; x_wconf 88' lang='lat' dir='ltr'><em>iterumque</em></span> <span class='ocrx_word' id='word_1_770' title='bbox 1830 1523 1870 1553; x_wconf 90' lang='lat' dir='ltr'><em>ad</em></span> <span class='ocrx_word' id='word_1_771' title='bbox 1900 1523 1984 1563; x_wconf 91' lang='lat' dir='ltr'><em>ipsas</em></span> <span class='ocrx_word' id='word_1_772' title='bbox 2014 1524 2157 1564; x_wconf 90' lang='lat' dir='ltr'><em>publicas</em></span> <span class='ocrx_word' id='word_1_773' title='bbox 2186 1525 2376 1556; x_wconf 88' lang='lat' dir='ltr'><em>Parisienses</em></span> 
     </span>
     <span class='ocr_line' id='line_1_106' title="bbox 1302 1563 2376 1610; baseline 0.007 -18"><span class='ocrx_word' id='word_1_774' title='bbox 1302 1563 1426 1593; x_wconf 91' lang='lat' dir='ltr'><em>scholas</em></span> <span class='ocrx_word' id='word_1_775' title='bbox 1445 1564 1596 1603; x_wconf 87' lang='lat' dir='ltr'><em>regendas</em></span> <span class='ocrx_word' id='word_1_776' title='bbox 1618 1575 1684 1595; x_wconf 88' lang='lat' dir='ltr'><em>non</em></span> <span class='ocrx_word' id='word_1_777' title='bbox 1709 1576 1779 1596; x_wconf 89' lang='lat' dir='ltr'><em>raro</em></span> <span class='ocrx_word' id='word_1_778' title='bbox 1794 1577 1853 1607; x_wconf 90' lang='lat' dir='ltr'><em>pro</em></span> <span class='ocrx_word' id='word_1_779' title='bbox 1868 1567 2056 1598; x_wconf 90' lang='lat' dir='ltr'><em>meritorum</em></span> <span class='ocrx_word' id='word_1_780' title='bbox 2071 1569 2259 1609; x_wconf 85' lang='lat' dir='ltr'><em>praestantia</em></span> <span class='ocrx_word' id='word_1_781' title='bbox 2277 1570 2376 1610; x_wconf 84' lang='lat' dir='ltr'><em>advo-</em></span> 
     </span>
     <span class='ocr_line' id='line_1_107' title="bbox 1302 1608 2376 1653; baseline 0.007 -16"><span class='ocrx_word' id='word_1_782' title='bbox 1302 1608 1449 1645; x_wconf 85' lang='lat' dir='ltr'><em>cabatur,</em></span> <span class='ocrx_word' id='word_1_783' title='bbox 1478 1615 1514 1639; x_wconf 94' lang='lat' dir='ltr'><em>ut</em></span> <span class='ocrx_word' id='word_1_784' title='bbox 1537 1608 1618 1639; x_wconf 91' lang='lat' dir='ltr'><em>infra</em></span> <span class='ocrx_word' id='word_1_785' title='bbox 1643 1609 1815 1641; x_wconf 88' lang='lat' dir='ltr'><em>dicendum</em></span> <span class='ocrx_word' id='word_1_786' title='bbox 1841 1611 1880 1641; x_wconf 92' lang='lat' dir='ltr'><em>de</em></span> <span class='ocrx_word' id='word_1_787' title='bbox 1906 1611 2076 1652; x_wconf 85' lang='lat' dir='ltr'><em>Aquinate.</em></span> <span class='ocrx_word' id='word_1_788' title='bbox 2109 1613 2197 1643; x_wconf 88' lang='lat' dir='ltr'><em>Haec</em></span> <span class='ocrx_word' id='word_1_789' title='bbox 2223 1623 2376 1653; x_wconf 87' lang='lat' dir='ltr'><em>compen-</em></span> 
     </span>
     <span class='ocr_line' id='line_1_108' title="bbox 1302 1652 2376 1688; baseline 0.006 -6"><span class='ocrx_word' id='word_1_790' title='bbox 1302 1652 1355 1682; x_wconf 90' lang='lat' dir='ltr'><em>dio</em></span> <span class='ocrx_word' id='word_1_791' title='bbox 1380 1652 1511 1683; x_wconf 88' lang='lat' dir='ltr'><em>collecta</em></span> <span class='ocrx_word' id='word_1_792' title='bbox 1538 1652 1650 1684; x_wconf 89' lang='lat' dir='ltr'><em>latiore</em></span> <span class='ocrx_word' id='word_1_793' title='bbox 1681 1664 1828 1685; x_wconf 91' lang='lat' dir='ltr'><em>sermone</em></span> <span class='ocrx_word' id='word_1_794' title='bbox 1857 1655 1936 1686; x_wconf 90' lang='lat' dir='ltr'><em>locis</em></span> <span class='ocrx_word' id='word_1_795' title='bbox 1960 1655 2060 1686; x_wconf 87' lang='lat' dir='ltr'><em>citatis</em></span> <span class='ocrx_word' id='word_1_796' title='bbox 2083 1663 2207 1687; x_wconf 89' lang='lat' dir='ltr'><em>enarrat</em></span> <span class='ocrx_word' id='word_1_797' title='bbox 2228 1657 2376 1688; x_wconf 84' lang='lat' dir='ltr'><em>laudatus</em></span> 
     </span>
     <span class='ocr_line' id='line_1_109' title="bbox 1301 1696 1476 1727; baseline 0.006 -1"><span class='ocrx_word' id='word_1_798' title='bbox 1301 1696 1476 1727; x_wconf 88' lang='lat' dir='ltr'><em>Echardus.</em></span> 
     </span>
    </p>

    <p class='ocr_par' dir='ltr' id='par_1_11' title="bbox 1300 1741 2378 2171">
     <span class='ocr_line' id='line_1_110' title="bbox 1364 1741 2376 1784; baseline 0.007 -14"><span class='ocrx_word' id='word_1_799' title='bbox 1364 1741 1416 1771; x_wconf 93' lang='lat'><em>111.</em></span> <span class='ocrx_word' id='word_1_800' title='bbox 1427 1741 1476 1771; x_wconf 91' lang='lat' dir='ltr'><em>De</em></span> <span class='ocrx_word' id='word_1_801' title='bbox 1485 1741 1633 1781; x_wconf 86' lang='lat' dir='ltr'><em>gradibus</em></span> <span class='ocrx_word' id='word_1_802' title='bbox 1643 1743 1850 1781; x_wconf 85' lang='lat' dir='ltr'><em>Academicis,</em></span> <span class='ocrx_word' id='word_1_803' title='bbox 1861 1753 1944 1784; x_wconf 91' lang='lat' dir='ltr'><em>quos</em></span> <span class='ocrx_word' id='word_1_804' title='bbox 1954 1744 2204 1776; x_wconf 87' lang='lat' dir='ltr'><em>memoravimus</em></span> <span class='ocrx_word' id='word_1_805' title='bbox 2215 1755 2250 1776; x_wconf 92' lang='lat' dir='ltr'><em>ac</em></span> <span class='ocrx_word' id='word_1_806' title='bbox 2259 1752 2376 1777; x_wconf 88' lang='lat' dir='ltr'><em>vocant</em></span> 
     </span>
     <span class='ocr_line' id='line_1_111' title="bbox 1300 1785 2376 1831; baseline 0.006 -16"><span class='ocrx_word' id='word_1_807' title='bbox 1300 1785 1604 1824; x_wconf 72' lang='lat' dir='ltr'><em>Baeculam-earum,</em></span> <span class='ocrx_word' id='word_1_808' title='bbox 1620 1787 1797 1818; x_wconf 84' lang='lat' dir='ltr'><em>Licentiam</em></span> <span class='ocrx_word' id='word_1_809' title='bbox 1813 1795 1843 1818; x_wconf 91' lang='lat' dir='ltr'><em>et</em></span> <span class='ocrx_word' id='word_1_810' title='bbox 1856 1788 2068 1819; x_wconf 87' lang='lat' dir='ltr'><em>Doctoratum</em></span> <span class='ocrx_word' id='word_1_811' title='bbox 2079 1798 2257 1831; x_wconf 88' lang='lat' dir='ltr'><em>eorumque</em></span> <span class='ocrx_word' id='word_1_812' title='bbox 2272 1790 2376 1821; x_wconf 90' lang='lat' dir='ltr'><em>nomi-</em></span> 
     </span>
     <span class='ocr_line' id='line_1_112' title="bbox 1301 1829 2378 1872; baseline 0.006 -13"><span class='ocrx_word' id='word_1_813' title='bbox 1301 1829 1395 1860; x_wconf 88' lang='lat' dir='ltr'><em>nibus</em></span> <span class='ocrx_word' id='word_1_814' title='bbox 1418 1839 1454 1860; x_wconf 89' lang='lat' dir='ltr'><em>ac</em></span> <span class='ocrx_word' id='word_1_815' title='bbox 1483 1836 1591 1870; x_wconf 88' lang='lat' dir='ltr'><em>etymo</em></span> <span class='ocrx_word' id='word_1_816' title='bbox 1613 1830 1678 1870; x_wconf 87' lang='lat' dir='ltr'><em>agit</em></span> <span class='ocrx_word' id='word_1_817' title='bbox 1702 1831 1895 1872; x_wconf 88' lang='lat' dir='ltr'><em>Ducangius.</em></span> <span class='ocrx_word' id='word_1_818' title='bbox 1924 1833 2123 1863; x_wconf 89' lang='lat' dir='ltr'><em>Eorumdem</em></span> <span class='ocrx_word' id='word_1_819' title='bbox 2144 1833 2378 1865; x_wconf 87' lang='lat' dir='ltr'><em>institutionem</em></span> 
     </span>
     <span class='ocr_line' id='line_1_113' title="bbox 1302 1873 2377 1917; baseline 0.006 -13"><span class='ocrx_word' id='word_1_820' title='bbox 1302 1873 1441 1904; x_wconf 86' lang='lat' dir='ltr'><em>referunt</em></span> <span class='ocrx_word' id='word_1_821' title='bbox 1463 1874 1630 1914; x_wconf 88' lang='lat' dir='ltr'><em>scriptores</em></span> <span class='ocrx_word' id='word_1_822' title='bbox 1653 1875 1694 1906; x_wconf 89' lang='lat' dir='ltr'><em>ad</em></span> <span class='ocrx_word' id='word_1_823' title='bbox 1717 1875 1923 1914; x_wconf 84' lang='lat' dir='ltr'><em>Gratianum,</em></span> <span class='ocrx_word' id='word_1_824' title='bbox 1951 1876 2008 1917; x_wconf 91' lang='lat' dir='ltr'><em>qui</em></span> <span class='ocrx_word' id='word_1_825' title='bbox 2035 1887 2141 1908; x_wconf 88' lang='lat' dir='ltr'><em>sacros</em></span> <span class='ocrx_word' id='word_1_826' title='bbox 2165 1877 2316 1910; x_wconf 89' lang='lat' dir='ltr'><em>Canones</em></span> <span class='ocrx_word' id='word_1_827' title='bbox 2343 1879 2377 1911; x_wconf 87' lang='lat' dir='ltr'><em>in</em></span> 
     </span>
     <span class='ocr_line' id='line_1_114' title="bbox 1302 1919 2378 1962; baseline 0.007 -14"><span class='ocrx_word' id='word_1_828' title='bbox 1302 1927 1419 1958; x_wconf 91' lang='lat' dir='ltr'><em>corpus</em></span> <span class='ocrx_word' id='word_1_829' title='bbox 1442 1928 1546 1949; x_wconf 90' lang='lat' dir='ltr'><em>unum</em></span> <span class='ocrx_word' id='word_1_830' title='bbox 1569 1919 1716 1959; x_wconf 84' lang='lat' dir='ltr'><em>collegit:</em></span> <span class='ocrx_word' id='word_1_831' title='bbox 1741 1920 1920 1961; x_wconf 88' lang='lat' dir='ltr'><em>diciturque</em></span> <span class='ocrx_word' id='word_1_832' title='bbox 1947 1921 2111 1961; x_wconf 86' lang='lat' dir='ltr'><em>Eugenius</em></span> <span class='ocrx_word' id='word_1_833' title='bbox 2134 1922 2221 1962; x_wconf 87' lang='lat' dir='ltr'><em>Papa</em></span> <span class='ocrx_word' id='word_1_834' title='bbox 2244 1923 2285 1954; x_wconf 90' lang='lat' dir='ltr'><em>III</em></span> <span class='ocrx_word' id='word_1_835' title='bbox 2305 1923 2378 1955; x_wconf 81' lang='lat' dir='ltr'><em>illos</em></span> 
     </span>
     <span class='ocr_line' id='line_1_115' title="bbox 1304 1963 2375 2006; baseline 0.006 -14"><span class='ocrx_word' id='word_1_836' title='bbox 1304 1963 1494 2002; x_wconf 89' lang='lat' dir='ltr'><em>adprobasse</em></span> <span class='ocrx_word' id='word_1_837' title='bbox 1517 1973 1553 1994; x_wconf 86' lang='lat' dir='ltr'><em>ac</em></span> <span class='ocrx_word' id='word_1_838' title='bbox 1571 1973 1699 1994; x_wconf 90' lang='lat' dir='ltr'><em>ornasse</em></span> <span class='ocrx_word' id='word_1_839' title='bbox 1720 1964 1910 2005; x_wconf 86' lang='lat' dir='ltr'><em>privilegiis,</em></span> <span class='ocrx_word' id='word_1_840' title='bbox 1935 1971 1972 1995; x_wconf 90' lang='lat' dir='ltr'><em>ut</em></span> <span class='ocrx_word' id='word_1_841' title='bbox 1989 1965 2087 1996; x_wconf 87' lang='lat' dir='ltr'><em>hocce</em></span> <span class='ocrx_word' id='word_1_842' title='bbox 2111 1966 2256 2006; x_wconf 87' lang='lat' dir='ltr'><em>specioso</em></span> <span class='ocrx_word' id='word_1_843' title='bbox 2281 1967 2375 1998; x_wconf 91' lang='lat' dir='ltr'><em>titulo</em></span> 
     </span>
     <span class='ocr_line' id='line_1_116' title="bbox 1303 2007 2374 2042; baseline 0.006 -5"><span class='ocrx_word' id='word_1_844' title='bbox 1303 2007 1342 2037; x_wconf 93' lang='lat' dir='ltr'><em>ad</em></span> <span class='ocrx_word' id='word_1_845' title='bbox 1359 2007 1409 2037; x_wconf 89' lang='lat' dir='ltr'><em>ius</em></span> <span class='ocrx_word' id='word_1_846' title='bbox 1428 2007 1620 2038; x_wconf 89' lang='lat' dir='ltr'><em>canonicum</em></span> <span class='ocrx_word' id='word_1_847' title='bbox 1638 2008 1867 2040; x_wconf 87' lang='lat' dir='ltr'><em>addiscendum</em></span> <span class='ocrx_word' id='word_1_848' title='bbox 1884 2009 2014 2040; x_wconf 87' lang='lat' dir='ltr'><em>iuvenes</em></span> <span class='ocrx_word' id='word_1_849' title='bbox 2033 2009 2250 2042; x_wconf 84' lang='lat' dir='ltr'><em>excitarentur.</em></span> <span class='ocrx_word' id='word_1_850' title='bbox 2275 2011 2374 2042; x_wconf 89' lang='lat' dir='ltr'><em>Com-</em></span> 
     </span>
     <span class='ocr_line' id='line_1_117' title="bbox 1304 2051 2375 2093; baseline 0.006 -12"><span class='ocrx_word' id='word_1_851' title='bbox 1304 2051 1410 2082; x_wconf 87' lang='lat' dir='ltr'><em>munis</em></span> <span class='ocrx_word' id='word_1_852' title='bbox 1425 2051 1520 2082; x_wconf 79' lang='lat' dir='ltr'><em>etiam</em></span> <span class='ocrx_word' id='word_1_853' title='bbox 1537 2051 1596 2082; x_wconf 91' lang='lat' dir='ltr'><em>fert</em></span> <span class='ocrx_word' id='word_1_854' title='bbox 1614 2052 1726 2093; x_wconf 91' lang='lat' dir='ltr'><em>opinio</em></span> <span class='ocrx_word' id='word_1_855' title='bbox 1749 2054 1878 2084; x_wconf 84' lang='lat' dir='ltr'><em>Petrum</em></span> <span class='ocrx_word' id='word_1_856' title='bbox 1893 2053 2129 2092; x_wconf 88' lang='lat' dir='ltr'><em>Lombardum,</em></span> <span class='ocrx_word' id='word_1_857' title='bbox 2145 2054 2286 2086; x_wconf 84' lang='lat' dir='ltr'><em>Gratiani</em></span> <span class='ocrx_word' id='word_1_858' title='bbox 2304 2056 2375 2087; x_wconf 89' lang='lat' dir='ltr'><em>imi-</em></span> 
     </span>
     <span class='ocr_line' id='line_1_118' title="bbox 1303 2095 2377 2138; baseline 0.007 -13"><span class='ocrx_word' id='word_1_859' title='bbox 1303 2095 1440 2134; x_wconf 83' lang='lat' dir='ltr'><em>tatione,</em></span> <span class='ocrx_word' id='word_1_860' title='bbox 1468 2096 1592 2126; x_wconf 85' lang='lat' dir='ltr'><em>Parisiis</em></span> <span class='ocrx_word' id='word_1_861' title='bbox 1615 2095 1649 2126; x_wconf 92' lang='lat' dir='ltr'><em>in</em></span> <span class='ocrx_word' id='word_1_862' title='bbox 1668 2097 1864 2137; x_wconf 83' lang='lat' dir='ltr'><em>theologicae</em></span> <span class='ocrx_word' id='word_1_863' title='bbox 1888 2097 2072 2138; x_wconf 84' lang='lat' dir='ltr'><em>disciplinae</em></span> <span class='ocrx_word' id='word_1_864' title='bbox 2095 2108 2226 2130; x_wconf 87' lang='lat' dir='ltr'><em>cursum</em></span> <span class='ocrx_word' id='word_1_865' title='bbox 2249 2109 2304 2131; x_wconf 84' lang='lat' dir='ltr'><em>eos</em></span> <span class='ocrx_word' id='word_1_866' title='bbox 2329 2100 2377 2132; x_wconf 83' lang='lat' dir='ltr'><em>in·</em></span> 
     </span>
     <span class='ocr_line' id='line_1_119' title="bbox 1303 2150 1433 2171; baseline 0 -1"><span class='ocrx_word' id='word_1_867' title='bbox 1303 2150 1433 2171; x_wconf 75' lang='lat' dir='ltr'><em>vexisse.</em></span> 
     </span>
    </p>

    <p class='ocr_par' dir='ltr' id='par_1_12' title="bbox 1301 2184 2379 3643">
     <span class='ocr_line' id='line_1_120' title="bbox 1370 2184 2377 2226; baseline 0.006 -12"><span class='ocrx_word' id='word_1_868' title='bbox 1370 2185 1448 2215; x_wconf 90' lang='lat' dir='ltr'><em>Erat</em></span> <span class='ocrx_word' id='word_1_869' title='bbox 1467 2184 1495 2215; x_wconf 88' lang='lat' dir='ltr'><em>is</em></span> <span class='ocrx_word' id='word_1_870' title='bbox 1516 2184 1645 2215; x_wconf 82' lang='lat' dir='ltr'><em>natione</em></span> <span class='ocrx_word' id='word_1_871' title='bbox 1663 2184 1757 2216; x_wconf 88' lang='lat' dir='ltr'><em>italus</em></span> <span class='ocrx_word' id='word_1_872' title='bbox 1772 2192 1803 2216; x_wconf 89' lang='lat' dir='ltr'><em>et</em></span> <span class='ocrx_word' id='word_1_873' title='bbox 1816 2185 1955 2223; x_wconf 88' lang='lat' dir='ltr'><em>insuber,</em></span> <span class='ocrx_word' id='word_1_874' title='bbox 1971 2185 2071 2226; x_wconf 86' lang='lat' dir='ltr'><em>patria</em></span> <span class='ocrx_word' id='word_1_875' title='bbox 2088 2187 2294 2220; x_wconf 84' lang='lat' dir='ltr'><em>novariensis.</em></span> <span class='ocrx_word' id='word_1_876' title='bbox 2314 2188 2377 2220; x_wconf 78' lang='lat' dir='ltr'><em>Bo-</em></span> 
     </span>
     <span class='ocr_line' id='line_1_121' title="bbox 1304 2229 2379 2269; baseline 0.005 -10"><span class='ocrx_word' id='word_1_877' title='bbox 1304 2229 1419 2260; x_wconf 87' lang='lat' dir='ltr'><em>noniae</em></span> <span class='ocrx_word' id='word_1_878' title='bbox 1438 2229 1550 2260; x_wconf 88' lang='lat' dir='ltr'><em>studiis</em></span> <span class='ocrx_word' id='word_1_879' title='bbox 1567 2238 1698 2269; x_wconf 83' lang='lat' dir='ltr'><em>operam</em></span> <span class='ocrx_word' id='word_1_880' title='bbox 1718 2229 1813 2260; x_wconf 91' lang='lat' dir='ltr'><em>dedit.</em></span> <span class='ocrx_word' id='word_1_881' title='bbox 1836 2230 2027 2261; x_wconf 88' lang='lat' dir='ltr'><em>Litterarum</em></span> <span class='ocrx_word' id='word_1_882' title='bbox 2043 2240 2152 2262; x_wconf 88' lang='lat' dir='ltr'><em>amore</em></span> <span class='ocrx_word' id='word_1_883' title='bbox 2174 2232 2379 2264; x_wconf 79' lang='lat' dir='ltr'><em>vehementer</em></span> 
     </span>
     <span class='ocr_line' id='line_1_122' title="bbox 1303 2273 2378 2315; baseline 0.006 -12"><span class='ocrx_word' id='word_1_884' title='bbox 1303 2283 1464 2311; x_wconf 89' lang='lat' dir='ltr'><em>accensus,</em></span> <span class='ocrx_word' id='word_1_885' title='bbox 1482 2280 1517 2304; x_wconf 96' lang='lat' dir='ltr'><em>ut</em></span> <span class='ocrx_word' id='word_1_886' title='bbox 1533 2273 1735 2304; x_wconf 85' lang='lat' dir='ltr'><em>scientiarum</em></span> <span class='ocrx_word' id='word_1_887' title='bbox 1759 2274 2010 2314; x_wconf 87' lang='lat' dir='ltr'><em>suppellectilem</em></span> <span class='ocrx_word' id='word_1_888' title='bbox 2033 2282 2172 2315; x_wconf 85' lang='lat' dir='ltr'><em>augeret,</em></span> <span class='ocrx_word' id='word_1_889' title='bbox 2190 2276 2224 2307; x_wconf 89' lang='lat' dir='ltr'><em>in</em></span> <span class='ocrx_word' id='word_1_890' title='bbox 2241 2276 2378 2309; x_wconf 82' lang='lat' dir='ltr'><em>Galliam</em></span> 
     </span>
     <span class='ocr_line' id='line_1_123' title="bbox 1304 2318 2377 2359; baseline 0.004 -11"><span class='ocrx_word' id='word_1_891' title='bbox 1304 2324 1335 2348; x_wconf 91' lang='lat' dir='ltr'><em>et</em></span> <span class='ocrx_word' id='word_1_892' title='bbox 1352 2318 1488 2348; x_wconf 88' lang='lat' dir='ltr'><em>Parisios</em></span> <span class='ocrx_word' id='word_1_893' title='bbox 1507 2318 1650 2356; x_wconf 91' lang='lat' dir='ltr'><em>demum,</em></span> <span class='ocrx_word' id='word_1_894' title='bbox 1671 2318 1725 2348; x_wconf 93' lang='lat' dir='ltr'><em>ubi</em></span> <span class='ocrx_word' id='word_1_895' title='bbox 1748 2318 1989 2349; x_wconf 82' lang='lat' dir='ltr'><em>florentissimae</em></span> <span class='ocrx_word' id='word_1_896' title='bbox 2010 2320 2159 2359; x_wconf 89' lang='lat' dir='ltr'><em>patebant</em></span> <span class='ocrx_word' id='word_1_897' title='bbox 2185 2321 2324 2359; x_wconf 87' lang='lat' dir='ltr'><em>scholae,</em></span> <span class='ocrx_word' id='word_1_898' title='bbox 2343 2331 2377 2352; x_wconf 83' lang='lat' dir='ltr'><em>se</em></span> 
     </span>
     <span class='ocr_line' id='line_1_124' title="bbox 1304 2362 2377 2405; baseline 0.005 -13"><span class='ocrx_word' id='word_1_899' title='bbox 1304 2362 1449 2393; x_wconf 89' lang='lat' dir='ltr'><em>contulit.</em></span> <span class='ocrx_word' id='word_1_900' title='bbox 1480 2363 1572 2393; x_wconf 85' lang='lat' dir='ltr'><em>Adeo</em></span> <span class='ocrx_word' id='word_1_901' title='bbox 1596 2362 1689 2393; x_wconf 87' lang='lat' dir='ltr'><em>sacris</em></span> <span class='ocrx_word' id='word_1_902' title='bbox 1712 2362 1745 2393; x_wconf 90' lang='lat' dir='ltr'><em>in</em></span> <span class='ocrx_word' id='word_1_903' title='bbox 1768 2363 1877 2394; x_wconf 86' lang='lat' dir='ltr'><em>litteris</em></span> <span class='ocrx_word' id='word_1_904' title='bbox 1905 2363 2056 2404; x_wconf 88' lang='lat' dir='ltr'><em>profecit,</em></span> <span class='ocrx_word' id='word_1_905' title='bbox 2078 2371 2114 2396; x_wconf 89' lang='lat' dir='ltr'><em>ut</em></span> <span class='ocrx_word' id='word_1_906' title='bbox 2141 2364 2210 2405; x_wconf 84' lang='lat' dir='ltr'><em>ipse</em></span> <span class='ocrx_word' id='word_1_907' title='bbox 2239 2365 2377 2397; x_wconf 80' lang='lat' dir='ltr'><em>docendi</em></span> 
     </span>
     <span class='ocr_line' id='line_1_125' title="bbox 1303 2406 2378 2450; baseline 0.006 -14"><span class='ocrx_word' id='word_1_908' title='bbox 1303 2406 1540 2446; x_wconf 86' lang='lat' dir='ltr'><em>magisterium,</em></span> <span class='ocrx_word' id='word_1_909' title='bbox 1575 2407 1843 2438; x_wconf 90' lang='lat' dir='ltr'><em>consentientibus</em></span> <span class='ocrx_word' id='word_1_910' title='bbox 1871 2407 2088 2447; x_wconf 85' lang='lat' dir='ltr'><em>Academicis,</em></span> <span class='ocrx_word' id='word_1_911' title='bbox 2118 2409 2177 2440; x_wconf 88' lang='lat' dir='ltr'><em>sibi</em></span> <span class='ocrx_word' id='word_1_912' title='bbox 2207 2409 2378 2450; x_wconf 71' lang='lat' dir='ltr'><em>sumpserit</em></span> 
     </span>
     <span class='ocr_line' id='line_1_126' title="bbox 1304 2451 2378 2493; baseline 0.005 -12"><span class='ocrx_word' id='word_1_913' title='bbox 1304 2461 1408 2492; x_wconf 90' lang='lat' dir='ltr'><em>eoque</em></span> <span class='ocrx_word' id='word_1_914' title='bbox 1423 2451 1456 2482; x_wconf 88' lang='lat' dir='ltr'><em>in</em></span> <span class='ocrx_word' id='word_1_915' title='bbox 1470 2461 1602 2482; x_wconf 88' lang='lat' dir='ltr'><em>munere</em></span> <span class='ocrx_word' id='word_1_916' title='bbox 1619 2461 1768 2491; x_wconf 85' lang='lat' dir='ltr'><em>maguam</em></span> <span class='ocrx_word' id='word_1_917' title='bbox 1782 2452 1910 2483; x_wconf 88' lang='lat' dir='ltr'><em>laudem</em></span> <span class='ocrx_word' id='word_1_918' title='bbox 1925 2453 2164 2493; x_wconf 87' lang='lat' dir='ltr'><em>comparaverit.</em></span> <span class='ocrx_word' id='word_1_919' title='bbox 2189 2453 2378 2487; x_wconf 67' lang='lat' dir='ltr'><em>Universum</em></span> 
     </span>
     <span class='ocr_line' id='line_1_127' title="bbox 1303 2495 2376 2540; baseline 0.004 -14"><span class='ocrx_word' id='word_1_920' title='bbox 1303 2495 1510 2536; x_wconf 87' lang='lat' dir='ltr'><em>theologiam,</em></span> <span class='ocrx_word' id='word_1_921' title='bbox 1525 2505 1589 2536; x_wconf 88' lang='lat' dir='ltr'><em>qua</em></span> <span class='ocrx_word' id='word_1_922' title='bbox 1601 2495 1663 2526; x_wconf 87' lang='lat' dir='ltr'><em>late</em></span> <span class='ocrx_word' id='word_1_923' title='bbox 1677 2502 1773 2536; x_wconf 90' lang='lat' dir='ltr'><em>patet,</em></span> <span class='ocrx_word' id='word_1_924' title='bbox 1788 2496 1821 2526; x_wconf 89' lang='lat' dir='ltr'><em>in</em></span> <span class='ocrx_word' id='word_1_925' title='bbox 1841 2507 2003 2528; x_wconf 87' lang='lat' dir='ltr'><em>summam</em></span> <span class='ocrx_word' id='word_1_926' title='bbox 2017 2498 2182 2537; x_wconf 83' lang='lat' dir='ltr'><em>contraxit,</em></span> <span class='ocrx_word' id='word_1_927' title='bbox 2197 2498 2284 2529; x_wconf 86' lang='lat' dir='ltr'><em>libris</em></span> <span class='ocrx_word' id='word_1_928' title='bbox 2298 2508 2376 2540; x_wconf 79' lang='lat' dir='ltr'><em>qua·</em></span> 
     </span>
     <span class='ocr_line' id='line_1_128' title="bbox 1303 2540 2376 2582; baseline 0.005 -12"><span class='ocrx_word' id='word_1_929' title='bbox 1303 2547 1378 2570; x_wconf 93' lang='lat' dir='ltr'><em>tuor</em></span> <span class='ocrx_word' id='word_1_930' title='bbox 1400 2540 1680 2580; x_wconf 89' lang='lat' dir='ltr'><em>comprehensam,</em></span> <span class='ocrx_word' id='word_1_931' title='bbox 1705 2540 1887 2571; x_wconf 88' lang='lat' dir='ltr'><em>divinorum</em></span> <span class='ocrx_word' id='word_1_932' title='bbox 1911 2541 2114 2582; x_wconf 89' lang='lat' dir='ltr'><em>eloquiorum</em></span> <span class='ocrx_word' id='word_1_933' title='bbox 2139 2549 2170 2573; x_wconf 91' lang='lat' dir='ltr'><em>et</em></span> <span class='ocrx_word' id='word_1_934' title='bbox 2193 2549 2376 2575; x_wconf 84' lang='lat' dir='ltr'><em>sanctorum</em></span> 
     </span>
     <span class='ocr_line' id='line_1_129' title="bbox 1303 2584 2376 2619; baseline 0.005 -5"><span class='ocrx_word' id='word_1_935' title='bbox 1303 2585 1433 2615; x_wconf 89' lang='lat' dir='ltr'><em>Patrum</em></span> <span class='ocrx_word' id='word_1_936' title='bbox 1452 2584 1614 2615; x_wconf 86' lang='lat' dir='ltr'><em>sententiis</em></span> <span class='ocrx_word' id='word_1_937' title='bbox 1633 2591 1822 2616; x_wconf 84' lang='lat' dir='ltr'><em>contextam.</em></span> <span class='ocrx_word' id='word_1_938' title='bbox 1847 2585 1932 2616; x_wconf 83' lang='lat' dir='ltr'><em>Hine</em></span> <span class='ocrx_word' id='word_1_939' title='bbox 1950 2586 2026 2617; x_wconf 82' lang='lat' dir='ltr'><em>libri</em></span> <span class='ocrx_word' id='word_1_940' title='bbox 2041 2587 2281 2618; x_wconf 83' lang='lat' dir='ltr'><em>Sententiarum</em></span> <span class='ocrx_word' id='word_1_941' title='bbox 2301 2587 2376 2619; x_wconf 83' lang='lat' dir='ltr'><em>dieti</em></span> 
     </span>
     <span class='ocr_line' id='line_1_130' title="bbox 1304 2628 2375 2671; baseline 0.005 -13"><span class='ocrx_word' id='word_1_942' title='bbox 1304 2635 1378 2659; x_wconf 92' lang='lat' dir='ltr'><em>sunt</em></span> <span class='ocrx_word' id='word_1_943' title='bbox 1414 2628 1546 2669; x_wconf 84' lang='lat' dir='ltr'><em>ipseque</em></span> <span class='ocrx_word' id='word_1_944' title='bbox 1573 2629 1730 2670; x_wconf 79' lang='lat' dir='ltr'><em>Magistri</em></span> <span class='ocrx_word' id='word_1_945' title='bbox 1757 2629 1996 2660; x_wconf 82' lang='lat' dir='ltr'><em>Sententiarum</em></span> <span class='ocrx_word' id='word_1_946' title='bbox 2033 2640 2153 2661; x_wconf 87' lang='lat' dir='ltr'><em>nomen</em></span> <span class='ocrx_word' id='word_1_947' title='bbox 2187 2630 2375 2671; x_wconf 84' lang='lat' dir='ltr'><em>promeruit.</em></span> 
     </span>
     <span class='ocr_line' id='line_1_131' title="bbox 1304 2672 2376 2715; baseline 0.004 -13"><span class='ocrx_word' id='word_1_948' title='bbox 1304 2673 1380 2710; x_wconf 93' lang='lat' dir='ltr'><em>Quo</em></span> <span class='ocrx_word' id='word_1_949' title='bbox 1399 2672 1433 2702; x_wconf 90' lang='lat' dir='ltr'><em>in</em></span> <span class='ocrx_word' id='word_1_950' title='bbox 1459 2682 1555 2713; x_wconf 86' lang='lat' dir='ltr'><em>opere</em></span> <span class='ocrx_word' id='word_1_951' title='bbox 1578 2673 1800 2704; x_wconf 88' lang='lat' dir='ltr'><em>concinnando</em></span> <span class='ocrx_word' id='word_1_952' title='bbox 1824 2673 1919 2713; x_wconf 82' lang='lat' dir='ltr'><em>plagii</em></span> <span class='ocrx_word' id='word_1_953' title='bbox 1938 2684 1957 2704; x_wconf 91' lang='lat' dir='ltr'><em>a</em></span> <span class='ocrx_word' id='word_1_954' title='bbox 1975 2674 2168 2715; x_wconf 86' lang='lat' dir='ltr'><em>quibusdam</em></span> <span class='ocrx_word' id='word_1_955' title='bbox 2191 2681 2376 2707; x_wconf 82' lang='lat' dir='ltr'><em>accusatum</em></span> 
     </span>
     <span class='ocr_line' id='line_1_132' title="bbox 1303 2717 2375 2756; baseline 0.004 -10"><span class='ocrx_word' id='word_1_956' title='bbox 1303 2717 1524 2747; x_wconf 89' lang='lat' dir='ltr'><em>Lombardum</em></span> <span class='ocrx_word' id='word_1_957' title='bbox 1547 2717 1668 2756; x_wconf 87' lang='lat' dir='ltr'><em>egregie</em></span> <span class='ocrx_word' id='word_1_958' title='bbox 1691 2717 1829 2748; x_wconf 90' lang='lat' dir='ltr'><em>vindicat</em></span> <span class='ocrx_word' id='word_1_959' title='bbox 1851 2717 2026 2748; x_wconf 86' lang='lat' dir='ltr'><em>Casimirus</em></span> <span class='ocrx_word' id='word_1_960' title='bbox 2049 2718 2209 2749; x_wconf 88' lang='lat' dir='ltr'><em>Oudinus.</em></span> <span class='ocrx_word' id='word_1_961' title='bbox 2234 2719 2270 2749; x_wconf 88' lang='lat' dir='ltr'><em>ld</em></span> <span class='ocrx_word' id='word_1_962' title='bbox 2297 2725 2375 2751; x_wconf 77' lang='lat' dir='ltr'><em>atta-</em></span> 
     </span>
     <span class='ocr_line' id='line_1_133' title="bbox 1303 2761 2375 2802; baseline 0.004 -12"><span class='ocrx_word' id='word_1_963' title='bbox 1303 2771 1378 2791; x_wconf 88' lang='lat' dir='ltr'><em>men</em></span> <span class='ocrx_word' id='word_1_964' title='bbox 1401 2770 1501 2800; x_wconf 89' lang='lat' dir='ltr'><em>genus</em></span> <span class='ocrx_word' id='word_1_965' title='bbox 1529 2770 1642 2801; x_wconf 87' lang='lat' dir='ltr'><em>opera,</em></span> <span class='ocrx_word' id='word_1_966' title='bbox 1674 2771 1757 2802; x_wconf 88' lang='lat' dir='ltr'><em>quae</em></span> <span class='ocrx_word' id='word_1_967' title='bbox 1784 2761 1953 2792; x_wconf 79' lang='lat' dir='ltr'><em>sententias</em></span> <span class='ocrx_word' id='word_1_968' title='bbox 1980 2762 2142 2802; x_wconf 86' lang='lat' dir='ltr'><em>decerptas</em></span> <span class='ocrx_word' id='word_1_969' title='bbox 2170 2772 2207 2793; x_wconf 86' lang='lat' dir='ltr'><em>ex</em></span> <span class='ocrx_word' id='word_1_970' title='bbox 2229 2762 2375 2795; x_wconf 82' lang='lat' dir='ltr'><em>Patribus</em></span> 
     </span>
     <span class='ocr_line' id='line_1_134' title="bbox 1303 2804 2375 2846; baseline 0.003 -10"><span class='ocrx_word' id='word_1_971' title='bbox 1303 2812 1488 2846; x_wconf 89' lang='lat' dir='ltr'><em>certumque</em></span> <span class='ocrx_word' id='word_1_972' title='bbox 1511 2804 1544 2835; x_wconf 91' lang='lat' dir='ltr'><em>in</em></span> <span class='ocrx_word' id='word_1_973' title='bbox 1567 2805 1713 2835; x_wconf 87' lang='lat' dir='ltr'><em>ordinem</em></span> <span class='ocrx_word' id='word_1_974' title='bbox 1741 2805 1875 2845; x_wconf 86' lang='lat' dir='ltr'><em>digestas</em></span> <span class='ocrx_word' id='word_1_975' title='bbox 1904 2806 2175 2846; x_wconf 90' lang='lat' dir='ltr'><em>complectuntur,</em></span> <span class='ocrx_word' id='word_1_976' title='bbox 2205 2807 2375 2840; x_wconf 87' lang='lat' dir='ltr'><em>remotiore</em></span> 
     </span>
     <span class='ocr_line' id='line_1_135' title="bbox 1303 2849 2374 2892; baseline 0.003 -12"><span class='ocrx_word' id='word_1_977' title='bbox 1303 2849 1399 2880; x_wconf 85' lang='lat' dir='ltr'><em>etiam</em></span> <span class='ocrx_word' id='word_1_978' title='bbox 1422 2859 1501 2880; x_wconf 88' lang='lat' dir='ltr'><em>aevo</em></span> <span class='ocrx_word' id='word_1_979' title='bbox 1529 2849 1681 2889; x_wconf 88' lang='lat' dir='ltr'><em>prodiisse</em></span> <span class='ocrx_word' id='word_1_980' title='bbox 1701 2856 1841 2888; x_wconf 78' lang='lat' dir='ltr'><em>constat3</em></span> <span class='ocrx_word' id='word_1_981' title='bbox 1865 2849 2045 2880; x_wconf 88' lang='lat' dir='ltr'><em>cuiusmodi</em></span> <span class='ocrx_word' id='word_1_982' title='bbox 2069 2857 2150 2881; x_wconf 92' lang='lat' dir='ltr'><em>certe</em></span> <span class='ocrx_word' id='word_1_983' title='bbox 2169 2859 2266 2882; x_wconf 87' lang='lat' dir='ltr'><em>nemo</em></span> <span class='ocrx_word' id='word_1_984' title='bbox 2284 2851 2374 2892; x_wconf 86' lang='lat' dir='ltr'><em>igno-</em></span> 
     </span>
     <span class='ocr_line' id='line_1_136' title="bbox 1303 2892 2374 2937; baseline 0.003 -13"><span class='ocrx_word' id='word_1_985' title='bbox 1303 2900 1350 2924; x_wconf 90' lang='lat' dir='ltr'><em>rat</em></span> <span class='ocrx_word' id='word_1_986' title='bbox 1373 2893 1516 2924; x_wconf 84' lang='lat' dir='ltr'><em>confecta</em></span> <span class='ocrx_word' id='word_1_987' title='bbox 1539 2892 1635 2924; x_wconf 83' lang='lat' dir='ltr'><em>fuisse</em></span> <span class='ocrx_word' id='word_1_988' title='bbox 1658 2893 1696 2923; x_wconf 89' lang='lat' dir='ltr'><em>ab</em></span> <span class='ocrx_word' id='word_1_989' title='bbox 1721 2893 1843 2924; x_wconf 86' lang='lat' dir='ltr'><em>Isidoro</em></span> <span class='ocrx_word' id='word_1_990' title='bbox 1859 2893 2057 2934; x_wconf 80' lang='lat' dir='ltr'><em>Hispalensi‚</em></span> <span class='ocrx_word' id='word_1_991' title='bbox 2081 2895 2217 2926; x_wconf 90' lang='lat' dir='ltr'><em>Leontio</em></span> <span class='ocrx_word' id='word_1_992' title='bbox 2241 2895 2374 2937; x_wconf 85' lang='lat' dir='ltr'><em>Cyprio,</em></span> 
     </span>
     <span class='ocr_line' id='line_1_137' title="bbox 1303 2937 2375 2980; baseline 0.004 -12"><span class='ocrx_word' id='word_1_993' title='bbox 1303 2938 1421 2968; x_wconf 84' lang='lat' dir='ltr'><em>Ioanne</em></span> <span class='ocrx_word' id='word_1_994' title='bbox 1445 2938 1643 2968; x_wconf 86' lang='lat' dir='ltr'><em>Damasceno</em></span> <span class='ocrx_word' id='word_1_995' title='bbox 1667 2937 1809 2979; x_wconf 84' lang='lat' dir='ltr'><em>aliisque.</em></span> <span class='ocrx_word' id='word_1_996' title='bbox 1841 2939 1984 2979; x_wconf 85' lang='lat' dir='ltr'><em>Itemque</em></span> <span class='ocrx_word' id='word_1_997' title='bbox 2007 2939 2154 2980; x_wconf 88' lang='lat' dir='ltr'><em>exemplo</em></span> <span class='ocrx_word' id='word_1_998' title='bbox 2178 2950 2238 2970; x_wconf 87' lang='lat' dir='ltr'><em>suo</em></span> <span class='ocrx_word' id='word_1_999' title='bbox 2264 2940 2375 2972; x_wconf 77' lang='lat' dir='ltr'><em>Petrus</em></span> 
     </span>
     <span class='ocr_line' id='line_1_138' title="bbox 1302 2981 2374 3025; baseline 0.004 -13"><span class='ocrx_word' id='word_1_1000' title='bbox 1302 2982 1497 3013; x_wconf 85' lang='lat' dir='ltr'><em>Abaelardus</em></span> <span class='ocrx_word' id='word_1_1001' title='bbox 1520 2981 1651 3022; x_wconf 87' lang='lat' dir='ltr'><em>praeivit</em></span> <span class='ocrx_word' id='word_1_1002' title='bbox 1666 2982 1860 3021; x_wconf 84' lang='lat' dir='ltr'><em>Lombardo,</em></span> <span class='ocrx_word' id='word_1_1003' title='bbox 1884 2982 2123 3014; x_wconf 85' lang='lat' dir='ltr'><em>Sententiarum</em></span> <span class='ocrx_word' id='word_1_1004' title='bbox 2139 2984 2230 3015; x_wconf 83' lang='lat' dir='ltr'><em>libris</em></span> <span class='ocrx_word' id='word_1_1005' title='bbox 2245 2985 2284 3015; x_wconf 89' lang='lat' dir='ltr'><em>ab</em></span> <span class='ocrx_word' id='word_1_1006' title='bbox 2302 2984 2374 3025; x_wconf 74' lang='lat' dir='ltr'><em>ipso</em></span> 
     </span>
     <span class='ocr_line' id='line_1_139' title="bbox 1303 3026 2374 3068; baseline 0.004 -12"><span class='ocrx_word' id='word_1_1007' title='bbox 1303 3026 1410 3057; x_wconf 89' lang='lat' dir='ltr'><em>editis:</em></span> <span class='ocrx_word' id='word_1_1008' title='bbox 1435 3026 1614 3068; x_wconf 89' lang='lat' dir='ltr'><em>eodemque</em></span> <span class='ocrx_word' id='word_1_1009' title='bbox 1630 3026 1744 3067; x_wconf 87' lang='lat' dir='ltr'><em>pariter</em></span> <span class='ocrx_word' id='word_1_1010' title='bbox 1766 3036 1844 3057; x_wconf 84' lang='lat' dir='ltr'><em>aevo</em></span> <span class='ocrx_word' id='word_1_1011' title='bbox 1869 3027 2052 3058; x_wconf 86' lang='lat' dir='ltr'><em>Sententias</em></span> <span class='ocrx_word' id='word_1_1012' title='bbox 2074 3028 2287 3068; x_wconf 85' lang='lat' dir='ltr'><em>compilarunt</em></span> <span class='ocrx_word' id='word_1_1013' title='bbox 2307 3038 2374 3060; x_wconf 83' lang='lat' dir='ltr'><em>non</em></span> 
     </span>
     <span class='ocr_line' id='line_1_140' title="bbox 1302 3070 2374 3111; baseline 0.003 -10"><span class='ocrx_word' id='word_1_1014' title='bbox 1302 3071 1413 3111; x_wconf 81' lang='lat' dir='ltr'><em>pauci,</em></span> <span class='ocrx_word' id='word_1_1015' title='bbox 1437 3070 1549 3102; x_wconf 86' lang='lat' dir='ltr'><em>Simon</em></span> <span class='ocrx_word' id='word_1_1016' title='bbox 1572 3070 1802 3109; x_wconf 84' lang='lat' dir='ltr'><em>Tornacensis,</em></span> <span class='ocrx_word' id='word_1_1017' title='bbox 1831 3071 1941 3102; x_wconf 89' lang='lat' dir='ltr'><em>Petrus</em></span> <span class='ocrx_word' id='word_1_1018' title='bbox 1963 3071 2184 3111; x_wconf 87' lang='lat' dir='ltr'><em>Pictaviensis,</em></span> <span class='ocrx_word' id='word_1_1019' title='bbox 2214 3073 2374 3104; x_wconf 79' lang='lat' dir='ltr'><em>Gilbertus</em></span> 
     </span>
     <span class='ocr_line' id='line_1_141' title="bbox 1302 3115 2373 3158; baseline 0.002 -12"><span class='ocrx_word' id='word_1_1020' title='bbox 1302 3116 1492 3146; x_wconf 86' lang='lat' dir='ltr'><em>Porretanus</em></span> <span class='ocrx_word' id='word_1_1021' title='bbox 1515 3122 1546 3146; x_wconf 88' lang='lat' dir='ltr'><em>et</em></span> <span class='ocrx_word' id='word_1_1022' title='bbox 1569 3115 1632 3146; x_wconf 84' lang='lat' dir='ltr'><em>alii.</em></span> <span class='ocrx_word' id='word_1_1023' title='bbox 1656 3117 1700 3146; x_wconf 87' lang='lat' dir='ltr'><em>At</em></span> <span class='ocrx_word' id='word_1_1024' title='bbox 1722 3115 1894 3146; x_wconf 86' lang='lat' dir='ltr'><em>Lombardi</em></span> <span class='ocrx_word' id='word_1_1025' title='bbox 1918 3116 2017 3146; x_wconf 85' lang='lat' dir='ltr'><em>nostri</em></span> <span class='ocrx_word' id='word_1_1026' title='bbox 2041 3116 2177 3158; x_wconf 89' lang='lat' dir='ltr'><em>denique</em></span> <span class='ocrx_word' id='word_1_1027' title='bbox 2201 3126 2285 3157; x_wconf 83' lang='lat' dir='ltr'><em>opus</em></span> <span class='ocrx_word' id='word_1_1028' title='bbox 2305 3127 2373 3148; x_wconf 83' lang='lat' dir='ltr'><em>ma-</em></span> 
     </span>
     <span class='ocr_line' id='line_1_142' title="bbox 1301 3159 2373 3202; baseline 0.002 -12"><span class='ocrx_word' id='word_1_1029' title='bbox 1301 3160 1420 3190; x_wconf 87' lang='lat' dir='ltr'><em>ximam</em></span> <span class='ocrx_word' id='word_1_1030' title='bbox 1443 3169 1518 3199; x_wconf 87' lang='lat' dir='ltr'><em>prae</em></span> <span class='ocrx_word' id='word_1_1031' title='bbox 1541 3159 1650 3190; x_wconf 85' lang='lat' dir='ltr'><em>ceteris</em></span> <span class='ocrx_word' id='word_1_1032' title='bbox 1665 3159 1875 3190; x_wconf 89' lang='lat' dir='ltr'><em>celebritatem</em></span> <span class='ocrx_word' id='word_1_1033' title='bbox 1899 3160 2054 3198; x_wconf 87' lang='lat' dir='ltr'><em>obtinuit;</em></span> <span class='ocrx_word' id='word_1_1034' title='bbox 2078 3171 2214 3202; x_wconf 88' lang='lat' dir='ltr'><em>mosque</em></span> <span class='ocrx_word' id='word_1_1035' title='bbox 2229 3160 2373 3199; x_wconf 78' lang='lat' dir='ltr'><em>invaluit,</em></span> 
     </span>
     <span class='ocr_line' id='line_1_143' title="bbox 1302 3203 2373 3246; baseline 0.001 -11"><span class='ocrx_word' id='word_1_1036' title='bbox 1302 3210 1339 3235; x_wconf 92' lang='lat' dir='ltr'><em>ut</em></span> <span class='ocrx_word' id='word_1_1037' title='bbox 1353 3203 1386 3234; x_wconf 89' lang='lat' dir='ltr'><em>in</em></span> <span class='ocrx_word' id='word_1_1038' title='bbox 1396 3203 1535 3234; x_wconf 85' lang='lat' dir='ltr'><em>Parisina</em></span> <span class='ocrx_word' id='word_1_1039' title='bbox 1551 3203 1721 3235; x_wconf 86' lang='lat' dir='ltr'><em>Academia</em></span> <span class='ocrx_word' id='word_1_1040' title='bbox 1737 3204 1928 3245; x_wconf 88' lang='lat' dir='ltr'><em>caeterisque</em></span> <span class='ocrx_word' id='word_1_1041' title='bbox 1949 3204 2176 3244; x_wconf 83' lang='lat' dir='ltr'><em>theologorum</em></span> <span class='ocrx_word' id='word_1_1042' title='bbox 2191 3204 2373 3246; x_wconf 74' lang='lat' dir='ltr'><em>Gymnasiis</em></span> 
     </span>
     <span class='ocr_line' id='line_1_144' title="bbox 1302 3248 2373 3288; baseline 0.001 -10"><span class='ocrx_word' id='word_1_1043' title='bbox 1302 3248 1370 3279; x_wconf 87' lang='lat' dir='ltr'><em>eius</em></span> <span class='ocrx_word' id='word_1_1044' title='bbox 1393 3248 1469 3279; x_wconf 86' lang='lat' dir='ltr'><em>libri</em></span> <span class='ocrx_word' id='word_1_1045' title='bbox 1490 3248 1729 3279; x_wconf 83' lang='lat' dir='ltr'><em>Sententiarum</em></span> <span class='ocrx_word' id='word_1_1046' title='bbox 1758 3248 1935 3288; x_wconf 86' lang='lat' dir='ltr'><em>legerentur</em></span> <span class='ocrx_word' id='word_1_1047' title='bbox 1965 3259 2001 3279; x_wconf 91' lang='lat' dir='ltr'><em>ac</em></span> <span class='ocrx_word' id='word_1_1048' title='bbox 2023 3249 2114 3280; x_wconf 89' lang='lat' dir='ltr'><em>editis</em></span> <span class='ocrx_word' id='word_1_1049' title='bbox 2144 3249 2373 3281; x_wconf 80' lang='lat' dir='ltr'><em>illustrarentur</em></span> 
     </span>
     <span class='ocr_line' id='line_1_145' title="bbox 1302 3292 2370 3331; baseline -0.001 -7"><span class='ocrx_word' id='word_1_1050' title='bbox 1302 3292 1548 3324; x_wconf 88' lang='lat' dir='ltr'><em>commentariis.</em></span> <span class='ocrx_word' id='word_1_1051' title='bbox 1572 3292 1656 3323; x_wconf 86' lang='lat' dir='ltr'><em>Hinc</em></span> <span class='ocrx_word' id='word_1_1052' title='bbox 1679 3302 1755 3323; x_wconf 89' lang='lat' dir='ltr'><em>vero</em></span> <span class='ocrx_word' id='word_1_1053' title='bbox 1776 3292 1912 3331; x_wconf 88' lang='lat' dir='ltr'><em>factum,</em></span> <span class='ocrx_word' id='word_1_1054' title='bbox 1937 3300 1973 3324; x_wconf 92' lang='lat' dir='ltr'><em>ut</em></span> <span class='ocrx_word' id='word_1_1055' title='bbox 1996 3292 2059 3324; x_wconf 85' lang='lat' dir='ltr'><em>fere</em></span> <span class='ocrx_word' id='word_1_1056' title='bbox 2082 3293 2249 3325; x_wconf 84' lang='lat' dir='ltr'><em>innumera</em></span> <span class='ocrx_word' id='word_1_1057' title='bbox 2266 3293 2300 3324; x_wconf 88' lang='lat' dir='ltr'><em>in</em></span> <span class='ocrx_word' id='word_1_1058' title='bbox 2316 3302 2370 3323; x_wconf 93' lang='lat' dir='ltr'><em>eo-</em></span> 
     </span>
     <span class='ocr_line' id='line_1_146' title="bbox 1302 3336 2372 3378; baseline 0.001 -11"><span class='ocrx_word' id='word_1_1059' title='bbox 1302 3337 1392 3368; x_wconf 90' lang='lat' dir='ltr'><em>sdem</em></span> <span class='ocrx_word' id='word_1_1060' title='bbox 1416 3337 1513 3367; x_wconf 90' lang='lat' dir='ltr'><em>libros</em></span> <span class='ocrx_word' id='word_1_1061' title='bbox 1540 3336 1706 3368; x_wconf 89' lang='lat' dir='ltr'><em>volumina</em></span> <span class='ocrx_word' id='word_1_1062' title='bbox 1735 3337 2039 3369; x_wconf 88' lang='lat' dir='ltr'><em>commentariorum</em></span> <span class='ocrx_word' id='word_1_1063' title='bbox 2067 3337 2259 3378; x_wconf 88' lang='lat' dir='ltr'><em>prodierint,</em></span> <span class='ocrx_word' id='word_1_1064' title='bbox 2289 3346 2372 3378; x_wconf 80' lang='lat' dir='ltr'><em>quos</em></span> 
     </span>
     <span class='ocr_line' id='line_1_147' title="bbox 1302 3379 2370 3421; baseline -0.001 -9"><span class='ocrx_word' id='word_1_1065' title='bbox 1302 3381 1495 3412; x_wconf 87' lang='lat' dir='ltr'><em>baccalaurei</em></span> <span class='ocrx_word' id='word_1_1066' title='bbox 1518 3381 1551 3411; x_wconf 88' lang='lat' dir='ltr'><em>in</em></span> <span class='ocrx_word' id='word_1_1067' title='bbox 1574 3381 1755 3421; x_wconf 87' lang='lat' dir='ltr'><em>theologico</em></span> <span class='ocrx_word' id='word_1_1068' title='bbox 1779 3381 1880 3412; x_wconf 87' lang='lat' dir='ltr'><em>stadio</em></span> <span class='ocrx_word' id='word_1_1069' title='bbox 1904 3382 2037 3417; x_wconf 80' lang='lat' dir='ltr'><em>scribere</em></span> <span class='ocrx_word' id='word_1_1070' title='bbox 2065 3383 2261 3419; x_wconf 84' lang='lat' dir='ltr'><em>tenebantur,</em></span> <span class='ocrx_word' id='word_1_1071' title='bbox 2277 3379 2370 3421; x_wconf 82' lang='lat' dir='ltr'><em>perfi-</em></span> 
     </span>
     <span class='ocr_line' id='line_1_148' title="bbox 1303 3424 2371 3467; baseline -0.001 -11"><span class='ocrx_word' id='word_1_1072' title='bbox 1303 3426 1488 3467; x_wconf 88' lang='lat' dir='ltr'><em>ciebantque</em></span> <span class='ocrx_word' id='word_1_1073' title='bbox 1512 3425 1651 3466; x_wconf 80' lang='lat' dir='ltr'><em>magistri</em></span> <span class='ocrx_word' id='word_1_1074' title='bbox 1675 3425 1784 3457; x_wconf 83' lang='lat' dir='ltr'><em>effecti.</em></span> <span class='ocrx_word' id='word_1_1075' title='bbox 1810 3426 1928 3457; x_wconf 86' lang='lat' dir='ltr'><em>Infulas</em></span> <span class='ocrx_word' id='word_1_1076' title='bbox 1946 3426 2104 3458; x_wconf 82' lang='lat' dir='ltr'><em>Ecclesiae</em></span> <span class='ocrx_word' id='word_1_1077' title='bbox 2120 3424 2300 3456; x_wconf 82' lang='lat' dir='ltr'><em>Parisiensis</em></span> <span class='ocrx_word' id='word_1_1078' title='bbox 2315 3434 2371 3455; x_wconf 88' lang='lat' dir='ltr'><em>an-</em></span> 
     </span>
     <span class='ocr_line' id='line_1_149' title="bbox 1302 3469 2369 3511; baseline 0 -11"><span class='ocrx_word' id='word_1_1079' title='bbox 1302 3480 1345 3500; x_wconf 91' lang='lat' dir='ltr'><em>no</em></span> <span class='ocrx_word' id='word_1_1080' title='bbox 1369 3481 1377 3500; x_wconf 88' lang='grc' dir='ltr'>ι</span> <span class='ocrx_word' id='word_1_1081' title='bbox 1391 3471 1450 3510; x_wconf 86' lang='grc' dir='ltr'><em>ι59</em></span> <span class='ocrx_word' id='word_1_1082' title='bbox 1467 3469 1605 3501; x_wconf 90' lang='lat' dir='ltr'><em>obtinuit</em></span> <span class='ocrx_word' id='word_1_1083' title='bbox 1620 3470 1837 3501; x_wconf 81' lang='lat' dir='ltr'><em>Lombardus:</em></span> <span class='ocrx_word' id='word_1_1084' title='bbox 1862 3481 1942 3511; x_wconf 82' lang='lat' dir='ltr'><em>quas</em></span> <span class='ocrx_word' id='word_1_1085' title='bbox 1965 3470 2051 3501; x_wconf 89' lang='lat' dir='ltr'><em>brevi</em></span> <span class='ocrx_word' id='word_1_1086' title='bbox 2068 3470 2213 3510; x_wconf 80' lang='lat' dir='ltr'><em>tempore</em></span> <span class='ocrx_word' id='word_1_1087' title='bbox 2228 3469 2369 3509; x_wconf 85' lang='lat' dir='ltr'><em>gestavit,</em></span> 
     </span>
     <span class='ocr_line' id='line_1_150' title="bbox 1302 3513 2370 3555; baseline -0.001 -10"><span class='ocrx_word' id='word_1_1088' title='bbox 1302 3514 1486 3555; x_wconf 87' lang='lat' dir='ltr'><em>insequente</em></span> <span class='ocrx_word' id='word_1_1089' title='bbox 1509 3524 1594 3545; x_wconf 88' lang='lat' dir='ltr'><em>anno</em></span> <span class='ocrx_word' id='word_1_1090' title='bbox 1616 3515 1698 3545; x_wconf 88' lang='lat'>1160</span> <span class='ocrx_word' id='word_1_1091' title='bbox 1715 3514 1780 3545; x_wconf 85' lang='lat' dir='ltr'><em>fato</em></span> <span class='ocrx_word' id='word_1_1092' title='bbox 1805 3514 1970 3546; x_wconf 89' lang='lat' dir='ltr'><em>communi</em></span> <span class='ocrx_word' id='word_1_1093' title='bbox 1993 3514 2144 3545; x_wconf 83' lang='lat' dir='ltr'><em>sublatus.</em></span> <span class='ocrx_word' id='word_1_1094' title='bbox 2168 3513 2243 3543; x_wconf 91' lang='lat' dir='ltr'><em>Non</em></span> <span class='ocrx_word' id='word_1_1095' title='bbox 2258 3522 2370 3544; x_wconf 88' lang='lat' dir='ltr'><em>omnes</em></span> 
     </span>
     <span class='ocr_line' id='line_1_151' title="bbox 1302 3557 2369 3599; baseline -0.001 -11"><span class='ocrx_word' id='word_1_1096' title='bbox 1302 3558 1359 3589; x_wconf 89' lang='lat' dir='ltr'><em>viri</em></span> <span class='ocrx_word' id='word_1_1097' title='bbox 1375 3558 1538 3589; x_wconf 85' lang='lat' dir='ltr'><em>clarissimi</em></span> <span class='ocrx_word' id='word_1_1098' title='bbox 1553 3558 1728 3590; x_wconf 85' lang='lat' dir='ltr'><em>Sententias</em></span> <span class='ocrx_word' id='word_1_1099' title='bbox 1744 3559 1938 3599; x_wconf 81' lang='lat' dir='ltr'><em>theologicas</em></span> <span class='ocrx_word' id='word_1_1100' title='bbox 1954 3564 2092 3598; x_wconf 84' lang='lat' dir='ltr'><em>receptas</em></span> <span class='ocrx_word' id='word_1_1101' title='bbox 2110 3566 2188 3594; x_wconf 80' lang='lat' dir='ltr'><em>esse,</em></span> <span class='ocrx_word' id='word_1_1102' title='bbox 2200 3557 2369 3598; x_wconf 85' lang='lat' dir='ltr'><em>pluresque</em></span> 
     </span>
     <span class='ocr_line' id='line_1_152' title="bbox 1302 3600 2370 3643; baseline -0.003 -9"><span class='ocrx_word' id='word_1_1103' title='bbox 1302 3612 1446 3634; x_wconf 73' lang='lat' dir='ltr'><em>consono</em></span> <span class='ocrx_word' id='word_1_1104' title='bbox 1469 3602 1695 3643; x_wconf 86' lang='lat' dir='ltr'><em>theologorum</em></span> <span class='ocrx_word' id='word_1_1105' title='bbox 1719 3603 1841 3634; x_wconf 85' lang='lat' dir='ltr'><em>calculo</em></span> <span class='ocrx_word' id='word_1_1106' title='bbox 1865 3602 2008 3643; x_wconf 77' lang='lat' dir='ltr'><em>explosas</em></span> <span class='ocrx_word' id='word_1_1107' title='bbox 2030 3602 2125 3632; x_wconf 91' lang='lat' dir='ltr'><em>docet</em></span> <span class='ocrx_word' id='word_1_1108' title='bbox 2139 3600 2248 3640; x_wconf 84' lang='lat' dir='ltr'><em>index,</em></span> <span class='ocrx_word' id='word_1_1109' title='bbox 2272 3611 2370 3642; x_wconf 87' lang='lat' dir='ltr'><em>quem</em></span> 
     </span>
    </p>
   </div>
  </div>
 </body>
</html>
