2788 4204
17 842 80 891 ¹3?-
101 843 155 864 leet.
175 847 232 870 viu,

17 1000 31 1012 ⁴
43 1001 118 1023 Num.
131 1007 156 1028 9·

17 1053 29 1065 ⁴⁸
42 1059 64 1075 n
72 1061 78 1076 ε
90 1053 167 1080 ponit.

18 1161 29 1172 *
45 1161 130 1187 Codd..
151 1167 202 1183 exc.
217 1167 231 1183 n

17 1193 75 1210 mo:
86 1188 163 1216 ponit.
178 1194 194 1209 a
207 1188 231 1209 h.

15 1241 30 1253 '
42 1247 64 1262 n

17 1267 41 1279 ⁸⁸
54 1267 126 1289 Num.
141 1273 163 1294 7.

18 1320 31 1332 ⁸
43 1319 115 1342 Num.
134 1319 156 1341 8.

15 1371 87 1398 *unt
99 1381 231 1404 praeanapp.

18 1427 233 1453 ‘eodd.-r:1!11·ue;

15 1461 33 1477 ο
47 1460 105 1481 om.;
120 1460 150 1480 q:
170 1454 231 1476 eius.

17 1860 30 1872 ’
42 1859 87 1882 Ree
99 1865 128 1882 ex
141 1858 211 1881 codd.

18 2125 30 2136 ⁸
44 2130 74 2147 n:
88 2123 154 2146 rado
167 2124 213 2146 rei.

19 2341 30 2351 ·
40 2339 105 2362 Leet.
118 2339 233 2367 praeced.⁷

19 2372 123 2415 Ε’ὅὸἀᾱ.
131 2404 141 2408 -
149 2398 206 2418 mu:

20 2419 103 2467 ἑηῗὶὀιι.
113 2445 154 2467 cit.

19 2609 32 2621 ⁴
40 2608 172 2631 Secu-am
186 2615 236 2631 om.

20 2641 236 2663 amm-amm.

20 2665 95 2710 32».ss
113 2662 238 2710 fflaffi

20 2713 174 2767 {aaran
181 2721 235 2769 ἕξις

21 2767 46 2779 '⁸
54 2767 118 2788 laet.
129 2768 236 2795 praeced.

22 2799 87 2842 θέε.
98 2799 221 2848 What,

21 2846 74 2868 lect.
85 2852 131 2868 vm.

1094 274 1206 313 CAP.
1238 277 1305 324 IX,
1336 277 1486 314 LECT.
1516 277 1603 314 VIII

257 355 319 392 illa
342 364 508 402 quorum
529 364 608 389 non
627 359 683 389 est
700 352 772 389 alia
793 365 923 401 causa,
945 352 994 390 ita
1015 353 1127 390 etiam
1147 353 1208 390 illa
1227 367 1325 403 quae

257 414 418 457 possunt
454 407 596 443 habere
634 406 825 454 medium,
860 414 896 443 et
924 419 1089 455 quorum
1118 415 1173 444 est
1210 409 1326 445 altera

258 473 384 509 causa,
405 467 530 509 potest
548 460 778 497 manifestari
797 460 901 508 quod
921 460 1013 508 quid
1033 468 1103 497 est:
1125 461 1174 497 ita
1197 469 1325 499 tamen

259 515 365 564 quod
399 526 478 551 non
512 514 791 551 demonstretur
822 513 948 562 ipsum
981 514 1086 562 quod
1123 514 1213 562 quid
1247 523 1322 561 est,

259 569 328 606 sed
356 568 476 616 magis
505 567 677 604 medium
697 567 1029 605 demonstrationis
1048 575 1090 604 ut
1108 568 1214 616 quod
1233 569 1323 617 quid

259 629 316 658 est
343 621 546 670 accipiatur
564 620 589 657 ζ.

317 676 350 712 5.
384 674 533 711 Deinde
576 685 664 710 cum
703 673 810 710 dicit:
853 674 1030 722 Definitio
1067 680 1192 711 autem
1234 686 1343 723 quos

259 728 363 765 niam
379 735 461 774 etc.,
479 735 632 764 ostenso
652 727 811 775 qualiter
830 739 870 763 se
885 728 1025 764 habeat
1039 729 1143 776 quod
1163 728 1254 776 quid
1271 736 1325 765 est

263 781 313 818 ad
333 781 710 827 demonstrationem,
728 780 890 817 ostendit
908 782 1107 829 quomodo
1132 794 1172 818 se
1186 783 1325 819 habeat

261 834 429 872 definitio
451 836 482 872 *.
505 836 554 871 Et
573 835 670 871 circa
688 835 762 871 hoc
789 835 866 872 duo
895 836 997 872 facit:
1026 835 1170 883 primo,
1200 843 1323 872 osten—

261 888 313 925 dit
340 889 499 936 qualiter
532 888 700 926 definitio
729 900 769 924 se
789 889 928 925 habeat
955 889 1005 926 ad
1034 888 1323 926 demonstratio-

260 954 367 988 nem3
389 942 571 988 secundo,
592 941 806 979 manifestat
824 943 930 990 quod
949 943 1092 979 dixerat
1109 954 1179 990 per
1197 953 1324 978 exem-

259 996 387 1044 plum3
413 995 476 1032 ibi:
500 995 641 1044 Differt
663 996 762 1032 enim
785 997 909 1032 dicere
925 1002 1083 1044 propter
1105 996 1196 1044 quid
1213 996 1233 1017 *²
1253 1001 1322 1032 etc.

259 1048 371 1085 Circa
389 1048 558 1097 primum
578 1048 647 1085 tria
667 1048 768 1085 facit:
788 1049 913 1097 primo
926 1079 935 1096 ,
955 1050 1135 1098 proponit
1164 1050 1184 1070 *⁴
1203 1061 1324 1085 unum

259 1101 423 1138 modum
439 1101 667 1138 definitionis
686 1101 929 1149 significantis
945 1104 1035 1150 quid
1052 1109 1123 1147 est,·
1142 1102 1322 1148 secundo,

257 1155 437 1203 proponit
462 1156 481 1176 ’¹‘
501 1154 617 1191 alium
646 1155 808 1191 modum
828 1155 1057 1192 definitionis
1085 1155 1326 1202 significantis

17 1215 78 1262 ¹⁸⁰2
93 1240 152 1268 qma
164 1242 208 1262 m,
252 1213 410 1256 propter
428 1207 518 1256 quid
531 1209 569 1253 *;
586 1207 652 1244 ibi:
672 1208 760 1244 Alia
778 1219 869 1245 vero
889 1209 1069 1245 terminus
1084 1209 1127 1230 *⁸¹
1146 1215 1235 1254 etc.;
1254 1216 1326 1244 ter-

257 1260 503 1308 tio,ostendit
521 1261 680 1308 qualiter
698 1269 858 1309 utraque
879 1261 1047 1298 definitio
1065 1273 1104 1297 se
1119 1262 1258 1298 habeat
1277 1261 1326 1298 ad

260 1313 642 1359 demonstrationem;
664 1315 730 1351 ibi:
755 1314 884 1356 Quare
896 1315 1025 1362 prima
1046 1314 1193 1362 quidem
1215 1315 1235 1336 ²⁸
1255 1322 1324 1351 etc.

314 1369 349 1404 6.
372 1367 483 1407 Circa
500 1368 685 1416 primum,
707 1367 887 1416 supponit
906 1368 926 1388 '⁶
945 1367 1070 1416 primo
1100 1368 1204 1415 quod
1234 1367 1326 1404 defi-

258 1420 349 1458 nitio
378 1421 424 1457 sit
443 1421 537 1457 ratio
565 1420 814 1468 significativa
833 1420 950 1468 ipsius
971 1422 990 1442 ’¹‘
1010 1422 1115 1469 quod
1140 1422 1231 1470 quid
1260 1430 1325 1459 est.

260 1474 300 1510 Si
328 1481 456 1510 autem
485 1486 564 1510 non
582 1481 713 1522 posset
739 1473 871 1510 haberi
897 1474 1022 1522 aliqua
1050 1475 1122 1512 alia
1151 1476 1243 1512 ratio
1274 1476 1327 1512 rei

258 1539 377 1575 quam
397 1526 566 1564 definitio
585 1531 611 1573 '¹,
632 1526 865 1575 impossibile
891 1535 989 1564 esset
1009 1529 1115 1576 quod
1143 1529 1326 1566 sciremus

258 1580 425 1629 aliquam
446 1592 528 1616 rem
557 1591 650 1626 esse,
675 1579 768 1627 quin
796 1580 978 1616 sciremus
1000 1581 1046 1618 de
1076 1594 1120 1618 ea
1146 1583 1237 1630 quid
1253 1588 1327 1627 est,-

159 1658 166 1665 -
210 1649 229 1664 -=
258 1633 348 1682 quia
367 1632 600 1681 impossibile
625 1639 680 1668 est
699 1633 804 1681 quod
829 1634 994 1671 sciamus
1015 1635 1035 1655 *
1055 1647 1135 1671 rem
1160 1635 1326 1683 aliquam

259 1700 354 1734 esse,
375 1686 446 1723 nisi
472 1698 542 1735 per
569 1685 736 1733 aliquam
765 1686 862 1723 illius
892 1687 945 1723 rei
966 1687 1163 1725 rationem.
1193 1690 1252 1726 De
1279 1701 1325 1725 eo

260 1741 362 1778 enirn
382 1739 487 1788 quod
507 1746 563 1775 est
581 1738 692 1774 nobis
710 1740 860 1788 penitus
884 1739 1072 1788 ignotum,
1094 1754 1173 1778 non
1191 1754 1325 1790 possu-

257 1807 346 1832 mus
364 1792 459 1829 scire
488 1792 518 1829 si
547 1800 603 1829 est
630 1799 695 1828 aut
718 1805 808 1830 non.
832 1793 1025 1830 Invenitur
1044 1802 1172 1830 autem
1202 1795 1327 1842 aliqua

259 1849 331 1886 alia
350 1847 444 1884 ratio
465 1845 518 1882 rei
539 1847 559 1867 *
578 1853 728 1895 praeter
753 1846 1030 1883 definitionem:
1052 1859 1151 1895 quae
1170 1848 1326 1895 quidem

257 1902 321 1940 vel
341 1908 397 1937 est
416 1899 511 1936 ratio
536 1899 744 1948 expositiva
763 1899 1044 1947 significationis
1064 1900 1245 1948 nominis,
1265 1902 1327 1938 vel

260 1963 317 1993 est
335 1953 429 1990 ratio
450 1952 567 2002 ipsius
596 1952 649 1989 rei
677 1952 914 2001 nominatae,
935 1954 1051 1989 altera
1069 1961 1198 1990 tamen
1222 1966 1244 1990 a
1264 1955 1327 1991 de-

259 2008 446 2054 finitione,
468 2007 557 2055 quia
576 2018 655 2043 non
683 2006 867 2054 significat
890 2007 981 2055 quid
997 2011 1059 2053 est,
1081 2006 1175 2043 sicut
1195 2007 1326 2044 defini-

258 2063 324 2111 tio,
345 2061 413 2098 sed
432 2060 528 2097 forte
547 2059 703 2108 aliquod
728 2059 915 2096 accidens.
938 2059 1042 2096 Sicut
1070 2060 1164 2096 forte
1183 2060 1327 2098 inveni-

259 2125 320 2155 tur
339 2115 465 2163 aliqua
485 2113 578 2151 ratio
600 2115 632 2162 ²⁸,
649 2125 747 2162 quae
769 2113 921 2162 exponit
940 2112 1032 2160 quid
1052 2113 1235 2161 significat
1253 2115 1328 2151 hoc

260 2182 406 2208 nomen
424 2167 648 2218 triangulus.
665 2168 714 2203 Et
731 2179 800 2215 per
818 2166 1038 2204 huiusmodi
1058 2168 1242 2204 rationem
1262 2170 1327 2205 ha-

260 2225 394 2261 bentes
422 2223 510 2272 quia
545 2227 614 2267 est,
648 2221 774 2257 adhuc
807 2221 1025 2269 quaerimus
1052 2227 1209 2270 propter
1241 2223 1331 2270 quid

260 2284 332 2324 est,
361 2285 404 2314 ut
431 2277 484 2312 sic
512 2274 744 2323 accipiamus
778 2275 880 2323 quod
909 2275 1000 2323 quid
1029 2280 1092 2311 est.
1129 2275 1206 2312 Sed
1235 2276 1330 2312 sicut

261 2343 377 2380 supra
392 2330 535 2367 dictum
551 2336 607 2365 est
623 2329 655 2376 ²¹²,
671 2330 746 2365 hoc
762 2328 912 2365 difficile
934 2336 988 2365 est
1007 2327 1177 2376 accipere
1198 2329 1236 2365 in
1261 2329 1329 2366 illis

260 2385 300 2422 in
332 2384 470 2432 quibus
498 2382 688 2419 nescimus
716 2394 766 2419 an
794 2383 869 2418 sint
896 2382 925 2418 *.
956 2382 1006 2418 Et
1032 2381 1143 2418 huius
1172 2382 1329 2419 difficul-

260 2439 345 2476 tatis
374 2450 488 2474 causa
517 2436 689 2484 superius
710 2443 765 2472 est
792 2435 979 2483 assignata
1000 2436 1038 2471 *1
1060 2435 1149 2483 quia
1177 2435 1329 2483 scilicet,

263 2491 418 2542 quando
447 2491 639 2527 nescimus
668 2502 750 2526 rem
779 2501 862 2526 esse
890 2501 959 2538 per
987 2488 1129 2536 aliquid
1157 2489 1221 2536 rei,
1251 2503 1330 2527 non

263 2546 434 2583 absolute
463 2544 603 2581 scimus
632 2543 662 2580 si
683 2551 737 2580 est
763 2543 826 2580 vel
845 2555 935 2590 non,
956 2542 1024 2578 sed
1052 2543 1176 2579 solum
1197 2555 1329 2580 secun-

264 2599 357 2637 dum
388 2601 408 2621 ²*
428 2598 614 2644 accidens,
643 2605 686 2634 ut
713 2609 828 2646 supra
856 2596 1069 2645 expositum
1099 2605 1154 2634 est
1183 2597 1238 2633 **.

316 2653 377 2690 Ad
407 2652 714 2700 distinguendum
743 2659 871 2689 autem
901 2650 1087 2687 rationem
1116 2651 1330 2698 significan·

263 2714 341 2744 tem
369 2707 460 2756 quid
491 2712 546 2743 est
570 2707 619 2742 ab
649 2706 748 2752 aliis,
779 2705 969 2753 subiungit
996 2705 1102 2753 quod
1136 2704 1330 2753 dupliciter

264 2760 389 2808 aliqua
416 2760 509 2797 ratio
529 2767 654 2808 potest
673 2759 745 2797 dici
766 2772 842 2796 una
863 2761 894 2796 *.
917 2758 1120 2805 Quaedam
1146 2758 1248 2794 enirn
1276 2765 1331 2794 est

263 2826 351 2860 una,
372 2815 453 2851 sola
481 2813 745 2850 coniunctione
761 2810 789 2849 ⁹:
809 2825 877 2862 per
897 2824 1013 2860 quem
1033 2811 1195 2848 modum
1216 2811 1329 2848 etiam

262 2867 378 2904 habet
403 2867 588 2904 unitatem
617 2867 721 2913 Ilias,
743 2866 839 2903 idest
857 2878 999 2915 poema
1019 2865 1066 2902 de
1086 2864 1241 2902 historia
1255 2872 1328 2901 tro-

262 2920 361 2958 iana.
391 2922 441 2958 Et
467 2934 536 2970 per
564 2922 666 2958 hunc
686 2920 799 2957 etiam
820 2919 982 2957 modum
1003 2919 1136 2956 dicitur
1156 2931 1238 2955 esse
1254 2931 1329 2955 una

263 2975 372 3020 ratio,
392 2987 491 3023 quae
515 2982 571 3011 est
590 2974 799 3023 expositiva
826 2973 1004 3020 nominis,
1033 2973 1095 3010 vel
1115 2972 1329 3008 manifesta-

2363 280 2438 329 357

1379 355 1456 393 tiva
1490 356 1606 405 ipsius
1634 356 1687 393 rei
1715 358 1933 402 nominatae
1965 371 2034 407 per
2066 360 2190 408 aliqua
2218 359 2436 399 accidentia:

1379 416 1420 445 ut
1438 409 1468 445 si
1489 410 1633 446 dicatur
1646 410 1752 458 quod
1767 412 1787 432 ’¹‘
1800 411 1920 447 homo
1937 420 1992 449 est
2005 413 2149 450 animal
2162 414 2299 450 risibile
2316 425 2437 451 susce·

1373 462 1502 510 ptibile
1521 463 1744 511 disciplinae.
1762 465 1846 501 Alia
1864 477 1958 501 vero
1980 466 2073 502 ratio
2093 474 2148 503 est
2166 479 2242 503 una
2262 467 2301 503 in
2319 479 2436 515 quan-

1378 522 1460 551 tum
1489 516 1705 565 simpliciter
1727 517 1911 564 significat
1938 531 2058 555 unum
2088 519 2136 556 de
2165 532 2204 556 re
2223 532 2310 566 una,
2332 520 2437 557 cuius

1379 576 1434 605 est
1453 569 1565 617 ratio,
1587 577 1623 606 et
1640 571 1715 606 hoc
1734 583 1813 607 non
1841 572 2052 609 secundum
2082 573 2267 610 accidens.
2289 574 2337 610 Et
2356 573 2436 611 talis

1379 621 1471 658 ratio
1493 630 1547 658 est
1567 622 1734 660 definitio
1755 624 1968 671 significans
1996 626 2086 673 quid
2102 632 2173 672 est,
2195 626 2283 675 quia
2311 638 2436 663 essen—

1378 675 1428 711 tia
1448 676 1644 712 cuiuslibet
1663 677 1720 724 rei⁴
1736 685 1790 714 est
1808 690 1895 715 una.
1915 678 1975 715 Sic
1995 678 2104 726 igitur
2123 679 2312 716 concludit
2332 680 2437 727 quod

1377 728 1437 764 illa
1466 740 1564 776 quae
1594 729 1690 766 dicta
1720 738 1784 776 est,
1816 738 1871 767 est
1897 743 1972 768 una
1998 732 2165 769 definitio
2196 732 2435 780 definitionis,

1378 781 1516 818 scilicet
1530 783 1634 830 quod
1651 783 1819 820 definitio
1836 792 1891 821 est
1907 785 1999 821 ratio
2015 785 2130 834 ipsius
2145 786 2250 833 quod
2265 786 2356 834 quid
2368 793 2433 823 est.

1432 847 1468 883 7.
1485 835 1634 872 Deinde
1650 848 1737 872 curn
1754 836 1857 873 dicit:
1878 838 1965 873 Alia
1980 849 2069 874 vero
2085 839 2264 875 terminus
2282 845 2336 876 est
2353 847 2435 886 etc.,

1377 888 1484 936 ponit
1517 889 1633 925 alium
1667 890 1827 926 modum
1863 891 2107 937 definitionis;
2144 899 2180 928 et
2213 892 2301 929 dicit
2332 894 2436 942 quod

1378 943 1449 978 alia
1469 943 1489 963 ’¹‘
1509 942 1678 979 definitio
1708 943 1936 980 definitionis
1957 945 1999 966 ²¹⁵*
2020 952 2085 992 est,
2106 952 2147 981 ut
2174 945 2219 982 sit
2242 946 2335 982 ratio
2355 959 2435 984 ma-
2462 939 2472 964 ²

1378 996 1557 1032 nifestans
1579 1002 1737 1043 propter
1764 996 1864 1044 quid.

1433 1050 1468 1085 8.
1499 1048 1647 1085 Deinde
1668 1060 1756 1084 cum
1777 1049 1883 1085 dicit:
1909 1050 2034 1091 Quare
2046 1051 2174 1098 prima
2190 1053 2337 1100 quidem
2353 1060 2434 1099 etc.,

1379 1101 1543 1138 ostendit
1570 1102 1770 1149 quomodo
1797 1110 1956 1150 utraque
1986 1104 2153 1141 definitio
2173 1119 2213 1142 se
2233 1107 2370 1143 habeat
2388 1106 2437 1143 ad

1381 1155 1756 1202 demonstrationem,
1778 1156 2007 1193 concludens
2027 1170 2071 1193 ex
2099 1160 2313 1206 praemissis
2333 1160 2438 1208 quod

1379 1208 1503 1256 prima
1523 1208 1692 1244 definitio
1712 1209 1836 1245 solum
1856 1209 2039 1256 significat
2058 1212 2161 1258 quod
2177 1213 2268 1261 quid
2284 1221 2349 1259 est,
2371 1213 2438 1250 sed

1381 1273 1459 1297 non
1476 1261 1710 1297 demonstrat
1730 1262 1867 1310 ipsum.
1893 1263 2069 1300 Secunda
2087 1277 2181 1301 vero
2202 1265 2369 1302 definitio
2385 1273 2440 1302 est

1381 1314 1489 1362 quasi
1501 1314 1772 1351 demonstratio
1784 1315 1974 1363 quaedam
1984 1316 2100 1364 ipsius
2115 1319 2216 1364 quod
2229 1319 2248 1339 *
2259 1319 2349 1366 quid
2365 1327 2436 1355 est:

1382 1375 1418 1404 et
1434 1369 1453 1387 *³
1468 1380 1546 1404 non
1569 1368 1692 1404 differt
1711 1380 1732 1404 a
1753 1368 2073 1406 demonstratione
2097 1370 2166 1406 nisi
2191 1372 2269 1407 sola
2288 1372 2438 1419 positio-

1381 1434 1428 1458 ne
1443 1422 1475 1468 *,
1493 1421 1531 1458 id
1552 1429 1607 1458 est
1626 1421 1758 1458 ordine
1773 1422 2022 1459 terminorum
2044 1430 2078 1459 et
2096 1423 2410 1472 propositionum.

1435 1487 1470 1522 9.
1500 1474 1649 1511 Deinde
1679 1487 1766 1511 curn
1795 1475 1902 1511 dicit:
1931 1476 2071 1525 Differt
2088 1477 2186 1512 enim
2206 1477 2328 1513 dicere
2349 1489 2440 1525 pro-

1374 1534 1461 1576 pter
1479 1529 1569 1576 quid
1587 1535 1669 1574 etc.,
1699 1528 1912 1565 manifestat
1940 1529 2044 1576 quod
2065 1529 2207 1566 dixerat
2224 1542 2293 1578 per
2313 1541 2438 1566 exem-

1380 1582 1452 1630 pla.
1492 1582 1540 1617 Et
1569 1581 1666 1617 circa
1697 1582 1772 1617 hoc
1805 1581 1880 1618 duo
1915 1582 2015 1618 facit:
2048 1582 2194 1631 primo⁷
2229 1583 2442 1620 manifestat

1380 1646 1449 1683 per
1470 1635 1643 1683 exempla
1662 1647 1759 1682 quae
1786 1634 1883 1672 dicta
1906 1643 2009 1681 sunt3
2039 1636 2218 1682 secundo,
2241 1636 2376 1684 colligit
2396 1649 2440 1674 ex

1381 1687 1597 1735 praemissis
1625 1687 1880 1724 diversitatem
1905 1688 2184 1734 definitionum;
2205 1689 2274 1726 ibi:
2303 1692 2439 1727 Imme-

1381 1741 1568 1777 diatorum
1597 1747 1722 1777 autem
1751 1741 1913 1789 definitio
1934 1742 1953 1762 *
1975 1749 2043 1778 etc.
2068 1741 2167 1778 Dicit
2195 1754 2283 1790 ergo
2315 1744 2439 1793 primo

1382 1794 1485 1842 quod
1517 1794 1640 1831 differt
1669 1794 1792 1831 dicere
1806 1800 1963 1842 propter
1986 1795 2075 1843 quid
2092 1802 2207 1842 tonat,
2229 1804 2264 1832 et
2283 1797 2372 1844 quid
2389 1803 2443 1834 est

1382 1848 1607 1884 tonitruum:
1629 1847 1717 1895 quia
1740 1848 1951 1884 secundum
1971 1848 2190 1896 opinionem
2206 1849 2355 1886 illorum
2376 1851 2440 1899 qui

1384 1902 1512 1939 dicunt
1530 1901 1636 1950 quod
1656 1901 1830 1937 extinctio
1850 1901 1943 1948 ignis
1963 1900 2000 1937 in
2019 1902 2120 1938 nube
2141 1909 2196 1938 est
2215 1915 2328 1940 causa
2346 1904 2441 1940 toni-

1383 1955 1466 2002 trui,
1484 1955 1571 1992 dicit
1586 1954 1718 2002 aliquis
1733 1960 1889 2002 propter
1907 1954 1996 2002 quid
2022 1966 2109 1990 cum
2125 1954 2212 1991 dicit
2234 1956 2441 1993 tonitruum

1384 2021 1466 2045 esse
1485 2015 1640 2057 propter
1658 2008 1733 2044 hoc
1753 2009 1772 2029 ’¹‘
1793 2007 1897 2056 quod
1917 2006 2009 2053 ignis
2030 2007 2252 2055 extinguitur
2269 2008 2308 2045 in
2327 2010 2439 2046 nube.

1384 2063 1448 2099 Ille
1464 2069 1591 2098 autem
1611 2061 1699 2098 dicit
1726 2060 1816 2108 quid
1832 2066 1886 2096 est
1902 2060 2124 2107 tonitruum,
2146 2062 2210 2110 qui
2230 2061 2316 2098 dicit
2339 2063 2443 2110 quod

1386 2123 1440 2152 est
1469 2116 1488 2137 *
1516 2127 1632 2151 sonus
1665 2113 1758 2161 ignis
1787 2113 1934 2149 extincti
1962 2113 2000 2149 in
2032 2114 2205 2151 nubibus.
2231 2115 2442 2164 Utrumque

1385 2177 1513 2206 autern
1541 2169 1681 2204 horum
1706 2173 1715 2188 ‘
1745 2166 1928 2214 significat
1956 2167 2133 2203 eamdem
2160 2168 2354 2215 rationem,
2376 2169 2441 2206 sed

1383 2235 1452 2271 per
1467 2222 1582 2259 alium
1597 2220 1770 2257 modum.
1794 2220 1896 2255 Nam
1913 2231 2000 2255 cum
2017 2220 2149 2256 dicitur
2172 2227 2273 2258 tonat
2287 2228 2443 2271 propter

1384 2278 1455 2312 hoc
1491 2275 1591 2323 quod
1617 2273 1849 2322 extinguitur
1876 2273 1974 2321 ignis
2002 2273 2038 2308 in
2068 2274 2165 2309 nube
2174 2302 2184 2319 ,
2214 2274 2443 2321 significatur

1384 2341 1453 2378 per
1467 2328 1627 2365 modum
1644 2325 1974 2364 demonstrationis
1990 2326 2201 2374 continuae,
2218 2327 2313 2364 idest
2331 2341 2409 2365 non
2420 2330 2440 2350 ²¹²

1385 2382 1579 2419 distinctae
1596 2382 1615 2403 '¹‘
1629 2393 1698 2429 per
1714 2380 1881 2417 diversas
1895 2378 2190 2427 propositiones;
2211 2381 2443 2429 accipiuntur

1384 2445 1513 2473 tamen
1541 2435 1717 2472 continue
1746 2445 1880 2470 omnes
1917 2432 2065 2469 termini
2101 2433 2440 2472 demonstrationis.

1386 2490 1487 2526 Cum
1524 2496 1652 2526 autem
1689 2487 1821 2524 dicitur
1857 2486 1962 2534 quod
1998 2486 2201 2523 tonitruum
2239 2493 2291 2524 est
2330 2499 2443 2524 sonus

1385 2542 1539 2579 extincti
1565 2542 1663 2591 ignis
1691 2541 1728 2577 in
1757 2540 1926 2586 nubibus,
1948 2538 2176 2586 significatur
2193 2552 2262 2588 per
2281 2540 2441 2577 modum

1386 2595 1625 2633 definitionis.
1662 2593 1739 2630 Sed
1767 2593 1797 2629 si
1816 2592 1986 2629 dicamus
2006 2593 2108 2639 quod
2125 2594 2144 2614 ²⁸
2169 2593 2371 2629 tonitruum
2391 2599 2445 2630 est

1384 2661 1498 2686 sonus
1517 2648 1537 2669 *
1558 2649 1594 2684 in
1616 2647 1790 2691 nubibus,
1807 2646 1909 2682 nulla
1933 2645 2125 2681 mentione
2146 2645 2241 2682 facta
2261 2646 2307 2682 de
2329 2646 2442 2683 extin-

1385 2702 1509 2739 ctione
1537 2701 1642 2748 ignis,
1673 2700 1741 2736 erit
1769 2698 1936 2737 definitio
1962 2699 2174 2746 significans
2203 2699 2294 2748 quid
2323 2707 2388 2747 est,
2407 2706 2442 2736 et

1386 2755 1454 2793 erit
1481 2756 1605 2792 solum
1634 2752 1965 2791 demonstrationis
1994 2751 2197 2788 conclusio.

1445 2821 1502 2846 10.
1532 2808 1680 2845 Deinde
1715 2819 1802 2844 cum
1836 2806 1942 2843 dicit:
1979 2805 2287 2842 Immediatorum
2316 2810 2440 2841 autem

1385 2863 1547 2910 definitio
1565 2870 1646 2908 etc.,
1669 2861 1804 2908 colligit
1824 2872 1868 2896 ex
1883 2858 2097 2908 praemissis
2119 2865 2212 2906 quot
2230 2865 2315 2894 sunt
2335 2857 2440 2894 modi

1387 2915 1650 2953 definitionum
1678 2927 1746 2963 per
1765 2921 1976 2962 respectum
1997 2912 2044 2949 ad
2065 2911 2437 2948 demonstrationem.

1386 2971 1435 3006 Et
1451 2969 1589 3018 primo,
1607 2968 1761 3005 resumit
1779 2966 1974 3015 quoddam
1994 2965 2099 3014 quod
2118 2977 2231 3013 supra
2246 2965 2266 2985 *
2286 2964 2438 3009 dixerat,

316 3117 342 3150 ζ)
365 3118 400 3142 Ut
417 3117 489 3150 quod
507 3116 571 3149 quid
589 3119 628 3141 est
647 3115 830 3146 etc.—-Codd.,
846 3123 899 3140 exc.
914 3115 947 3145 Oy
962 3111 990 3139 et
1006 3115 1083 3140 editio
1101 3122 1154 3139 α.-
1169 3115 1188 3138 Ρ
1209 3115 1280 3146 ponit
1299 3117 1328 3138 ut

263 3158 322 3179 ante
341 3153 471 3182 medium;
490 3157 515 3176 et
533 3151 650 3176 similiter
668 3151 707 3175 O:
730 3150 777 3175 sed
796 3150 881 3183 magis
899 3150 970 3182 quod
988 3150 1053 3182 quid
1075 3153 1114 3174 est
1131 3150 1280 3181 accipiatur
1299 3151 1328 3172 ut

264 3189 378 3214 medium
398 3186 669 3212 demonstrationis.—
683 3186 716 3210 Et
740 3186 806 3210 iuxta
831 3193 939 3210 sensum
964 3186 1038 3210 codd.
1058 3185 1119 3217 legit
1142 3185 1294 3209 Dominicus
1313 3191 1327 3207 a

262 3224 382 3249 Flandria
401 3223 426 3247 in
445 3223 464 3247 11
484 3223 597 3250 Foster„
617 3229 661 3253 qu.
679 3228 733 3251 vin,
753 3221 822 3245 artic.
835 3228 852 3245 1.
868 3221 1006 3252 Exponens
1025 3220 1095 3244 enim
1114 3227 1173 3243 cum
1193 3227 1214 3243 s.
1225 3219 1328 3242 Thoma

262 3259 441 3288 Aristotelem,
460 3257 508 3282 ait:
529 3267 541 3279 ‹
554 3257 643 3281 Potest
660 3261 747 3280 tamen
765 3256 851 3288 ipsum
870 3256 941 3287 quod
960 3255 1023 3287 quid
1042 3260 1081 3279 est
1099 3254 1125 3278 in
1143 3254 1198 3284 his,
1217 3254 1283 3278 sicut
1301 3253 1327 3277 in

266 3305 278 3317 »
295 3294 344 3319 illis
360 3301 472 3326 quorum
487 3300 540 3317 non
550 3296 590 3316 est
602 3292 680 3316 altera
693 3299 778 3321 causa,
792 3298 839 3322 per
856 3290 1101 3315 demonstrationem
1115 3289 1201 3320 accipi,
1212 3288 1245 3312 ita
1255 3288 1326 3320 quod

266 3341 278 3353 ›
294 3329 408 3354 medium
423 3327 648 3352 demonstrationis
662 3331 691 3351 ut
705 3326 775 3358 quod
790 3325 852 3358 quid
867 3330 907 3349 est
920 3326 1064 3358 accipiatur.
1075 3325 1102 3348 In
1111 3324 1151 3348 his
1162 3329 1247 3348 tamen
1261 3331 1325 3355 quo-

266 3376 279 3388 »
294 3373 351 3389 rum
367 3369 407 3388 est
416 3364 495 3388 altera
509 3370 594 3392 causa,
607 3369 689 3386 unum
699 3361 770 3393 quod
785 3361 847 3393 quid
861 3365 902 3384 est
911 3365 996 3393 potest
1006 3359 1175 3384 demonstrari
1190 3366 1235 3390 per
1249 3358 1324 3388 aliud,

266 3411 279 3423 ›
295 3405 324 3424 ut
338 3399 434 3424 dictum
449 3403 500 3423 est:
520 3398 591 3430 quod
606 3405 658 3421 non
672 3396 762 3421 accidit
776 3396 802 3420 in
816 3396 856 3420 his
871 3403 982 3428 quorum
996 3403 1047 3419 non
1063 3400 1102 3418 est
1120 3394 1198 3418 altera
1217 3401 1301 3417 causa.
1311 3403 1323 3415 »

264 3436 337 3460 Mens
357 3443 378 3459 s.
393 3434 511 3458 Thomae
530 3433 582 3465 (Et
600 3432 669 3457 sicut
688 3432 733 3456 illa
752 3430 812 3462 etc.)
832 3431 858 3455 in
876 3430 916 3454 his
935 3429 1101 3454 Flandrensis
1121 3429 1207 3453 verbis
1227 3428 1326 3460 perspi-

264 3479 312 3495 cue
331 3470 445 3494 traditur.
465 3469 541 3498 Quod
556 3468 614 3492 ideo
633 3467 698 3497 dico,
713 3466 773 3499 quia
792 3466 906 3490 nonnihil
921 3466 1011 3489 deesse
1026 3465 1050 3488 in
1065 3469 1154 3488 nostro
1173 3471 1194 3488 s.
1208 3463 1327 3487 'rhomae

265 3511 334 3531 textu
354 3506 484 3537 suspicor;
498 3503 545 3528 sed
558 3510 643 3535 neque
662 3502 687 3526 in
706 3502 780 3526 codd.
796 3509 880 3533 neque
899 3501 925 3524 in
944 3500 1002 3524 edd.
1016 3500 1090 3529 Ven.‚
1110 3506 1195 3531 neque
1215 3498 1326 3530 denique

264 3542 290 3566 in
305 3541 362 3566 edd.
373 3541 496 3571 Antuerp.
507 3544 533 3564 et
544 3539 623 3563 Paris.
634 3537 729 3570 aliquid
744 3536 825 3569 reperi
841 3536 872 3560 ad
888 3535 1007 3560 eumdem
1021 3539 1119 3559 textum
1139 3533 1326 3558 elucidandum.

317 3575 344 3610 η)
365 3576 396 3600 Si
413 3578 501 3600 autem
522 3581 573 3598 non
589 3576 680 3605 posset
702 3572 794 3597 haberi
818 3571 1029 3596 ete-Addimus
1048 3569 1197 3601 particulam
1222 3575 1273 3593 non
1298 3576 1328 3592 ex

265 3612 349 3643 codd„
364 3619 417 3636 uno
436 3611 457 3635 E
477 3614 592 3643 excepto.
607 3609 673 3634 Nam
691 3608 766 3632 lectio
784 3607 812 3638 P,
830 3607 854 3632 si
871 3610 960 3631 autem
981 3608 1080 3637 posset,
1101 3609 1140 3629 est
1163 3611 1284 3634 erronea,
1304 3609 1329 3628 et

1381 3112 1515 3137 manifeste
1529 3119 1677 3144 repugnans
1689 3115 1744 3134 tum
1758 3110 1918 3134 immediatae
1933 3107 2044 3138 illationi,
2059 3106 2216 3138 impossibile
2229 3109 2296 3131 esset
2310 3110 2365 3136 etc.,
2384 3110 2440 3130 tum

1381 3148 1480 3172 additae
1495 3147 1593 3177 rationi,
1606 3147 1668 3178 quia
1683 3145 1840 3177 impossibile
1852 3147 1892 3169 est
1906 3149 1961 3173 etc.,
1976 3148 2031 3167 tum
2042 3143 2152 3174 denique
2162 3141 2191 3165 iis
2205 3149 2270 3173 quae
2280 3141 2343 3165 infra
2353 3141 2439 3165 dicun-

1380 3188 1422 3207 tur
1436 3182 1591 3214 (Invem'tur
1603 3185 1691 3205 autem
1705 3181 1795 3212 aliqua
1809 3180 1864 3204 alia
1878 3179 1948 3203 ratio
1961 3178 2045 3209 etc.)-
2054 3177 2092 3201 Cf.
2103 3177 2179 3201 etiam
2194 3184 2259 3208 quae
2274 3184 2287 3200 a
2302 3184 2323 3200 s.
2338 3176 2440 3201 Thoma

1380 3217 1546 3242 determinata
1565 3221 1625 3240 sunt
1643 3224 1668 3239 n.
1684 3214 1697 3239 5
1719 3220 1744 3239 et
1762 3222 1836 3246 seqq.
1852 3213 1967 3238 lectionis
1982 3213 2164 3245 praecedentis,
2179 3212 2210 3236 ad
2234 3219 2311 3243 quarn
2330 3211 2440 3243 ipsemet

1380 3261 1402 3277 s.
1416 3253 1514 3276 Doctor
1527 3251 1590 3275 infra
1609 3251 1634 3274 in
1653 3250 1702 3274 hoc
1714 3250 1771 3282 ipso
1786 3257 1857 3273 num.
1873 3256 1931 3273 sese
1946 3248 2056 3272 remittit.
2072 3247 2134 3271 ltem
2154 3247 2184 3271 cf.
2198 3246 2324 3270 Dominic.
2337 3254 2351 3270 a
2363 3246 2439 3270 Flan-

1381 3287 1434 3312 dria
1453 3287 1510 3311 loco
1529 3294 1600 3318 prox.
1620 3285 1669 3314 cit„
1689 3286 1758 3309 artic.
1773 3284 1934 3308 11.-FGH1:
1950 3290 2000 3307 non
2016 3282 2138 3314 170ςεί12-
2151 3282 2258 3313 Insuper
2277 3289 2335 3305 cum
2355 3282 2437 3311 codd„

1382 3330 1434 3347 exc.
1446 3322 1507 3351 OQ,
1529 3321 1640 3353 legimus
1656 3320 1746 3351 aliqua
1761 3319 1815 3343 alia
1834 3319 1919 3346 ratim
1939 3318 1985 3347 PQ
1997 3326 2049 3341 om.
2060 3317 2130 3346 alias
2149 3317 2172 3341 O
2189 3324 2242 3341 om.
2257 3316 2356 3348 aliqua.
2367 3329 2387 3335 -
2400 3317 2438 3340 H:

1381 3357 1499 3390 definitio
1519 3356 1639 3380 indicans
1657 3354 1722 3386 quid
1739 3357 1786 3383 est,
1803 3353 1959 3385 impossibile
1978 3358 2025 3377 etc.

1434 3390 1458 3424 θ)
1479 3391 1543 3415 Sola
1561 3390 1744 3415 coniunctione
1762 3394 1836 3413 etc.·-
1847 3389 1935 3417 Codd„
1951 3395 2005 3412 exc.
2022 3387 2079 3411 CD:
2094 3387 2178 3411 solum
2192 3386 2375 3411 coniunctione
2381 3393 2390 3414 ;
2404 3390 2438 3416 et,

1381 3435 1435 3452 exc.
1453 3426 1527 3456 QST,
1541 3434 1594 3450 om.
1607 3433 1663 3457 seq.
1676 3425 1791 3449 etiam.-
1802 3423 1838 3453 Q:
1850 3430 1901 3455 per
1919 3430 1993 3455 quem
2013 3422 2118 3446 modum
2138 3421 2215 3446 habet
2237 3421 2316 3446 etiam
2337 3421 2408 3445 Ilias.
2422 3435 2440 3439 -

1382 3463 1420 3486 De
1439 3460 1657 3486 enunciationibus
1670 3467 1736 3492 quae
1755 3464 1814 3483 sunt
1826 3459 1866 3482 vel
1881 3457 2029 3490 simpliciter
2043 3464 2107 3481 unae
2121 3457 2161 3480 vel
2181 3457 2236 3480 sola
2250 3456 2438 3486 coniunctione,

1382 3498 1414 3522 cf.
1429 3504 1496 3529 quae
1509 3504 1523 3520 a
1536 3504 1557 3520 s.
1572 3495 1674 3519 Thoma
1689 3495 1753 3519 dicta
1767 3498 1827 3518 sunt
1841 3494 1850 3517 I
1865 3493 2016 3521 Periherm„
2032 3492 2088 3516 lect.
2098 3499 2150 3521 vm,
2162 3500 2187 3516 n.
2199 3499 2222 3521 2,
2233 3496 2258 3515 et
2267 3499 2292 3515 n.
2307 3491 2345 3521 13,
2364 3498 2439 3523 seqq.

1435 3532 1453 3564 ι)
1478 3531 1621 3563 Utrumque
1639 3533 1726 3554 autem
1746 3529 1848 3553 horum.
1866 3541 1885 3547 -
1905 3528 2048 3559 Utrumque
2067 3527 2160 3551 habent
2183 3526 2273 3556 codd.,
2294 3534 2346 3551 exc.
2360 3526 2394 3555 C,
2414 3531 2439 3550 et

1382 3572 1458 3591 recte.
1477 3566 1509 3590 P:
1530 3569 1627 3590 utrum.
1641 3578 1660 3585 ·-
1677 3565 1721 3589 ΒΚ
1740 3572 1792 3588 om.
1816 3567 1904 3588 autem
1911 3571 1920 3594 ,·
1939 3563 2012 3587 cuius
2031 3563 2088 3587 loco
2113 3562 2137 3592 Q
2154 3562 2225 3594 ponit
2249 3561 2327 3586 enim.
2342 3562 2440 3586 -Item

1382 3603 1406 3627 Ο
1425 3610 1478 3627 om.
1492 3601 1600 3629 horum:
1615 3601 1639 3625 1:
1654 3601 1764 3625 istorum
1771 3606 1781 3629 ;
1795 3599 1826 3623 S:
1839 3599 1896 3624 hoc.

2465 425 2475 434 ·
2488 430 2509 446 n
2523 431 2571 447 om.
2585 425 2657 452 quod.

2490 959 2548 978 etQ:
2571 953 2639 974 talis:
2658 960 2675 974 o

2462 986 2510 1001 om.

2461 1008 2482 1017 '¹'
2497 1013 2524 1027 a:
2546 1006 2677 1034 definiens,-

2461 1039 2506 1055 ΑΒΝ
2520 1039 2569 1054 om.

2465 1330 2476 1341 ⁸
2486 1329 2555 1356 Quod
2570 1329 2627 1357 quid
2639 1331 2676 1350 est

2466 1362 2513 1377 om.
2529 1362 2550 1377 ι..

2464 1387 2474 1397 “
2489 1385 2521 1407 Et
2533 1391 2640 1407 ommno.

2465 1438 2477 1450 '¹
2492 1438 2528 1459 Cf.
2537 1438 2576 1459 lib.
2587 1438 2609 1465 1,
2624 1438 2674 1459 lect.

2466 1470 2512 1491 xvi,
2527 1470 2550 1485 n.
2560 1471 2583 1491 4.

2467 1760 2476 1769 '¹
2491 1758 2560 1780 Num.
2576 1763 2624 1785 seq.

2468 2025 2539 2046 “Hoc
2549 2024 2679 2050 om.codd.,

2469 2058 2519 2073 exc.
2535 2058 2553 2072 s.
2569 2058 2599 2072 m.
2616 2058 2642 2077 υς
2664 2058 2680 2072 κ

2469 2085 2489 2100 s.
2500 2084 2539 2099 m.:
2550 2078 2582 2099 ia.

2468 2127 2479 2138 ⁸
2498 2126 2543 2147 Est
2561 2133 2588 2147 ex
2602 2126 2678 2153 codd..

2470 2159 2519 2174 exc.
2529 2159 2552 2174 o.

2571 2190 2578 2205 t

2467 2338 2479 2350 ⁴¹
2491 2344 2522 2359 AN
2537 2343 2611 2359 erton.
2632 2343 2679 2359 om.

2467 2370 2524 2386 non.

2468 2395 2480 2406 ⁸
2494 2401 2508 2415 τ
2523 2400 2611 2415 erron.:
2633 2399 2680 2415 non

2468 2420 2626 2442 indistinctae.

2468 2604 2480 2615 ⁸
2494 2610 2514 2625 ri
2529 2610 2576 2626 om.
2584 2603 2653 2632 quod.

2468 2657 2480 2668 ¹*
2493 2663 2512 2678 1:
2527 2663 2580 2678 esse
2588 2662 2679 2678 sonum.

2466 2966 2485 2980 ⁸*
2490 2970 2560 2992 Num.
2570 2977 2586 2993 1.
