2788 4204
73 1102 86 1115 ⁸
99 1101 170 1126 Num.
184 1108 205 1130 3.

72 1215 86 1227 *
98 1221 126 1238 x:
143 1217 180 1238 ent
192 1215 258 1237 talis.

70 1267 86 1279 ⁴
92 1267 155 1290 [Λα.
164 1273 254 1295 praee.-
263 1273 284 1289 r:

70 1299 148 1322 m
161 1295 250 1316 oureus.

1134 267 1246 304 CAP.
1276 268 1364 315 XII,
1395 268 1545 305 LECT.
1575 270 1682 306 XXII

315 356 438 376 numero
459 353 487 374 et
502 346 531 375 in
546 346 732 383 sequentibus
745 345 844 373 tertiae
859 342 1034 381 quaestioni.
1043 362 1062 366 -
1071 346 1103 372 In
1120 344 1244 373 scientiis
1258 346 1379 373 demon-

315 387 440 415 strativis
468 396 529 414 non
555 393 597 414 est
622 385 833 423 paralogismus
861 384 890 412 in
912 385 1053 413 dictione.-
1080 386 1220 421 probatur
1246 386 1378 421 exemplo

315 426 450 455 dictionis
473 426 656 463 aequivocae.
678 441 698 447 -
718 426 745 453 6.
770 424 964 452 Praemittitur
987 425 1067 461 quod
1096 424 1126 452 in
1149 424 1379 452 demonstrativis

314 475 376 494 non
397 472 492 503 potest
519 465 580 494 fieri
606 465 741 493 instantia
761 464 816 492 nisi
836 463 1013 492 universalis.
1035 481 1055 485 -
1076 473 1103 500 7.
1125 465 1156 491 In
1178 464 1302 492 scientiis
1330 465 1379 492 de-

315 505 511 534 monstrativis
535 514 595 533 non
622 510 718 541 potest
744 503 805 532 fieri
833 503 1042 540 paralogismus
1070 510 1148 532 extra
1175 504 1338 532 dictionem.
1359 519 1381 526 -

315 546 343 573 8.
359 545 571 582 Paralogismus
593 544 752 572 secundum
774 543 914 572 fallaciam
935 543 1146 580 consequentis.
1159 560 1178 564 —
1193 553 1220 580 9.
1236 544 1267 571 In
1289 543 1379 572 scien-

314 585 361 613 tiis
376 584 607 613 demonstrativis
621 593 682 612 non
696 583 800 612 accidit
814 583 945 620 deceptio
961 592 994 611 ex
1009 584 1062 611 hac
1077 583 1195 611 fallacia.
1208 600 1227 604 —
1245 593 1288 611 ιο.
1309 585 1379 611 Pro-

315 626 400 653 batur
419 624 559 661 imprimis
581 633 615 652 ex
642 633 678 652 eo
700 624 780 660 quod
807 623 837 651 in
863 622 1094 651 demonstrativis
1120 622 1243 651 scientiis
1271 623 1379 660 impos-

456 838 469 850 *
522 834 532 849 ³
550 870 560 880 s
576 832 855 879 terrogationes,
879 832 1147 880 responsiones
1166 839 1200 867 et
1216 831 1380 880 disputa-

378 910 400 916 .-
459 875 468 920 '.
576 885 716 930 tiones3
745 885 807 921 hic
840 884 1003 921 ostendit
1027 885 1132 933 quod
1151 885 1190 921 in
1214 884 1381 933 qualibet

314 937 468 973 scientia
497 945 583 973 sunt
609 938 783 987 propriae
813 937 1055 986 deceptiones
1080 945 1116 973 et
1134 937 1379 985 ignorantiae.

314 991 364 1027 Et
383 989 561 1028 dividitur
578 990 617 1027 in
635 999 760 1040 partes
779 992 890 1038 duas:
911 991 949 1027 in
968 990 1102 1039 prima,
1119 997 1251 1027 movet
1269 1002 1380 1038 quas-

315 1044 405 1080 dam
425 1043 682 1091 quaestiones3
712 1044 750 1080 in
779 1044 963 1090 secunda,
985 1043 1112 1088 solvit;
1141 1042 1212 1079 ibi:
1243 1044 1380 1079 Secun-

315 1097 404 1133 dum
427 1097 676 1144 geometriam
699 1108 790 1134 vero
808 1097 828 1118 *
856 1104 924 1133 etc.

370 1161 406 1186 2.
436 1148 548 1184 Ponit
573 1161 660 1196 ergo
684 1148 809 1198 primo
833 1155 907 1185 tres
931 1147 1188 1196 quaestiones,
1218 1159 1379 1196 quarum

314 1201 438 1250 prima
467 1207 522 1236 cst
540 1201 570 1237 *.
602 1201 703 1243 Cum
741 1201 814 1238 sint
841 1201 1033 1250 quaedam
1070 1200 1380 1247 interrogationes

314 1253 578 1302 geometricae,
594 1260 635 1290 ut
654 1262 852 1291 ostensum
872 1261 927 1290 est
939 1254 971 1299 ²¹³,
1001 1264 1131 1289 nonne
1160 1259 1247 1289 sunt
1267 1252 1380 1289 etiam

314 1307 506 1356 quaedam
525 1318 605 1343 non
625 1305 908 1354 geometricae?
932 1306 982 1342 Et
1000 1306 1105 1354 quod
1124 1307 1315 1353 quaeritur
1334 1306 1380 1342 de

313 1359 522 1409 geometria
534 1365 565 1406 α,
581 1367 705 1408 potest
720 1361 767 1398 de
786 1359 953 1409 qualibet
972 1358 1043 1395 alia
1063 1358 1218 1395 scientia
1237 1358 1378 1407 quaeri.

313 1434 339 1442 -
351 1413 570 1450 Secundam
589 1413 853 1462 quaestionem
873 1412 996 1461 ponit3
1017 1411 1085 1448 ibi:
1110 1413 1162 1448 Et
1177 1412 1380 1448 secundum

315 1477 622 1514 unamquamque
651 1473 742 1513 etc.,
772 1478 871 1515 quae
900 1465 981 1502 talis
1012 1471 1077 1501 est.
1107 1465 1244 1501 Utrum
1267 1466 1380 1501 inter-

276 1543 280 1545 -
313 1519 530 1568 rogationes
549 1531 647 1568 quae
663 1526 750 1556 sunt
769 1519 983 1556 secundum
1002 1518 1266 1565 ignorantiam,
1282 1530 1380 1566 quae

314 1580 371 1610 est
402 1572 441 1610 in
467 1584 698 1621 unaquaque
731 1572 905 1618 scientia,
943 1572 1090 1620 possint
1123 1570 1198 1607 dici
1229 1583 1382 1618 geome-

312 1626 447 1672 tricae,
484 1633 519 1662 et
547 1625 717 1662 similiter
742 1625 852 1662 alicui
881 1625 942 1661 alii
974 1623 1150 1662 scientiae
1178 1623 1382 1673 propriae?

314 1679 502 1716 Dicuntur
534 1685 662 1715 autem
695 1677 1006 1726 interrogationes
1035 1676 1247 1714 secundum
1275 1677 1381 1725 igno-

315 1731 474 1769 rantiam
495 1731 652 1768 alicuius
671 1731 861 1778 scientiae,
883 1731 1038 1780 quando
1058 1731 1307 1778 interrogatur
1334 1731 1381 1767 de

313 1785 384 1832 his,
401 1797 500 1834 quae
529 1791 616 1822 sunt
633 1783 651 1813 Ρ
672 1791 802 1821 contra
819 1784 1018 1822 veritatem
1047 1783 1225 1820 scientiae
1245 1783 1380 1820 illius.-

315 1838 485 1875 Tertiam
504 1838 769 1886 quaestionem
787 1837 915 1886 ponit3
940 1837 1013 1874 ibi:
1041 1838 1092 1873 Et
1109 1842 1234 1873 utrum
1252 1848 1381 1872 secun-

314 1891 404 1928 dum
434 1890 691 1940 ignorantiam
720 1897 802 1937 etc„
833 1902 931 1939 quae
951 1890 1032 1926 talis
1052 1896 1118 1926 est.
1146 1890 1188 1926 In
1211 1901 1382 1938 unaqua-

314 1955 390 1993 que
418 1943 576 1992 quidem
595 1943 750 1980 scientia
770 1943 905 1980 accidit
923 1948 938 1970 ⁷
967 1942 1091 1991 decipi
1118 1955 1187 1991 per
1214 1942 1381 1991 aliquem

314 1997 591 2045 syllogismum,
607 2009 724 2046 quem
743 2003 858 2033 vocat
881 1997 1093 2034 secundum
1117 1995 1380 2043 ignorantiam.

315 2049 509 2098 Contingit
536 2057 664 2086 autem
692 2062 761 2098 per
788 2049 954 2098 aliquem
983 2048 1244 2098 syllogismum
1273 2049 1382 2086 dece-

313 2102 487 2152 ptionem
520 2102 691 2140 accidere
725 2103 921 2152 dupliciter
948 2100 982 2139 ⁸:
1011 2115 1091 2140 uno
1121 2102 1259 2149 modo,
1293 2101 1383 2150 quia

366 2270 396 2303 α)
416 2270 453 2295 H
466 2270 538 2302 quod
551 2270 691 2302 quaeritur
709 2270 742 2295 de
755 2270 1022 2303 geometria—Hanc
1037 2270 1175 2295 lectionem
1190 2269 1264 2294 codd.
1279 2274 1381 2302 praetu—

312 2305 391 2330 limus
409 2305 503 2330 Pianae
522 2310 548 2330 et
566 2306 640 2330 codd.
659 2305 694 2330 GI
713 2306 758 2336 (et
775 2306 847 2338 quod
860 2306 894 2330 de
905 2306 1054 2339 geometria
1066 2305 1181 2337 dicitur)
1187 2313 1196 2335 ,·
1215 2306 1275 2337 quia
1294 2305 1380 2337 requi-

312 2340 376 2366 ritur
394 2341 426 2365 ab
446 2341 593 2366 immediate
614 2341 821 2373 sequentibus.—-
834 2341 968 2366 Praeterea
987 2341 1089 2365 codices
1110 2340 1174 2373 (exc.
1189 2338 1272 2372 ΑΜΕ)
1293 2340 1380 2372 sequi-

312 2383 374 2401 mur
391 2376 515 2409 legendo:
531 2378 621 2408 potest
642 2376 692 2405 Δκίε-Ἴ
710 2382 736 2401 et
754 2376 819 2408 (exc.
833 2376 868 2409 R)
887 2376 920 2401 de
937 2376 1054 2409 qualibet
1070 2376 1126 2401 alia
1131 2384 1141 2407 ;
1162 2376 1269 2400 PAMR:
1289 2378 1381 2407 potest

311 2411 394 2436 etiam
413 2412 485 2442 de...;
504 2411 549 2436 PR
567 2412 688 2436 omittunt
706 2412 770 2436 alia.

312 2462 315 2466 >
367 2445 393 2479 β)
415 2447 530 2477 Quando
549 2447 734 2479 interrogatur
752 2447 786 2471 de
803 2447 858 2476 his,
877 2454 945 2479 quae
963 2450 1026 2472 sunt
1044 2451 1121 2471 etc.-
1134 2447 1182 2472 Est
1200 2446 1276 2471 lectio
1295 2446 1379 2475 codd„

312 2489 367 2507 exc.
381 2482 438 2507 GK.
447 2482 510 2506 -Ρι
528 2482 635 2514 quando
654 2482 687 2506 de
701 2482 742 2507 his
756 2482 941 2515 interrogatur
960 2487 1016 2513 etc.;
1030 2482 1054 2507 G
1069 2482 1143 2514 legit:
1162 2481 1270 2514 quando
1284 2481 1317 2506 de
1331 2481 1379 2512 his,

311 2524 380 2550 quae
393 2520 456 2542 sunt
469 2518 542 2543 circa
553 2517 685 2550 (corrupte
698 2525 746 2549 pro
758 2518 865 2550 contra)
876 2517 1014 2542 ueritatem
1029 2517 1108 2547 illius,
1123 2517 1269 2549 quaeritur.
1279 2530 1298 2536 -
1307 2517 1380 2541 Unus

312 2553 371 2578 ood-
385 2553 423 2577 K:
442 2553 550 2586 quando
565 2552 751 2586 interrogatur
760 2553 793 2578 de
803 2553 932 2585 oppositis
947 2553 1039 2585 (marg.
1049 2553 1107 2577 add.
1118 2553 1196 2585 idest)
1211 2552 1244 2577 de
1253 2552 1302 2582 Ῑιίς,
1313 2559 1381 2584 quae

311 2590 375 2614 sunt
393 2593 442 2612 etc.

365 2623 392 2657 γ)
408 2623 437 2648 In
453 2630 611 2656 unaquaque
623 2623 728 2655 quidem
740 2623 851 2648 scientia
861 2628 929 2648 etc.—
935 2623 972 2648 Ita
986 2623 1097 2654 codices,
1107 2630 1160 2648 exc.
1175 2623 1218 2654 Gt,
1228 2622 1273 2656 qui
1286 2631 1345 2647 cum
1360 2623 1380 2647 P

311 2658 416 2691 legunt:
436 2659 490 2683 in...
509 2659 640 2692 contingit
660 2659 753 2690 decipi.
766 2672 786 2679 —
799 2659 934 2683 Praeterea
951 2658 1093 2683 PHKLNR
1106 2666 1160 2683 om.
1179 2658 1299 2690 quadem,-
1313 2658 1380 2683 CDE

312 2693 368 2724 QS:
387 2693 499 2719 scientia
519 2694 633 2726 quidem.
646 2709 666 2714 -
678 2694 798 2727 Denique
817 2694 841 2719 G
855 2694 935 2719 infra:
954 2701 1030 2726 quem
1045 2697 1123 2719 vocat
1141 2694 1326 2727 syllogismum
1340 2700 1380 2719 se-

311 2729 428 2755 cundum
447 2729 639 2762 ignorantiam.

366 2763 391 2796 ὃ)
414 2765 553 2798 Contingit
571 2768 659 2790 autem
674 2772 727 2797 per
745 2765 859 2797 aliquem
879 2765 1038 2790 etc.-Unus
1057 2764 1081 2789 G
1099 2770 1187 2789 contra
1200 2764 1221 2788 P
1236 2769 1262 2789 et
1280 2769 1380 2789 ceteros

312 2799 416 2824 codices
435 2799 509 2832 legit:
527 2801 650 2825 convenit
672 2804 761 2825 autem
785 2800 970 2834 syllogismum
989 2807 1042 2832 per
1059 2800 1177 2832 aliquam
1201 2799 1380 2832 deceptionem

312 2833 434 2859 accidere
448 2835 597 2867 dupliciter.
617 2835 690 2866 Quae
704 2841 744 2860 est
758 2836 834 2861 lectio
848 2843 901 2860 non
916 2835 1075 2860 sustinenda.
1088 2835 1216 2860 Accidere
1230 2840 1317 2860 autem
1335 2835 1381 2859 ha-

313 2869 376 2894 bent
394 2869 471 2894 etiam
489 2871 565 2895 codd.
579 2870 635 2902 alii,
649 2879 703 2896 exc.
717 2871 739 2900 1,
760 2872 805 2904 qui
824 2879 884 2896 cum
898 2871 918 2895 Ρ
934 2871 995 2904 legit
1012 2870 1165 2902 πεῖρεν-ε.-
1178 2870 1269 2902 Codd.,
1283 2878 1337 2895 exc.
1348 2871 1380 2901 G,

313 2909 522 2936 prosequuntur:
541 2913 594 2931 uno
614 2906 707 2935 modo;
720 2906 778 2931 PG:
798 2914 851 2931 uno
865 2906 970 2938 quidem
985 2906 1072 2931 modo.
1085 2919 1105 2925 -·
1117 2906 1199 2939 Magis
1214 2910 1301 2931 autern
1320 2911 1381 2930 sunt

314 2939 443 2964 notandae
455 2941 583 2965 variantes
598 2941 730 2972 lectiones,
740 2949 808 2974 quae
823 2947 975 2974 sequuntur.
990 2941 1079 2966 Lectio
1094 2948 1108 2965 a
1122 2941 1197 2965 nobis
1208 2942 1326 2973 adoptata
1341 2946 1382 2966 est

313 2974 400 3004 codd„
414 2975 503 3006 paucis
516 2976 642 3008 exceptis,
662 2984 730 3008 quae
745 2982 877 3007 notantur;
897 2977 1007 3001 scilicet:
1027 2977 1101 3001 Unus
1116 2976 1137 3001 C
1151 2977 1234 3001 semel
1248 2982 1273 3001 et
1287 2977 1381 3001 iterum

314 3016 363 3041 pro
381 3009 444 3042 quia
458 3013 561 3041 peccat,
580 3010 657 3035 habet
675 3011 746 3043 quod
760 3015 870 3043 peccat5
888 3012 922 3036 B:
942 3011 1059 3036 debitum
1078 3012 1185 3036 modum
1204 3015 1231 3036 et
1242 3013 1382 3045 sormam;

315 3044 353 3069 H:
372 3051 424 3069 non
443 3045 576 3070 seruando
595 3046 711 3071 debitam
722 3047 845 3080 sormam
863 3047 1073 3080 syllogisticam,
1092 3047 1192 3071 scilicet
1216 3047 1331 3072 debitam
1343 3047 1381 3079 fi-

314 3086 412 3112 guram
426 3082 453 3104 et
466 3080 573 3105 modum
581 3088 590 3109 ,·
604 3081 639 3105 N:
654 3088 706 3106 non
720 3082 853 3107 servando
867 3082 982 3106 debitum
998 3082 1105 3106 modum
1112 3082 1278 3115 figurarum.
1293 3082 1381 3106 Lectio

314 3114 411 3139 codicis
426 3115 451 3139 H
462 3115 545 3148 magis
559 3116 672 3141 dilucida'
682 3121 730 3147 est,
744 3117 791 3141 sed
805 3125 858 3142 non
872 3121 957 3149 potest
971 3117 1086 3149 adoptari
1101 3122 1190 3141 contra
1205 3118 1380 3142 auctoritatem

314 3149 426 3174 aliorum
436 3150 562 3175 codicum.
571 3163 591 3170 ·-
603 3151 648 3176 PG
656 3152 747 3176 ordine
762 3151 866 3176 inverso
881 3152 982 3184 legunt:
997 3159 1050 3177 uno
1060 3152 1166 3184 quidem
1181 3153 1259 3177 modo
1274 3152 1381 3184 quando

316 3184 369 3216 (G:
388 3185 468 3218 quia)
483 3189 579 3217 peccat
597 3186 623 3211 in
636 3187 739 3219 forma,
759 3194 811 3212 non
830 3187 963 3212 servando
977 3187 1092 3212 debitam
1104 3189 1227 3220 sormam
1243 3187 1253 3219 (
1258 3188 1295 3212 G:
1308 3188 1381 3220 sigu-

315 3220 391 3252 ram)
410 3220 561 3253 syllogismi
579 3221 619 3253 (G
637 3229 690 3246 om.
708 3222 817 3255 syllog.)
836 3225 863 3247 et
878 3222 1000 3251 modim,-
1017 3223 1071 3247 alio
1091 3222 1181 3252 modo,
1201 3222 1308 3254 quando
1328 3222 1381 3254 (G:

315 3255 394 3288 quia)
410 3258 504 3287 peccat
523 3256 549 3280 in
569 3256 695 3286 materia,
715 3257 864 3288 procedens
882 3264 920 3282 ex
937 3257 1029 3290 falsis.
1048 3257 1122 3287 Quae
1141 3257 1252 3282 inversio
1271 3265 1323 3281 non
1342 3262 1383 3281 est

316 3291 460 3315 secundum
475 3290 594 3315 ordinem
609 3299 709 3322 eorum,
721 3299 790 3324 quae
804 3292 951 3317 immediate
964 3300 980 3317 a
993 3292 1125 3317 s.Thoma
1137 3293 1272 3316 adduntur.
1282 3292 1382 3316 Deinde

315 3325 399 3350 forma
418 3326 563 3359 syllogismi
577 3331 617 3351 est
635 3327 709 3359 quasi
723 3334 806 3359 genus
821 3327 995 3359 complectens
1008 3332 1064 3352 tum
1078 3326 1189 3359 figuram
1203 3332 1259 3351 tum
1273 3327 1381 3351 modum

316 3360 372 3393 (Cf.
392 3361 450 3386 lect.
464 3369 485 3392 1,
505 3366 558 3386 not.
572 3361 619 3393 η);
639 3366 665 3386 et
682 3362 740 3386 ideo
759 3362 898 3394 improprie
917 3362 1020 3393 dicitur,
1038 3369 1091 3386 non
1110 3362 1243 3387 servando
1259 3363 1381 3395 sormam

316 3396 467 3430 syllogismi
485 3399 511 3421 et
530 3397 650 3426 modum,
675 3397 749 3429 quasi
774 3397 868 3422 modus
893 3397 926 3422 ad
949 3397 1060 3422 formam
1079 3397 1224 3429 syllogismi
1249 3405 1301 3421 non
1324 3404 1382 3429 per-

314 3431 403 3456 tineat.
422 3432 501 3456 Recte
520 3432 635 3456 codices:
655 3439 707 3456 non
726 3432 859 3457 seruando
878 3432 993 3457 debitam
1005 3432 1127 3465 figuram
1146 3435 1172 3456 et
1191 3432 1306 3461 modum,
1326 3439 1381 3462 seu,

316 3471 347 3491 ut
365 3467 389 3491 H
407 3467 480 3499 legit:
500 3474 552 3492 non
575 3467 708 3492 servando
725 3467 840 3492 debitam
852 3468 987 3500 sormam,
1008 3467 1108 3492 scilicet
1126 3467 1241 3492 debitam
1258 3467 1381 3500 figuram

314 3505 343 3527 et
362 3502 482 3530 modum.
503 3502 529 3527 in
548 3510 616 3535 quae
626 3503 723 3535 forma
742 3502 869 3527 dividitur.

370 3537 393 3570 ε)
416 3537 491 3562 Unde
513 3540 540 3562 et
559 3537 585 3562 in
605 3537 623 3562 1
641 3537 798 3569 Topicorum
817 3543 865 3562 etc.
878 3550 898 3557 —0
911 3537 998 3562 Codex
1016 3538 1039 3562 A
1057 3537 1151 3562 omittit
1168 3537 1259 3568 verba,
1278 3537 1325 3569 qui
1343 3540 1383 3562 est

314 3572 496 3606 syllogismus,
516 3576 543 3598 et
555 3573 589 3598 de
603 3576 731 3605 peccante
750 3573 776 3598 in
789 3574 885 3605 forma
890 3580 899 3603 ‚·
918 3573 965 3597 sed
979 3577 1019 3597 est
1032 3573 1165 3603 mendum,
1179 3577 1207 3597 ut
1223 3580 1253 3597 ex
1268 3572 1381 3597 dicendis

315 3607 364 3632 erit
378 3608 552 3633 manifestum.
561 3620 581 3629 --
591 3609 652 3633 Loc.
666 3609 707 3633 cit.
722 3616 752 3634 ex
765 3607 876 3640 Topicis,
889 3607 1042 3633 Aristoteles
1057 3607 1195 3640 praemittit
1208 3606 1382 3632 definitionem

2422 272 2497 308 223

1434 345 1515 374 sibile
1543 353 1585 374 est
1612 346 1772 383 syllogizari
1799 356 1899 375 verum
1927 356 1961 375 ex
1986 346 2077 375 falsis:
2106 356 2140 375 ex
2167 356 2235 375 vero
2263 354 2359 376 autem
2380 348 2498 377 nonnisi

1434 394 1533 413 verum
1551 386 1631 422 sequi
1653 393 1762 422 potest,
1785 386 1846 414 sine
1867 387 1925 414 ulla
1946 386 2122 423 deceptione.
2138 404 2157 408 -
2175 397 2184 414 1
2195 397 2218 415 ι.
2234 387 2344 415 Deinde
2359 389 2498 424 probatur

1434 435 1467 452 ex
1488 434 1524 453 eo
1546 427 1625 462 quod
1647 426 1855 454 demonstratio
1876 426 2006 463 procedit
2020 435 2053 454 ex
2067 426 2101 454 iis
2116 435 2190 463 quae
2204 433 2236 454 ut
2252 427 2408 463 plurimum
2431 434 2497 456 sunt

1434 465 1638 500 convertibilia,
1661 466 1729 502 quia
1749 465 1883 494 scientiae
1904 465 2146 494 demonstrativae
2167 466 2310 502 accipiunt
2330 476 2383 503 pro
2402 467 2496 495 medio

1434 504 1624 533 definitiones.
1647 522 1666 526 —
1695 513 1738 533 12.
1764 505 1864 534 Tertio
1891 507 2030 542 probatur
2057 515 2090 534 ex
2117 515 2152 534 eo
2180 507 2260 542 quod
2287 507 2495 535 demonstratio

1433 545 1563 580 procedit
1583 554 1617 572 ex
1637 545 1783 582 principiis
1811 545 2025 580 determinati53
2055 552 2082 573 et
2110 545 2175 573 ideo
2201 555 2235 574 ex
2263 546 2496 574 conclusionibus

1433 590 1528 620 potest
1555 584 1641 612 rediri
1662 584 1692 612 in
1712 584 1868 621 principia,
1897 585 1969 613 sicut
1992 594 2025 613 ex
2046 585 2237 613 determinato
2265 585 2295 613 in
2323 585 2495 614 determina-

1432 630 1504 652 tum.

1435 732 1567 774 peccat
1586 725 1624 761 in
1644 725 1810 772 materia,
1831 727 2042 774 procedens
2070 739 2114 763 ex
2133 727 2248 773 falsis3
2270 727 2342 764 alio
2363 728 2493 775 modo,

1435 778 1524 826 quia
1560 785 1692 826 peccat
1728 778 1766 814 in
1804 779 1946 825 forma,
1986 791 2064 815 non
2103 781 2290 817 servando
2326 780 2494 817 debitam

1435 831 1598 878 figuram
1629 838 1663 867 et
1691 832 1864 868 modum.
1901 832 1949 867 Et
1978 839 2032 868 est
2060 832 2270 869 differentia
2302 833 2397 869 inter
2423 834 2495 870 hos

1436 884 1575 920 modos
1603 884 1700 920 duos
1718 885 1758 920 *z
1788 882 1877 932 quia
1905 884 1963 920 ille
1997 885 2062 933 qui
2094 893 2225 933 peccat
2253 886 2292 922 in
2325 886 2493 933 materia,

1437 930 1677 983 syllogismus
1706 943 1771 982 est,
1803 948 1890 972 cum
1915 937 2164 974 observentur
2192 939 2322 975 omnia
2335 939 2366 985 *,
2396 951 2493 988 quae

1436 989 1485 1025 ad
1514 989 1677 1025 formam
1706 988 1912 1036 syllogismi
1936 989 2133 1037 pertinent.
2169 992 2231 1027 Ille
2266 999 2393 1028 autem
2429 991 2494 1040 qui

1435 1048 1568 1089 peccat
1586 1041 1625 1077 in
1641 1042 1763 1077 forma
1782 1053 1861 1077 non
1883 1049 1936 1077 est
1955 1043 2192 1090 syllogismus
2207 1045 2238 1090 *,
2260 1045 2327 1081 sed
2346 1046 2491 1093 paralo-

1436 1093 1596 1140 gismus,
1621 1094 1717 1131 idest
1745 1106 1932 1142 apparens
1954 1095 2203 1142 syllogismus.
2235 1098 2277 1133 In
2293 1097 2494 1134 dialecticis

1436 1146 1590 1194 quidem
1607 1154 1768 1194 utroque
1787 1147 1906 1183 modo
1923 1148 2102 1195 contingit
2116 1149 2380 1197 deceptionem
2400 1151 2492 1187 fieri.

1436 1198 1548 1235 Unde
1569 1206 1604 1235 et
1632 1199 1670 1235 in
1696 1200 1710 1234 l
1734 1201 1771 1236 T
1766 1200 1959 1247 opicorum
1984 1201 2003 1219 ⁴‘
2031 1201 2248 1238 Aristoteles
2277 1203 2362 1239 facit
2390 1215 2495 1240 men-

1436 1251 1580 1287 tionem
1610 1251 1657 1288 de
1692 1251 1868 1301 litigioso,
1902 1252 1967 1301 qui
2005 1260 2059 1289 est
2095 1255 2354 1302 syllogismus,
2385 1263 2420 1292 et
2448 1257 2495 1293 de

1436 1312 1618 1353 peccante
1644 1305 1682 1341 in
1702 1305 1840 1352 forma,
1870 1305 1935 1353 qui
1960 1317 2039 1342 non
2061 1314 2115 1342 est
2140 1308 2399 1355 syllogismus,
2429 1309 2496 1346 sed

1437 1369 1626 1406 apparens
1654 1363 1676 1394 ’.
1711 1358 1779 1394 Est
1812 1370 1900 1406 ergo
1939 1359 2130 1408 quaestio,
2165 1367 2295 1397 utrum
2329 1361 2496 1409 syllogis-

1438 1423 1524 1446 mus
1553 1410 1797 1458 ignorantiae,
1819 1411 1884 1460 qui
1911 1411 1953 1448 fit
1980 1411 2019 1448 in
2048 1412 2210 1450 scientiis
2235 1414 2497 1451 demonstrati-

1437 1463 1516 1510 vis,
1546 1464 1592 1500 sit
1619 1464 1859 1512 syllogismus
1888 1476 1931 1500 ex
1961 1465 2144 1513 oppositis
2173 1467 2370 1514 scientiae,
2401 1467 2496 1504 idest

1439 1529 1484 1552 ex
1512 1515 1612 1553 falsis
1640 1518 1867 1565 procedens,
1898 1524 1962 1554 aut
1985 1518 2005 1539 ²⁵
2026 1519 2330 1569 paralogismus,
2361 1520 2499 1557 scilicet

1437 1582 1600 1619 peccans
1624 1569 1663 1606 in
1692 1571 1829 1613 forma:
1859 1571 1924 1619 qui
1951 1583 2031 1608 non
2061 1579 2115 1609 est
2143 1573 2401 1621 syllogismus,
2431 1575 2499 1611 sed.

1438 1635 1636 1672 apparens.

1494 1678 1528 1713 3.
1545 1676 1694 1713 Deinde
1711 1688 1799 1712 cum
1815 1676 1913 1713 dicit:
1929 1677 2141 1715 Secundum
2155 1679 2402 1728 geometriam
2415 1686 2497 1727 etc.,

1438 1729 1550 1766 solvit
1568 1729 1778 1778 praedictas
1797 1730 2053 1778 quaestiones:
2084 1738 2120 1767 et
2137 1732 2274 1780 primo,
2296 1732 2407 1769 solvit
2424 1733 2498 1781 pri—

1438 1795 1561 1828 mam3
1596 1782 1786 1829 secundo,
1822 1783 2056 1829 secundam;
2085 1784 2161 1821 ibi:
2195 1786 2255 1821 De
2290 1786 2498 1835 geometria

1438 1841 1563 1872 autem
1589 1835 1609 1856 *
1645 1843 1736 1881 etc.;
1766 1835 1891 1883 tertio,
1930 1836 2097 1883 tertiam3
2133 1837 2204 1874 ibi:
2242 1839 2288 1874 In
2323 1839 2498 1876 doctrinis

1438 1894 1562 1926 autem
1585 1889 1605 1909 ²³⁴
1635 1896 1703 1925 etc.
1733 1888 1832 1925 Dicit
1860 1901 1947 1936 ergo
1975 1889 2099 1938 primo
2128 1892 2233 1939 quod
2260 1891 2498 1939 interrogatio

1439 1942 1598 1979 omnino
1618 1953 1698 1978 non
1712 1942 1940 1989 geometrica
1955 1942 1970 1968 ζ
1989 1950 2043 1978 est
2062 1943 2134 1990 illa,
2155 1956 2252 1992 quae
2277 1945 2437 1981 omnino
2457 1945 2499 1982 fit

1439 2007 1484 2032 ex
1503 1995 1575 2031 alia
1593 2001 1692 2042 arte,
1722 1995 1816 2031 sicut
1844 2007 1889 2031 ex
1916 1995 2073 2032 musica.
2103 1997 2153 2033 Ut
2181 1997 2210 2033 si
2234 2004 2434 2045 quaeratur
2460 1998 2499 2035 in

1438 2047 1655 2096 geometria,
1684 2054 1812 2084 utrum
1840 2054 1948 2085 tonus
1975 2049 2093 2097 possit
2124 2050 2238 2088 dividi
2273 2050 2311 2086 in
2339 2051 2416 2087 duo
2444 2063 2499 2087 se-

1438 2102 1594 2138 mitonia
1623 2101 1846 2150 aequalia*;
1875 2101 1957 2139 talis
1984 2102 2223 2150 interrogatio
2252 2109 2307 2140 est
2340 2104 2497 2141 omnino

1436 2269 1580 2302 syllogismi
1599 2269 1624 2293 in
1643 2277 1746 2302 genere,
1766 2270 1853 2294 dicens
1873 2269 1944 2302 quod
1963 2269 2131 2302 syllogismus
2151 2274 2191 2294 est
2208 2269 2298 2300 oratio,
2317 2269 2343 2294 in
2362 2278 2427 2303 qua,
2450 2279 2498 2303 po-

1435 2305 1490 2329 sitis
1515 2305 1684 2337 quibusdam,
1708 2305 1776 2329 aliud
1800 2305 1923 2337 quiddam
1943 2312 1957 2329 a
1975 2304 2065 2337 positis
2089 2304 2153 2336 (seu
2178 2305 2341 2338 praemissis)
2367 2306 2498 2331 diversum

1435 2339 1541 2372 (nempe
1559 2340 1703 2372 conclusio)
1723 2340 1870 2365 necessario
1884 2339 1991 2364 efficitur
2004 2347 2051 2372 per
2070 2347 2099 2364 ea
2111 2347 2178 2372 quae
2193 2340 2275 2372 posita
2290 2346 2362 2366 sunt:
2375 2339 2452 2366 Ἔστι
2467 2339 2497 2373 ’δὴ

1434 2371 1610 2418 συλλογισμὸς
1623 2373 1702 2408 λόγος
1717 2373 1742 2400 ἐν
1754 2373 1776 2408 ᾧ
1790 2373 1910 2400 τεθέντων
1925 2376 1998 2400 τινῶν
2013 2373 2098 2408 ἔτερόν
2113 2383 2136 2400 τι
2151 2376 2200 2399 τῶν
2215 2374 2332 2409 κειμένων
2346 2373 2372 2406 ἐξ
2387 2371 2498 2410 ἀνάγκης

1435 2415 1567 2443 συμραινει
1586 2408 1627 2434 διὰ
1646 2412 1696 2435 τῶν
1715 2410 1833 2444 κειμένων
1853 2410 1919 2443 (cap.
1933 2419 1950 2441 1,
1962 2419 1991 2435 n.
2008 2410 2042 2443 3).
2061 2411 2131 2435 Haec
2145 2409 2257 2435 definitio
2272 2411 2374 2443 respicit
2387 2411 2498 2436 sormam

1435 2446 1588 2478 syllogismi,
1602 2445 1652 2470 hoc
1666 2451 1705 2470 est
1718 2446 1836 2470 ordinem
1855 2446 2102 2479 consequentiarum
2116 2446 2147 2470 ad
2162 2446 2312 2477 praemissa
2327 2446 2377 2479 (Cf.
2391 2447 2449 2471 lect.
2463 2455 2498 2478 nr,

1435 2486 1488 2506 not.
1502 2482 1554 2514 γγ).
1570 2481 1675 2506 Praeter
1685 2482 1807 2514 sormam
1823 2486 1917 2512 autem,
1932 2489 2000 2514 quae
2014 2481 2104 2506 eadem
2119 2485 2160 2506 est
2174 2489 2285 2513 semper,
2298 2483 2324 2506 in
2339 2482 2498 2515 syllogismis

1435 2516 1612 2541 consideratur
1631 2516 1751 2545 materia,
1771 2516 1821 2541 hoc
1839 2522 1880 2541 est
1897 2521 1950 2541 tres
1969 2516 2071 2541 termini
2089 2521 2115 2540 et
2133 2517 2334 2549 propositiones,
2354 2524 2385 2542 ex
2403 2518 2499 2550 quibus

1434 2552 1534 2583 species
1554 2552 1700 2584 syllogismi
1720 2552 1905 2576 desumuntur:
1925 2553 1946 2576 si
1966 2552 2035 2576 enim
2054 2552 2187 2576 conclusio
2211 2552 2319 2577 infertur
2337 2560 2367 2577 ex
2385 2553 2453 2577 veris
2473 2558 2499 2577 et

1434 2587 1537 2619 primis,
1556 2587 1664 2612 habetur
1683 2595 1696 2611 s
1716 2587 1852 2619 llogismus
1871 2587 2111 2612 demonstrativus:
2130 2585 2273 2617 Ἀπόδειξις
2288 2585 2332 2622 μὲν
2347 2582 2391 2612 οὖν
2412 2585 2497 2620 ἐστίν,

1436 2620 1499 2647 ὅταν
1512 2620 1538 2652 ἐξ
1553 2617 1653 2654 ἀληθῶν
1669 2630 1711 2646 και
1731 2621 1838 2655 πρώτων
1852 2620 1868 2651 ,ὁ
1883 2618 2059 2666 συλλογισμὸς
2077 2616 2107 2656 ᾖ,
2123 2619 2137 2654 ἢ
2158 2620 2185 2646 ἐκ
2200 2621 2322 2647 τοιούτων
2338 2620 2354 2647 ἃ
2368 2620 2410 2647 διά
2425 2631 2499 2648 τινων

1434 2656 1540 2691 πρώτων
1555 2655 1597 2682 καὶ
1613 2653 1715 2690 ἀληθῶν
1728 2659 1772 2690 τῆς
1782 2655 1838 2691 περὶ
1850 2655 1916 2682 αὑτὰ
1930 2666 2046 2691 γνωσεως
2056 2655 2100 2690 τὴν
2112 2652 2192 2692 ἀρχὴν
2207 2654 2308 2692 εἴληφεν
2320 2658 2364 2690 (ib.
2377 2666 2452 2690 n.4.—-
2459 2658 2499 2683 ef.

1435 2694 1492 2718 lect.
1500 2701 1534 2723 w,
1541 2691 1602 2725 n.'14
1612 2698 1637 2718 et
1646 2693 1735 2725 nonu).
1746 2693 1907 2718 Dialecticus
1916 2698 2010 2724 autem,
2017 2693 2062 2726 qui
2073 2693 2149 2718 etiam
2159 2693 2314 2725 sophisticus
2324 2694 2355 2718 ab
2362 2694 2500 2718 Aristotele

1435 2729 1593 2761 quandoque
1610 2733 1716 2753 vocatur
1734 2736 1780 2760 per
1803 2729 1993 2761 oppositionem
2012 2729 2044 2753 ad
2063 2729 2244 2762 syllogismum
2269 2729 2499 2754 demonstrativum

1436 2764 1491 2796 (Cf.
1506 2771 1592 2796 supra,
1607 2764 1664 2789 lect.
1678 2771 1731 2793 xm,
1742 2772 1767 2788 n.
1778 2764 1814 2797 7),
1833 2764 1936 2788 nonnisi
1952 2772 1982 2788 ex
1995 2764 2171 2796 probabilibus
2186 2764 2301 2796 procedit
2315 2769 2341 2788 et
2358 2764 2500 2796 probabilia

2521 901 2531 911 '⁵
2541 900 2626 921 Modos
2641 907 2689 922 om.
2705 907 2734 922 cn

2521 933 2692 953 ειιυικοριιεη
2718 933 2735 948 n

2521 960 2569 974 om.
2577 953 2636 974 duos
2643 961 2652 979 ,·
2661 960 2687 975 a:
2696 954 2733 975 in-

2521 981 2558 1000 ter
2565 980 2608 1001 hos
2616 979 2675 1001 duos
2684 980 2736 1008 syl-

2521 1006 2644 1034 logismos.

2520 1033 2532 1043 ⁸
2546 1039 2570 1053 c:
2585 1033 2619 1054 ibi
2631 1033 2719 1054 omnia.

2520 1060 2531 1070 ⁸
2540 1059 2637 1090 Codd.-
2650 1059 2734 1107 1²:517!-

2520 1086 2635 1112 Iogtsmus
2643 1086 2684 1114 qui
2700 1092 2735 1107 em

2519 1118 2566 1133 non
2580 1114 2625 1134 est.

2521 1218 2532 1228 ⁸
2547 1217 2604 1245 Cap.
2614 1224 2629 1239 ι.

2523 1539 2534 1549 “
2544 1543 2682 1564 nenuuoqn:
2693 1540 2737 1559 aut

2525 1565 2570 1589 εἰη
2584 1571 2623 1586 εις
2639 1571 2670 1586 an
2681 1566 2733 1586 sit.-

2526 1591 2608 1612 Codd.:
2616 1591 2678 1613 idest
2681 1597 2735 1619 pec-

2525 1623 2591 1639 cans.

2524 1856 2535 1867 ⁶
2549 1855 2619 1877 Num.
2634 1862 2657 1883 4.

2524 1908 2535 1919 '
2550 1908 2620 1930 Nurn.
2635 1914 2654 1936 5.

2624 1958 2639 1987 ζ

2525 2070 2536 2081 ‘
2544 2070 2619 2101 (Ξορἀ
2625 2082 2641 2086 -
2647 2076 2667 2092 r:
2676 2070 2736 2092 duos

2525 2099 2651 2118 semntonos
2692 2103 2735 2119 ae-

2525 2123 2616 2151 quales.
2720 2129 2725 2135 ·

1435 2800 1575 2824 concludit:
1583 2796 1749 2828 Διαλεκτικὸς
1759 2797 1785 2823 δὲ
1796 2795 1972 2833 συλλογισμὸς
1983 2797 1996 2824 ὁ
2005 2797 2056 2829 ἔξέν
2066 2798 2147 2828 δόξων
2157 2797 2373 2832 συλλογιζόμενος
2383 2799 2428 2834 (ib.
2436 2798 2499 2833 n.5).
2521 2823 2524 2825 .

1435 2835 1554 2867 Denique
1563 2835 1740 2859 contentiosus
1751 2843 1798 2860 seu
1808 2834 1933 2867 litigiosus
1953 2835 2120 2867 syllogismus
2135 2835 2226 2859 dicitur
2239 2834 2282 2866 qui
2297 2836 2411 2866 procedit
2425 2842 2455 2859 ex
2468 2835 2499 2859 iis

1435 2877 1502 2902 quae
1521 2870 1663 2902 probabilia
1681 2870 1808 2901 videntur,
1828 2878 1880 2894 non
1899 2875 1985 2895 tamen
2004 2875 2077 2900 sunt,
2093 2875 2118 2894 et
2137 2869 2181 2902 qui
2203 2877 2232 2894 ex
2247 2870 2437 2901 probabilibus,
2456 2874 2500 2894 aut

1435 2913 1466 2930 ex
1479 2905 1519 2929 his
1530 2913 1597 2938 quae
1611 2905 1751 2937 probabilia
1766 2910 1896 2938 apparent,
1911 2905 2063 2930 concludere
2076 2904 2184 2934 videtur,
2195 2912 2241 2928 nec
2255 2910 2341 2929 tamen
2356 2905 2500 2929 concludit:

1437 2939 1467 2965 Ἐ
1484 2937 1578 2969 zanab<
1596 2939 1623 2964 δ’
1642 2937 1696 2965 ἐστὶ
1715 2937 1890 2974 συλλογισμὸς
1911 2938 1925 2965 ὁ
1940 2938 1967 2965 ἐκ
1985 2939 2142 2974 φαινομένων
2157 2937 2278 2970 ἐνδόξων,
2301 2937 2334 2973 μὴ
2356 2936 2435 2964 ὄντων
2454 2939 2497 2972 δέ,

1435 2984 1478 3000 και
1493 2974 1507 3000 ὀ
1522 2974 1548 3005 ἐξ
1562 2974 1669 3005 ἐνδᾶξων
1683 2973 1866 3010 ἥφαινομένων
1882 2973 1988 3005 &vastum
2003 2974 2153 3009 φαινόμενος
2169 2975 2219 3007 (ib.
2235 2983 2259 2999 n.
2270 2974 2314 2999 8.-
2321 2975 2359 2999 Cf.
2375 2976 2424 3000 loc.
2435 2975 2496 3007 cit.).

1436 3011 1515 3043 lgitur
1527 3011 1696 3044 syllogismus
1710 3011 1886 3036 contentiosus
1905 3011 1999 3043 duplex
2013 3015 2060 3035 est.
2073 3010 2174 3035 Etenim
2189 3010 2230 3034 vel
2244 3015 2332 3042 peccat
2346 3010 2371 3034 in
2387 3010 2499 3035 materia

1436 3052 1565 3078 quatenus
1579 3046 1689 3070 assumit
1702 3046 1893 3079 propositiones
1907 3046 2070 3079 praemissas,
2086 3053 2152 3079 quae
2163 3045 2310 3077 probabiles
2319 3046 2438 3070 videntur
2451 3053 2499 3070 nec

1435 3086 1522 3106 tamen
1542 3087 1602 3106 sunt
1621 3082 1781 3113 probabiles:
1801 3086 1826 3106 et
1844 3081 1894 3106 hoc
1912 3089 1991 3106 sensu
2009 3089 2071 3105 vere
2094 3081 2262 3113 syllogismus
2282 3080 2329 3110 dici
2348 3086 2447 3112 potest:
2463 3078 2498 3106 'O

1435 3114 1483 3150 μὲν
1500 3111 1544 3141 οὖν
1564 3114 1687 3149 πρότερος
1707 3118 1756 3141 τῶν
1776 3113 1897 3150 ῥηθέντων
1916 3114 2045 3149 ἐριστικῶν
2065 3114 2244 3149 συλλογισμῶν
2263 3112 2312 3140 καῖ
2324 3112 2499 3149 συλλογισμὸς

1435 3150 1548 3185 λεγέσθω
1563 3152 1612 3184 (ib.
1620 3152 1639 3183 ).
1654 3152 1701 3176 Vel
1721 3157 1809 3184 peccat
1823 3152 1848 3176 in
1855 3153 1958 3185 forma,
1974 3156 2100 3184 quatenus
2115 3151 2267 3175 concludere
2281 3150 2381 3175 videtur
2395 3159 2426 3175 ex
2439 3159 2499 3183 pro-

1435 3187 1577 3217 babilibus,
1597 3187 1643 3211 sed
1662 3194 1714 3211 non
1734 3187 1873 3211 concludit:
1894 3184 1930 3212 ‘O
1948 3184 1974 3211 δὲ
1993 3183 2084 3215 λοιπὸς
2104 3182 2226 3219 ἔριστικὸς
2245 3183 2289 3219 μὲν
2312 3184 2498 3220 συλλογισμός,

1436 3218 1611 3255 συλλογισμὸς
1630 3220 1656 3245 ’δ’
1676 3219 1717 3252 οὗ,
1735 3219 1819 3254 ἐπειδὴ
1838 3219 1953 3255 φαίνεται
1972 3219 2016 3255 μὲν
2037 3219 2247 3254 συλλογίζεσθαι,
2268 3219 2450 3254 συλλογίζεται
2472 3220 2498 3245 δ’

1437 3254 1468 3281 ol'»
1488 3256 1538 3288 (ib.
1546 3256 1565 3288 ).
1585 3256 1758 3289 syllogismus
1777 3265 1886 3289 peccans
1905 3258 1931 3281 in
1950 3257 2032 3282 forma
2052 3257 2144 3281 dicitur
2157 3256 2371 3289 paralogismus,
2391 3256 2441 3280 hoc
2459 3261 2500 3281 est

1435 3298 1570 3323 apparens
1583 3299 1634 3315 non
1653 3299 1731 3316 verus
1750 3292 1926 3324 syllogismus,
1941 3292 1983 3324 qui
1997 3300 2055 3316 cum
2070 3292 2103 3316 sit
2116 3291 2204 3322 falsus,
2220 3291 2310 3316 dicitur
2329 3291 2405 3316 etiam
2419 3298 2500 3323 pseu-

1437 3327 1592 3359 dographus
1611 3326 1661 3358 (Cf.
1676 3327 1799 3358 Sylvestr.
1818 3327 1899 3351 Maur.
1918 3327 1943 3351 in
1963 3328 1972 3351 1
1990 3327 2161 3359 Topicorum,
2176 3334 2232 3358 cap.
2246 3326 2275 3358 ι).

1489 3361 1514 3394 ζ)
1531 3362 1711 3394 Interrogatio
1726 3362 1833 3386 omnino
1848 3369 1900 3386 non
1915 3362 2240 3395 geometrica.—-Codd.AL
2250 3361 2372 3386 omittunt
2381 3362 2501 3392 omnium·

1437 3396 1459 3421 D
1479 3404 1531 3421 non
1550 3401 1633 3421 recte:
1657 3403 1708 3420 non
1729 3397 1836 3421 omnino
1859 3397 2037 3430 geometrica5
2059 3397 2096 3421 E:
2116 3397 2292 3429 interrogatio
2314 3397 2422 3422 omnino
2445 3404 2498 3422 non

1435 3432 1597 3464 geometrica
1611 3434 1651 3456 est
1670 3431 1708 3456 ita
1727 3439 1778 3456 non
1797 3432 1959 3464 geometrica
1972 3432 2044 3464 quod
2054 3432 2091 3456 sit
2103 3432 2210 3456 omnino
2224 3439 2262 3456 ex
2274 3432 2330 3456 alia
2343 3435 2411 3457 arte.
2426 3432 2500 3462 Quae

1437 3467 1511 3491 lectio
1527 3474 1579 3490 non
1593 3471 1661 3491 recta
1675 3471 1726 3491 est:
1746 3474 1805 3491 nam
1821 3475 1842 3491 s.
1853 3467 1968 3491 Thomas
1983 3466 2156 3491 definitionem
2172 3467 2214 3491 dat
2227 3467 2432 3494 interrogationis
2447 3475 2500 3492 non

1437 3502 1615 3534 geometricae,
1630 3502 1716 3526 dicens
1729 3502 1800 3534 quod
1819 3501 1852 3526 sit
1864 3501 1907 3526 illa
1921 3509 1988 3534 quae
2002 3501 2030 3526 fit
2044 3510 2074 3526 ex
2088 3502 2135 3526 alia
2151 3507 2218 3527 arte:
2231 3499 2245 3534 ἢ
2261 3499 2286 3531 ἐξ
2300 3498 2381 3534 ἄλλης
2397 3501 2499 3537 τέχνης

1437 3537 1547 3561 formam
1571 3541 1656 3561 autem
1681 3536 1835 3561 definitionis
1858 3537 1927 3561 haud
1950 3537 2027 3561 habet
2045 3537 2119 3561 lectio
2137 3537 2172 3567 E,
2192 3537 2238 3562 sed
2261 3537 2347 3570 potius
2371 3538 2499 3563 subaudit.

1437 3572 1501 3596 Cod.
1516 3572 1539 3596 1:
1559 3572 1633 3597 Dicit
1650 3579 1715 3605 ergo
1733 3572 1805 3604 quod
1822 3572 1965 3597 secundum
1979 3572 2051 3605 quod
2069 3572 2245 3605 interrogatio
2264 3573 2316 3597 erit
2329 3580 2380 3598 non
2395 3580 2499 3607 geome-

1437 3607 1514 3637 trica,
1533 3607 1581 3632 sed
1599 3607 1706 3632 omnino
1725 3607 1778 3632 erit
1795 3614 1833 3632 ex
1845 3607 1900 3632 alia
1913 3610 1981 3632 arte.
1995 3608 2083 3632 Lectio
2098 3608 2229 3635 ad‘minus
2243 3608 2366 3633 intricata.
