2548 4192
154 357 411 412 intelligitur.
445 357 559 397 Eum
595 369 781 410 namque
816 369 902 395 non
939 354 1058 394 latuit
1078 368 1103 394 a
1129 354 1336 395 Caietano
1370 361 1518 395 nostro
1543 355 1673 396 fuisse
1708 356 1972 410 suppletum,
2000 355 2120 410 quod
2145 355 2186 395 in
2215 356 2348 396 Com-

155 419 371 460 mentariis
418 432 451 459 S.
481 419 678 458 Thomae
722 417 1009 457 desideratur:
1054 417 1174 469 quod
1218 417 1409 457 Caietani
1448 418 1794 472 supplementum
1833 417 1991 472 pluries
2031 417 2143 472 typis
2189 417 2350 457 editum

155 482 252 522 huic
277 480 467 521 Editioni
496 480 773 520 adnectimus.
799 479 963 518 Verum
989 484 1031 518 et
1058 478 1189 533 longe
1216 485 1314 519 ante
1338 479 1589 520 Caietanum
1613 479 1804 520 nonnulli
1829 480 2135 534 incompletum
2151 479 2350 534 Angelici

157 557 266 598 opus
289 542 487 597 supplere
510 541 643 581 moliti
667 546 776 580 sunt.
806 541 854 580 In
877 540 1046 580 Veneta
1067 540 1162 580 Peri
1178 540 1444 582 hermeneias
1474 542 1661 582 editione
1693 552 1820 595 1477,
1842 541 1912 582 fol.
1932 554 1982 582 21
2013 555 2154 590 verso,
2178 541 2349 596 legitur:

157 605 355 659 Explicit
372 603 580 644 sententia
596 602 699 642 libri
699 602 1027 655 peryermenias
1040 602 1275 643 secundum
1289 604 1609 644 sanctissimum
1623 603 1837 644 doctorem
1860 604 1902 643 T
1894 604 2070 644 nomam
2089 603 2142 644 de
2159 604 2348 657 Aquino.

155 666 325 707 Deinde
347 665 416 705 fol.
437 677 491 704 22
518 669 652 704 recto:
687 663 783 703 Hoc
808 663 926 716 quod
947 664 1143 717 sequitur
1166 667 1231 704 est
1253 665 1486 705 secundum
1515 666 1819 720 expositionem
1851 665 2081 706 Gratiadei
2104 665 2156 705 de
2178 665 2348 712 Esculo,

162 727 338 768 Ordinis
369 725 737 766 Praedicatorum.
772 725 837 765 Et
856 727 944 779 per
975 739 1070 766 eum
1104 726 1341 780 completur
1362 727 1526 767 lectura
1558 728 1687 767 haec:
1715 740 1819 767 nam
1851 741 1885 767 s.
1919 728 2106 768 Thomas
2137 740 2221 767 non
2246 726 2353 781 plus

144 789 258 844 fecit
286 790 421 828 morte
442 789 719 841 praeventus.
760 787 925 842 Incipit:
965 787 1134 827 Deinde
1167 801 1263 828 cum
1296 788 1417 829 dicit:
1450 789 1662 829 Similiter
1692 791 1837 829 autem
1868 802 1915 829 se
1946 789 2094 838 habet,
2128 788 2356 842 distinguit

156 850 481 896 enunciationes,
507 862 618 902 quae
641 849 859 903 accipiunt
867 852 954 904 pro
975 849 1160 889 subiecto
1180 863 1332 891 nomen
1344 851 1528 904 finitum
1551 850 1856 890 universaliter
1871 853 2091 904 sumptum
2114 856 2190 891 etc.
2215 850 2350 890 Deni-

156 925 240 967 que
269 911 338 952 fol.
356 913 413 952 32
442 924 587 951 verso:
622 911 821 965 Explicit
847 911 1187 966 supplementum
1220 912 1264 952 in
1302 912 1460 953 librum
1497 912 1732 952 secundum
1764 912 2083 952 Periermenias
2118 911 2352 952 secundum

162 973 446 1015 Gratiadeum
479 973 531 1013 de
562 973 722 1014 Esculo
751 973 928 1014 Ordinis
959 974 1327 1015 Praedicatorum.
1364 974 1531 1015 Floruit
1560 973 1828 1022 Gratiadeus,
1864 974 1981 1014 iuxta
2003 973 2250 1014 Leandrum
2274 973 2352 1013 Al-

155 1037 334 1083 bertum,
370 1035 425 1075 ad
459 1049 619 1076 annum
660 1037 786 1087 1341,
824 1041 865 1076 et
898 1035 1077 1077 eximius
1111 1036 1197 1085 fuit,
1233 1036 1370 1091 inquit
1402 1036 1590 1085 Echard,
1629 1042 1671 1077 et
1707 1036 1885 1076 celebris
1924 1050 2003 1076 sua
2039 1041 2176 1076 aetate
2213 1035 2352 1089 philo-

155 1097 317 1152 sophus
353 1103 394 1138 et
425 1097 656 1153 theologus
692 1098 910 1152 (Scriptor.
942 1098 1043 1139 Ord.
1079 1098 1275 1140 Praedic.
1310 1098 1365 1139 ad
1398 1113 1494 1139 ann.
1526 1100 1653 1150 1341,
1688 1104 1791 1139 tom.
1826 1099 1855 1146 I,
1880 1112 1978 1153 pag.
2014 1098 2132 1151 603).
2168 1097 2353 1151 Supple-

155 1166 346 1200 mentum
371 1159 587 1200 Gratiadei
612 1165 727 1200 extat
758 1160 886 1200 etiam
909 1160 951 1200 in
975 1161 1056 1201 alia
1077 1161 1246 1201 Veneta
1274 1161 1460 1202 editione
1490 1159 1624 1213 1495,
1651 1160 1729 1201 sed
1762 1159 1933 1200 additur
1960 1173 2016 1200 ex
2037 1159 2356 1200 commemoras

156 1221 349 1262 eiusdem
379 1221 582 1262 Auctoris
615 1222 659 1262 in
693 1221 859 1262 eosdem
892 1222 1022 1263 libros
1041 1223 1290 1263 Aristotelis
1324 1229 1569 1277 excerptum
1603 1223 1732 1263 fuisse
1767 1222 1851 1275 (fol.
1884 1221 1935 1263 15
1959 1221 2117 1276 verso).
2151 1221 2354 1275 Denique

155 1284 197 1324 in
240 1283 361 1324 tertia
404 1283 590 1324 editione
624 1284 779 1338 pariter
817 1284 986 1325 Veneta
1026 1288 1152 1337 1496,
1188 1285 1257 1325 fol.
1300 1284 1351 1326 15
1387 1291 1502 1326 recto
1547 1284 1715 1325 dicitur:
1758 1283 1916 1325 Plures
1951 1283 2139 1324 eiusdem
2178 1282 2355 1323 Ordinis

157 1345 377 1399 (Praedic.)
400 1344 590 1386 doctores
612 1345 847 1386 clarissimi
874 1346 1187 1400 suppleverunt,
1214 1360 1326 1401 quae
1360 1361 1514 1402 nempe
1538 1346 1714 1388 deerant
1738 1346 2061 1387 Commentario
2085 1359 2117 1386 s.
2142 1344 2353 1386 Thomae.

155 1409 326 1448 Revera
359 1407 401 1447 in
436 1407 584 1448 codice
617 1408 825 1448 Urbinate
858 1414 958 1461 post
989 1409 1181 1449 ultimam
1215 1422 1247 1449 s.
1275 1409 1472 1450 Thomae
1507 1409 1752 1457 lectionem,
1788 1409 1892 1450 haec
1926 1409 2126 1463 leguntur
2157 1407 2227 1448 fol.
2265 1408 2352 1448 233

155 1483 302 1510 verso:
325 1469 561 1523 Hucusque
581 1470 757 1523 scripsit
774 1483 806 1509 s.
840 1470 1027 1510 Thomas
1054 1470 1107 1510 de
1126 1471 1304 1524 Aquino
1334 1471 1510 1511 Ordinis
1533 1471 1904 1512 Praedicatorum.
1928 1471 2001 1510 Ea
2023 1483 2124 1510 vero
2153 1478 2264 1523 quae
2285 1482 2352 1509 se-

156 1535 315 1572 cuntur
339 1531 513 1585 scripsit
528 1531 685 1586 frater
709 1531 925 1571 Robertus
956 1531 1008 1572 de
1035 1532 1279 1586 Vulgarbia
1308 1532 1485 1573 Ordinis
1512 1532 1757 1574 eorumdem
1789 1532 2158 1573 Praedicatorum.
2191 1531 2353 1586 Incipit:

157 1593 367 1634 Similiter
392 1596 535 1633 autem
555 1607 601 1633 se
630 1593 769 1634 habet.
803 1593 855 1633 In
879 1594 965 1634 hac
986 1596 1120 1648 parte
1147 1594 1408 1649 multiplicat
1431 1595 1733 1649 oppositionem
1755 1595 1799 1635 in
1823 1594 2140 1634 universalibus
2161 1599 2237 1634 etc.
2262 1594 2353 1634 De-

155 1655 254 1695 sinit
284 1655 354 1695 fol.
378 1667 459 1706 241
488 1668 638 1704 verso,
672 1656 750 1696 col.
776 1668 820 1695 2:
863 1655 949 1696 Vel
974 1656 1027 1697 de
1059 1656 1203 1697 eodem
1237 1658 1280 1697 in
1318 1657 1500 1698 diversis
1527 1659 1723 1712 tempore.
1749 1657 1882 1697 Tum:
1911 1657 2036 1696 Laus
2064 1655 2143 1696 tibi
2173 1655 2352 1696 Christe.

154 1716 352 1771 Explicit
381 1718 587 1772 expositio
618 1717 798 1758 secundi
827 1717 930 1758 libri
957 1719 1282 1760 Periarmenias
1313 1733 1345 1760 s.
1382 1720 1424 1759 T
1415 1720 1570 1761 homae
1602 1719 1655 1760 de
1674 1719 1861 1772 Aqumo.
1897 1717 1989 1758 Sed
1999 1718 2137 1772 finita
2154 1716 2255 1772 fuit
2270 1719 2357 1772 per

155 1780 415 1832 magistrum
442 1780 680 1821 Robertum
708 1780 761 1821 de
789 1780 1033 1833 Vulgarbia
1064 1782 1241 1822 Ordinis
1273 1782 1518 1823 eorumdem
1549 1781 1919 1822 Praedicatorum.
1951 1780 2087 1820 Finis.
2115 1779 2354 1834 Fragmen-

155 1847 246 1882 tum
279 1841 403 1881 huius
429 1843 730 1896 supplementi,
761 1843 839 1883 sed
872 1843 964 1883 sine
990 1844 1175 1884 auctoris
1200 1844 1390 1893 nomine,
1426 1844 1607 1885 habetur
1636 1844 1762 1884 etiam
1787 1843 1828 1883 in
1859 1842 1954 1883 cod.
1978 1842 2114 1883 Vatic.
2143 1840 2279 1890 2115;
2302 1854 2355 1882 ex

157 1917 244 1958 quo
280 1903 473 1944 eiusdem
503 1905 732 1959 antiquitas
767 1906 1055 1947 constituitur:
1093 1906 1232 1947 codex
1265 1906 1378 1947 enim
1413 1912 1477 1947 est
1509 1906 1690 1948 labentis
1719 1905 1877 1946 saeculi
1901 1905 2012 1945 XIII.
2049 1903 2203 1944 Codex
2235 1903 2354 1944 Pari-

156 1965 308 2006 siensis
339 1965 485 2018 16154
509 1967 638 2007 habet
661 1973 702 2007 et
730 1967 821 2021 ipse
850 1968 1148 2023 fragmentum,
1183 1969 1275 2009 sine
1299 1968 1473 2009 nomine
1497 1969 1693 2018 auctoris,
1721 1967 1892 2009 alterius
1915 1966 2199 2021 supplementi
2234 1965 2354 2006 cuius

157 2027 374 2082 specimen
409 2028 592 2070 exhibeo
626 2029 668 2069 in
702 2029 786 2070 fine
822 2031 1128 2072 Commentarii
1162 2044 1195 2071 s.
1221 2030 1430 2072 Thomae.

251 2091 359 2130 Tres
383 2091 647 2145 supradictas
672 2092 863 2134 Venetas
888 2093 1097 2134 editiones
1121 2094 1278 2134 saeculi
1306 2093 1391 2133 XV
1415 2105 1516 2147 prae
1541 2093 1739 2134 manibus
1759 2091 1890 2133 habui
1924 2091 1966 2131 in
2000 2090 2251 2131 adornanda
2273 2090 2353 2130 hac

157 2152 353 2192 Leonina
393 2153 592 2195 editione.
631 2154 794 2204 Prima,
839 2156 937 2196 anni
980 2166 1113 2209 1477,
1154 2156 1357 2210 impensis
1393 2155 1602 2196 Iohannis
1639 2154 1692 2195 de
1742 2152 1936 2201 Colonia,
1982 2158 2116 2193 scatet
2160 2151 2353 2201 mendis;

158 2214 289 2254 altera
329 2214 443 2268 1495
487 2229 563 2270 per
605 2216 821 2258 Bonetum
855 2219 1213 2274 Bergomensem,
1251 2217 1451 2273 expensis
1485 2217 1710 2258 Octaviani
1750 2216 1886 2264 Scoti,
1925 2228 2097 2256 summa
2130 2214 2356 2268 diligentia

158 2277 372 2330 castigata
397 2280 484 2332 per
513 2278 743 2331 quemdam
764 2279 961 2334 fratrem
996 2280 1184 2322 eiusdem
1213 2280 1390 2322 Ordinis
1413 2279 1790 2334 (Praedicatorum)
1812 2279 1927 2319 vitae
1950 2277 2168 2332 regularis
2179 2275 2355 2331 profes-

157 2351 323 2388 sorem‚·
355 2340 477 2381 tertia
501 2340 687 2395 denique
719 2345 835 2396 1496
870 2356 966 2384 curn
990 2343 1289 2398 supplemento
1315 2342 1506 2384 Caietani
1529 2355 1605 2397 per
1628 2342 1805 2382 Otinum
1829 2340 2097 2395 Papiensem,
2121 2339 2354 2394 impensa...

158 2401 393 2443 Alexandri
413 2402 673 2453 Calcedonii,
700 2405 960 2458 pisaurensis
984 2405 1242 2446 mercatoris.
1268 2405 1348 2446 His
1371 2404 1483 2446 adde
1507 2404 1614 2445 duas
1637 2404 1741 2445 alias
1766 2403 1976 2444 editiones
1998 2403 2201 2450 Venetas,
2226 2415 2356 2456 supra

161 2463 287 2505 etiam
311 2464 551 2513 recensitas,
577 2468 734 2507 saeculi
757 2469 871 2516 XVI,
904 2482 1014 2522 quae
1048 2467 1370 2522 praelaudatum
1404 2467 1749 2521 supplementum
1784 2466 1943 2507 habent
1966 2464 2203 2505 Cardinalis
2228 2463 2354 2504 Caie-

159 2527 289 2567 tani.-
310 2527 411 2568 Rari
446 2540 557 2569 nunc
594 2535 693 2569 sunt
721 2529 892 2571 codices
928 2531 1035 2571 Peri
1066 2531 1345 2572 hermeneias.
1375 2531 1478 2570 Duo
1516 2535 1660 2570 extant
1697 2528 1892 2569 Lutetiae
1926 2527 2201 2575 Parisiorum,
2242 2538 2355 2580 quos

159 2587 327 2630 Romae
376 2602 508 2644 penes
552 2604 620 2631 me
663 2591 804 2633 habui.
850 2592 1035 2633 Codices
1078 2598 1177 2633 sunt
1214 2593 1371 2633 saeculi
1410 2592 1529 2640 XIII,
1570 2591 1611 2631 in
1646 2591 1905 2632 bibliotheca
1937 2588 2154 2630 Nationali
2198 2587 2354 2643 signati

160 2652 240 2692 sub
280 2665 348 2692 nn.
393 2654 531 2692 16101
573 2659 614 2693 et
654 2653 821 2706 16154,
855 2655 1131 2695 Collectionis
1172 2668 1351 2710 operum
1395 2655 1642 2702 latinorum,
1687 2652 1764 2693 sed
1810 2658 1928 2693 erant
1975 2651 2080 2692 olim
2124 2650 2355 2690 bibliothe-

161 2728 235 2756 cae
269 2714 554 2764 Sorbonicae,
583 2716 701 2756 cuius
735 2716 922 2772 sigillum
952 2717 1206 2771 impressum
1240 2716 1430 2757 retinent.
1464 2716 1632 2756 Primus
1667 2714 1901 2756 membran.
1935 2714 1978 2754 in
2012 2725 2060 2765 4,
2096 2711 2353 2768 diligentiori

161 2777 366 2832 scriptura
405 2784 623 2827 exaratus;
663 2779 767 2819 alter
803 2792 929 2827 vero,
966 2779 1068 2819 item
1102 2779 1335 2819 membran.
1368 2778 1410 2818 in
1444 2790 1489 2830 4,
1529 2778 1639 2818 lectu
1678 2777 1818 2818 minus
1853 2775 1984 2817 facilis
2029 2781 2103 2816 est.
2146 2776 2242 2816 Hos
2278 2779 2353 2814 co-

162 2841 277 2882 dices
312 2839 415 2881 olim
449 2842 491 2882 in
526 2840 714 2882 Sorbon.
750 2842 983 2882 recensitos
1026 2841 1106 2881 sub
1151 2855 1218 2882 nn.
1254 2842 1344 2892 804
1384 2846 1424 2881 et
1462 2841 1573 2893 867,
1616 2853 1663 2880 se
1705 2838 1865 2880 vidisse
1908 2843 2085 2879 testatur
2130 2835 2355 2878 Echardus

163 2905 245 2960 Op.
273 2910 314 2945 et
343 2904 422 2944 loc.
454 2904 518 2945 cit.
547 2927 565 2934 -
592 2904 700 2944 Cod.
745 2905 883 2944 16101
930 2903 992 2957 (in
1027 2903 1214 2944 Sorbon.
1247 2903 1358 2956 804)
1391 2902 1579 2943 continet
1619 2901 1987 2942 Commentarium
2021 2914 2053 2941 s.
2077 2900 2274 2942 Thomae
2311 2898 2354 2939 in

161 2967 267 3008 Peri
295 2967 586 3007 hermeneiam
624 2966 716 3020 (fol.
745 2966 900 3020 3-22);
938 2965 1290 3006 commentarium
1332 2964 1372 3005 b.
1404 2964 1570 3005 Alberti
1599 2964 1748 3019 Magni
1785 2963 1827 3003 in
1865 2964 1892 3004 8
1926 2963 2059 3004 libros
2101 2962 2354 3018 Topicorum

163 3029 256 3082 (fol.
290 3028 510 3082 23-11o>;
551 3028 905 3070 commentarium
935 3027 1127 3068 eiusdem
1157 3027 1197 3068 b.
1219 3026 1385 3067 Alberti
1415 3026 1457 3067 in
1494 3026 1650 3067 librum
1686 3025 1978 3066 Elenckorum
2012 3023 2355 3079 (fol.112-169):

162 3092 204 3132 in
241 3103 381 3144 eoque
416 3091 594 3146 legitur:
629 3109 643 3128 α
675 3092 759 3132 Iste
797 3090 903 3131 liber
939 3096 1003 3130 est
1039 3089 1278 3131 Scolarium
1322 3102 1375 3129 ex
1407 3089 1551 3144 legato
1595 3088 1784 3143 magistri
1826 3087 1999 3129 Henrici
2043 3086 2096 3128 de
2137 3086 2284 3128 Leiliis
2309 3086 2352 3127 in

172 3172 185 3190 ›>
226 3153 479 3202 Brabantia‚
525 3154 716 3194 canonici
764 3151 1040 3200 Leodiensis,
1085 3151 1306 3206 quondam
1349 3150 1453 3191 socii
1498 3150 1551 3192 de
1599 3150 1813 3192 Sorbona.
1847 3168 1862 3187 »
1893 3173 1911 3180 -
1938 3149 2048 3190 Cod.
2093 3148 2239 3200 16154
2281 3147 2353 3201 (in

163 3216 289 3258 Sorh.
313 3216 424 3270 867)
458 3216 587 3256 habet
612 3214 958 3256 Commentarios
993 3227 1025 3255 s,
1043 3213 1239 3254 Thomae
1264 3214 1306 3254 in
1331 3213 1463 3254 libros
1496 3213 1778 3265 Physicorum
1813 3212 2057 3253 Aristotelis
2081 3210 2171 3265 (fol.
2205 3209 2353 3264 2-66);

162 3279 245 3319 inI
276 3283 317 3319 et
343 3280 380 3319 II
409 3278 701 3320 Posteriorum
742 3278 832 3332 (fol.
864 3276 1047 3331 67-93);
1083 3276 1125 3316 in
1154 3277 1188 3324 I,
1216 3276 1253 3316 II
1281 3282 1322 3316 et
1351 3276 1407 3315 III
1448 3274 1568 3329 (octo
1603 3274 1828 3329 lectiones)
1862 3275 1932 3315 De
1964 3273 2080 3315 caelo
2118 3275 2162 3314 et
2194 3270 2353 3313 mundo

164 3340 253 3393 (sol.
281 3342 498 3396 94-123)‚
537 3353 633 3381 cum
667 3340 966 3394 supplemento
1000 3338 1205 3391 magistri
1238 3338 1362 3378 Petri
1396 3337 1448 3378 de
1478 3337 1709 3386 Alvernia3
1745 3337 1787 3377 in
1816 3342 1901 3377 tres
1930 3335 2062 3377 libros
2097 3335 2168 3375 De
2203 3333 2353 3375 anima

165 3402 248 3455 (sol.
285 3404 517 3458 172-202);
555 3403 596 3443 in
627 3403 733 3442 Peri
764 3401 1054 3442 hermeneiam
1089 3399 1173 3454 (fol.
1207 3399 1322 3452 259-
1341 3411 1422 3453 271
1462 3412 1591 3440 verso
1623 3405 1664 3440 et
1697 3398 1862 3452 ultim).
1898 3398 2101 3439 Continet
2135 3401 2353 3451 praeterea

165 3471 438 3507 commentar.
489 3465 663 3520 Aegidii
700 3463 886 3505 Romani
927 3463 997 3503 De
1037 3462 1315 3516 generatione
1350 3461 1440 3516 (sol.
1481 3461 1722 3515 136-170),
1766 3467 1807 3501 et
1845 3459 2038 3501 eiusdem
2077 3461 2350 3499 commentar.

166 3526 437 3580 (incomplet.)
463 3541 591 3581 super
623 3527 776 3568 librum
805 3525 1096 3566 Elenclzorum
1120 3524 1175 3565 ad
1206 3524 1380 3564 Domin.
1410 3523 1652 3578 Philippum
1678 3523 1832 3564 Comit.
1856 3521 2096 3563 Handrens.
2130 3518 2217 3573 (fol.
2241 3529 2351 3569 204-

169 3588 284 3642 257).
322 3590 527 3630 Additur:
565 3607 578 3624 ‹<
615 3591 698 3629 Iste
737 3588 843 3628 liber
872 3594 936 3628 est
970 3600 1204 3641 pauperum
1229 3586 1535 3641 Magistrorum
1570 3585 1623 3626 de
1658 3585 1860 3626 Sorbona
1898 3596 1951 3624 ex
1984 3583 2127 3637 legato
2161 3579 2353 3635 magistri
