2548 4192
2281 275 2385 301 CCXLI

865 531 1510 597 DISSERTATIO
1564 536 1717 597 XX.

195 687 262 728 De
291 686 537 737 opusculis
564 688 737 737 absque
757 687 888 728 dubio
908 688 1154 738 germanis,
1175 689 1345 729 Contra
1363 689 1681 740 impugnantes
1700 690 1999 741 Religionem,
2023 692 2088 733 De
2111 693 2389 743 perfectione

275 758 401 798 vitae
421 758 668 809 spiritualis
688 760 734 798 et
754 758 924 799 Contra
942 759 1230 799 retrahentes
1251 771 1280 799 a
1298 758 1551 810 Religionis
1571 760 1798 811 ingressu:
1819 762 1959 812 deque
1979 762 2081 803 aliis
2100 762 2388 815 Theologicis

275 830 355 868 aut
382 828 528 869 dubiis
556 831 635 869 aut
664 831 786 869 certe
814 828 1029 878 Aquinati
1057 829 1329 879 suppositis:
1358 829 1552 879 itemque
1581 829 1646 869 De
1675 831 1960 871 sermonibus
1989 832 2099 873 eius.

1003 981 1592 1009 —ss—

602 1221 801 1258 CAPUT
837 1222 863 1257 1.

199 1326 342 1352 Memorata
347 1326 502 1360 Opuscula
508 1325 556 1350 tria
574 1325 664 1351 ordine
682 1325 831 1359 perturbato
844 1329 961 1358 prostant
974 1324 1000 1349 in
1014 1324 1124 1349 editione
1144 1323 1270 1348 Romana.

198 1375 218 1381 ν
241 1360 347 1387 Vertis
365 1362 430 1387 ordo
447 1361 597 1387 restituitur.
617 1361 772 1386 Lucubratio
791 1360 886 1385 Gonu-a
903 1360 1083 1393 impugnantes
1109 1359 1271 1391 Religionem

270 1397 377 1431 proprio
395 1402 478 1422 marte
496 1397 528 1422 ab
546 1396 675 1430 Aquinate
700 1396 827 1428 confecta,
846 1395 953 1421 minime
976 1395 1098 1421 deflorata
1123 1402 1154 1420 ex
1172 1394 1271 1420 Alberti

269 1433 355 1466 Magni
373 1432 484 1466 scriptis.

496 1552 499 1556 .
529 1529 574 1560 ria
583 1536 719 1569 praestat
733 1529 879 1560 Romana
888 1528 984 1559 editio
995 1527 1159 1568 Opuscula
1172 1527 1273 1566 XVII,

528 1574 643 1611 XVIII,
663 1573 747 1604 XIX.
768 1573 913 1604 Primum
933 1572 1132 1612 inscriptum,
1150 1572 1272 1602 Contra

431 1632 438 1638 »
477 1617 714 1659 pestiferam
731 1617 910 1648 doctrinam
927 1617 1159 1648 retrahentium
1174 1616 1272 1647 homi-

439 1701 443 1704 ,
529 1672 587 1693 nes
610 1672 630 1692 a
655 1662 835 1703 Religionis
858 1663 1028 1702 ingressu:
1051 1661 1198 1698 alterum,
1218 1661 1271 1691 De

412 1668 444 1739 ’ζ’
496 1739 512 1750 ¹
523 1705 725 1747 perfectione
734 1707 818 1737 vitae
826 1706 1019 1747 spiritualis:
1034 1705 1173 1743 tertium,
1187 1704 1270 1735 Con-

463 1766 512 1785 tu„
529 1755 582 1781 tra
605 1751 833 1792 impugnantes
854 1750 919 1780 Dei
938 1750 1060 1781 cultum
1085 1754 1115 1780 et
1128 1749 1270 1790 Religio-

529 1803 612 1825 nem.
645 1794 776 1834 Singula
811 1800 974 1824 recensent
1007 1800 1126 1824 veteres
1159 1803 1271 1824 omnes

200 1837 463 1875 nomenclatores,
482 1838 688 1868 Ptolomaeus
708 1839 746 1868 de
762 1839 860 1876 Luca,
881 1837 1071 1869 Guillelmus
1091 1837 1130 1867 de
1148 1837 1271 1876 Tocco,

198 1881 377 1914 Bernardus
400 1881 576 1920 Guidonis,
606 1882 870 1912 Bartholomaeus
893 1881 1090 1922 Logotheta,
1120 1881 1271 1913 Nicolaus

199 1925 348 1957 Trivetus
372 1935 588 1967 supparesque
611 1925 664 1956 alii
687 1925 812 1966 saepius
835 1926 964 1957 laudati.

275 1970 420 2000 Turbato
459 1976 567 2001 tamen
605 1970 716 2001 ordine
746 1970 858 2000 eadem
890 1971 1037 2001 Romana
1069 1970 1102 2000 in
1133 1969 1271 2001 editione

200 2013 332 2055 aliisque
354 2013 388 2044 in
412 2013 502 2045 editis
526 2014 687 2055 exemplis,
707 2014 784 2045 haec
808 2014 918 2045 eadem
942 2021 1085 2055 prostant
1107 2014 1273 2054 opuscula

199 2058 269 2090 tria.
285 2058 430 2089 Primum
452 2064 557 2089 tenere
575 2059 686 2090 locum
709 2059 812 2096 debet,
831 2059 921 2099 quod
943 2058 1132 2097 inscribitur,
1150 2058 1272 2089 Contra

198 2104 426 2144 impugnantes
446 2103 511 2134 Dei
533 2103 654 2134 cultum
680 2108 710 2134 et
724 2103 946 2144 Religionem:
969 2103 1110 2144 sequitur
1125 2103 1271 2142 alterum,

196 2147 249 2178 De
264 2146 467 2188 perfectione
482 2148 568 2178 vitae
584 2147 783 2187 spiritualis:
800 2147 929 2178 tertium
947 2154 1004 2186 est,
1027 2147 1148 2179 Contra
1168 2152 1272 2178 retra-

197 2192 308 2223 hentes
325 2191 469 2222 homines
486 2201 507 2222 a
530 2192 711 2233 Religionis
734 2193 896 2232 ingressu.
913 2192 1008 2222 Hunc
1023 2191 1093 2232 ipsa
1107 2191 1272 2233 Opuscula

197 2235 343 2266 ordinem
366 2235 517 2276 produnt.
534 2235 570 2266 In
594 2245 644 2275 eo,
661 2236 752 2277 quod
772 2235 895 2267 Contra
918 2237 1118 2267 retrahentes
1145 2247 1166 2267 a
1184 2236 1271 2267 Reli-

197 2280 330 2322 ligionis
352 2280 503 2321 ingressu
526 2279 718 2319 inscribitur,
741 2280 819 2311 haec
842 2280 998 2311 habentur
1021 2281 1122 2321 capite
1146 2291 1189 2310 xn
1205 2290 1271 2311 non

196 2324 292 2365 longe
315 2324 354 2354 ab
377 2323 489 2355 initio:
513 2324 557 2355 Et
583 2325 731 2365 quamvis
752 2326 793 2357 de
814 2325 874 2355 hoc
899 2325 1003 2365 plura
1033 2326 1098 2356 sint
1128 2325 1213 2356 dicta
1237 2326 1270 2355 in

197 2369 263 2400 alio
281 2373 391 2400 nostro
410 2368 527 2406 libello,
544 2378 636 2409 quem
659 2370 711 2400 De
722 2367 926 2410 perfectione
948 2370 1205 2410 conscripsimus,
1221 2369 1272 2400 hic

198 2418 304 2444 tamen
328 2413 439 2453 aliqua
473 2414 593 2444 iterare
625 2423 688 2444 non
715 2415 841 2456 pigeat.
868 2413 935 2443 Iam
965 2423 1039 2453 ergo
1063 2420 1271 2454 praecesserat

198 2456 404 2497 opusculum
420 2458 472 2488 De
488 2457 690 2498 perfectione
710 2459 794 2489 vitae
815 2457 1004 2497 spiritualis.
1020 2457 1055 2487 In
1078 2457 1139 2488 isto
1163 2457 1271 2487 vicesi-

198 2511 292 2533 mum
306 2507 431 2532 sextum
441 2507 536 2541 caput
549 2501 598 2531 his
614 2502 774 2532 exorditur
783 2501 885 2532 verbis
895 2503 1027 2532 Auctor:
1041 2501 1154 2532 Restat
1168 2502 1272 2542 igitur

198 2545 368 2577 dicendum
391 2555 475 2587 quae
497 2554 595 2585 opera
619 2546 663 2576 ad
685 2555 739 2577 eos
751 2546 949 2586 pertineant,
965 2546 1021 2586 qui
1043 2546 1075 2575 in
1091 2546 1272 2586 Religionis

198 2595 286 2621 statu
309 2594 396 2621 sunt.
415 2589 480 2620 Sed
502 2590 579 2630 quia
602 2590 642 2621 de
661 2590 711 2621 his
727 2591 826 2630 plene
848 2589 926 2620 alibi
948 2590 1178 2627 tractavimus,
1202 2589 1271 2630 sus-

189 2634 266 2676 ficit
288 2634 341 2665 hic
357 2639 494 2675 propter
516 2635 768 2666 calumniatores
784 2643 895 2675 pauca
927 2634 1084 2674 quaedam
1117 2635 1270 2665 inserere.

199 2678 359 2709 ludicatur
374 2679 442 2709 sine
464 2678 564 2709 dubio
581 2678 785 2719 Opusculum
803 2678 925 2709 Contra
941 2679 1169 2718 impugnantes
1186 2678 1271 2709 Reli-

197 2724 327 2765 gionem
337 2730 351 2762 ;
374 2723 408 2754 in
437 2732 504 2763 quo
537 2723 707 2764 inquiritur
739 2722 839 2763 capite
861 2732 895 2760 11,
918 2722 969 2752 An
993 2723 1146 2763 religioso
1178 2723 1273 2753 liceat

197 2767 332 2799 docere:
355 2767 456 2808 capite
478 2777 531 2806 111,
553 2769 605 2798 An
630 2767 803 2808 religiosus
825 2767 911 2798 licite
926 2767 1031 2807 possit
1053 2776 1122 2797 esse
1139 2766 1179 2797 de
1209 2767 1272 2798 col-

200 2812 286 2854 legio
309 2812 505 2844 secularium
529 2813 783 2853 magistrorum:
801 2811 901 2851 capite
924 2821 967 2849 ιν,
981 2811 1033 2841 Αη
1058 2811 1211 2852 religioso
1235 2811 1271 2841 li-

200 2862 272 2888 ceat
287 2856 484 2898 praedicare
507 2862 537 2887 et
560 2855 777 2897 confessiones
798 2855 924 2893 audire,
944 2856 972 2886 si
991 2865 1103 2886 curam
1128 2865 1191 2886 non
1214 2855 1271 2886 ha-

200 2900 273 2931 beat
291 2902 476 2931 animarum
487 2908 498 2930 .-
521 2900 622 2941 capite
644 2910 676 2938 v,
691 2901 742 2931 An
767 2900 940 2941 religiosus
958 2904 1107 2930 teneatur
1125 2900 1272 2931 manibus

202 2944 362 2976 laborare.
386 2944 435 2974 De
462 2943 512 2974 his
535 2944 704 2985 operibus,
728 2944 876 2984 religioso
899 2943 967 2974 viro
999 2944 1270 2983 convenientibus,

202 2988 312 3029 paucis
336 2988 400 3028 agit
417 2995 544 3020 sanctus
562 2989 707 3019 Thomas
725 2988 759 3018 in
775 2988 925 3019 vicesimo
942 2995 1029 3019 sexto
1045 2988 1202 3028 opusculi
1219 2989 1272 3019 De

195 3032 398 3074 perfectione
421 3033 537 3073 capite,
561 3032 817 3073 proptereaquod
839 3032 949 3063 latiore
971 3032 1036 3062 iam
1055 3033 1176 3063 calamo
1201 3042 1270 3073 ege-

202 3083 250 3107 rat
258 3077 292 3107 in
302 3076 469 3117 opusculo
483 3076 605 3107 Contra
616 3078 842 3117 impugnantes
855 3077 1073 3118 Religionem:
1088 3077 1173 3107 unde
1184 3087 1270 3108 com-

203 3127 332 3161 pertum
348 3120 395 3159 fit,
411 3120 499 3161 prius
521 3120 606 3151 istud
625 3121 663 3151 ab
687 3120 802 3151 eodem
821 3120 1040 3152 elucubratum
1055 3121 1147 3161 Opus
1163 3121 1269 3152 fuisse.

203 3166 312 3196 Hocce
346 3165 385 3195 de
417 3164 528 3195 ordine
555 3164 659 3195 adhuc
681 3164 762 3194 infra
786 3165 965 3205 agendum:
989 3175 1055 3206 quo
1089 3165 1184 3196 etiarn
1207 3175 1269 3195 ser-

202 3215 276 3240 vato
300 3209 377 3240 haec
393 3207 558 3248 Opuscula
580 3208 639 3238 tria
653 3215 853 3240 recensentur
867 3209 901 3239 in
916 3209 1030 3249 insigni
1047 3209 1154 3240 codice
1171 3209 1270 3250 Gym

204 3254 288 3284 nasii
320 3253 470 3294 magistri
504 3252 651 3283 Gervasii
683 3252 770 3292 apud
801 3253 954 3284 Iacobum
979 3253 1161 3284 Echardum
1184 3260 1215 3284 et
1236 3253 1270 3283 in

203 3298 266 3329 alio
291 3297 399 3328 codice
422 3306 534 3327 cxxvm
547 3296 581 3326 in
596 3296 718 3327 Veneta
731 3296 838 3335 latina,
859 3303 890 3328 et
907 3297 1010 3328 italica
1032 3297 1095 3327 divi
1110 3297 1206 3328 Marci
1223 3297 1269 3327 bi-

203 3342 339 3373 blioteca
362 3341 436 3371 anni
460 3350 536 3381 174¹
564 3340 648 3381 typis
662 3340 756 3379 edita,
772 3348 803 3372 et
819 3340 853 3371 in
871 3341 1037 3372 Parisiensi
1056 3341 1188 3371 demum
1206 3341 1270 3371 edi-

203 3387 292 3418 tione
325 3395 424 3427 quam
445 3385 556 3415 Petrus
582 3384 720 3415 Pellican
742 3394 827 3415 anno
856 3385 935 3415 1655
962 3385 1197 3425 diligentissime
1216 3395 1269 3415 cu-

204 3437 292 3462 ravit.

272 3475 310 3506 11.
337 3473 537 3513 Theophilus
569 3472 764 3513 Raynaudus
795 3479 886 3502 tomo
918 3471 975 3502 XII
1007 3471 1040 3502 in
1069 3471 1271 3512 Hoplotheca

206 3519 345 3550 sectione
367 3529 410 3556 11,
435 3517 512 3548 serie
534 3527 576 3555 11,
601 3516 702 3556 capite
724 3526 766 3546 ιιι
787 3516 839 3546 De
854 3515 970 3556 plagio
994 3515 1037 3546 sic
1053 3515 1111 3546 ait:
1132 3516 1270 3546 ‹Petrus

207 3575 222 3590 ι·
243 3564 282 3594 de
295 3562 421 3593 Prussia
437 3561 565 3593 Ordinis
579 3560 835 3592 Praedicatorum
850 3559 882 3590 in
898 3559 1005 3599 Magni
1019 3559 1139 3590 Alberti
1159 3559 1270 3590 vita...

209 3619 224 3634 ιν
244 3607 345 3648 capite
377 3616 437 3636 xxx
468 3606 605 3646 allegans
645 3605 797 3635 Iacobum
828 3604 867 3634 de
895 3604 1017 3634 Zuzaro
1041 3601 1106 3644 (de
1128 3603 1270 3645 Susato)

349 3668 418 3700 Opp.
438 3667 468 3692 D.
483 3666 597 3691 'raonis
616 3665 648 3690 T.
668 3666 685 3690 1.

1327 1231 1341 1246 2>
1361 1226 1499 1250 veterem
1534 1219 1663 1251 Ordinis
1695 1221 1952 1252 Praedicatorum
1981 1223 2234 1264 chronologum,
2258 1224 2391 1257 affirmat

1326 1274 1341 1289 >v
1360 1262 1478 1294 librum
1502 1274 1525 1294 s.
1544 1264 1690 1295 Thomae
1715 1272 1823 1296 contra
1844 1266 2042 1297 Gulielmum
2058 1268 2096 1298 de
2115 1278 2139 1298 S.
2155 1270 2274 1299 Amore
2289 1268 2390 1310 (Con-

1327 1319 1341 1334 »
1362 1313 1414 1338 tra
1434 1308 1661 1349 impugnantes
1675 1309 1893 1352 Religionem)
1910 1311 1965 1351 qui
1981 1311 2013 1341 in
2037 1321 2132 1351 opere
2151 1311 2391 1352 Opusculorum

1328 1364 1342 1380 ³>
1363 1352 1460 1382 sancti
1484 1352 1631 1383 Thomae
1663 1353 1814 1391 habetur,
1839 1354 1925 1385 aliud
1958 1365 2024 1385 non
2048 1365 2114 1386 esse
2144 1366 2241 1397 quam
2264 1357 2390 1388 recolle—

1328 1396 1501 1427 »ctionem
1524 1407 1647 1436 eorum,
1667 1407 1749 1438 quae
1771 1377 1919 1429 Albertus
1942 1400 2077 1439 Magnus
2099 1400 2261 1440 Anagniae
2285 1411 2391 1432 coram

1329 1452 1342 1467 »
1362 1440 1542 1471 Alexandro
1567 1441 1609 1471 IV
1633 1441 1808 1482 disputans,
1833 1443 1981 1473 adversus
2003 1443 2121 1474 librum
2144 1444 2295 1475 Gulielmi
2318 1455 2391 1485 pro-

1329 1485 1486 1516 »tuleran
1500 1497 1515 1512 »
1535 1485 1720 1516 Chronicon
1743 1496 1802 1517 ms.
1821 1486 1923 1517 Susati
1947 1494 2048 1518 servat
2070 1488 2190 1518 Veneta
2209 1498 2249 1519 ss.
2266 1489 2393 1519 Ioannis

1327 1535 1358 1559 et
1380 1529 1470 1560 Pauli
1494 1529 1702 1568 bibliotheca,
1726 1530 1759 1561 in
1783 1540 1849 1571 quo
1873 1541 1979 1561 revera
2000 1531 2077 1562 haec
2105 1532 2278 1563 habentur:
2296 1545 2311 1560 a
2326 1533 2394 1564 -Re-

1329 1585 1344 1600 »
1363 1574 1550 1613 sponsiones
1581 1581 1688 1604 autem
1720 1574 1841 1606 Alberti
1874 1574 1969 1606 factas
2001 1575 2034 1606 in
2067 1575 2267 1607 Concistorio
2300 1587 2394 1617 super

1328 1629 1343 1644 ²
1364 1617 1494 1648 obiectis
1517 1616 1698 1660 (wilhelmi
1722 1619 1760 1649 de
1784 1626 1892 1650 sancto
1910 1618 2051 1662 Amore)
2070 1619 2264 1661 fideliterque
2283 1631 2394 1661 repor-

1328 1674 1342 1689 ιν
1363 1667 1448 1693 tatas
1471 1672 1495 1693 s.
1521 1662 1666 1693 Thomas
1688 1663 1831 1704 Aquinas
1862 1663 2052 1695 abbrevians
2080 1671 2111 1695 et
2132 1664 2166 1694 in
2189 1675 2292 1696 unum
2315 1665 2394 1696 redi-

1328 1715 1450 1746 ›gens,
1475 1716 1511 1736 ex
1539 1706 1583 1737 eis
1606 1706 1723 1737 librum
1746 1707 1920 1747 gratiosum
1936 1709 2155 1748 compilavit.
2141 1709 2262 1740 »Haec
2278 1709 2395 1741 scilicet

1326 1750 1475 1788 Susatus,
1499 1750 1647 1790 magister
1670 1751 1871 1790 coloniensis,
1895 1752 1950 1792 qui
1967 1752 2093 1783 saeculo
2111 1752 2240 1784 ineunte
2264 1753 2392 1795 quinto-

1326 1794 1452 1825 decimo
1485 1794 1612 1832 floruit,
1643 1801 1737 1836 atque
1766 1805 1861 1826 suum
1895 1796 2066 1827 chronicon
2099 1797 2139 1827 ad
2162 1807 2283 1828 annum
2311 1799 2391 1838 1415

1326 1838 1445 1869 circiter
1467 1838 1628 1878 perduxit:
1654 1839 1828 1880 eademque
1857 1840 1951 1871 etiam
1973 1841 2084 1871 Petrus
2108 1841 2146 1871 de
2169 1842 2314 1880 Prussia,
2337 1842 2394 1883 qui

1326 1883 1410 1914 dicto
1434 1882 1560 1913 saeculo
1589 1893 1629 1913 xv
1653 1883 1813 1914 desinente
1836 1884 1869 1914 in
1893 1884 2078 1915 Coloniensi
2102 1892 2260 1916 conventu
2282 1886 2394 1917 scribe-

1326 1928 1393 1965 bat,
1411 1926 1596 1968 scripsitque
1619 1927 1717 1958 vitam
1735 1928 1855 1959 Alberti
1877 1929 2003 1968 Magni:
2020 1929 2157 1970 ideoque
2176 1930 2283 1968 ambo,
2303 1930 2394 1960 sicuti

1326 1970 1444 2009 aetatis,
1460 1971 1504 2002 ita
1522 1981 1596 2001 sane
1619 1971 1812 2003 auctoritatis
1827 1972 1922 2012 longe
1937 1973 2102 2014 sequioris,
2118 1983 2214 2014 quam
2239 1980 2275 2005 ut
2297 1973 2394 2005 fidem

1325 2015 1370 2046 rei
1393 2015 1526 2054 faciant,
1551 2025 1632 2056 quae
1655 2015 1688 2046 in
1711 2016 1843 2056 gratiam
1866 2017 1986 2047 Alberti
2009 2017 2116 2057 Magni
2140 2025 2320 2058 exaggerata
2349 2018 2393 2048 vi-

1327 2060 1427 2091 detur.
1454 2059 1558 2090 Susati
1582 2059 1770 2098 chronicon,
1794 2060 1826 2090 in
1850 2061 2012 2101 epitomen
2035 2062 2207 2100 redactum,
2226 2062 2309 2103 typis
2325 2062 2394 2092 vul-

1326 2111 1440 2144 garunt
1463 2103 1637 2134 doctissimi
1665 2104 1880 2135 Satnmauraei
1906 2105 2074 2144 monachi,
2098 2106 2289 2137 Edmundus
2312 2107 2394 2137 Mar-

1326 2155 1397 2179 tene
1421 2155 1451 2179 ct
1474 2148 1608 2179 Ursinus
1631 2148 1773 2186 Durand,
1788 2149 1821 2179 in
1836 2149 2030 2189 amplissima
2044 2156 2186 2180 veterum
2204 2150 2394 2200 scriptorum

1327 2192 1523 2224 Collectione
1547 2199 1638 2223 torno
1661 2193 1703 2223 VI
1728 2193 1782 2223 ubi
1805 2193 1882 2223 haec
1904 2193 2059 2224 habentur
2089 2194 2202 2232 verba,
2226 2204 2307 2234 quae
2334 2194 2393 2227 mi-

1326 2237 1412 2267 nime
1427 2247 1501 2267 cum
1517 2247 1611 2277 supra
1628 2236 1789 2277 descriptis
1806 2237 2008 2274 conveniunt,
2024 2236 2112 2268 ιιιιιιι.
2136 2245 2176 2278 7.
2203 2238 2394 2272 Guillelmus

1325 2281 1366 2312 de
1383 2291 1409 2312 s.
1429 2282 1566 2312 Amore.
1579 2303 1586 2311 .
1599 2303 1607 2311 .
1626 2281 1749 2311 Romae
1772 2282 1804 2311 in
1822 2281 1952 2321 publico
1979 2281 2175 2312 Consistorio
2198 2292 2306 2312 coram
2325 2283 2392 2312 Do-

1326 2326 1412 2356 mino
1430 2325 1619 2356 Alexandro
1642 2325 1730 2365 Papa
1754 2325 1808 2354 IV
1825 2335 1845 2355 a
1868 2325 1958 2356 beato
1983 2325 2112 2356 Alberto
2135 2326 2261 2367 Magno
2284 2326 2392 2366 dispu-

1326 2369 1425 2400 tando
1445 2369 1610 2410 confusus,
1629 2370 1782 2409 privatus
1805 2369 1963 2410 beneficiis
1985 2379 2068 2410 quae
2088 2370 2282 2410 possidebat,
2307 2380 2391 2400 com-

1327 2413 1478 2454 bustoque
1508 2413 1589 2443 libro
1613 2412 1813 2444 eiusdem...
1842 2423 1860 2444 e
1882 2414 1968 2444 clero
1991 2414 2145 2454 expulsus
2157 2413 2241 2455 suit.
2270 2414 2391 2445 Contra

1326 2458 1412 2488 hunc
1435 2458 1530 2488 etiam
1549 2457 1594 2488 ad
1616 2457 1803 2488 mandatum
1826 2458 1984 2498 Magistri
2005 2457 2138 2488 Ordinis
2155 2460 2282 2498 scripsit
2304 2458 2391 2489 libel-

1327 2502 1393 2532 lum
1414 2511 1513 2532 unum
1532 2511 1558 2532 s.
1584 2502 1720 2532 Thomas
1738 2502 1778 2532 de
1792 2502 1930 2542 Aquino,
1947 2503 2003 2542 qui
2014 2507 2247 2542 praenotatur:
2270 2502 2392 2533 Contra

1327 2547 1553 2586 impugnantes
1575 2545 1786 2586 Religionem.
1816 2546 1967 2577 Susatum
1998 2546 2141 2577 videlicet
2173 2546 2304 2577 correxit
2327 2547 2392 2587 epi-

1326 2597 1484 2628 tomator,
1509 2589 1564 2631 qui
1587 2589 1736 2620 Albertus
1759 2589 1956 2621 Castellanus
1981 2590 2131 2621 creditur:
2155 2590 2228 2621 satis
2251 2590 2392 2621 indicans

1326 2644 1449 2664 novum
1473 2634 1511 2664 ab
1534 2634 1693 2674 Aquinate
1716 2634 1834 2665 librum
1857 2634 2090 2674 compositum,
2116 2635 2171 2675 qui
2195 2634 2272 2665 nihil
2291 2634 2392 2665 simile

1326 2678 1453 2709 haberet
1476 2688 1551 2708 cum
1574 2678 1786 2718 disputatione
1810 2678 1891 2709 beati
1914 2678 2033 2709 Alberti
2056 2679 2173 2719 Magni.

1393 2722 1491 2763 Apud
1513 2721 1696 2753 Echardum
1718 2722 1751 2752 in
1773 2722 1954 2753 recensione
1986 2732 2120 2762 operum
2146 2722 2286 2760 Alberti‚
2310 2732 2391 2762 quae

1326 2773 1479 2807 typorum
1501 2766 1654 2797 beneficio
1673 2767 1778 2797 lucem
1795 2767 1940 2797 nondum
1955 2766 2111 2805 viderunt,
2128 2766 2219 2796 refert
2235 2776 2324 2796 num.
2341 2776 2390 2804 10,

1329 2811 1450 2842 Contra
1470 2811 1700 2842 Guillelmistas
1716 2812 1942 2852 impugnantes
1957 2811 2139 2851 religiosos;
2156 2824 2170 2838 «ι
2183 2810 2280 2847 Quod
2296 2820 2390 2850 opus,

1328 2868 1343 2882 »
1363 2857 1476 2896 inquit,
1493 2855 1546 2886 alii
1569 2862 1683 2886 vocant
1700 2855 1928 2896 Defensorium
1953 2855 2205 2885 Mendicantium
2230 2861 2260 2884 et
2282 2854 2391 2884 dicunt

1329 2912 1343 2927 »
1363 2907 1465 2930 extare
1497 2899 1530 2930 in
1553 2899 1729 2930 Victorina:
1753 2899 1831 2930 vidit
1858 2899 1968 2930 saltem
1999 2899 2108 2929 Petrus
2141 2898 2179 2928 de
2208 2898 2333 2928 Prussia
2355 2897 2389 2927 in

1329 2956 1343 2971 >›
1363 2951 1470 2975 nostra
1494 2943 1690 2975 Coloniensi.
1704 2956 1718 2971 »
1738 2943 1830 2984 Opus
1852 2943 1936 2974 istud
1969 2942 2062 2973 fuerit
2083 2943 2264 2982 Allegatio,
2291 2951 2389 2982 quam

1325 2995 1418 3019 vocat
1438 2988 1581 3018 Thomas
1597 2987 1877 3027 Cantimpratensis
1893 2987 1972 3017 libro
1990 2987 2016 3016 II
2038 2987 2075 3016 de
2091 2986 2224 3026 Apibus,
2242 2986 2342 3026 capite
2357 2995 2388 3024 x,

1325 3042 1406 3063 num
1431 3034 1470 3063 23
1494 3033 1652 3073 Magistri
1672 3032 1815 3062 Alberti:
1839 3038 1892 3062 aut
1914 3031 2088 3071 Responsio
2096 3030 2195 3071 sacta
2219 3031 2251 3060 in
2278 3030 2389 3060 Consi-

1324 3077 1444 3114 storio,
1470 3083 1506 3107 ut
1529 3076 1572 3107 ait
1594 3076 1735 3107 Susatus.
1762 3076 1868 3113 Quam
1891 3075 1985 3114 longe
2012 3084 2086 3105 vero
2110 3084 2128 3104 a
2155 3073 2262 3104 libello
2293 3074 2390 3104 instar

1324 3121 1540 3161 Allegationis
1562 3120 1678 3160 scripto
1702 3119 1802 3150 differt
1818 3119 2037 3159 Opusculum,
2061 3118 2150 3159 quod
2172 3118 2389 3158 impugnanti-

1325 3165 1384 3195 bus
1406 3165 1606 3205 Religionem
1627 3164 1779 3204 opposuit
1797 3164 1917 3194 Doctor
1938 3161 2126 3202 Angelicus!
2147 3161 2336 3192 Guillehnus
2351 3162 2389 3191 de

1325 3210 1435 3239 Tocco
1460 3208 1635 3239 audiendus
1659 3215 1724 3246 est,
1748 3207 1803 3248 qui
1828 3217 1895 3237 rem
1918 3213 2019 3237 totam
2042 3213 2162 3237 enarrat
2189 3206 2222 3236 in
2245 3206 2317 3236 Vita
2341 3215 2388 3236 ca-

1324 3253 1388 3293 pite
1407 3263 1449 3291 1v,
1469 3263 1557 3283 num.
1577 3259 1628 3282 20:
1648 3265 1663 3279 «
1677 3251 1762 3282 Cum
1781 3251 1821 3281 ad
1838 3250 2024 3291 petitionem
2044 3250 2204 3281 reverendi
2220 3249 2315 3292 patris
2329 3249 2388 3279 fra-

1327 3310 1342 3324 »
1362 3297 1415 3327 tris
1430 3296 1555 3326 Ioannis
1571 3296 1609 3326 de
1619 3295 1765 3327 Vercellis
1781 3295 1921 3335 Magistri
1937 3295 2064 3326 Ordinis
2080 3292 2386 3335 (Praedicatorum),

1326 3353 1341 3367 »
1362 3341 1412 3371 cui
1435 3340 1637 3370 incumbebat
1659 3340 1698 3370 de
1721 3340 1870 3370 mandato
1894 3339 2018 3370 Summi
2041 3337 2201 3368 Pontificis
2229 3337 2387 3377 praedicto

1327 3397 1342 3411 »
1361 3384 1518 3414 volumini
1541 3382 1730 3424 (Guillelmi
1752 3383 1792 3414 de
1813 3393 1840 3413 s.
1863 3382 2004 3424 Amore)
2037 3382 2246 3422 respondere,
2279 3380 2389 3411 fuisset

1326 3440 1342 3454 »
1361 3428 1520 3468 praedicto
1543 3427 1675 3458 Doctori
1699 3425 1885 3468 (Thomae),
1903 3436 1976 3457 cum
1996 3426 2157 3465 Anagniae
2179 3425 2212 3455 in
2237 3424 2387 3464 Capitulo

1326 3484 1341 3499 >
1362 3478 1451 3509 esset,
1477 3481 1584 3501 coram
1602 3470 1760 3501 Fratn'bus
1784 3480 1849 3500 non
1873 3470 1939 3500 sine
1963 3470 2102 3509 singultu
2119 3476 2149 3499 et
2171 3468 2316 3509 lacrymis
2339 3478 2388 3498 as-

1327 3528 1341 3542 »
1361 3516 1538 3555 signatum.
1550 3537 1558 3545 .
1570 3537 1578 3545 .
1595 3514 1701 3544 Frater
1723 3514 1866 3544 Thomas
1889 3514 1996 3554 ipsum
2018 3513 2169 3543 volumen
2188 3512 2342 3553 accipiens
2359 3519 2390 3543 et

1327 3572 1341 3586 ι»
1361 3569 1393 3590 se
1412 3559 1557 3590 Fratrum
1573 3558 1768 3589 orationibus
1788 3558 2026 3596 commendam,
2042 3567 2116 3588 cum
2139 3557 2319 3597 perlegisset
2341 3563 2388 3587 at-

1328 3617 1342 3631 »
1362 3603 1478 3634 tentius
1502 3610 1532 3633 et
1555 3602 1754 3633 intellexisset
1776 3601 1976 3642 profundius,
1993 3601 2106 3642 reperit
2124 3601 2299 3641 praedictos
2321 3610 2388 3630 ma-

2214 3663 2241 3687 31
