2548 4192
926 287 981 323 IN
1013 287 1051 323 S.
1074 285 1317 322 THOMAM
1345 285 1671 331 AQUINATEM

191 375 277 396 anno
308 374 401 396 1220.
427 365 561 396 Certum
576 365 707 406 quidem
722 365 859 396 natalem
879 375 1001 396 annum
1020 365 1118 395 iidem
1138 365 1269 405 scripto-

190 421 239 441 res
263 420 329 440 non
356 410 538 450 designant,
563 410 601 439 de
626 420 693 440 uno
716 410 766 440 vel
790 410 887 440 altero
912 420 997 440 anno
1022 410 1102 440 inter
1126 420 1158 440 se
1182 410 1270 439 dissi-

190 456 320 485 dentes:
347 461 378 485 at
396 464 455 495 pro
476 461 561 484 certo
577 454 809 495 exploratoque
821 454 913 484 nobis
933 454 1117 495 relinquunt
1138 454 1270 484 minime

190 499 357 530 Thomam
380 509 466 529 anno
498 508 580 528 1220
605 505 717 529 natum
741 509 817 529 esse.

259 544 336 581 Quo
361 553 436 584 ergo
460 543 539 581 iure,
564 553 628 583 qua
651 542 713 573 fide
736 543 769 572 id
792 550 908 573 asserat
927 541 1141 584 Disquisitor?
1166 543 1272 584 Inquit

190 588 243 618 ille
258 587 361 628 capite
375 598 418 626 ιν,
434 598 523 618 num.
542 595 579 617 2:
596 587 685 618 Illud
700 588 798 628 longe
812 588 931 618 certius
945 597 1024 625 esse,
1041 588 1272 628 meliorumque

189 633 385 673 scriptorum
409 632 575 673 suffragio
599 632 857 672 comprobatum,
895 632 1047 662 Thomam
1077 642 1164 662 anno
1190 642 1271 662 1220

192 682 315 708 natum.
332 678 423 715 Quae
438 683 523 715 sunt,
543 686 674 717 quaeso,
691 676 884 707 certitudinis
899 676 988 707 istius
1002 676 1098 716 longe
1114 684 1270 717 praestan-

191 721 273 751 tiora
296 718 512 752 documenta?
535 721 678 758 Quinam
692 722 866 761 scriptores
885 721 933 751 illi
951 721 1109 758 meliores,
1130 731 1271 762 quorum

192 764 341 806 suffragio
374 772 487 796 natum
510 765 675 796 Thomam
706 775 791 795 anno
821 775 902 795 1220
932 772 997 796 tam
1022 773 1106 796 certo
1136 764 1271 797 adserit?

192 810 316 840 Laudat
349 820 465 850 nempe
498 809 585 840 solos
620 810 805 840 Leandrum
830 810 1016 847 Albertum,
1050 810 1270 841 Abrahamum

189 854 345 895 Bzovium
366 860 396 885 et
417 855 615 885 Vincentium
636 855 828 885 Fontanam.
855 854 1056 885 Clarissimos
1089 854 1174 885 viros
1193 855 1270 885 istos

191 899 281 929 omni
305 899 398 930 laude
427 906 458 930 et
473 899 752 930 commendatione
775 898 890 938 dignos
909 906 1039 929 censeo:
1061 899 1271 930 nihilominus

190 942 224 973 in
247 953 291 981 re,
316 954 380 984 qua
404 944 442 974 de
467 944 602 983 agimus,
628 953 724 974 nemo
745 943 869 983 sapiens
888 944 1037 974 meliores
1056 943 1093 973 iis
1112 943 1270 974 iudicave-

191 987 241 1026 rit,
257 988 312 1029 qui
328 998 346 1018 a
361 998 412 1018 me
436 988 553 1019 laudati
579 995 672 1026 sunt;
697 997 875 1028 eorumque
894 987 991 1017 fidem
1006 994 1036 1018 et
1050 988 1271 1018 auctoritatem

191 1032 299 1063 minus
322 1033 473 1063 idoneam
496 1042 563 1063 non
587 1032 750 1069 habuerit,
775 1042 839 1072 qua
862 1031 973 1062 natalis
997 1032 1144 1062 Thomae
1168 1042 1270 1062 annus

191 1076 341 1107 constitui
365 1084 436 1108 tuto
460 1084 556 1118 queat
569 1086 672 1106 annus
687 1086 775 1106 aerae
789 1076 927 1116 vulgaris
946 1076 1134 1106 millesimus
1153 1076 1270 1106 ducen-

190 1121 324 1152 tesimus
349 1128 379 1152 et
401 1121 580 1152 vicesimus.
611 1120 803 1151 Guillelmus
828 1119 914 1150 enim
938 1120 976 1150 de
1000 1120 1110 1150 Tocco
1141 1130 1177 1150 ac
1196 1121 1270 1150 Pto·

190 1165 336 1195 lomaeus
356 1165 508 1196 Lucensis
528 1165 643 1196 eodem
662 1174 741 1195 aevo
757 1174 831 1195 cum
847 1164 976 1194 Thoma
990 1164 1152 1202 vixerunt3
1178 1164 1271 1195 frater

191 1209 325 1240 Iacobus
349 1209 388 1240 de
411 1209 553 1240 Viterbio
583 1209 615 1239 in
639 1209 792 1239 Processu
824 1208 1074 1239 canonizationis
1097 1208 1184 1239 testis
1203 1208 1270 1239 lau-

190 1253 283 1284 datur
297 1264 315 1284 a
328 1254 576 1285 Bartholomaeo
596 1254 635 1284 de
650 1253 778 1293 Capua;
805 1259 835 1283 et
854 1263 878 1283 S.
888 1252 1072 1283 Antoninus
1086 1263 1171 1283 anno
1188 1253 1270 1294 1389

189 1304 304 1336 natus,
329 1298 461 1329 florebat
484 1305 557 1329 ante
580 1297 724 1328 medium
748 1297 911 1328 saeculum
936 1296 1269 1338 quintumdecimum:

189 1341 432 1374 Leandervero
443 1336 615 1380 ‘Albertus‚
639 1341 762 1373 Bzovio
786 1348 817 1372 et
840 1341 986 1372 Fontana
1009 1341 1187 1383 antiquior,
1213 1343 1270 1373 du-

190 1386 288 1418 centis
319 1394 350 1418 et
380 1387 518 1428 amplius
549 1387 640 1417 annis
669 1393 743 1427 post
763 1386 890 1416 obitum
911 1385 975 1416 divi
995 1386 1160 1425 Thomae,
1185 1397 1270 1417 anno

190 1430 308 1462 scilicet
335 1441 417 1474 1479
442 1438 535 1462 natus
559 1438 615 1462 est.
647 1431 768 1462 Favent
794 1430 889 1461 etiam
908 1430 1015 1471 posito
1035 1440 1195 1462 annorum
1210 1432 1271 1462 cal-

189 1476 264 1507 culo
287 1475 499 1518 antiquissimi
514 1482 606 1507 testes
626 1475 743 1516 plures,
762 1485 903 1516 quorum
917 1475 1064 1505 laudatus
1084 1475 1218 1506 Iacobus
1233 1477 1271 1507 de

189 1519 333 1552 viterbio
348 1531 547 1552 communem
567 1530 682 1551 vocem
696 1520 880 1561 famamque
896 1519 988 1550 refert
1003 1519 1041 1550 de
1056 1530 1141 1550 anno
1162 1521 1270 1551 aetatis

189 1565 433 1607 quadragesimo
457 1573 571 1596 octavo
596 1565 659 1595 divi
674 1565 837 1602 Thomae,
859 1574 934 1594 cum
954 1564 1051 1595 obiit:
1076 1574 1180 1595 unum
1195 1575 1270 1596 vero

188 1609 347 1651 potuisset
369 1620 405 1641 ac
438 1610 598 1641 debuisset
612 1609 795 1640 Leandrum
809 1608 977 1639 Albertum
995 1608 1123 1639 laudare
1142 1609 1272 1651 Disqui-

189 1653 287 1693 sitor3
311 1655 401 1695 quod
421 1654 537 1685 scilicet
550 1654 737 1686 Vincentius
757 1654 902 1684 Fontana
921 1653 953 1683 in
969 1653 1188 1685 monumentis
1203 1655 1270 1685 Do-

189 1697 357 1730 minicanis
380 1699 420 1729 ad
444 1709 567 1730 annum
592 1708 673 1729 1220
698 1698 793 1729 unius
815 1697 987 1729 Abrahami
1011 1697 1121 1728 Bzovii
1140 1697 1202 1729 fide
1223 1699 1270 1729 ni-

189 1742 285 1782 titur3
319 1750 350 1774 et
372 1743 511 1774 Bzovius
535 1743 574 1774 ad
598 1753 721 1774 annum
755 1743 838 1782 1264
864 1752 968 1772 unum
987 1750 1145 1774 memorat
1168 1743 1270 1774 Lean—

190 1787 294 1819 drum.
329 1787 436 1819 Liceat
467 1798 543 1828 ergo
573 1787 652 1818 mihi
686 1787 875 1818 concludere
907 1786 1003 1826 longe
1035 1787 1149 1818 certius
1182 1797 1270 1826 esse,

188 1832 425 1874 meliorumque
449 1832 641 1872 scriptorum
665 1831 814 1872 suffragio
838 1831 1101 1871 comprobatum,
1121 1831 1270 1863 Thomae

189 1875 327 1908 natalem
350 1886 473 1907 annum
487 1876 601 1907 retrahi
617 1886 682 1907 non
698 1886 792 1917 posse
811 1876 850 1906 ab
871 1885 956 1906 anno
976 1885 1065 1906 aerae
1085 1876 1270 1908 christianae

188 1927 244 1952 aut
272 1922 367 1959 1225,
391 1927 447 1952 aut
469 1921 666 1962 insequente,
691 1927 746 1951 aut
775 1930 867 1962 ¹²²7·

256 1965 322 2004 Qui
344 1965 427 1996 vitae
455 1965 522 1996 eius
546 1972 716 1996 numerant
739 1975 840 1996 annos
864 1964 1095 2006 quinquaginta
1113 1965 1269 2007 inceptOS‚

186 2004 310 2051 illigant
332 2010 471 2041 natalem
493 2020 616 2041 annum
640 2020 715 2041 cum
738 2020 823 2040 anno
844 2009 961 2041 Christi
987 2011 1066 2040 1225
1089 2018 1161 2041 ante
1184 2010 1270 2041 diem

187 2054 358 2096 septimam
382 2054 495 2086 martii.
530 2055 626 2085 Hunc
649 2054 790 2085 referunt
819 2055 859 2085 ad
883 2053 1000 2085 Christi
1024 2064 1146 2085 annum
1176 2065 1269 2097 1227,

187 2098 246 2141 qui
273 2099 437 2130 Thomam
469 2098 582 2130 vixisse
611 2106 725 2139 putant
757 2106 831 2130 octo
865 2105 895 2129 et
927 2098 1135 2140 quadraginta
1167 2110 1269 2131 annos

186 2143 382 2186 eosdemque
404 2144 582 2175 inchoatos.
607 2144 707 2182 Quod
726 2144 751 2174 si
766 2144 889 2174 Doctor
908 2143 1124 2174 sanctissimus
1146 2155 1269 2175 annum

185 2188 295 2219 aetatis
317 2197 361 2229 49
381 2188 544 2229 inceperit,
572 2198 647 2219 cum
666 2195 804 2219 mortem
824 2187 904 2219 obiit
923 2186 973 2230 (ac
996 2187 1128 2219 fortasse
1153 2190 1267 2230 proba-

185 2231 280 2263 bilior
293 2232 370 2264 haec
394 2240 441 2264 est
459 2231 739 2275 chronographia),
759 2233 894 2264 emissus
911 2232 944 2263 in
958 2232 1064 2263 lucem
1079 2243 1164 2264 anno
1186 2235 1266 2265 1226

183 2276 314 2308 ineunte
342 2277 392 2308 vel
425 2277 588 2318 superiore
618 2279 698 2308 1225
733 2278 863 2308 cadente
891 2277 1044 2308 dicendus
1075 2285 1130 2309 est.
1156 2281 1267 2309 Anno-

185 2330 259 2353 rum
281 2321 342 2362 48,
367 2331 450 2363 quos
473 2321 619 2352 Thomas
650 2321 761 2353 vixerit
793 2329 824 2352 et
846 2321 978 2363 quidem
1002 2322 1189 2361 inchoatos,
1214 2324 1267 2354 ad-

184 2365 322 2397 haesisse
345 2366 467 2397 calculo
500 2365 708 2397 Ptolomaeus
732 2366 884 2397 Lucensis
914 2366 1058 2405 videtur,
1089 2367 1144 2408 qui
1174 2368 1268 2399 tradit

185 2406 337 2444 eumdem
355 2410 389 2441 in
404 2410 525 2442 Ordine
539 2411 796 2442 Praedicatorum
813 2418 991 2451 exceptum,
1008 2420 1080 2442 cum
1101 2413 1165 2442 iam
1186 2418 1268 2443 esset

184 2453 345 2486 sexdecim
378 2462 565 2493 annorum‚·
594 2465 676 2496 quae
708 2456 803 2486 verba
827 2455 1115 2486 sextumdecimum
1144 2466 1266 2487 annum

186 2498 386 2540 completum
409 2509 445 2530 ac
467 2499 627 2530 labentem
657 2499 994 2540 decimumseptimum
1018 2499 1091 2530 satis
1115 2500 1264 2532 indicant.

186 2541 379 2584 Caeteroqui
402 2553 478 2574 vero
503 2551 649 2574 sanctum
677 2544 911 2575 adolescentem
934 2543 999 2574 iam
1022 2544 1160 2584 attigisse
1183 2545 1266 2576 deci-

185 2596 279 2618 mum
303 2594 454 2618 octavum
483 2588 592 2618 aetatis
615 2598 738 2619 annum
769 2588 884 2619 evincit
907 2588 1161 2629 chronographia
1184 2600 1266 2631 quae

185 2631 381 2673 probabilior
394 2632 527 2663 videtur.
544 2633 759 2664 Adversantur
774 2633 806 2663 in
822 2633 960 2674 speciem
976 2633 1169 2664 documenta
1183 2644 1265 2665 non-

185 2675 284 2715 nulla,
299 2676 417 2718 quibus
441 2676 556 2707 dicitur
569 2676 714 2708 Thomas
738 2677 819 2708 infra
833 2677 1006 2718 pubertatis
1025 2687 1127 2708 annos
1141 2678 1265 2709 Praedi—

185 2727 332 2752 catorum
350 2720 464 2752 Ordini
483 2731 604 2752 nomen
619 2721 751 2753 dedisse.
777 2722 828 2753 Sic
848 2721 934 2752 enim
949 2728 1080 2753 testatur
1097 2722 1265 2754 Bartholo-

185 2775 296 2796 maeus
311 2765 351 2796 de
361 2765 474 2806 Capua
488 2765 521 2796 in
536 2765 690 2797 Processu
702 2766 952 2797 canonizationis
965 2777 1055 2797 num.
1064 2768 1122 2807 76:
1135 2767 1263 2806 Statim,

184 2809 343 2851 inquiens,
368 2820 440 2841 cum
464 2810 509 2841 ad
531 2820 636 2841 annos
653 2811 856 2842 discretionis
867 2813 1028 2852 pervenit,
1050 2812 1185 2842 multum
1205 2823 1264 2843 an-

185 2854 364 2895 ticipando,
390 2855 531 2886 nondum
549 2855 653 2896 pubes
671 2856 788 2893 adhuc,
805 2857 939 2886 intravit
952 2856 1144 2897 praefatum
1168 2856 1264 2888 Ordi—

186 2907 258 2930 nem
277 2899 554 2930 Pmedicatorum.
580 2899 631 2930 Sic
653 2900 748 2930 etiam
767 2900 882 2940 legitur
904 2900 936 2930 in
952 2900 1077 2932 Litteris
1097 2901 1264 2932 canoniza-

183 2941 281 2974 tionis
304 2953 322 2973 a
346 2943 465 2974 Ioanne
487 2944 576 2975 XXII
601 2944 681 2974 datis
705 2955 790 2975 anno
816 2946 916 2975 1323:
940 2945 1028 2976 Dum
1048 2946 1155 2977 adhuc
1173 2946 1264 2987 infra

179 2986 362 3028 pubertatis
384 2998 488 3019 annos
507 2989 660 3019 existeret
684 2988 818 3020 Ordinis
836 2989 1101 3021 Praedicatorum
1120 2991 1263 3021 habitum

184 3032 332 3072 suscepit.
358 3031 411 3063 Sic
433 3032 565 3063 demum
593 3043 617 3063 s.
634 3033 818 3064 Antoninus
847 3041 934 3074 parte
959 3034 1021 3072 ΙΙΙ,
1050 3035 1144 3065 titulo
1168 3045 1262 3074 xxm,

186 3074 288 3115 capite
311 3086 365 3114 vn,
385 3075 413 3116 g.
436 3084 472 3106 2:
501 3076 656 3108 Ordinem
680 3078 946 3109 Praedicatorum
971 3078 1062 3120 infra
1081 3089 1186 3110 annos
1198 3090 1263 3120 pu-

186 3119 320 3150 bertatis
343 3121 484 3151 existens
507 3121 702 3162 ingreditur.
1214 3155 1221 3160 ,

254 3164 346 3202 Quae
369 3164 463 3194 verba
477 3164 503 3194 si
517 3165 665 3205 rigidiore
688 3176 782 3197 sensu
806 3166 937 3206 intelligi
961 3167 1086 3206 debent,
1105 3178 1141 3199 ac
1160 3168 1186 3198 si
1209 3178 1263 3198 an-

185 3218 267 3239 num
285 3208 393 3239 aetatis
408 3208 556 3239 Thomae
574 3211 888 3250 quartumdecimum
902 3210 1064 3250 definiant,
1079 3213 1172 3253 plura
1186 3222 1262 3243 con-

184 3252 306 3283 vellunt
338 3252 371 3283 in
405 3252 471 3283 eius
506 3253 637 3284 historia
670 3255 860 3286 certissima:
894 3266 1010 3296 nempe
1043 3256 1076 3287 in
1106 3256 1262 3288 Ordinem

184 3297 443 3328 Praedicatorum
475 3297 653 3337 ingressum
682 3299 775 3329 illum
806 3310 872 3330 esse
909 3307 1054 3340 tempore
1087 3301 1262 3331 Innocentii

185 3341 289 3383 quarti
319 3341 458 3372 Romani
482 3341 662 3380 Ponfificis,
691 3343 836 3384 adeoque
865 3354 949 3374 anno
988 3346 1068 3384 1243
1100 3345 1262 3375 desinente

185 3386 236 3417 vel
266 3386 395 3416 ineunte
424 3396 518 3425 1244,
542 3396 578 3416 ac
609 3397 710 3417 annos
734 3387 866 3418 demum
894 3388 1001 3418 aetatis
1031 3389 1263 3430 quinquaginta

186 3430 324 3470 attigisse
348 3430 397 3461 vel
421 3430 628 3471 quadraginta
651 3437 683 3461 et
705 3438 779 3461 octo
804 3432 1000 3471 complesse,
1025 3442 1099 3462 cum
1122 3439 1261 3463 mortem

186 3475 276 3506 obiit.
296 3477 340 3506 At
354 3475 440 3506 enim
458 3474 665 3505 Ptolomaeus
684 3475 835 3506 Lucensis
863 3476 944 3506 libro
963 3476 1050 3506 XXII
1073 3476 1154 3506 Hist.
1172 3477 1259 3514 ech,

185 3519 286 3559 capite
317 3529 381 3550 xxn
410 3519 522 3550 diserte
553 3526 684 3550 testatur
715 3519 880 3549 Thomam
911 3525 1053 3560 tempore
1080 3520 1262 3551 Innocentii

189 3562 345 3594 Ordinem
370 3565 550 3595 intravisse.
581 3564 716 3594 Narrant
739 3563 834 3594 etiam
864 3563 1055 3594 Guillelmus
1080 3564 1118 3594 de
1148 3565 1260 3595 Tocco

185 3613 216 3638 et
253 3618 277 3638 s.
302 3608 486 3639 Antoninus
503 3631 511 3646 ,
543 3608 774 3638 Dominicanos
804 3607 912 3638 fratres
943 3608 1055 3638 adiisse
1091 3608 1259 3639 Summum

189 3651 311 3683 Christi
346 3653 506 3684 Vicarium
538 3652 762 3683 Innocentium
795 3658 946 3693 quartum
981 3659 1090 3683 contra
1119 3659 1259 3693 raptores

2306 301 2400 325 LXXV

1327 363 1476 394 Thomae
1499 363 1746 394 Dominicanam
1769 371 1891 395 vestem
1918 364 2030 395 induti.
2057 366 2155 403 Quod
2185 376 2223 396 eo
2256 374 2398 408 tempore

1327 408 1496 448 contigisse
1524 415 1650 439 narrant
1673 418 1802 447 omnes,
1828 409 2023 442 Guillelmus.
2043 410 2081 439 de
2105 410 2235 449 Tocco,
2260 422 2284 442 s.
2300 415 2400 443 Anto-

1327 452 1422 482 ninus
1447 459 1477 483 et
1496 453 1702 483 Ptolomaeus
1727 453 1890 491 Lucensis,
1907 464 1982 484 cum
2001 454 2141 494 germani
2166 454 2273 486 fratres
2302 457 2401 497 ipsius

1327 496 1476 527 Thomae
1500 498 1656 537 degebant
1675 498 1761 537 apud
1780 498 1976 541 Fridericum
1992 499 2220 538 Imperatorem
2244 501 2275 530 in
2297 507 2403 532 castro

1326 541 1624 581 Aquaependentis‚
1650 542 1730 572 idest
1754 552 1838 572 anno
1864 543 1993 573 cadente
2024 544 2104 582 1243
2135 544 2184 573 vel
2208 544 2402 586 insequentis

1326 585 1428 616 initio.
1468 585 1552 616 Hinc
1586 586 1753 626 scriptores
1787 587 1931 627 superius
1963 587 2073 618 allatos
2106 587 2149 618 ita
2182 588 2402 629 intelligendos

1328 636 1462 660 monent
1484 630 1697 661 Bollandistae
1721 631 1753 660 in
1777 631 1870 661 Notis
1884 632 1924 661 ad
1944 638 2039 672 caput
2058 642 2088 662 rx
2112 633 2282 663 Processus
2307 644 2401 664 cano-

1328 673 1516 713 nizationis,
1546 681 1581 705 ut
1604 675 1769 706 videantur
1792 675 1931 706 voluisse
1956 677 2078 715 dicere,
2112 677 2276 708 Thomam
2296 679 2402 710 adhuc

1327 719 1473 749 iuvenem
1495 719 1663 750 imberbem
1675 719 1795 760 fuisse.
1816 721 1867 750 Ad
1886 721 1974 759 haec,
1990 721 2120 752 adnotat
2134 721 2252 753 Paulus
2270 723 2401 754 Zachias

1326 762 1407 793 libro
1432 763 1443 793 1
1466 770 1587 803 quaest.
1604 764 1849 804 medico-legal„
1865 765 1958 795 titulo
1979 776 2006 803 1,
2029 773 2149 806 quaest.
2172 777 2219 806 vr,
2243 777 2332 798 num.
2357 769 2400 807 64

1327 814 1358 837 et
1381 815 1485 848 seqq.:
1510 808 1652 848 Legibus
1668 809 1800 848 plenam
1820 809 2023 849 pubertatem
2048 812 2198 841 constitui
2221 813 2253 842 in
2277 812 2400 843 decimo

1327 857 1439 882 octavo
1458 862 1555 882 anno.
1580 853 1650 892 Ipse
1670 853 1802 883 demum
1823 854 1967 884 Thomas
1986 855 2153 885 Malvenda
2171 855 2204 886 in
2223 857 2400 887 Annalibus

1327 895 1366 925 ad
1390 906 1512 926 annum
1542 897 1635 937 1237,
1659 896 1715 937 qui
1739 896 1877 927 nimium
1901 898 2073 938 proclivem
2097 909 2130 929 se
2144 901 2272 940 praebet
2295 901 2335 931 ad
2353 901 2400 931 in-

1326 949 1470 979 gressum
1491 940 1639 970 Thomae
1662 940 1695 970 in
1710 940 1865 971 Ordinem
1888 942 2144 973 Praedicatorum
2168 944 2257 985 infra
2279 945 2400 985 puber-

1327 985 1402 1014 tatis
1424 994 1528 1014 annos
1552 984 1824 1023 constituendum,
1844 986 2015 1027 ipsumque
2039 987 2239 1019 referendum
2263 990 2302 1019 ad
2321 996 2399 1020 tem-

1326 1037 1406 1068 pora
1429 1028 1574 1067 Gregorii
1598 1029 1686 1066 noni,
1703 1029 1901 1060 difficultates
1924 1031 2121 1070 gravissimas
2143 1033 2295 1073 persensit
2319 1044 2401 1075 quae

1327 1079 1436 1102 contra
1460 1072 1610 1103 militant:
1636 1083 1752 1114 easque
1776 1084 1842 1104 non
1862 1074 1921 1104 alia
1944 1075 1994 1105 via
2018 1076 2097 1106 solvi
2121 1087 2214 1116 posse
2238 1079 2400 1117 admonet,

1326 1116 1386 1146 nisi
1416 1126 1602 1147 asseramus
1632 1116 1763 1160 (inquit)
1793 1124 1828 1149 ut
1850 1119 1980 1159 quidam
2006 1121 2155 1159 voluere,
2186 1132 2212 1152 s.
2248 1123 2400 1154 Thomam

1327 1165 1438 1190 natum
1461 1161 1682 1201 septemdecim
1707 1172 1811 1193 annos
1834 1161 1931 1204 (quos
1956 1174 2015 1204 ego
2040 1166 2217 1205 completos
2245 1167 2401 1211 intelligo)

1330 1203 1484 1235 Ordinem
1508 1205 1772 1236 Praedicatorum
1798 1208 1980 1248 ingressum
2010 1219 2086 1239 esse.

1394 1249 1431 1279 11.
1457 1250 1623 1286 Quorsum
1642 1260 1717 1280 vero
1745 1258 1810 1281 tam
1830 1251 1993 1291 diligenter
2013 1253 2152 1284 discussa
2176 1255 2238 1285 divi
2254 1255 2401 1287 Thomae

1326 1299 1490 1333 gestorum
1521 1294 1794 1335 chronographia,
1832 1303 1975 1327 veterum
2005 1298 2188 1329 testimonio
2222 1299 2340 1339 digesta
2371 1308 2402 1332 et

1327 1336 1553 1378 comprobata?
1577 1339 1620 1370 Ut
1639 1347 1803 1380 postremo
1823 1340 1975 1371 nimirum
1999 1350 2187 1382 argumento
2206 1344 2400 1376 validissimo

1327 1391 1363 1412 ea
1382 1382 1601 1423 profligentur,
1616 1394 1698 1424 quae
1718 1385 1756 1415 de
1775 1385 1968 1416 monachatu
1988 1387 2135 1418 Thomae
2150 1396 2253 1419 narrat
2273 1389 2400 1431 Disqui-

1327 1426 1414 1458 sitor.
1439 1427 1494 1458 Ait
1512 1427 1579 1458 ille:
1603 1429 1818 1460 Monasticam
1837 1430 2075 1471 professionem
2102 1432 2214 1463 Casini
2236 1444 2255 1464 a
2281 1434 2399 1465 Thoma

1327 1473 1475 1502 emissam
1507 1482 1594 1503 anno
1631 1474 1711 1504 1235
1745 1475 1862 1505 aetatis
1897 1476 1944 1506 15.
1975 1478 2018 1506 At
2048 1486 2133 1506 anno
2166 1477 2282 1508 Christi
2319 1480 2398 1509 1235

1327 1522 1420 1547 natus
1444 1523 1509 1547 erat
1531 1517 1677 1548 Thomas
1705 1525 1760 1549 aut
1783 1519 1961 1558 decimum,
1993 1527 2048 1551 aut
2078 1521 2285 1552 undecimum
2309 1523 2401 1553 dum-

1326 1567 1410 1591 taxat
1438 1561 1546 1592 aetatis
1575 1570 1712 1601 annum;
1743 1573 1816 1594 cum
1840 1563 1948 1604 ipsum
1972 1575 2068 1596 nemo
2098 1573 2241 1596 veterum
2272 1574 2326 1598 aut
2349 1568 2402 1598 ad-

1327 1612 1408 1635 serat
1445 1612 1500 1636 aut
1529 1606 1647 1638 indicet
1677 1607 1830 1638 emissum
1853 1608 1886 1638 in
1912 1609 2018 1639 lucem
2051 1617 2122 1641 ante
2151 1621 2274 1641 annum
2308 1614 2400 1643 1225.

1326 1649 1431 1689 Pergit
1454 1650 1506 1681 ille
1537 1657 1567 1682 et
1595 1651 1656 1682 ait:
1688 1654 1783 1683 Anno
1822 1654 1903 1694 1239
1925 1655 2042 1685 aetatis
2070 1665 2127 1695 19,
2162 1656 2303 1696 expilato
2339 1657 2401 1687 Ca-

1325 1695 1448 1725 sinensi
1477 1696 1678 1726 Monasterio
1709 1707 1729 1727 a
1753 1697 1920 1728 Friderico
1944 1699 1985 1728 II
2013 1699 2234 1740 Imperatore,
2267 1702 2399 1732 eiectum

1331 1739 1483 1769 Thomam
1509 1749 1580 1770 cum
1605 1742 1741 1772 caeteris
1765 1743 1937 1773 monachis.
1963 1744 2037 1774 Non
2062 1754 2101 1774 eo
2125 1754 2226 1783 anno,
2250 1745 2401 1776 violentia

1326 1783 1546 1824 Imperatoris,
1578 1794 1594 1815 e
1618 1785 1811 1816 Monasterio
1843 1786 2006 1818 Casinensi
2031 1787 2184 1827 eiectum,
2219 1789 2274 1820 sed
2297 1790 2400 1821 adhuc

1325 1828 1498 1868 puerulum
1522 1839 1539 1859 a
1563 1830 1745 1870 parentibus
1769 1838 1970 1870 revocatum,
1996 1839 2031 1863 ut
2054 1832 2086 1864 in
2111 1833 2226 1864 scholis
2259 1835 2400 1875 neapoli-

1325 1872 1405 1903 tanis
1430 1872 1551 1904 felicius
1576 1874 1731 1905 excoleret
1754 1875 1899 1906 divinum
1922 1876 2103 1917 ingenium,
2138 1878 2332 1918 apertissime
2356 1886 2400 1910 te-

1325 1923 1424 1948 statur
1447 1917 1639 1949 Guillelmus
1664 1919 1703 1950 de
1726 1920 1847 1951 Tocco.
1882 1921 2060 1961 Ingressum
2085 1922 2227 1953 eiusdem
2250 1923 2283 1953 in
2307 1923 2399 1955 Ordi-

1325 1971 1400 1992 nem
1415 1962 1672 1994 Praedicatorum
1691 1963 1784 1995 refert
1798 1965 1842 1995 ad
1854 1975 1977 1996 annum
1995 1966 2116 1997 Christi
2136 1968 2216 2007 1243
2236 1973 2267 1998 et
2284 1969 2400 1999 aetatis

1326 2007 1508 2037 vicesimum
1533 2009 1673 2039 tertium.
1698 2009 1823 2049 Nempe
1842 2010 1990 2041 adversos
2014 2011 2107 2042 habet
2128 2019 2246 2042 veteres
2266 2022 2399 2051 omnes,

1325 2051 1380 2092 qui
1409 2051 1574 2082 Thomam
1598 2053 1740 2093 produnt
1770 2054 1975 2085 dominicano
2007 2055 2262 2087 Praedicatorum
2287 2057 2400 2088 Ordini

1325 2095 1447 2126 dedisse
1472 2106 1609 2135 nomen,
1641 2097 1790 2128 iuvenem
1814 2099 1918 2130 adhuc
1948 2099 2142 2139 imberbem,
2174 2111 2248 2132 cum
2279 2111 2400 2132 annum

1325 2140 1432 2171 aetatis
1452 2148 1567 2181 ageret,
1583 2149 1619 2172 ut
1638 2152 1814 2180 summum,
1832 2143 1993 2174 decimum
2012 2152 2172 2175 octavum.
2194 2145 2328 2176 Obitum
2348 2147 2400 2176 de-

1324 2185 1421 2226 nique
1446 2185 1513 2216 eius
1533 2196 1604 2216 cum
1620 2196 1707 2217 anno
1728 2189 1845 2218 aetatis
1865 2189 2132 2230 quinquagesimo
2151 2195 2267 2230 quarto
2288 2190 2397 2230 illigat,

1323 2230 1575 2270 repugnantibus
1594 2231 1782 2272 synchronis
1802 2233 1952 2263 omnibus
1981 2233 2111 2264 testibus
2127 2244 2162 2264 ac
2179 2234 2283 2264 invitis
2304 2235 2400 2265 etiam

1324 2273 1392 2304 diis.
1418 2277 1461 2305 At
1484 2275 1560 2306 haec
1585 2276 1693 2306 omnia
1708 2276 1740 2306 in
1756 2284 2003 2317 praeconceptae
2028 2277 2157 2308 fabellae
2172 2278 2304 2318 gratiam
2326 2279 2399 2317 dici,

1323 2318 1580 2360 singularemque
1610 2330 1646 2350 ac
1670 2320 1847 2351 mirabilem
1877 2321 1910 2351 in
1942 2321 2229 2363 chronographiam
2259 2323 2355 2363 redigi
2380 2334 2398 2354 a

1322 2362 1534 2404 Disquisitore
1558 2364 1753 2395 debuerunt:
1779 2365 1829 2395 cui
1854 2375 1913 2405 ego
1938 2366 2070 2397 demum
2101 2367 2275 2398 subiectam
2301 2369 2397 2398 tabel-

1322 2407 1386 2437 lam
1411 2418 1563 2448 oppono,
1592 2408 1624 2438 in
1648 2419 1712 2450 qua
1743 2410 1833 2440 annis
1857 2410 1964 2441 aetatis
1996 2411 2059 2441 divi
2089 2411 2237 2442 Thomae
2266 2412 2396 2454 eiusque

1321 2451 1426 2491 gestis,
1447 2462 1529 2493 quae
1553 2453 1592 2483 ad
1616 2460 1813 2493 praesentem
1844 2454 1977 2486 attinent
2000 2455 2281 2497 Disquisitionem,
2313 2457 2398 2488 iuxta

1322 2495 1493 2527 meliorum
1524 2497 1766 2539 priscorumque
1799 2498 1866 2529 eius
1895 2499 1977 2530 vitae
2007 2500 2199 2541 scriptorum
2240 2501 2337 2531 fidem
2368 2508 2399 2532 et

1321 2540 1542 2572 auctoritatem
1566 2542 1776 2582 coordinatis,
1808 2553 1875 2573 uno
1900 2551 2073 2584 conspectu
2097 2545 2232 2586 quisque
2256 2546 2396 2584 noverit,

1321 2585 1448 2615 nullum
1472 2596 1635 2626 superesse
1658 2587 1787 2626 locum,
1820 2588 1870 2618 cui
1893 2589 2103 2620 monachatus
2140 2590 2287 2620 Thomae
2317 2590 2398 2621 eius-

1322 2629 1460 2671 demque
1474 2630 1631 2670 professio
1645 2638 1723 2662 voto
1739 2632 1875 2662 solemni
1894 2632 2017 2664 firmata
2032 2633 2116 2674 affigi
2131 2635 2241 2674 possit.
2257 2635 2396 2675 Nempe:

1387 2676 1484 2705 Anno
1515 2677 1609 2715 1226,
1629 2683 1665 2706 ut
1684 2677 1879 2716 probabilior
1902 2677 1961 2708 fert
1980 2678 2234 2719 chronographia
2254 2686 2397 2710 veterum

1320 2717 1382 2748 fide
1402 2720 1629 2759 comprobata,
1649 2721 1788 2751 nascitur
1806 2721 1898 2752 divus
1916 2722 2077 2760 Thomas,
2097 2730 2183 2763 patre
2204 2723 2396 2763 Landulpho

1321 2762 1450 2794 Comite
1473 2765 1643 2805 Aquinate,
1664 2772 1764 2796 matre
1778 2766 1951 2797 Theodora
1965 2767 2095 2797 Theatis
2111 2767 2248 2798 Comitis
2272 2767 2344 2798 filia.

1387 2810 1484 2839 Anno
1514 2810 1607 2848 1231,
1623 2810 1731 2840 aetatis
1746 2810 1968 2851 quinquennio
1989 2811 2069 2842 forte
2084 2812 2220 2852 expleto,
2241 2812 2396 2843 Casinum

1320 2852 1456 2883 mittitur
1478 2863 1496 2883 a
1520 2854 1713 2893 parentibus,
1738 2854 1793 2885 ubi
1816 2862 1886 2885 tum
1910 2855 2075 2886 monachis
2098 2862 2238 2896 praeerat
2257 2857 2396 2887 Landul-

1320 2897 1404 2937 phus
1428 2897 1640 2937 Senebaldus,
1671 2899 1815 2929 moribus
1839 2906 1870 2930 et
1899 2900 2007 2931 litteris
2036 2900 2274 2939 informandus,
2306 2911 2395 2932 more

1320 2941 1478 2972 nobilium
1502 2943 1620 2982 patriae
1644 2950 1675 2974 et
1702 2944 1848 2983 regionis.

1386 2988 1484 3016 Anno
1520 2988 1600 3018 1235
1634 2995 1689 3018 aut
1725 2989 1806 3019 1236
1840 2988 1985 3027 ineunte,
2017 2989 2125 3019 aetatis
2158 2999 2244 3020 anno
2268 2989 2394 3020 decimo

1318 3030 1370 3060 vel
1388 3031 1560 3062 undecimo
1579 3031 1741 3070 inchoato,
1762 3033 1884 3063 Abbate
1903 3033 2065 3070 suadente,
2090 3033 2208 3064 Casino
2231 3041 2395 3064 revocatur

1319 3085 1337 3104 a
1356 3075 1539 3115 parentibus
1563 3083 1594 3107 et
1607 3077 1778 3117 Neapolim
1797 3077 1932 3108 mittitur
1951 3078 1991 3107 ad
2009 3077 2152 3117 publicas
2171 3085 2202 3108 et
2221 3078 2394 3109 saeculares

1319 3119 1463 3158 scholas,
1492 3130 1578 3150 anno
1608 3131 1691 3160 1224
1715 3132 1732 3151 a
1756 3121 1915 3152 Friderico
1940 3122 2133 3162 Imperatore
2156 3122 2330 3162 institutas,
2355 3123 2393 3153 ab

1319 3164 1499 3205 eodemque
1523 3175 1608 3195 anno
1638 3166 1721 3205 1234
1744 3165 1941 3196 instauratas.

1385 3210 1482 3238 Anno
1521 3210 1602 3248 1243
1633 3210 1763 3240 cadente
1799 3210 1848 3240 vel
1879 3210 2007 3241 ineunte
2051 3220 2150 3250 1244,
2186 3222 2260 3242 cum
2291 3222 2392 3242 annus

1318 3253 1426 3283 aetatis
1450 3253 1517 3283 eius
1540 3253 1698 3284 laberetur
1721 3254 1863 3284 decimus
1887 3262 2028 3292 octavus,
2053 3255 2207 3286 Ordinem
2231 3256 2391 3287 Praedica-

1317 3303 1426 3327 torum
1450 3298 1585 3337 Neapoli
1608 3298 1641 3328 in
1665 3309 1689 3328 s.
1706 3298 1866 3329 Dominici
1891 3299 2048 3329 coenobio
2073 3300 2283 3340 amplectitur.

1384 3343 1480 3371 Anno
1511 3342 1605 3381 1248,
1629 3343 1679 3372 vel
1702 3350 1813 3382 postea
1837 3343 1942 3374 oblata
1966 3344 2069 3374 eidem
2093 3343 2154 3374 fuit
2176 3344 2311 3374 Abbatia
2331 3344 2391 3374 Ca-

1317 3384 1460 3422 sinensis,
1485 3386 1510 3415 si
1534 3393 1641 3416 tamen
1665 3397 1821 3427 umquam
1849 3387 1954 3418 oblata
1978 3388 2039 3418 dici
2064 3388 2191 3425 debeat,
2223 3398 2259 3418 ea
2283 3388 2391 3418 condi-

1317 3428 1415 3466 tione,
1440 3436 1476 3459 ut
1499 3430 1532 3459 in
1555 3430 1676 3460 Ordine
1701 3437 1731 3460 et
1753 3431 1862 3461 habitu
1887 3441 1946 3461 suo
1971 3438 2127 3471 praeesset
2151 3431 2266 3462 officio.

1383 3475 1480 3502 Anno
1520 3483 1602 3514 1274
1635 3474 1742 3504 aetatis
1773 3475 2016 3515 quadragesimo
2050 3486 2138 3505 nono
2171 3476 2320 3516 incepto,
2353 3483 2390 3507 ut

1316 3517 1512 3556 probabilius
1535 3517 1670 3555 videtur,
1695 3528 1769 3548 cum
1792 3518 1850 3548 iter
1873 3526 1977 3558 ageret
1999 3519 2039 3549 ad
2063 3519 2277 3559 Lugdunense
2302 3520 2389 3551 Con—

1317 3560 1436 3598 cilium,
1461 3561 1576 3591 morbo
1597 3569 1759 3602 correptus
1783 3569 1814 3592 et
1836 3562 1869 3592 in
1898 3563 2055 3593 coenobio
2081 3564 2317 3595 monachorum
2337 3564 2390 3596 Ci-

1316 3604 1533 3635 sterciensium
1556 3606 1791 3636 Fossae-novae
1814 3607 1956 3647 hospitio·
1980 3615 2139 3648 exceptus,
2163 3609 2389 3648 ingravescenti

1315 3649 1431 3679 morbo
1457 3648 1597 3680 cedit‘ac
1620 3650 1755 3681 moritur
1777 3651 1988 3691 placidissime
2011 3652 2043 3682 in
2068 3653 2180 3684 osculo
2203 3653 2345 3684 Domini.
