<?xml version="1.0" encoding="UTF-8"?>
<!DOCTYPE html PUBLIC "-//W3C//DTD XHTML 1.0 Transitional//EN"
    "http://www.w3.org/TR/xhtml1/DTD/xhtml1-transitional.dtd">
<html xmlns="http://www.w3.org/1999/xhtml" xml:lang="en" lang="en">
 <head>
  <title>
</title>
<meta http-equiv="Content-Type" content="text/html;charset=utf-8" />
  <meta name='ocr-system' content='tesseract 3.04.00' />
  <meta name='ocr-capabilities' content='ocr_page ocr_carea ocr_par ocr_line ocrx_word'/>
</head>
<body>
  <div class='ocr_page' id='page_1' title='image "./operaomniaiussui01thom/operaomniaiussui01thom_0441.png"; bbox 0 0 2788 4204; ppageno 0'>
   <div class='ocr_carea' id='block_1_1' title="bbox 1141 316 1652 363">
    <p class='ocr_par' dir='ltr' id='par_1_1' title="bbox 1141 316 1652 363">
     <span class='ocr_line' id='line_1_1' title="bbox 1141 316 1652 363; baseline 0.008 -12"><span class='ocrx_word' id='word_1_1' title='bbox 1141 316 1252 352; x_wconf 87' lang='lat' dir='ltr'>CAP.</span> <span class='ocrx_word' id='word_1_2' title='bbox 1283 317 1351 363; x_wconf 80' lang='lat' dir='ltr'>lx,</span> <span class='ocrx_word' id='word_1_3' title='bbox 1382 317 1532 354; x_wconf 88' lang='lat' dir='ltr'>LECT.</span> <span class='ocrx_word' id='word_1_4' title='bbox 1563 318 1652 355; x_wconf 80' lang='lat' dir='ltr'>xlv</span> 
     </span>
    </p>
   </div>
   <div class='ocr_carea' id='block_1_2' title="bbox 294 391 1357 441">
    <p class='ocr_par' dir='ltr' id='par_1_2' title="bbox 235 391 1357 441">
     <span class='ocr_line' id='line_1_2' title="bbox 294 391 1357 441; baseline 0.003 -13.842"><span class='ocrx_word' id='word_1_5' title='bbox 294 403 411 428; x_wconf 86' lang='lat' dir='ltr'>unam</span> <span class='ocrx_word' id='word_1_6' title='bbox 425 398 573 440; x_wconf 86' lang='lat' dir='ltr'>partem</span> <span class='ocrx_word' id='word_1_7' title='bbox 603 401 719 440; x_wconf 91' lang='lat' dir='ltr'>quam</span> <span class='ocrx_word' id='word_1_8' title='bbox 738 391 776 428; x_wconf 91' lang='lat' dir='ltr'>in</span> <span class='ocrx_word' id='word_1_9' title='bbox 797 391 920 429; x_wconf 87' lang='lat' dir='ltr'>aliam.</span> <span class='ocrx_word' id='word_1_10' title='bbox 951 393 1005 428; x_wconf 90' lang='lat' dir='ltr'>Ita</span> <span class='ocrx_word' id='word_1_11' title='bbox 1025 392 1138 429; x_wconf 89' lang='lat' dir='ltr'>etiarn</span> <span class='ocrx_word' id='word_1_12' title='bbox 1159 400 1214 429; x_wconf 92' lang='lat' dir='ltr'>est</span> <span class='ocrx_word' id='word_1_13' title='bbox 1238 394 1357 441; x_wconf 90' lang='lat' dir='ltr'>quod-</span> 
     </span>
    </p>
   </div>
   <div class='ocr_carea' id='block_1_3' title="bbox 44 819 262 895">
    <p class='ocr_par' dir='ltr' id='par_1_3' title="bbox 44 819 262 894">
     <span class='ocr_line' id='line_1_3' title="bbox 47 819 262 870; baseline 0.005 -2.005"><span class='ocrx_word' id='word_1_14' title='bbox 47 819 181 869; x_wconf 52' lang='lat' dir='ltr'>commeant.</span> <span class='ocrx_word' id='word_1_15' title='bbox 193 854 204 869; x_wconf 80' lang='lat' dir='ltr'>s</span> <span class='ocrx_word' id='word_1_16' title='bbox 189 827 262 870; x_wconf 55' lang='grc' dir='ltr'>ῃῖἦι.</span> 
     </span>
     <span class='ocr_line' id='line_1_4' title="bbox 44 873 149 895; baseline 0 -1"><span class='ocrx_word' id='word_1_17' title='bbox 44 873 100 894; x_wconf 74' lang='grc' dir='ltr'>Ιεοι.</span> <span class='ocrx_word' id='word_1_18' title='bbox 111 879 149 895; x_wconf 86' lang='lat' dir='ltr'>xv.</span> 
     </span>
    </p>
   </div>
   <div class='ocr_carea' id='block_1_4' title="bbox 47 1031 260 1061">
    <p class='ocr_par' dir='ltr' id='par_1_4' title="bbox 47 1031 260 1061">
     <span class='ocr_line' id='line_1_5' title="bbox 47 1031 260 1061; baseline 0 -7"><span class='ocrx_word' id='word_1_19' title='bbox 47 1031 159 1054; x_wconf 53' lang='lat' dir='ltr'>‘Coddn</span> <span class='ocrx_word' id='word_1_20' title='bbox 149 1038 195 1054; x_wconf 69' lang='lat' dir='ltr'>-.r·</span> <span class='ocrx_word' id='word_1_21' title='bbox 201 1039 260 1061; x_wconf 81' lang='lat' dir='ltr'>per-</span> 
     </span>
    </p>
   </div>
   <div class='ocr_carea' id='block_1_5' title="bbox 45 1058 251 1109">
    <p class='ocr_par' dir='ltr' id='par_1_5' title="bbox 45 1058 251 1109">
     <span class='ocr_line' id='line_1_6' title="bbox 45 1058 251 1109; baseline 0.005 -2"><span class='ocrx_word' id='word_1_22' title='bbox 45 1058 168 1108; x_wconf 50' lang='lat' dir='ltr'>fl‘ffli..</span> <span class='ocrx_word' id='word_1_23' title='bbox 181 1086 251 1109; x_wconf 63' lang='lat' dir='ltr'>codd.</span> 
     </span>
    </p>
   </div>
   <div class='ocr_carea' id='block_1_6' title="bbox 0 2136 74 4204">
    <p class='ocr_par' dir='ltr' id='par_1_6' title="bbox 0 2136 74 4204">
     <span class='ocr_line' id='line_1_7' title="bbox 0 2136 74 4204; baseline 0 0"><span class='ocrx_word' id='word_1_24' title='bbox 0 2136 74 4204; x_wconf 95' lang='lat' dir='ltr'> </span> 
     </span>
    </p>
   </div>
   <div class='ocr_carea' id='block_1_7' title="bbox 288 443 1359 1237">
    <p class='ocr_par' dir='ltr' id='par_1_7' title="bbox 288 443 1359 1237">
     <span class='ocr_line' id='line_1_8' title="bbox 295 443 1359 495; baseline 0.003 -15"><span class='ocrx_word' id='word_1_25' title='bbox 295 443 384 481; x_wconf 91' lang='lat' dir='ltr'>dam</span> <span class='ocrx_word' id='word_1_26' title='bbox 404 445 551 481; x_wconf 91' lang='lat' dir='ltr'>bonurn</span> <span class='ocrx_word' id='word_1_27' title='bbox 581 444 685 493; x_wconf 90' lang='lat' dir='ltr'>quod</span> <span class='ocrx_word' id='word_1_28' title='bbox 715 451 771 481; x_wconf 88' lang='lat' dir='ltr'>est</span> <span class='ocrx_word' id='word_1_29' title='bbox 789 452 946 493; x_wconf 90' lang='lat' dir='ltr'>propter</span> <span class='ocrx_word' id='word_1_30' title='bbox 965 457 1004 482; x_wconf 89' lang='lat' dir='ltr'>se</span> <span class='ocrx_word' id='word_1_31' title='bbox 1029 445 1242 495; x_wconf 86' lang='lat' dir='ltr'>appetibile,</span> <span class='ocrx_word' id='word_1_32' title='bbox 1263 447 1359 484; x_wconf 91' lang='lat' dir='ltr'>sicut</span> 
     </span>
     <span class='ocr_line' id='line_1_9' title="bbox 294 496 1357 546; baseline 0.003 -13"><span class='ocrx_word' id='word_1_33' title='bbox 294 496 458 544; x_wconf 84' lang='lat' dir='ltr'><strong>felicitas,</strong></span> <span class='ocrx_word' id='word_1_34' title='bbox 471 509 568 546; x_wconf 91' lang='lat' dir='ltr'>quae</span> <span class='ocrx_word' id='word_1_35' title='bbox 588 498 703 534; x_wconf 86' lang='lat' dir='ltr'>habet</span> <span class='ocrx_word' id='word_1_36' title='bbox 717 497 903 534; x_wconf 90' lang='lat' dir='ltr'>rationem</span> <span class='ocrx_word' id='word_1_37' title='bbox 918 498 1039 535; x_wconf 89' lang='lat' dir='ltr'>ultimi</span> <span class='ocrx_word' id='word_1_38' title='bbox 1054 498 1158 545; x_wconf 80' lang='lat' dir='ltr'>finis3</span> <span class='ocrx_word' id='word_1_39' title='bbox 1175 506 1211 535; x_wconf 92' lang='lat' dir='ltr'>et</span> <span class='ocrx_word' id='word_1_40' title='bbox 1229 500 1357 537; x_wconf 90' lang='lat' dir='ltr'>huius-</span> 
     </span>
     <span class='ocr_line' id='line_1_10' title="bbox 293 550 1357 590; baseline 0.004 -4"><span class='ocrx_word' id='word_1_41' title='bbox 293 550 399 587; x_wconf 91' lang='lat' dir='ltr'>modi</span> <span class='ocrx_word' id='word_1_42' title='bbox 428 551 531 587; x_wconf 93' lang='lat' dir='ltr'>bono</span> <span class='ocrx_word' id='word_1_43' title='bbox 562 563 606 587; x_wconf 86' lang='lat' dir='ltr'>ex</span> <span class='ocrx_word' id='word_1_44' title='bbox 635 550 854 588; x_wconf 86' lang='lat' dir='ltr'>necessitate</span> <span class='ocrx_word' id='word_1_45' title='bbox 883 551 1052 588; x_wconf 82' lang='lat' dir='ltr'>inhaeret</span> <span class='ocrx_word' id='word_1_46' title='bbox 1070 553 1262 590; x_wconf 88' lang='lat' dir='ltr'>voluntas:</span> <span class='ocrx_word' id='word_1_47' title='bbox 1293 565 1357 590; x_wconf 91' lang='lat' dir='ltr'>na-</span> 
     </span>
     <span class='ocr_line' id='line_1_11' title="bbox 291 603 1358 656; baseline 0.005 -17"><span class='ocrx_word' id='word_1_48' title='bbox 291 603 400 639; x_wconf 90' lang='lat' dir='ltr'>turali</span> <span class='ocrx_word' id='word_1_49' title='bbox 430 603 531 640; x_wconf 91' lang='lat' dir='ltr'>enirn</span> <span class='ocrx_word' id='word_1_50' title='bbox 561 604 727 653; x_wconf 90' lang='lat' dir='ltr'>quadarn</span> <span class='ocrx_word' id='word_1_51' title='bbox 756 604 976 641; x_wconf 87' lang='lat' dir='ltr'>necessitate</span> <span class='ocrx_word' id='word_1_52' title='bbox 1007 617 1142 643; x_wconf 90' lang='lat' dir='ltr'>omnes</span> <span class='ocrx_word' id='word_1_53' title='bbox 1176 614 1358 656; x_wconf 87' lang='lat' dir='ltr'>appetunt</span> 
     </span>
     <span class='ocr_line' id='line_1_12' title="bbox 293 657 1358 708; baseline 0.004 -15"><span class='ocrx_word' id='word_1_54' title='bbox 293 667 374 693; x_wconf 91' lang='lat' dir='ltr'>esse</span> <span class='ocrx_word' id='word_1_55' title='bbox 395 657 531 694; x_wconf 89' lang='lat' dir='ltr'>felices.</span> <span class='ocrx_word' id='word_1_56' title='bbox 563 657 765 704; x_wconf 87' lang='lat' dir='ltr'>Quaedam</span> <span class='ocrx_word' id='word_1_57' title='bbox 784 670 877 694; x_wconf 89' lang='lat' dir='ltr'>vero</span> <span class='ocrx_word' id='word_1_58' title='bbox 903 666 990 695; x_wconf 90' lang='lat' dir='ltr'>sunt</span> <span class='ocrx_word' id='word_1_59' title='bbox 1010 658 1123 706; x_wconf 89' lang='lat' dir='ltr'>bona,</span> <span class='ocrx_word' id='word_1_60' title='bbox 1153 672 1250 708; x_wconf 91' lang='lat' dir='ltr'>quae</span> <span class='ocrx_word' id='word_1_61' title='bbox 1272 669 1358 697; x_wconf 89' lang='lat' dir='ltr'>sunt</span> 
     </span>
     <span class='ocr_line' id='line_1_13' title="bbox 291 710 1357 771; baseline 0.005 -25"><span class='ocrx_word' id='word_1_62' title='bbox 291 710 506 758; x_wconf 85' lang='lat' dir='ltr'>appetibilia</span> <span class='ocrx_word' id='word_1_63' title='bbox 533 717 689 759; x_wconf 90' lang='lat' dir='ltr'>propter</span> <span class='ocrx_word' id='word_1_64' title='bbox 716 711 852 758; x_wconf 91' lang='lat' dir='ltr'>finem,</span> <span class='ocrx_word' id='word_1_65' title='bbox 884 723 982 760; x_wconf 89' lang='lat' dir='ltr'>quae</span> <span class='ocrx_word' id='word_1_66' title='bbox 1012 720 1281 771; x_wconf 82' lang='lat' dir='ltr'>comparantur</span> <span class='ocrx_word' id='word_1_67' title='bbox 1308 714 1357 751; x_wconf 90' lang='lat' dir='ltr'>ad</span> 
     </span>
     <span class='ocr_line' id='line_1_14' title="bbox 290 762 1356 816; baseline 0.005 -17"><span class='ocrx_word' id='word_1_68' title='bbox 290 762 409 799; x_wconf 89' lang='lat' dir='ltr'>finem</span> <span class='ocrx_word' id='word_1_69' title='bbox 438 763 533 800; x_wconf 92' lang='lat' dir='ltr'>sicut</span> <span class='ocrx_word' id='word_1_70' title='bbox 566 764 828 801; x_wconf 87' lang='lat' dir='ltr'>conclusiones</span> <span class='ocrx_word' id='word_1_71' title='bbox 857 765 906 801; x_wconf 93' lang='lat' dir='ltr'>ad</span> <span class='ocrx_word' id='word_1_72' title='bbox 939 764 1187 814; x_wconf 90' lang='lat' dir='ltr'>principium,</span> <span class='ocrx_word' id='word_1_73' title='bbox 1223 774 1264 803; x_wconf 92' lang='lat' dir='ltr'>ut</span> <span class='ocrx_word' id='word_1_74' title='bbox 1291 780 1356 816; x_wconf 89' lang='lat' dir='ltr'>pa-</span> 
     </span>
     <span class='ocr_line' id='line_1_15' title="bbox 290 817 1357 867; baseline 0.005 -15"><span class='ocrx_word' id='word_1_75' title='bbox 290 821 342 851; x_wconf 91' lang='lat' dir='ltr'>tet</span> <span class='ocrx_word' id='word_1_76' title='bbox 368 828 437 865; x_wconf 91' lang='lat' dir='ltr'>per</span> <span class='ocrx_word' id='word_1_77' title='bbox 465 817 741 866; x_wconf 89' lang='lat' dir='ltr'>Philosophum</span> <span class='ocrx_word' id='word_1_78' title='bbox 770 817 808 854; x_wconf 93' lang='lat' dir='ltr'>in</span> <span class='ocrx_word' id='word_1_79' title='bbox 824 819 856 854; x_wconf 95' lang='grc' dir='ltr'>ΙΙ</span> <span class='ocrx_word' id='word_1_80' title='bbox 871 819 1166 866; x_wconf 85' lang='lat' dir='ltr'>Physicorum.</span> <span class='ocrx_word' id='word_1_81' title='bbox 1136 820 1155 840; x_wconf 77' lang='lat'>&#39;¹‘</span> <span class='ocrx_word' id='word_1_82' title='bbox 1190 819 1228 856; x_wconf 88' lang='lat' dir='ltr'>Si</span> <span class='ocrx_word' id='word_1_83' title='bbox 1248 819 1357 867; x_wconf 90' lang='lat' dir='ltr'>igitur</span> 
     </span>
     <span class='ocr_line' id='line_1_16' title="bbox 291 849 1357 920; baseline 0.005 -15"><span class='ocrx_word' id='word_1_84' title='bbox 291 876 415 906; x_wconf 88' lang='lat' dir='ltr'>essent</span> <span class='ocrx_word' id='word_1_85' title='bbox 443 870 567 919; x_wconf 91' lang='lat' dir='ltr'>aliqua</span> <span class='ocrx_word' id='word_1_86' title='bbox 595 871 708 917; x_wconf 88' lang='lat' dir='ltr'>bona,</span> <span class='ocrx_word' id='word_1_87' title='bbox 740 870 877 920; x_wconf 92' lang='lat' dir='ltr'>quibus</span> <span class='ocrx_word' id='word_1_88' title='bbox 896 884 975 908; x_wconf 92' lang='lat' dir='ltr'>non</span> <span class='ocrx_word' id='word_1_89' title='bbox 995 849 1248 919; x_wconf 81' lang='lat' dir='ltr'>existentibus,</span> <span class='ocrx_word' id='word_1_90' title='bbox 1278 886 1357 910; x_wconf 90' lang='lat' dir='ltr'>non</span> 
     </span>
     <span class='ocr_line' id='line_1_17' title="bbox 288 923 1356 973; baseline 0.004 -15"><span class='ocrx_word' id='word_1_91' title='bbox 288 929 419 971; x_wconf 90' lang='lat' dir='ltr'>posset</span> <span class='ocrx_word' id='word_1_92' title='bbox 444 923 576 973; x_wconf 90' lang='lat' dir='ltr'>aliquis</span> <span class='ocrx_word' id='word_1_93' title='bbox 602 936 683 961; x_wconf 91' lang='lat' dir='ltr'>esse</span> <span class='ocrx_word' id='word_1_94' title='bbox 704 924 799 971; x_wconf 89' lang='lat' dir='ltr'>felix,</span> <span class='ocrx_word' id='word_1_95' title='bbox 825 925 921 961; x_wconf 90' lang='lat' dir='ltr'>haec</span> <span class='ocrx_word' id='word_1_96' title='bbox 946 924 1058 962; x_wconf 89' lang='lat' dir='ltr'>etiam</span> <span class='ocrx_word' id='word_1_97' title='bbox 1079 933 1203 962; x_wconf 92' lang='lat' dir='ltr'>essent</span> <span class='ocrx_word' id='word_1_98' title='bbox 1228 938 1272 962; x_wconf 85' lang='lat' dir='ltr'>ex</span> <span class='ocrx_word' id='word_1_99' title='bbox 1291 938 1356 962; x_wconf 93' lang='lat' dir='ltr'>ne-</span> 
     </span>
     <span class='ocr_line' id='line_1_18' title="bbox 290 975 1357 1027; baseline 0.003 -15"><span class='ocrx_word' id='word_1_100' title='bbox 290 975 459 1014; x_wconf 86' lang='lat' dir='ltr'>cessitate</span> <span class='ocrx_word' id='word_1_101' title='bbox 493 977 709 1026; x_wconf 87' lang='lat' dir='ltr'>appetibilia</span> <span class='ocrx_word' id='word_1_102' title='bbox 744 985 780 1014; x_wconf 93' lang='lat' dir='ltr'>et</span> <span class='ocrx_word' id='word_1_103' title='bbox 811 978 977 1014; x_wconf 85' lang='lat' dir='ltr'>maxime</span> <span class='ocrx_word' id='word_1_104' title='bbox 1012 978 1114 1026; x_wconf 91' lang='lat' dir='ltr'>apud</span> <span class='ocrx_word' id='word_1_105' title='bbox 1148 991 1257 1025; x_wconf 89' lang='lat' dir='ltr'>eum,</span> <span class='ocrx_word' id='word_1_106' title='bbox 1292 979 1357 1027; x_wconf 91' lang='lat' dir='ltr'>qui</span> 
     </span>
     <span class='ocr_line' id='line_1_19' title="bbox 289 1029 1354 1079; baseline 0.002 -14"><span class='ocrx_word' id='word_1_107' title='bbox 289 1030 403 1066; x_wconf 90' lang='lat' dir='ltr'>talem</span> <span class='ocrx_word' id='word_1_108' title='bbox 419 1029 593 1067; x_wconf 90' lang='lat' dir='ltr'>ordinem</span> <span class='ocrx_word' id='word_1_109' title='bbox 612 1030 824 1079; x_wconf 90' lang='lat' dir='ltr'>perciperet</span> <span class='ocrx_word' id='word_1_110' title='bbox 833 1031 864 1076; x_wconf 85' lang='lat'>*;</span> <span class='ocrx_word' id='word_1_111' title='bbox 886 1039 922 1068; x_wconf 89' lang='lat' dir='ltr'>et</span> <span class='ocrx_word' id='word_1_112' title='bbox 941 1031 1035 1068; x_wconf 85' lang='lat' dir='ltr'>forte</span> <span class='ocrx_word' id='word_1_113' title='bbox 1055 1031 1142 1068; x_wconf 89' lang='lat' dir='ltr'>talia</span> <span class='ocrx_word' id='word_1_114' title='bbox 1160 1038 1247 1068; x_wconf 90' lang='lat' dir='ltr'>sunt</span> <span class='ocrx_word' id='word_1_115' title='bbox 1261 1043 1354 1077; x_wconf 83' lang='lat' dir='ltr'>esse,</span> 
     </span>
     <span class='ocr_line' id='line_1_20' title="bbox 288 1082 1354 1133; baseline 0.002 -15"><span class='ocrx_word' id='word_1_116' title='bbox 288 1082 416 1119; x_wconf 76' lang='lat' dir='ltr'>vivere</span> <span class='ocrx_word' id='word_1_117' title='bbox 444 1090 480 1119; x_wconf 91' lang='lat' dir='ltr'>et</span> <span class='ocrx_word' id='word_1_118' title='bbox 507 1083 715 1133; x_wconf 86' lang='lat' dir='ltr'>intelligere</span> <span class='ocrx_word' id='word_1_119' title='bbox 748 1091 783 1120; x_wconf 92' lang='lat' dir='ltr'>et</span> <span class='ocrx_word' id='word_1_120' title='bbox 811 1083 841 1120; x_wconf 92' lang='lat' dir='ltr'>si</span> <span class='ocrx_word' id='word_1_121' title='bbox 870 1096 945 1132; x_wconf 91' lang='lat' dir='ltr'>qua</span> <span class='ocrx_word' id='word_1_122' title='bbox 974 1084 1045 1120; x_wconf 89' lang='lat' dir='ltr'>alia</span> <span class='ocrx_word' id='word_1_123' title='bbox 1073 1084 1193 1120; x_wconf 80' lang='lat' dir='ltr'>sunt*</span> <span class='ocrx_word' id='word_1_124' title='bbox 1208 1083 1354 1120; x_wconf 92' lang='lat' dir='ltr'>similia.</span> 
     </span>
     <span class='ocr_line' id='line_1_21' title="bbox 290 1135 1356 1185; baseline 0.001 -14"><span class='ocrx_word' id='word_1_125' title='bbox 290 1135 375 1180; x_wconf 55' lang='lat' dir='ltr'>Sed,</span> <span class='ocrx_word' id='word_1_126' title='bbox 393 1136 631 1184; x_wconf 88' lang='lat' dir='ltr'>particularia</span> <span class='ocrx_word' id='word_1_127' title='bbox 663 1137 786 1182; x_wconf 91' lang='lat' dir='ltr'>bona,</span> <span class='ocrx_word' id='word_1_128' title='bbox 822 1137 861 1173; x_wconf 90' lang='lat' dir='ltr'>in</span> <span class='ocrx_word' id='word_1_129' title='bbox 889 1137 1027 1185; x_wconf 91' lang='lat' dir='ltr'>quibus</span> <span class='ocrx_word' id='word_1_130' title='bbox 1059 1136 1217 1173; x_wconf 88' lang='lat' dir='ltr'>humani</span> <span class='ocrx_word' id='word_1_131' title='bbox 1252 1144 1356 1173; x_wconf 85' lang='lat' dir='ltr'>actus</span> 
     </span>
     <span class='ocr_line' id='line_1_22' title="bbox 289 1187 1355 1237; baseline 0.001 -13"><span class='ocrx_word' id='word_1_132' title='bbox 289 1187 508 1236; x_wconf 90' lang='lat' dir='ltr'>consistunt,</span> <span class='ocrx_word' id='word_1_133' title='bbox 529 1201 608 1226; x_wconf 92' lang='lat' dir='ltr'>non</span> <span class='ocrx_word' id='word_1_134' title='bbox 627 1197 714 1226; x_wconf 92' lang='lat' dir='ltr'>sunt</span> <span class='ocrx_word' id='word_1_135' title='bbox 732 1189 828 1237; x_wconf 88' lang='lat' dir='ltr'>talia,</span> <span class='ocrx_word' id='word_1_136' title='bbox 850 1202 921 1226; x_wconf 92' lang='lat' dir='ltr'>nec</span> <span class='ocrx_word' id='word_1_137' title='bbox 945 1190 1015 1226; x_wconf 92' lang='lat' dir='ltr'>sub</span> <span class='ocrx_word' id='word_1_138' title='bbox 1046 1202 1090 1226; x_wconf 89' lang='lat' dir='ltr'>ea</span> <span class='ocrx_word' id='word_1_139' title='bbox 1118 1189 1261 1226; x_wconf 90' lang='lat' dir='ltr'>ratione</span> <span class='ocrx_word' id='word_1_140' title='bbox 1291 1201 1355 1237; x_wconf 92' lang='lat' dir='ltr'>ap-</span> 
     </span>
    </p>
   </div>
   <div class='ocr_carea' id='block_1_8' title="bbox 287 1345 1356 1415">
    <p class='ocr_par' dir='ltr' id='par_1_8' title="bbox 287 1345 1356 1414">
     <span class='ocr_line' id='line_1_23' title="bbox 342 1345 1356 1379; baseline -0.001 -8"><span class='ocrx_word' id='word_1_141' title='bbox 342 1345 389 1379; x_wconf 77' lang='grc' dir='ltr'>αα)</span> <span class='ocrx_word' id='word_1_142' title='bbox 407 1346 464 1371; x_wconf 85' lang='lat' dir='ltr'>Nec</span> <span class='ocrx_word' id='word_1_143' title='bbox 481 1345 528 1371; x_wconf 79' lang='lat' dir='ltr'>sub</span> <span class='ocrx_word' id='word_1_144' title='bbox 547 1353 579 1371; x_wconf 85' lang='lat' dir='ltr'>ea</span> <span class='ocrx_word' id='word_1_145' title='bbox 601 1346 705 1371; x_wconf 80' lang='lat' dir='ltr'>ratione</span> <span class='ocrx_word' id='word_1_146' title='bbox 727 1345 965 1378; x_wconf 80' lang='lat' dir='ltr'>apprehenduntur</span> <span class='ocrx_word' id='word_1_147' title='bbox 984 1349 1013 1370; x_wconf 81' lang='lat' dir='ltr'>ut</span> <span class='ocrx_word' id='word_1_148' title='bbox 1030 1346 1087 1370; x_wconf 82' lang='lat' dir='ltr'>sine</span> <span class='ocrx_word' id='word_1_149' title='bbox 1105 1346 1216 1370; x_wconf 89' lang='lat' dir='ltr'>etc.1ta</span> <span class='ocrx_word' id='word_1_150' title='bbox 1240 1346 1314 1370; x_wconf 88' lang='lat' dir='ltr'>codd.</span> <span class='ocrx_word' id='word_1_151' title='bbox 1335 1346 1356 1370; x_wconf 90' lang='lat' dir='ltr'>B</span> 
     </span>
     <span class='ocr_line' id='line_1_24' title="bbox 287 1380 1354 1415; baseline -0.001 -8"><span class='ocrx_word' id='word_1_152' title='bbox 287 1381 345 1412; x_wconf 88' lang='lat' dir='ltr'>CE;</span> <span class='ocrx_word' id='word_1_153' title='bbox 363 1386 389 1406; x_wconf 88' lang='lat' dir='ltr'>et</span> <span class='ocrx_word' id='word_1_154' title='bbox 392 1381 543 1415; x_wconf 49' lang='lat' dir='ltr'>optimen-</span> <span class='ocrx_word' id='word_1_155' title='bbox 521 1380 648 1412; x_wconf 83' lang='lat' dir='ltr'>-Piana,</span> <span class='ocrx_word' id='word_1_156' title='bbox 667 1381 964 1413; x_wconf 39' lang='lat' dir='ltr'>comprehendunturff</span> <span class='ocrx_word' id='word_1_157' title='bbox 979 1381 1043 1406; x_wconf 94' lang='lat' dir='ltr'>Cod.</span> <span class='ocrx_word' id='word_1_158' title='bbox 1063 1381 1100 1405; x_wconf 88' lang='lat' dir='ltr'>A:</span> <span class='ocrx_word' id='word_1_159' title='bbox 1120 1388 1167 1406; x_wconf 86' lang='lat' dir='ltr'>nec</span> <span class='ocrx_word' id='word_1_160' title='bbox 1190 1381 1238 1406; x_wconf 81' lang='lat' dir='ltr'>sub</span> <span class='ocrx_word' id='word_1_161' title='bbox 1262 1381 1354 1406; x_wconf 81' lang='lat' dir='ltr'>eadem</span> 
     </span>
    </p>
   </div>
   <div class='ocr_carea' id='block_1_9' title="bbox 274 1414 1354 1450">
    <p class='ocr_par' dir='ltr' id='par_1_9' title="bbox 274 1414 1354 1450">
     <span class='ocr_line' id='line_1_25' title="bbox 274 1414 1354 1450; baseline -0.001 -8"><span class='ocrx_word' id='word_1_162' title='bbox 274 1414 390 1442; x_wconf 45' lang='grc' dir='ltr'>ἶ7ιεῖιοίιέ</span> <span class='ocrx_word' id='word_1_163' title='bbox 408 1416 656 1449; x_wconf 78' lang='lat' dir='ltr'>apprehenduntur,</span> <span class='ocrx_word' id='word_1_164' title='bbox 681 1424 728 1442; x_wconf 80' lang='lat' dir='ltr'>nec</span> <span class='ocrx_word' id='word_1_165' title='bbox 745 1416 801 1441; x_wconf 84' lang='lat' dir='ltr'>sine</span> <span class='ocrx_word' id='word_1_166' title='bbox 820 1422 867 1441; x_wconf 85' lang='lat' dir='ltr'>etc.</span> <span class='ocrx_word' id='word_1_167' title='bbox 885 1417 1047 1450; x_wconf 89' lang='lat' dir='ltr'>Adoptamus</span> <span class='ocrx_word' id='word_1_168' title='bbox 1069 1417 1306 1448; x_wconf 81' lang='lat' dir='ltr'>apprehenduntur</span> <span class='ocrx_word' id='word_1_169' title='bbox 1324 1424 1354 1441; x_wconf 85' lang='lat' dir='ltr'>ex</span> 
     </span>
    </p>
   </div>
   <div class='ocr_carea' id='block_1_10' title="bbox 283 1451 1354 2051">
    <p class='ocr_par' dir='ltr' id='par_1_10' title="bbox 283 1451 1354 1980">
     <span class='ocr_line' id='line_1_26' title="bbox 286 1451 1353 1484; baseline -0.001 -7"><span class='ocrx_word' id='word_1_170' title='bbox 286 1452 361 1478; x_wconf 89' lang='lat' dir='ltr'>codd.</span> <span class='ocrx_word' id='word_1_171' title='bbox 376 1451 448 1477; x_wconf 70' lang='lat' dir='ltr'>cit.-</span> <span class='ocrx_word' id='word_1_172' title='bbox 456 1451 549 1482; x_wconf 83' lang='lat' dir='ltr'>Quoad</span> <span class='ocrx_word' id='word_1_173' title='bbox 567 1452 660 1482; x_wconf 87' lang='lat' dir='ltr'>media,</span> <span class='ocrx_word' id='word_1_174' title='bbox 675 1452 740 1476; x_wconf 90' lang='lat' dir='ltr'>circa</span> <span class='ocrx_word' id='word_1_175' title='bbox 755 1459 822 1484; x_wconf 87' lang='lat' dir='ltr'>quae</span> <span class='ocrx_word' id='word_1_176' title='bbox 841 1452 907 1476; x_wconf 82' lang='lat' dir='ltr'>cadit</span> <span class='ocrx_word' id='word_1_177' title='bbox 923 1452 1058 1476; x_wconf 88' lang='lat' dir='ltr'>consilium</span> <span class='ocrx_word' id='word_1_178' title='bbox 1078 1459 1099 1477; x_wconf 90' lang='lat' dir='ltr'>s.</span> <span class='ocrx_word' id='word_1_179' title='bbox 1109 1451 1226 1476; x_wconf 81' lang='lat' dir='ltr'>Thomas</span> <span class='ocrx_word' id='word_1_180' title='bbox 1247 1452 1298 1476; x_wconf 90' lang='lat' dir='ltr'>duo</span> <span class='ocrx_word' id='word_1_181' title='bbox 1317 1452 1353 1476; x_wconf 89' lang='lat' dir='ltr'>di-</span> 
     </span>
     <span class='ocr_line' id='line_1_27' title="bbox 286 1487 1354 1520; baseline -0.001 -7"><span class='ocrx_word' id='word_1_182' title='bbox 286 1487 398 1520; x_wconf 65' lang='lat' dir='ltr'>atingun,</span> <span class='ocrx_word' id='word_1_183' title='bbox 417 1495 513 1520; x_wconf 87' lang='lat' dir='ltr'>nempe</span> <span class='ocrx_word' id='word_1_184' title='bbox 526 1487 597 1520; x_wconf 92' lang='lat' dir='ltr'>quod</span> <span class='ocrx_word' id='word_1_185' title='bbox 617 1495 668 1512; x_wconf 91' lang='lat' dir='ltr'>non</span> <span class='ocrx_word' id='word_1_186' title='bbox 687 1487 738 1512; x_wconf 88' lang='lat' dir='ltr'>sint</span> <span class='ocrx_word' id='word_1_187' title='bbox 753 1487 821 1518; x_wconf 85' lang='lat' dir='ltr'>talia,</span> <span class='ocrx_word' id='word_1_188' title='bbox 836 1487 930 1520; x_wconf 87' lang='lat' dir='ltr'>quibus</span> <span class='ocrx_word' id='word_1_189' title='bbox 945 1495 997 1512; x_wconf 92' lang='lat' dir='ltr'>non</span> <span class='ocrx_word' id='word_1_190' title='bbox 1011 1487 1189 1518; x_wconf 77' lang='lat' dir='ltr'>existentibus,</span> <span class='ocrx_word' id='word_1_191' title='bbox 1204 1487 1284 1512; x_wconf 88' lang='lat' dir='ltr'>homo</span> <span class='ocrx_word' id='word_1_192' title='bbox 1299 1487 1354 1512; x_wconf 88' lang='lat' dir='ltr'>feli-</span> 
     </span>
     <span class='ocr_line' id='line_1_28' title="bbox 285 1522 1354 1556; baseline -0.001 -8"><span class='ocrx_word' id='word_1_193' title='bbox 285 1522 388 1549; x_wconf 79' lang='lat' dir='ltr'>citatem</span> <span class='ocrx_word' id='word_1_194' title='bbox 402 1530 455 1548; x_wconf 89' lang='lat' dir='ltr'>non</span> <span class='ocrx_word' id='word_1_195' title='bbox 474 1528 688 1556; x_wconf 83' lang='lat' dir='ltr'>consequeretur;</span> <span class='ocrx_word' id='word_1_196' title='bbox 708 1528 733 1548; x_wconf 91' lang='lat' dir='ltr'>et</span> <span class='ocrx_word' id='word_1_197' title='bbox 752 1523 844 1547; x_wconf 87' lang='lat' dir='ltr'>deinde</span> <span class='ocrx_word' id='word_1_198' title='bbox 858 1523 928 1555; x_wconf 90' lang='lat' dir='ltr'>quod</span> <span class='ocrx_word' id='word_1_199' title='bbox 942 1530 1028 1555; x_wconf 88' lang='lat' dir='ltr'>neque</span> <span class='ocrx_word' id='word_1_200' title='bbox 1041 1528 1070 1547; x_wconf 87' lang='lat' dir='ltr'>ut</span> <span class='ocrx_word' id='word_1_201' title='bbox 1082 1523 1142 1547; x_wconf 88' lang='lat' dir='ltr'>talia</span> <span class='ocrx_word' id='word_1_202' title='bbox 1156 1530 1171 1547; x_wconf 91' lang='lat' dir='ltr'>a</span> <span class='ocrx_word' id='word_1_203' title='bbox 1185 1522 1283 1547; x_wconf 89' lang='lat' dir='ltr'>ratione</span> <span class='ocrx_word' id='word_1_204' title='bbox 1298 1523 1354 1555; x_wconf 85' lang='lat' dir='ltr'>ipsa</span> 
     </span>
     <span class='ocr_line' id='line_1_29' title="bbox 285 1556 1352 1592; baseline -0.001 -9"><span class='ocrx_word' id='word_1_205' title='bbox 285 1556 517 1592; x_wconf 72' lang='lat' dir='ltr'>apprehendantur.</span> <span class='ocrx_word' id='word_1_206' title='bbox 536 1558 662 1583; x_wconf 85' lang='lat' dir='ltr'>Voluntas</span> <span class='ocrx_word' id='word_1_207' title='bbox 686 1558 755 1583; x_wconf 90' lang='lat' dir='ltr'>enim</span> <span class='ocrx_word' id='word_1_208' title='bbox 780 1558 897 1591; x_wconf 89' lang='lat' dir='ltr'>sequitur</span> <span class='ocrx_word' id='word_1_209' title='bbox 920 1558 1025 1582; x_wconf 89' lang='lat' dir='ltr'>rationis</span> <span class='ocrx_word' id='word_1_210' title='bbox 1048 1558 1182 1582; x_wconf 89' lang='lat' dir='ltr'>iudicium:</span> <span class='ocrx_word' id='word_1_211' title='bbox 1206 1566 1267 1582; x_wconf 90' lang='lat' dir='ltr'>nam</span> <span class='ocrx_word' id='word_1_212' title='bbox 1290 1557 1352 1582; x_wconf 87' lang='lat' dir='ltr'>nihil</span> 
     </span>
     <span class='ocr_line' id='line_1_30' title="bbox 283 1593 1353 1626; baseline -0.001 -8"><span class='ocrx_word' id='word_1_213' title='bbox 283 1593 393 1619; x_wconf 84' lang='lat' dir='ltr'>volitum</span> <span class='ocrx_word' id='word_1_214' title='bbox 412 1593 475 1626; x_wconf 88' lang='lat' dir='ltr'>quin</span> <span class='ocrx_word' id='word_1_215' title='bbox 493 1593 696 1626; x_wconf 81' lang='lat' dir='ltr'>praecognitum,</span> <span class='ocrx_word' id='word_1_216' title='bbox 715 1598 745 1618; x_wconf 92' lang='lat' dir='ltr'>ut</span> <span class='ocrx_word' id='word_1_217' title='bbox 758 1593 807 1618; x_wconf 86' lang='lat' dir='ltr'>fert</span> <span class='ocrx_word' id='word_1_218' title='bbox 821 1601 960 1618; x_wconf 91' lang='lat' dir='ltr'>commune</span> <span class='ocrx_word' id='word_1_219' title='bbox 975 1593 1103 1625; x_wconf 84' lang='lat' dir='ltr'>adagium.</span> <span class='ocrx_word' id='word_1_220' title='bbox 1119 1593 1243 1624; x_wconf 82' lang='lat' dir='ltr'>Quocirca</span> <span class='ocrx_word' id='word_1_221' title='bbox 1254 1593 1276 1618; x_wconf 90' lang='lat' dir='ltr'>si</span> <span class='ocrx_word' id='word_1_222' title='bbox 1290 1593 1353 1618; x_wconf 87' lang='lat' dir='ltr'>ratio</span> 
     </span>
     <span class='ocr_line' id='line_1_31' title="bbox 285 1627 1352 1662; baseline -0.001 -8"><span class='ocrx_word' id='word_1_223' title='bbox 285 1628 490 1662; x_wconf 70' lang='lat' dir='ltr'>apprehenderet</span> <span class='ocrx_word' id='word_1_224' title='bbox 507 1629 592 1654; x_wconf 84' lang='lat' dir='ltr'>media</span> <span class='ocrx_word' id='word_1_225' title='bbox 610 1634 639 1653; x_wconf 91' lang='lat' dir='ltr'>ut</span> <span class='ocrx_word' id='word_1_226' title='bbox 656 1628 723 1660; x_wconf 85' lang='lat' dir='ltr'>talia,</span> <span class='ocrx_word' id='word_1_227' title='bbox 742 1629 797 1654; x_wconf 85' lang='lat' dir='ltr'>sine</span> <span class='ocrx_word' id='word_1_228' title='bbox 815 1629 909 1662; x_wconf 88' lang='lat' dir='ltr'>quibus</span> <span class='ocrx_word' id='word_1_229' title='bbox 928 1627 986 1653; x_wconf 84' lang='lat' dir='ltr'>finis</span> <span class='ocrx_word' id='word_1_230' title='bbox 1005 1629 1100 1653; x_wconf 86' lang='lat' dir='ltr'>volitus</span> <span class='ocrx_word' id='word_1_231' title='bbox 1119 1636 1171 1653; x_wconf 91' lang='lat' dir='ltr'>non</span> <span class='ocrx_word' id='word_1_232' title='bbox 1187 1628 1352 1659; x_wconf 83' lang='lat' dir='ltr'>obtineretur,</span> 
     </span>
     <span class='ocr_line' id='line_1_32' title="bbox 286 1663 1352 1697; baseline -0.001 -8"><span class='ocrx_word' id='word_1_233' title='bbox 286 1664 405 1697; x_wconf 66' lang='lat' dir='ltr'>quumvis</span> <span class='ocrx_word' id='word_1_234' title='bbox 414 1664 473 1690; x_wconf 81' lang='lat' dir='ltr'>talia</span> <span class='ocrx_word' id='word_1_235' title='bbox 482 1664 509 1689; x_wconf 90' lang='lat' dir='ltr'>in</span> <span class='ocrx_word' id='word_1_236' title='bbox 523 1672 552 1689; x_wconf 88' lang='lat' dir='ltr'>se</span> <span class='ocrx_word' id='word_1_237' title='bbox 563 1672 615 1689; x_wconf 91' lang='lat' dir='ltr'>non</span> <span class='ocrx_word' id='word_1_238' title='bbox 626 1664 684 1695; x_wconf 88' lang='lat' dir='ltr'>sint,</span> <span class='ocrx_word' id='word_1_239' title='bbox 698 1665 819 1689; x_wconf 80' lang='lat' dir='ltr'>voluntas</span> <span class='ocrx_word' id='word_1_240' title='bbox 833 1671 864 1689; x_wconf 84' lang='lat' dir='ltr'>ex</span> <span class='ocrx_word' id='word_1_241' title='bbox 873 1664 928 1697; x_wconf 83' lang='lat' dir='ltr'>ipsa</span> <span class='ocrx_word' id='word_1_242' title='bbox 938 1664 1092 1697; x_wconf 79' lang='lat' dir='ltr'>appetitione</span> <span class='ocrx_word' id='word_1_243' title='bbox 1102 1663 1159 1688; x_wconf 88' lang='lat' dir='ltr'>finis</span> <span class='ocrx_word' id='word_1_244' title='bbox 1169 1663 1312 1688; x_wconf 80' lang='lat' dir='ltr'>traheretur</span> <span class='ocrx_word' id='word_1_245' title='bbox 1321 1665 1352 1688; x_wconf 81' lang='lat' dir='ltr'>ad</span> 
     </span>
     <span class='ocr_line' id='line_1_33' title="bbox 286 1699 1352 1733; baseline 0 -9"><span class='ocrx_word' id='word_1_246' title='bbox 286 1699 332 1725; x_wconf 77' lang='lat' dir='ltr'>illa</span> <span class='ocrx_word' id='word_1_247' title='bbox 345 1700 499 1733; x_wconf 82' lang='lat' dir='ltr'>acceptanda</span> <span class='ocrx_word' id='word_1_248' title='bbox 513 1699 605 1724; x_wconf 86' lang='lat' dir='ltr'>media.</span> <span class='ocrx_word' id='word_1_249' title='bbox 619 1700 652 1724; x_wconf 88' lang='lat' dir='ltr'>Et</span> <span class='ocrx_word' id='word_1_250' title='bbox 666 1699 724 1724; x_wconf 91' lang='lat' dir='ltr'>ideo</span> <span class='ocrx_word' id='word_1_251' title='bbox 738 1699 875 1724; x_wconf 86' lang='lat' dir='ltr'>haberetur</span> <span class='ocrx_word' id='word_1_252' title='bbox 888 1707 940 1724; x_wconf 90' lang='lat' dir='ltr'>non</span> <span class='ocrx_word' id='word_1_253' title='bbox 955 1699 1090 1724; x_wconf 91' lang='lat' dir='ltr'>consilium</span> <span class='ocrx_word' id='word_1_254' title='bbox 1103 1707 1187 1732; x_wconf 91' lang='lat' dir='ltr'>neque</span> <span class='ocrx_word' id='word_1_255' title='bbox 1197 1699 1295 1730; x_wconf 80' lang='lat' dir='ltr'>electio,</span> <span class='ocrx_word' id='word_1_256' title='bbox 1306 1700 1352 1724; x_wconf 87' lang='lat' dir='ltr'>sed</span> 
     </span>
     <span class='ocr_line' id='line_1_34' title="bbox 285 1734 1352 1768; baseline 0 -9"><span class='ocrx_word' id='word_1_257' title='bbox 285 1734 434 1766; x_wconf 83' lang='lat' dir='ltr'>necessitas,</span> <span class='ocrx_word' id='word_1_258' title='bbox 447 1743 499 1760; x_wconf 90' lang='lat' dir='ltr'>non</span> <span class='ocrx_word' id='word_1_259' title='bbox 510 1734 618 1768; x_wconf 89' lang='lat' dir='ltr'>quidem</span> <span class='ocrx_word' id='word_1_260' title='bbox 632 1735 757 1760; x_wconf 86' lang='lat' dir='ltr'>obiective</span> <span class='ocrx_word' id='word_1_261' title='bbox 767 1740 792 1760; x_wconf 91' lang='lat' dir='ltr'>et</span> <span class='ocrx_word' id='word_1_262' title='bbox 802 1735 926 1766; x_wconf 87' lang='lat' dir='ltr'>absolute,</span> <span class='ocrx_word' id='word_1_263' title='bbox 938 1735 984 1760; x_wconf 93' lang='lat' dir='ltr'>sed</span> <span class='ocrx_word' id='word_1_264' title='bbox 994 1734 1134 1759; x_wconf 88' lang='lat' dir='ltr'>subiective</span> <span class='ocrx_word' id='word_1_265' title='bbox 1144 1740 1169 1759; x_wconf 92' lang='lat' dir='ltr'>et</span> <span class='ocrx_word' id='word_1_266' title='bbox 1180 1734 1352 1768; x_wconf 85' lang='lat' dir='ltr'>hypothetice.</span> 
     </span>
     <span class='ocr_line' id='line_1_35' title="bbox 339 1767 1352 1811; baseline -0.001 -16"><span class='ocrx_word' id='word_1_267' title='bbox 339 1767 382 1804; x_wconf 78' lang='grc' dir='ltr'>ββ)</span> <span class='ocrx_word' id='word_1_268' title='bbox 399 1770 526 1801; x_wconf 76' lang='lat' dir='ltr'>Quamvis</span> <span class='ocrx_word' id='word_1_269' title='bbox 536 1770 679 1795; x_wconf 77' lang='lat' dir='ltr'>videantur·</span> <span class='ocrx_word' id='word_1_270' title='bbox 691 1770 771 1811; x_wconf 55' lang='lat' dir='ltr'>logici</span> <span class='ocrx_word' id='word_1_271' title='bbox 785 1770 886 1804; x_wconf 78' lang='lat' dir='ltr'>negotii</span> <span class='ocrx_word' id='word_1_272' title='bbox 899 1770 1005 1795; x_wconf 83' lang='lat' dir='ltr'>modum</span> <span class='ocrx_word' id='word_1_273' title='bbox 1020 1770 1157 1795; x_wconf 79' lang='lat' dir='ltr'>excedere.</span> <span class='ocrx_word' id='word_1_274' title='bbox 1171 1770 1272 1794; x_wconf 79' lang='lat' dir='ltr'>Revera</span> <span class='ocrx_word' id='word_1_275' title='bbox 1286 1778 1352 1802; x_wconf 83' lang='lat' dir='ltr'>quae</span> 
     </span>
     <span class='ocr_line' id='line_1_36' title="bbox 285 1805 1353 1838; baseline 0 -8"><span class='ocrx_word' id='word_1_276' title='bbox 285 1805 328 1831; x_wconf 90' lang='lat' dir='ltr'>hic</span> <span class='ocrx_word' id='word_1_277' title='bbox 346 1806 379 1830; x_wconf 92' lang='lat' dir='ltr'>de</span> <span class='ocrx_word' id='word_1_278' title='bbox 396 1805 524 1831; x_wconf 76' lang='lat' dir='ltr'>radicibus</span> <span class='ocrx_word' id='word_1_279' title='bbox 548 1805 738 1838; x_wconf 76' lang='lat' dir='ltr'>contingentiae</span> <span class='ocrx_word' id='word_1_280' title='bbox 761 1806 863 1831; x_wconf 80' lang='lat' dir='ltr'>adserta</span> <span class='ocrx_word' id='word_1_281' title='bbox 885 1811 946 1831; x_wconf 86' lang='lat' dir='ltr'>sunt</span> <span class='ocrx_word' id='word_1_282' title='bbox 967 1806 999 1830; x_wconf 87' lang='lat' dir='ltr'>ad</span> <span class='ocrx_word' id='word_1_283' title='bbox 1022 1805 1225 1838; x_wconf 82' lang='lat' dir='ltr'>metaphysicam</span> <span class='ocrx_word' id='word_1_284' title='bbox 1249 1805 1353 1838; x_wconf 86' lang='lat' dir='ltr'>proprie</span> 
     </span>
     <span class='ocr_line' id='line_1_37' title="bbox 286 1839 1351 1874; baseline -0.001 -8"><span class='ocrx_word' id='word_1_285' title='bbox 286 1841 427 1873; x_wconf 78' lang='lat' dir='ltr'>pertinent,</span> <span class='ocrx_word' id='word_1_286' title='bbox 441 1841 464 1866; x_wconf 82' lang='lat' dir='ltr'>si</span> <span class='ocrx_word' id='word_1_287' title='bbox 476 1841 540 1866; x_wconf 84' lang='lat' dir='ltr'>haec</span> <span class='ocrx_word' id='word_1_288' title='bbox 553 1841 672 1866; x_wconf 84' lang='lat' dir='ltr'>obiecta</span> <span class='ocrx_word' id='word_1_289' title='bbox 666 1849 692 1865; x_wconf 90' lang='grc' dir='ltr'>ιιι</span> <span class='ocrx_word' id='word_1_290' title='bbox 707 1848 736 1866; x_wconf 88' lang='lat' dir='ltr'>se</span> <span class='ocrx_word' id='word_1_291' title='bbox 750 1841 943 1866; x_wconf 85' lang='lat' dir='ltr'>considerentur</span> <span class='ocrx_word' id='word_1_292' title='bbox 957 1839 1011 1874; x_wconf 86' lang='lat' dir='ltr'>(Cf.</span> <span class='ocrx_word' id='word_1_293' title='bbox 1025 1848 1046 1865; x_wconf 89' lang='lat' dir='ltr'>s.</span> <span class='ocrx_word' id='word_1_294' title='bbox 1057 1840 1139 1865; x_wconf 89' lang='lat' dir='ltr'>Thin</span> <span class='ocrx_word' id='word_1_295' title='bbox 1153 1841 1185 1865; x_wconf 87' lang='lat' dir='ltr'>VI</span> <span class='ocrx_word' id='word_1_296' title='bbox 1198 1840 1351 1874; x_wconf 79' lang='lat' dir='ltr'>Metaphys.</span> 
     </span>
     <span class='ocr_line' id='line_1_38' title="bbox 286 1873 1351 1911; baseline 0 -11"><span class='ocrx_word' id='word_1_297' title='bbox 286 1876 344 1906; x_wconf 80' lang='lat' dir='ltr'>lect.</span> <span class='ocrx_word' id='word_1_298' title='bbox 353 1875 413 1911; x_wconf 83' lang='lat'>111);</span> <span class='ocrx_word' id='word_1_299' title='bbox 433 1877 480 1902; x_wconf 84' lang='lat' dir='ltr'>sed</span> <span class='ocrx_word' id='word_1_300' title='bbox 498 1873 585 1902; x_wconf 80' lang='lat' dir='ltr'>tamen</span> <span class='ocrx_word' id='word_1_301' title='bbox 603 1876 635 1901; x_wconf 86' lang='lat' dir='ltr'>ad</span> <span class='ocrx_word' id='word_1_302' title='bbox 653 1876 764 1909; x_wconf 79' lang='lat' dir='ltr'>logicam</span> <span class='ocrx_word' id='word_1_303' title='bbox 783 1876 860 1901; x_wconf 88' lang='lat' dir='ltr'>etiam</span> <span class='ocrx_word' id='word_1_304' title='bbox 878 1876 966 1909; x_wconf 88' lang='lat' dir='ltr'>aliquo</span> <span class='ocrx_word' id='word_1_305' title='bbox 985 1876 1063 1900; x_wconf 89' lang='lat' dir='ltr'>modo</span> <span class='ocrx_word' id='word_1_306' title='bbox 1077 1875 1213 1908; x_wconf 79' lang='lat' dir='ltr'>pertinent,</span> <span class='ocrx_word' id='word_1_307' title='bbox 1233 1881 1258 1900; x_wconf 88' lang='lat' dir='ltr'>et</span> <span class='ocrx_word' id='word_1_308' title='bbox 1277 1875 1302 1900; x_wconf 87' lang='lat' dir='ltr'>in</span> <span class='ocrx_word' id='word_1_309' title='bbox 1321 1883 1351 1900; x_wconf 90' lang='lat' dir='ltr'>ea</span> 
     </span>
     <span class='ocr_line' id='line_1_39' title="bbox 285 1910 1351 1952; baseline -0.002 -15"><span class='ocrx_word' id='word_1_310' title='bbox 285 1911 432 1952; x_wconf 68' lang='lat' dir='ltr'>pertractari</span> <span class='ocrx_word' id='word_1_311' title='bbox 447 1911 470 1936; x_wconf 83' lang='lat' dir='ltr'>si</span> <span class='ocrx_word' id='word_1_312' title='bbox 483 1919 536 1936; x_wconf 87' lang='lat' dir='ltr'>non</span> <span class='ocrx_word' id='word_1_313' title='bbox 549 1911 668 1936; x_wconf 82' lang='lat' dir='ltr'>absolute</span> <span class='ocrx_word' id='word_1_314' title='bbox 682 1911 784 1942; x_wconf 90' lang='lat' dir='ltr'>debent,</span> <span class='ocrx_word' id='word_1_315' title='bbox 799 1911 891 1936; x_wconf 84' lang='lat' dir='ltr'>saltem</span> <span class='ocrx_word' id='word_1_316' title='bbox 906 1916 1056 1944; x_wconf 77' lang='lat' dir='ltr'>possuntt«</span> <span class='ocrx_word' id='word_1_317' title='bbox 1072 1911 1110 1936; x_wconf 85' lang='lat' dir='ltr'>Ea</span> <span class='ocrx_word' id='word_1_318' title='bbox 1124 1919 1191 1944; x_wconf 85' lang='lat' dir='ltr'>quae</span> <span class='ocrx_word' id='word_1_319' title='bbox 1204 1910 1281 1935; x_wconf 85' lang='lat' dir='ltr'>huius</span> <span class='ocrx_word' id='word_1_320' title='bbox 1294 1911 1351 1935; x_wconf 82' lang='lat' dir='ltr'>libri</span> 
     </span>
     <span class='ocr_line' id='line_1_40' title="bbox 287 1946 1352 1980; baseline -0.001 -8.973"><span class='ocrx_word' id='word_1_321' title='bbox 287 1946 396 1972; x_wconf 74' lang='lat' dir='ltr'>»series</span> <span class='ocrx_word' id='word_1_322' title='bbox 410 1946 549 1971; x_wconf 87' lang='lat' dir='ltr'>continebit</span> <span class='ocrx_word' id='word_1_323' title='bbox 560 1954 696 1980; x_wconf 82' lang='lat' dir='ltr'>exponere,</span> <span class='ocrx_word' id='word_1_324' title='bbox 711 1946 807 1971; x_wconf 84' lang='lat' dir='ltr'>altioris</span> <span class='ocrx_word' id='word_1_325' title='bbox 822 1954 890 1980; x_wconf 91' lang='lat' dir='ltr'>pene</span> <span class='ocrx_word' id='word_1_326' title='bbox 903 1951 1023 1971; x_wconf 86' lang='lat' dir='ltr'>tractatus</span> <span class='ocrx_word' id='word_1_327' title='bbox 1037 1951 1085 1976; x_wconf 85' lang='lat' dir='ltr'>est,</span> <span class='ocrx_word' id='word_1_328' title='bbox 1096 1954 1174 1980; x_wconf 89' lang='lat' dir='ltr'>quam</span> <span class='ocrx_word' id='word_1_329' title='bbox 1188 1951 1216 1971; x_wconf 91' lang='lat' dir='ltr'>ut</span> <span class='ocrx_word' id='word_1_330' title='bbox 1230 1946 1255 1970; x_wconf 84' lang='lat' dir='ltr'>in</span> <span class='ocrx_word' id='word_1_331' title='bbox 1269 1946 1352 1978; x_wconf 82' lang='lat' dir='ltr'>logica</span> 
     </span>
    </p>

    <p class='ocr_par' dir='ltr' id='par_1_11' title="bbox 285 1980 1351 2051">
     <span class='ocr_line' id='line_1_41' title="bbox 287 1980 1351 2015; baseline 0 -9"><span class='ocrx_word' id='word_1_332' title='bbox 287 1990 301 2005; x_wconf 60' lang='grc' dir='ltr'>ν</span> <span class='ocrx_word' id='word_1_333' title='bbox 316 1980 451 2015; x_wconf 77' lang='lat' dir='ltr'>disciplina</span> <span class='ocrx_word' id='word_1_334' title='bbox 465 1981 600 2007; x_wconf 82' lang='lat' dir='ltr'>conveniat</span> <span class='ocrx_word' id='word_1_335' title='bbox 612 1982 750 2015; x_wconf 84' lang='lat' dir='ltr'>disputari;</span> <span class='ocrx_word' id='word_1_336' title='bbox 765 1982 812 2006; x_wconf 86' lang='lat' dir='ltr'>sed</span> <span class='ocrx_word' id='word_1_337' title='bbox 825 1982 963 2015; x_wconf 84' lang='lat' dir='ltr'>quoniam,</span> <span class='ocrx_word' id='word_1_338' title='bbox 982 1987 1012 2006; x_wconf 92' lang='lat' dir='ltr'>ut</span> <span class='ocrx_word' id='word_1_339' title='bbox 1023 1989 1102 2014; x_wconf 80' lang='lat' dir='ltr'>saepe</span> <span class='ocrx_word' id='word_1_340' title='bbox 1116 1982 1212 2006; x_wconf 89' lang='lat' dir='ltr'>dictum</span> <span class='ocrx_word' id='word_1_341' title='bbox 1227 1986 1274 2012; x_wconf 85' lang='lat' dir='ltr'>est,</span> <span class='ocrx_word' id='word_1_342' title='bbox 1293 1990 1351 2006; x_wconf 89' lang='lat' dir='ltr'>ora-</span> 
     </span>
     <span class='ocr_line' id='line_1_42' title="bbox 285 2017 1350 2051; baseline 0 -9"><span class='ocrx_word' id='word_1_343' title='bbox 285 2025 300 2041; x_wconf 72' lang='lat'><strong>»</strong></span> <span class='ocrx_word' id='word_1_344' title='bbox 315 2017 428 2043; x_wconf 68' lang='lat' dir='ltr'>donibus</span> <span class='ocrx_word' id='word_1_345' title='bbox 441 2025 520 2043; x_wconf 84' lang='lat' dir='ltr'>sensa</span> <span class='ocrx_word' id='word_1_346' title='bbox 537 2017 710 2051; x_wconf 83' lang='lat' dir='ltr'>proferuntur,</span> <span class='ocrx_word' id='word_1_347' title='bbox 729 2017 823 2050; x_wconf 86' lang='lat' dir='ltr'>quibus</span> <span class='ocrx_word' id='word_1_348' title='bbox 837 2017 966 2043; x_wconf 81' lang='lat' dir='ltr'>subiectas</span> <span class='ocrx_word' id='word_1_349' title='bbox 979 2025 1021 2042; x_wconf 89' lang='lat' dir='ltr'>res</span> <span class='ocrx_word' id='word_1_350' title='bbox 1038 2025 1096 2042; x_wconf 88' lang='lat' dir='ltr'>esse</span> <span class='ocrx_word' id='word_1_351' title='bbox 1113 2017 1278 2042; x_wconf 82' lang='lat' dir='ltr'>manifestum</span> <span class='ocrx_word' id='word_1_352' title='bbox 1297 2022 1350 2048; x_wconf 88' lang='lat' dir='ltr'>est,</span> 
     </span>
    </p>
   </div>
   <div class='ocr_carea' id='block_1_11' title="bbox 2431 332 2475 368">
    <p class='ocr_par' dir='ltr' id='par_1_12' title="bbox 2431 332 2475 368">
     <span class='ocr_line' id='line_1_43' title="bbox 2431 332 2475 368; baseline 0 -12"><span class='ocrx_word' id='word_1_353' title='bbox 2431 332 2475 368; x_wconf 84' lang='grc'>71</span> 
     </span>
    </p>
   </div>
   <div class='ocr_carea' id='block_1_12' title="bbox 1411 396 2479 1185">
    <p class='ocr_par' dir='ltr' id='par_1_13' title="bbox 1411 396 2479 1027">
     <span class='ocr_line' id='line_1_44' title="bbox 1412 396 2477 446; baseline 0.003 -13"><span class='ocrx_word' id='word_1_354' title='bbox 1412 396 1698 444; x_wconf 87' lang='lat' dir='ltr'>prehenduntur</span> <span class='ocrx_word' id='word_1_355' title='bbox 1720 403 1761 433; x_wconf 90' lang='lat' dir='ltr'>ut</span> <span class='ocrx_word' id='word_1_356' title='bbox 1789 396 1868 433; x_wconf 91' lang='lat' dir='ltr'>sine</span> <span class='ocrx_word' id='word_1_357' title='bbox 1883 403 1919 418; x_wconf 59' lang='grc' dir='ltr'>αα</span> <span class='ocrx_word' id='word_1_358' title='bbox 1948 396 2085 446; x_wconf 90' lang='lat' dir='ltr'>quibus</span> <span class='ocrx_word' id='word_1_359' title='bbox 2114 397 2266 434; x_wconf 88' lang='lat' dir='ltr'>felicitas</span> <span class='ocrx_word' id='word_1_360' title='bbox 2293 410 2374 435; x_wconf 91' lang='lat' dir='ltr'>esse</span> <span class='ocrx_word' id='word_1_361' title='bbox 2399 411 2477 436; x_wconf 93' lang='lat' dir='ltr'>non</span> 
     </span>
     <span class='ocr_line' id='line_1_45' title="bbox 1411 449 2476 499; baseline 0.003 -14"><span class='ocrx_word' id='word_1_362' title='bbox 1411 449 1550 497; x_wconf 89' lang='lat' dir='ltr'>possit,</span> <span class='ocrx_word' id='word_1_363' title='bbox 1585 457 1696 498; x_wconf 89' lang='lat' dir='ltr'>puta,</span> <span class='ocrx_word' id='word_1_364' title='bbox 1733 449 1934 488; x_wconf 88' lang='lat' dir='ltr'>comedere</span> <span class='ocrx_word' id='word_1_365' title='bbox 1963 450 2066 486; x_wconf 91' lang='lat' dir='ltr'>hunc</span> <span class='ocrx_word' id='word_1_366' title='bbox 2099 450 2227 487; x_wconf 89' lang='lat' dir='ltr'>cibum</span> <span class='ocrx_word' id='word_1_367' title='bbox 2264 451 2325 487; x_wconf 88' lang='lat' dir='ltr'>vel</span> <span class='ocrx_word' id='word_1_368' title='bbox 2353 451 2476 499; x_wconf 89' lang='lat' dir='ltr'>illum,</span> 
     </span>
     <span class='ocr_line' id='line_1_46' title="bbox 1413 503 2477 541; baseline 0.002 -3"><span class='ocrx_word' id='word_1_369' title='bbox 1413 509 1477 538; x_wconf 86' lang='lat' dir='ltr'>aut</span> <span class='ocrx_word' id='word_1_370' title='bbox 1505 503 1690 539; x_wconf 90' lang='lat' dir='ltr'>abstinere</span> <span class='ocrx_word' id='word_1_371' title='bbox 1726 503 1774 539; x_wconf 89' lang='lat' dir='ltr'>ab</span> <span class='ocrx_word' id='word_1_372' title='bbox 1804 515 1868 539; x_wconf 91' lang='lat' dir='ltr'>eo:</span> <span class='ocrx_word' id='word_1_373' title='bbox 1903 503 2044 540; x_wconf 91' lang='lat' dir='ltr'>habent</span> <span class='ocrx_word' id='word_1_374' title='bbox 2072 510 2200 539; x_wconf 90' lang='lat' dir='ltr'>tamen</span> <span class='ocrx_word' id='word_1_375' title='bbox 2234 503 2273 540; x_wconf 90' lang='lat' dir='ltr'>in</span> <span class='ocrx_word' id='word_1_376' title='bbox 2307 516 2347 540; x_wconf 90' lang='lat' dir='ltr'>se</span> <span class='ocrx_word' id='word_1_377' title='bbox 2375 505 2477 541; x_wconf 92' lang='lat' dir='ltr'>unde</span> 
     </span>
     <span class='ocr_line' id='line_1_47' title="bbox 1413 556 2477 605; baseline 0.002 -14"><span class='ocrx_word' id='word_1_378' title='bbox 1413 563 1594 592; x_wconf 89' lang='lat' dir='ltr'>moveant</span> <span class='ocrx_word' id='word_1_379' title='bbox 1628 556 1857 604; x_wconf 87' lang='lat' dir='ltr'>appetitum,</span> <span class='ocrx_word' id='word_1_380' title='bbox 1894 556 2105 593; x_wconf 91' lang='lat' dir='ltr'>secundum</span> <span class='ocrx_word' id='word_1_381' title='bbox 2142 556 2296 605; x_wconf 87' lang='lat' dir='ltr'>aliquod</span> <span class='ocrx_word' id='word_1_382' title='bbox 2330 557 2477 594; x_wconf 92' lang='lat' dir='ltr'>bonurn</span> 
     </span>
     <span class='ocr_line' id='line_1_48' title="bbox 1413 607 2478 646; baseline 0.003 -3"><span class='ocrx_word' id='word_1_383' title='bbox 1413 607 1693 645; x_wconf 84' lang='lat' dir='ltr'>consideratum</span> <span class='ocrx_word' id='word_1_384' title='bbox 1721 608 1759 646; x_wconf 91' lang='lat' dir='ltr'>in</span> <span class='ocrx_word' id='word_1_385' title='bbox 1789 609 1852 646; x_wconf 89' lang='lat' dir='ltr'>eis.</span> <span class='ocrx_word' id='word_1_386' title='bbox 1874 610 1923 646; x_wconf 88' lang='lat' dir='ltr'>Et</span> <span class='ocrx_word' id='word_1_387' title='bbox 1940 609 2028 646; x_wconf 90' lang='lat' dir='ltr'>ideo</span> <span class='ocrx_word' id='word_1_388' title='bbox 2047 610 2224 646; x_wconf 88' lang='lat' dir='ltr'>voluntas</span> <span class='ocrx_word' id='word_1_389' title='bbox 2249 622 2327 646; x_wconf 89' lang='lat' dir='ltr'>non</span> <span class='ocrx_word' id='word_1_390' title='bbox 2349 622 2394 646; x_wconf 89' lang='lat' dir='ltr'>ex</span> <span class='ocrx_word' id='word_1_391' title='bbox 2414 622 2478 646; x_wconf 92' lang='lat' dir='ltr'>ne-</span> 
     </span>
     <span class='ocr_line' id='line_1_49' title="bbox 1414 660 2479 711; baseline 0.003 -15"><span class='ocrx_word' id='word_1_392' title='bbox 1414 660 1582 697; x_wconf 89' lang='lat' dir='ltr'>cessitate</span> <span class='ocrx_word' id='word_1_393' title='bbox 1611 661 1798 698; x_wconf 91' lang='lat' dir='ltr'>inducitur</span> <span class='ocrx_word' id='word_1_394' title='bbox 1831 662 1879 698; x_wconf 90' lang='lat' dir='ltr'>ad</span> <span class='ocrx_word' id='word_1_395' title='bbox 1906 663 2001 698; x_wconf 90' lang='lat' dir='ltr'>haec</span> <span class='ocrx_word' id='word_1_396' title='bbox 2031 662 2211 710; x_wconf 87' lang='lat' dir='ltr'>eligenda.</span> <span class='ocrx_word' id='word_1_397' title='bbox 2247 663 2296 699; x_wconf 94' lang='lat' dir='ltr'>Et</span> <span class='ocrx_word' id='word_1_398' title='bbox 2322 670 2479 711; x_wconf 86' lang='lat' dir='ltr'>propter</span> 
     </span>
     <span class='ocr_line' id='line_1_50' title="bbox 1411 713 2476 763; baseline 0.003 -14"><span class='ocrx_word' id='word_1_399' title='bbox 1411 713 1486 749; x_wconf 94' lang='lat' dir='ltr'>hoc</span> <span class='ocrx_word' id='word_1_400' title='bbox 1514 713 1769 762; x_wconf 91' lang='lat' dir='ltr'>Philosophus</span> <span class='ocrx_word' id='word_1_401' title='bbox 1797 714 1985 762; x_wconf 89' lang='lat' dir='ltr'>signanter</span> <span class='ocrx_word' id='word_1_402' title='bbox 2013 715 2180 752; x_wconf 90' lang='lat' dir='ltr'>radicem</span> <span class='ocrx_word' id='word_1_403' title='bbox 2202 715 2476 763; x_wconf 88' lang='lat' dir='ltr'>contingentiae</span> 
     </span>
     <span class='ocr_line' id='line_1_51' title="bbox 1412 765 2476 817; baseline 0.004 -16"><span class='ocrx_word' id='word_1_404' title='bbox 1412 765 1450 802; x_wconf 91' lang='lat' dir='ltr'>in</span> <span class='ocrx_word' id='word_1_405' title='bbox 1468 766 1526 802; x_wconf 89' lang='lat' dir='ltr'>his</span> <span class='ocrx_word' id='word_1_406' title='bbox 1546 779 1644 815; x_wconf 88' lang='lat' dir='ltr'>quae</span> <span class='ocrx_word' id='word_1_407' title='bbox 1659 768 1756 804; x_wconf 88' lang='lat' dir='ltr'>fiunt</span> <span class='ocrx_word' id='word_1_408' title='bbox 1775 780 1796 803; x_wconf 92' lang='lat' dir='ltr'>a</span> <span class='ocrx_word' id='word_1_409' title='bbox 1815 767 1960 804; x_wconf 74' lang='lat' dir='ltr'>nobis*</span> <span class='ocrx_word' id='word_1_410' title='bbox 1979 768 2181 816; x_wconf 85' lang='lat' dir='ltr'>assignavit</span> <span class='ocrx_word' id='word_1_411' title='bbox 2201 781 2245 805; x_wconf 90' lang='lat' dir='ltr'>ex</span> <span class='ocrx_word' id='word_1_412' title='bbox 2265 776 2370 817; x_wconf 90' lang='lat' dir='ltr'>parte</span> <span class='ocrx_word' id='word_1_413' title='bbox 2387 781 2476 805; x_wconf 94' lang='lat' dir='ltr'>con-</span> 
     </span>
     <span class='ocr_line' id='line_1_52' title="bbox 1413 816 2477 869; baseline 0.005 -15"><span class='ocrx_word' id='word_1_414' title='bbox 1413 818 1501 865; x_wconf 90' lang='lat' dir='ltr'>silii,</span> <span class='ocrx_word' id='word_1_415' title='bbox 1537 819 1642 867; x_wconf 90' lang='lat' dir='ltr'>quod</span> <span class='ocrx_word' id='word_1_416' title='bbox 1685 827 1740 856; x_wconf 90' lang='lat' dir='ltr'>est</span> <span class='ocrx_word' id='word_1_417' title='bbox 1773 832 1907 856; x_wconf 90' lang='lat' dir='ltr'>eorum</span> <span class='ocrx_word' id='word_1_418' title='bbox 1951 833 2048 869; x_wconf 89' lang='lat' dir='ltr'>quae</span> <span class='ocrx_word' id='word_1_419' title='bbox 2080 829 2166 858; x_wconf 90' lang='lat' dir='ltr'>sunt</span> <span class='ocrx_word' id='word_1_420' title='bbox 2203 816 2251 858; x_wconf 87' lang='lat' dir='ltr'>ad</span> <span class='ocrx_word' id='word_1_421' title='bbox 2287 822 2406 858; x_wconf 88' lang='lat' dir='ltr'>finem</span> <span class='ocrx_word' id='word_1_422' title='bbox 2440 829 2477 858; x_wconf 91' lang='lat' dir='ltr'>et</span> 
     </span>
     <span class='ocr_line' id='line_1_53' title="bbox 1411 872 2475 923; baseline 0.004 -16"><span class='ocrx_word' id='word_1_423' title='bbox 1411 878 1540 908; x_wconf 90' lang='lat' dir='ltr'>tamen</span> <span class='ocrx_word' id='word_1_424' title='bbox 1567 884 1646 908; x_wconf 93' lang='lat' dir='ltr'>non</span> <span class='ocrx_word' id='word_1_425' title='bbox 1677 879 1764 909; x_wconf 92' lang='lat' dir='ltr'>sunt</span> <span class='ocrx_word' id='word_1_426' title='bbox 1788 872 2046 920; x_wconf 88' lang='lat' dir='ltr'>determinata.</span> <span class='ocrx_word' id='word_1_427' title='bbox 2077 875 2119 910; x_wconf 91' lang='lat' dir='ltr'>In</span> <span class='ocrx_word' id='word_1_428' title='bbox 2137 874 2195 911; x_wconf 92' lang='lat' dir='ltr'>his</span> <span class='ocrx_word' id='word_1_429' title='bbox 2215 874 2317 911; x_wconf 90' lang='lat' dir='ltr'>enim</span> <span class='ocrx_word' id='word_1_430' title='bbox 2336 874 2375 911; x_wconf 89' lang='lat' dir='ltr'>in</span> <span class='ocrx_word' id='word_1_431' title='bbox 2395 874 2475 923; x_wconf 89' lang='lat' dir='ltr'>qui-</span> 
     </span>
     <span class='ocr_line' id='line_1_54' title="bbox 1413 924 2474 976; baseline 0.004 -16"><span class='ocrx_word' id='word_1_432' title='bbox 1413 924 1484 960; x_wconf 91' lang='lat' dir='ltr'>bus</span> <span class='ocrx_word' id='word_1_433' title='bbox 1512 925 1639 961; x_wconf 90' lang='lat' dir='ltr'>media</span> <span class='ocrx_word' id='word_1_434' title='bbox 1667 933 1753 961; x_wconf 90' lang='lat' dir='ltr'>sunt</span> <span class='ocrx_word' id='word_1_435' title='bbox 1781 925 2039 972; x_wconf 90' lang='lat' dir='ltr'>determinata,</span> <span class='ocrx_word' id='word_1_436' title='bbox 2069 939 2147 964; x_wconf 91' lang='lat' dir='ltr'>non</span> <span class='ocrx_word' id='word_1_437' title='bbox 2176 935 2231 964; x_wconf 91' lang='lat' dir='ltr'>est</span> <span class='ocrx_word' id='word_1_438' title='bbox 2259 940 2356 976; x_wconf 92' lang='lat' dir='ltr'>opus</span> <span class='ocrx_word' id='word_1_439' title='bbox 2385 939 2474 964; x_wconf 93' lang='lat' dir='ltr'>con-</span> 
     </span>
     <span class='ocr_line' id='line_1_55' title="bbox 1413 976 2179 1027; baseline 0.004 -14"><span class='ocrx_word' id='word_1_440' title='bbox 1413 976 1505 1027; x_wconf 89' lang='lat' dir='ltr'>silio,</span> <span class='ocrx_word' id='word_1_441' title='bbox 1534 985 1577 1013; x_wconf 89' lang='lat' dir='ltr'>ut</span> <span class='ocrx_word' id='word_1_442' title='bbox 1604 977 1737 1014; x_wconf 90' lang='lat' dir='ltr'>dicitur</span> <span class='ocrx_word' id='word_1_443' title='bbox 1764 977 1803 1014; x_wconf 92' lang='lat' dir='ltr'>in</span> <span class='ocrx_word' id='word_1_444' title='bbox 1831 979 1881 1014; x_wconf 94' lang='lat' dir='ltr'>III</span> <span class='ocrx_word' id='word_1_445' title='bbox 1909 979 2129 1016; x_wconf 87' lang='lat' dir='ltr'>Ethicorum</span> <span class='ocrx_word' id='word_1_446' title='bbox 2148 980 2179 1016; x_wconf 67' lang='lat'>³¹⁴.</span> 
     </span>
    </p>

    <p class='ocr_par' dir='ltr' id='par_1_14' title="bbox 1412 1029 2473 1185">
     <span class='ocr_line' id='line_1_56' title="bbox 1465 1029 2473 1078; baseline 0.004 -12"><span class='ocrx_word' id='word_1_447' title='bbox 1465 1031 1514 1066; x_wconf 89' lang='lat' dir='ltr'>Et</span> <span class='ocrx_word' id='word_1_448' title='bbox 1541 1030 1636 1066; x_wconf 90' lang='lat' dir='ltr'>haec</span> <span class='ocrx_word' id='word_1_449' title='bbox 1664 1029 1818 1078; x_wconf 89' lang='lat' dir='ltr'>quidem</span> <span class='ocrx_word' id='word_1_450' title='bbox 1849 1030 1946 1067; x_wconf 91' lang='lat' dir='ltr'>dicta</span> <span class='ocrx_word' id='word_1_451' title='bbox 1974 1039 2060 1068; x_wconf 90' lang='lat' dir='ltr'>sunt</span> <span class='ocrx_word' id='word_1_452' title='bbox 2087 1032 2135 1069; x_wconf 90' lang='lat' dir='ltr'>ad</span> <span class='ocrx_word' id='word_1_453' title='bbox 2164 1033 2388 1069; x_wconf 88' lang='lat' dir='ltr'>salvandum</span> <span class='ocrx_word' id='word_1_454' title='bbox 2417 1046 2473 1070; x_wconf 91' lang='lat' dir='ltr'>ra-</span> 
     </span>
     <span class='ocr_line' id='line_1_57' title="bbox 1413 1082 2472 1134; baseline 0.005 -16"><span class='ocrx_word' id='word_1_455' title='bbox 1413 1082 1518 1119; x_wconf 87' lang='lat' dir='ltr'>dices</span> <span class='ocrx_word' id='word_1_456' title='bbox 1543 1082 1837 1134; x_wconf 88' lang='lat' dir='ltr'>contingentiae,</span> <span class='ocrx_word' id='word_1_457' title='bbox 1874 1096 1968 1133; x_wconf 90' lang='lat' dir='ltr'>quas</span> <span class='ocrx_word' id='word_1_458' title='bbox 2000 1084 2062 1121; x_wconf 90' lang='lat' dir='ltr'>hic</span> <span class='ocrx_word' id='word_1_459' title='bbox 2094 1085 2312 1122; x_wconf 88' lang='lat' dir='ltr'>Aristoteles</span> <span class='ocrx_word' id='word_1_460' title='bbox 2345 1086 2472 1134; x_wconf 91' lang='lat' dir='ltr'>ponit,</span> 
     </span>
     <span class='ocr_line' id='line_1_58' title="bbox 1412 1135 2473 1185; baseline 0.005 -14"><span class='ocrx_word' id='word_1_461' title='bbox 1412 1135 1588 1183; x_wconf 90' lang='lat' dir='ltr'>quamvis</span> <span class='ocrx_word' id='word_1_462' title='bbox 1619 1135 1820 1172; x_wconf 88' lang='lat' dir='ltr'>videantur</span> <span class='ocrx_word' id='word_1_463' title='bbox 1855 1136 1964 1184; x_wconf 88' lang='lat' dir='ltr'>logici</span> <span class='ocrx_word' id='word_1_464' title='bbox 1997 1138 2134 1185; x_wconf 86' lang='lat' dir='ltr'>negotii</span> <span class='ocrx_word' id='word_1_465' title='bbox 2172 1138 2333 1175; x_wconf 91' lang='lat' dir='ltr'>modum</span> <span class='ocrx_word' id='word_1_466' title='bbox 2367 1151 2473 1175; x_wconf 88' lang='lat' dir='ltr'>exce-</span> 
     </span>
    </p>
   </div>
   <div class='ocr_carea' id='block_1_13' title="bbox 1412 1185 1570 1224">
    <p class='ocr_par' dir='ltr' id='par_1_15' title="bbox 1412 1185 1570 1224">
     <span class='ocr_line' id='line_1_59' title="bbox 1412 1185 1570 1224; baseline 0 0"><span class='ocrx_word' id='word_1_467' title='bbox 1412 1187 1500 1224; x_wconf 91' lang='lat' dir='ltr'>dere</span> <span class='ocrx_word' id='word_1_468' title='bbox 1523 1185 1570 1224; x_wconf 67' lang='grc' dir='ltr'>Ρβ.</span> 
     </span>
    </p>
   </div>
   <div class='ocr_carea' id='block_1_14' title="bbox 1407 1345 2473 2015">
    <p class='ocr_par' dir='ltr' id='par_1_16' title="bbox 1407 1345 2473 2015">
     <span class='ocr_line' id='line_1_60' title="bbox 1411 1345 2472 1379; baseline 0.003 -9"><span class='ocrx_word' id='word_1_469' title='bbox 1411 1354 1425 1368; x_wconf 65' lang='lat' dir='ltr'>a&gt;</span> <span class='ocrx_word' id='word_1_470' title='bbox 1441 1353 1493 1370; x_wconf 88' lang='lat' dir='ltr'>non</span> <span class='ocrx_word' id='word_1_471' title='bbox 1506 1350 1546 1370; x_wconf 88' lang='lat' dir='ltr'>est</span> <span class='ocrx_word' id='word_1_472' title='bbox 1558 1345 1664 1370; x_wconf 89' lang='lat' dir='ltr'>dubium</span> <span class='ocrx_word' id='word_1_473' title='bbox 1679 1345 1741 1378; x_wconf 92' lang='lat' dir='ltr'>quin</span> <span class='ocrx_word' id='word_1_474' title='bbox 1756 1346 1827 1378; x_wconf 93' lang='lat' dir='ltr'>quod</span> <span class='ocrx_word' id='word_1_475' title='bbox 1839 1346 1865 1370; x_wconf 91' lang='lat' dir='ltr'>in</span> <span class='ocrx_word' id='word_1_476' title='bbox 1878 1346 1955 1370; x_wconf 90' lang='lat' dir='ltr'>rebus</span> <span class='ocrx_word' id='word_1_477' title='bbox 1970 1346 2010 1375; x_wconf 81' lang='lat' dir='ltr'>sit,</span> <span class='ocrx_word' id='word_1_478' title='bbox 2026 1346 2095 1371; x_wconf 89' lang='lat' dir='ltr'>idem</span> <span class='ocrx_word' id='word_1_479' title='bbox 2110 1354 2187 1379; x_wconf 87' lang='lat' dir='ltr'>saepe</span> <span class='ocrx_word' id='word_1_480' title='bbox 2201 1347 2367 1372; x_wconf 83' lang='lat' dir='ltr'>transferatur</span> <span class='ocrx_word' id='word_1_481' title='bbox 2381 1348 2413 1373; x_wconf 91' lang='lat' dir='ltr'>ad</span> <span class='ocrx_word' id='word_1_482' title='bbox 2426 1356 2472 1373; x_wconf 93' lang='lat' dir='ltr'>vo-</span> 
     </span>
     <span class='ocr_line' id='line_1_61' title="bbox 1411 1379 2472 1415; baseline 0.005 -12"><span class='ocrx_word' id='word_1_483' title='bbox 1411 1391 1424 1403; x_wconf 83' lang='lat'><strong>»</strong></span> <span class='ocrx_word' id='word_1_484' title='bbox 1441 1389 1513 1406; x_wconf 80' lang='lat' dir='ltr'>ces.»</span> <span class='ocrx_word' id='word_1_485' title='bbox 1525 1382 1595 1406; x_wconf 89' lang='lat' dir='ltr'>Haec</span> <span class='ocrx_word' id='word_1_486' title='bbox 1609 1381 1731 1405; x_wconf 85' lang='lat' dir='ltr'>Boethius</span> <span class='ocrx_word' id='word_1_487' title='bbox 1742 1381 1767 1405; x_wconf 89' lang='lat' dir='ltr'>in</span> <span class='ocrx_word' id='word_1_488' title='bbox 1782 1381 1886 1406; x_wconf 90' lang='lat' dir='ltr'>exordio</span> <span class='ocrx_word' id='word_1_489' title='bbox 1900 1381 1965 1406; x_wconf 87' lang='lat' dir='ltr'>tertii</span> <span class='ocrx_word' id='word_1_490' title='bbox 1980 1381 2037 1406; x_wconf 86' lang='lat' dir='ltr'>libri</span> <span class='ocrx_word' id='word_1_491' title='bbox 2053 1379 2110 1415; x_wconf 85' lang='lat' dir='ltr'>(Ed.</span> <span class='ocrx_word' id='word_1_492' title='bbox 2121 1380 2182 1415; x_wconf 89' lang='lat' dir='ltr'>sec.)</span> <span class='ocrx_word' id='word_1_493' title='bbox 2195 1382 2236 1407; x_wconf 90' lang='lat' dir='ltr'>De</span> <span class='ocrx_word' id='word_1_494' title='bbox 2246 1382 2472 1415; x_wconf 75' lang='lat' dir='ltr'>interpretatione,</span> 
     </span>
     <span class='ocr_line' id='line_1_62' title="bbox 1409 1416 2472 1451; baseline 0.003 -11"><span class='ocrx_word' id='word_1_495' title='bbox 1409 1424 1467 1449; x_wconf 88' lang='lat' dir='ltr'>pag.</span> <span class='ocrx_word' id='word_1_496' title='bbox 1485 1416 1543 1449; x_wconf 84' lang='lat'>357.</span> <span class='ocrx_word' id='word_1_497' title='bbox 1562 1417 1595 1441; x_wconf 84' lang='lat' dir='ltr'>Et</span> <span class='ocrx_word' id='word_1_498' title='bbox 1612 1417 1781 1441; x_wconf 86' lang='lat' dir='ltr'>Ammonius:</span> <span class='ocrx_word' id='word_1_499' title='bbox 1802 1426 1816 1440; x_wconf 66' lang='grc' dir='ltr'><strong><em>α</em></strong></span> <span class='ocrx_word' id='word_1_500' title='bbox 1829 1417 1937 1449; x_wconf 88' lang='lat' dir='ltr'>Videtur</span> <span class='ocrx_word' id='word_1_501' title='bbox 1956 1417 2060 1450; x_wconf 86' lang='lat' dir='ltr'>quidem</span> <span class='ocrx_word' id='word_1_502' title='bbox 2074 1417 2124 1441; x_wconf 90' lang='lat' dir='ltr'>hoc</span> <span class='ocrx_word' id='word_1_503' title='bbox 2143 1417 2255 1449; x_wconf 89' lang='lat' dir='ltr'>logicum</span> <span class='ocrx_word' id='word_1_504' title='bbox 2275 1425 2334 1442; x_wconf 88' lang='lat' dir='ltr'>esse</span> <span class='ocrx_word' id='word_1_505' title='bbox 2352 1419 2421 1451; x_wconf 75' lang='lat' dir='ltr'>quod</span> <span class='ocrx_word' id='word_1_506' title='bbox 2440 1419 2472 1443; x_wconf 89' lang='lat' dir='ltr'>ab</span> 
     </span>
     <span class='ocr_line' id='line_1_63' title="bbox 1410 1451 2470 1486; baseline 0.003 -11"><span class='ocrx_word' id='word_1_507' title='bbox 1410 1461 1423 1474; x_wconf 65' lang='lat'>2</span> <span class='ocrx_word' id='word_1_508' title='bbox 1439 1451 1576 1476; x_wconf 85' lang='lat' dir='ltr'>Aristotele</span> <span class='ocrx_word' id='word_1_509' title='bbox 1591 1460 1659 1476; x_wconf 89' lang='lat' dir='ltr'>nunc</span> <span class='ocrx_word' id='word_1_510' title='bbox 1673 1452 1781 1484; x_wconf 84' lang='lat' dir='ltr'>agitatur</span> <span class='ocrx_word' id='word_1_511' title='bbox 1793 1452 1940 1482; x_wconf 85' lang='lat' dir='ltr'>theorema3</span> <span class='ocrx_word' id='word_1_512' title='bbox 1956 1459 1984 1477; x_wconf 87' lang='lat' dir='ltr'>re</span> <span class='ocrx_word' id='word_1_513' title='bbox 1998 1457 2083 1477; x_wconf 88' lang='lat' dir='ltr'>autem</span> <span class='ocrx_word' id='word_1_514' title='bbox 2096 1460 2157 1477; x_wconf 92' lang='lat' dir='ltr'>vera</span> <span class='ocrx_word' id='word_1_515' title='bbox 2166 1453 2198 1477; x_wconf 86' lang='lat' dir='ltr'>ad</span> <span class='ocrx_word' id='word_1_516' title='bbox 2209 1457 2293 1485; x_wconf 88' lang='lat' dir='ltr'>partes</span> <span class='ocrx_word' id='word_1_517' title='bbox 2307 1461 2399 1478; x_wconf 86' lang='lat' dir='ltr'>omnes</span> <span class='ocrx_word' id='word_1_518' title='bbox 2414 1453 2470 1486; x_wconf 87' lang='lat' dir='ltr'>phi-</span> 
     </span>
     <span class='ocr_line' id='line_1_64' title="bbox 1409 1486 2472 1521; baseline 0.002 -10"><span class='ocrx_word' id='word_1_519' title='bbox 1409 1495 1423 1510; x_wconf 78' lang='lat'><strong>»</strong></span> <span class='ocrx_word' id='word_1_520' title='bbox 1439 1486 1574 1519; x_wconf 85' lang='lat' dir='ltr'>losophiae</span> <span class='ocrx_word' id='word_1_521' title='bbox 1592 1487 1766 1512; x_wconf 88' lang='lat' dir='ltr'>necessarium</span> <span class='ocrx_word' id='word_1_522' title='bbox 1786 1493 1826 1512; x_wconf 85' lang='lat' dir='ltr'>est</span> <span class='ocrx_word' id='word_1_523' title='bbox 1840 1496 1853 1511; x_wconf 61' lang='grc' dir='ltr'>ι</span> <span class='ocrx_word' id='word_1_524' title='bbox 1870 1486 1914 1519; x_wconf 87' lang='lat' dir='ltr'>(ln</span> <span class='ocrx_word' id='word_1_525' title='bbox 1934 1488 1979 1512; x_wconf 88' lang='lat' dir='ltr'>lib.</span> <span class='ocrx_word' id='word_1_526' title='bbox 1994 1488 2056 1512; x_wconf 81' lang='lat' dir='ltr'>Peri</span> <span class='ocrx_word' id='word_1_527' title='bbox 2074 1487 2236 1516; x_wconf 81' lang='lat' dir='ltr'>hermenias,</span> <span class='ocrx_word' id='word_1_528' title='bbox 2261 1493 2322 1513; x_wconf 88' lang='lat' dir='ltr'>sect.</span> <span class='ocrx_word' id='word_1_529' title='bbox 2333 1489 2367 1518; x_wconf 88' lang='grc' dir='ltr'>ΙΙ,</span> <span class='ocrx_word' id='word_1_530' title='bbox 2387 1489 2412 1521; x_wconf 69' lang='lat'>§-</span> <span class='ocrx_word' id='word_1_531' title='bbox 2421 1496 2472 1519; x_wconf 87' lang='lat' dir='ltr'>vn,</span> 
     </span>
     <span class='ocr_line' id='line_1_65' title="bbox 1408 1522 2473 1556; baseline 0.002 -9"><span class='ocrx_word' id='word_1_532' title='bbox 1408 1522 1453 1547; x_wconf 79' lang='lat' dir='ltr'>fol.</span> <span class='ocrx_word' id='word_1_533' title='bbox 1469 1530 1498 1555; x_wconf 85' lang='lat'>¹9</span> <span class='ocrx_word' id='word_1_534' title='bbox 1512 1530 1595 1553; x_wconf 56' lang='lat' dir='ltr'>vers,</span> <span class='ocrx_word' id='word_1_535' title='bbox 1619 1523 1666 1548; x_wconf 89' lang='lat' dir='ltr'>col.</span> <span class='ocrx_word' id='word_1_536' title='bbox 1682 1522 1720 1556; x_wconf 88' lang='grc' dir='ltr'>ι).</span> <span class='ocrx_word' id='word_1_537' title='bbox 1740 1523 1791 1547; x_wconf 89' lang='lat' dir='ltr'>Sed</span> <span class='ocrx_word' id='word_1_538' title='bbox 1810 1523 2002 1548; x_wconf 85' lang='lat' dir='ltr'>conclusionem</span> <span class='ocrx_word' id='word_1_539' title='bbox 2023 1531 2045 1548; x_wconf 90' lang='lat' dir='ltr'>s.</span> <span class='ocrx_word' id='word_1_540' title='bbox 2059 1523 2178 1548; x_wconf 85' lang='lat' dir='ltr'>Thomae</span> <span class='ocrx_word' id='word_1_541' title='bbox 2196 1523 2306 1549; x_wconf 86' lang='lat' dir='ltr'>novitius</span> <span class='ocrx_word' id='word_1_542' title='bbox 2328 1524 2473 1549; x_wconf 86' lang='lat' dir='ltr'>meditetur.</span> 
     </span>
     <span class='ocr_line' id='line_1_66' title="bbox 1408 1557 2473 1592; baseline 0.002 -10"><span class='ocrx_word' id='word_1_543' title='bbox 1408 1557 1541 1590; x_wconf 87' lang='lat' dir='ltr'>Sapienter</span> <span class='ocrx_word' id='word_1_544' title='bbox 1554 1558 1623 1582; x_wconf 90' lang='lat' dir='ltr'>enim</span> <span class='ocrx_word' id='word_1_545' title='bbox 1638 1565 1659 1582; x_wconf 91' lang='lat' dir='ltr'>s.</span> <span class='ocrx_word' id='word_1_546' title='bbox 1669 1557 1794 1588; x_wconf 85' lang='lat' dir='ltr'>Thomas,</span> <span class='ocrx_word' id='word_1_547' title='bbox 1809 1558 1869 1591; x_wconf 80' lang='lat' dir='ltr'>quia</span> <span class='ocrx_word' id='word_1_548' title='bbox 1884 1558 2091 1583; x_wconf 83' lang='lat' dir='ltr'>commentatoris</span> <span class='ocrx_word' id='word_1_549' title='bbox 2111 1557 2223 1583; x_wconf 86' lang='lat' dir='ltr'>officium</span> <span class='ocrx_word' id='word_1_550' title='bbox 2243 1559 2390 1592; x_wconf 82' lang='lat' dir='ltr'>exsequitur</span> <span class='ocrx_word' id='word_1_551' title='bbox 2404 1559 2473 1584; x_wconf 86' lang='lat' dir='ltr'>altis-</span> 
     </span>
     <span class='ocr_line' id='line_1_67' title="bbox 1407 1593 2472 1627; baseline 0.003 -10"><span class='ocrx_word' id='word_1_552' title='bbox 1407 1593 1486 1618; x_wconf 90' lang='lat' dir='ltr'>simas</span> <span class='ocrx_word' id='word_1_553' title='bbox 1501 1593 1665 1626; x_wconf 83' lang='lat' dir='ltr'>quaestiones</span> <span class='ocrx_word' id='word_1_554' title='bbox 1680 1593 1868 1626; x_wconf 82' lang='lat' dir='ltr'>metaphysicas</span> <span class='ocrx_word' id='word_1_555' title='bbox 1881 1594 2054 1626; x_wconf 82' lang='lat' dir='ltr'>perstringere</span> <span class='ocrx_word' id='word_1_556' title='bbox 2067 1599 2144 1626; x_wconf 89' lang='lat' dir='ltr'>atque</span> <span class='ocrx_word' id='word_1_557' title='bbox 2163 1593 2267 1619; x_wconf 88' lang='lat' dir='ltr'>definire</span> <span class='ocrx_word' id='word_1_558' title='bbox 2286 1602 2339 1619; x_wconf 90' lang='lat' dir='ltr'>non</span> <span class='ocrx_word' id='word_1_559' title='bbox 2358 1600 2472 1627; x_wconf 85' lang='lat' dir='ltr'>recusat,</span> 
     </span>
     <span class='ocr_line' id='line_1_68' title="bbox 1407 1628 2473 1662; baseline 0.002 -9"><span class='ocrx_word' id='word_1_560' title='bbox 1407 1633 1435 1652; x_wconf 93' lang='lat' dir='ltr'>ut</span> <span class='ocrx_word' id='word_1_561' title='bbox 1452 1628 1597 1653; x_wconf 85' lang='lat' dir='ltr'>Aristotelis</span> <span class='ocrx_word' id='word_1_562' title='bbox 1617 1629 1757 1653; x_wconf 83' lang='lat' dir='ltr'>doctrinam</span> <span class='ocrx_word' id='word_1_563' title='bbox 1776 1629 1808 1653; x_wconf 89' lang='lat' dir='ltr'>de</span> <span class='ocrx_word' id='word_1_564' title='bbox 1827 1629 2045 1662; x_wconf 89' lang='lat' dir='ltr'>propositionibus</span> <span class='ocrx_word' id='word_1_565' title='bbox 2058 1630 2144 1662; x_wconf 81' lang='lat' dir='ltr'>quoad</span> <span class='ocrx_word' id='word_1_566' title='bbox 2160 1629 2246 1654; x_wconf 82' lang='lat' dir='ltr'>futura</span> <span class='ocrx_word' id='word_1_567' title='bbox 2265 1630 2435 1662; x_wconf 86' lang='lat' dir='ltr'>contingentia</span> <span class='ocrx_word' id='word_1_568' title='bbox 2447 1636 2473 1655; x_wconf 93' lang='lat' dir='ltr'>et</span> 
     </span>
     <span class='ocr_line' id='line_1_69' title="bbox 1407 1664 2471 1697; baseline 0.002 -9"><span class='ocrx_word' id='word_1_569' title='bbox 1407 1664 1487 1688; x_wconf 86' lang='lat' dir='ltr'>libera</span> <span class='ocrx_word' id='word_1_570' title='bbox 1505 1664 1628 1694; x_wconf 80' lang='lat' dir='ltr'>declaret3</span> <span class='ocrx_word' id='word_1_571' title='bbox 1648 1664 1695 1688; x_wconf 87' lang='lat' dir='ltr'>sed</span> <span class='ocrx_word' id='word_1_572' title='bbox 1714 1664 1831 1689; x_wconf 89' lang='lat' dir='ltr'>modeste</span> <span class='ocrx_word' id='word_1_573' title='bbox 1849 1669 1935 1689; x_wconf 84' lang='lat' dir='ltr'>tamen</span> <span class='ocrx_word' id='word_1_574' title='bbox 1954 1664 2023 1689; x_wconf 86' lang='lat' dir='ltr'>addit</span> <span class='ocrx_word' id='word_1_575' title='bbox 2041 1664 2188 1689; x_wconf 88' lang='lat' dir='ltr'>huiusmodi</span> <span class='ocrx_word' id='word_1_576' title='bbox 2208 1665 2372 1697; x_wconf 85' lang='lat' dir='ltr'>quaestiones</span> <span class='ocrx_word' id='word_1_577' title='bbox 2391 1665 2471 1690; x_wconf 87' lang='lat' dir='ltr'>videri</span> 
     </span>
     <span class='ocr_line' id='line_1_70' title="bbox 1407 1699 2468 1734; baseline 0.003 -11"><span class='ocrx_word' id='word_1_578' title='bbox 1407 1699 1481 1731; x_wconf 90' lang='lat' dir='ltr'>logici</span> <span class='ocrx_word' id='word_1_579' title='bbox 1501 1699 1596 1731; x_wconf 87' lang='lat' dir='ltr'>negotii</span> <span class='ocrx_word' id='word_1_580' title='bbox 1615 1700 1723 1725; x_wconf 90' lang='lat' dir='ltr'>modum</span> <span class='ocrx_word' id='word_1_581' title='bbox 1742 1700 1872 1725; x_wconf 77' lang='lat' dir='ltr'>excedere.</span> <span class='ocrx_word' id='word_1_582' title='bbox 1893 1700 1965 1730; x_wconf 83' lang='lat' dir='ltr'>Quae</span> <span class='ocrx_word' id='word_1_583' title='bbox 1983 1699 2073 1724; x_wconf 82' lang='lat' dir='ltr'>ultima</span> <span class='ocrx_word' id='word_1_584' title='bbox 2085 1700 2164 1726; x_wconf 88' lang='lat' dir='ltr'>verba</span> <span class='ocrx_word' id='word_1_585' title='bbox 2184 1700 2302 1725; x_wconf 87' lang='lat' dir='ltr'>dictando</span> <span class='ocrx_word' id='word_1_586' title='bbox 2321 1700 2387 1725; x_wconf 86' lang='lat' dir='ltr'>forte</span> <span class='ocrx_word' id='word_1_587' title='bbox 2405 1709 2468 1734; x_wconf 86' lang='lat' dir='ltr'>prae</span> 
     </span>
     <span class='ocr_line' id='line_1_71' title="bbox 1407 1734 2471 1768; baseline 0.002 -9"><span class='ocrx_word' id='word_1_588' title='bbox 1407 1739 1494 1759; x_wconf 90' lang='lat' dir='ltr'>mente</span> <span class='ocrx_word' id='word_1_589' title='bbox 1508 1734 1661 1759; x_wconf 84' lang='lat' dir='ltr'>sententiam</span> <span class='ocrx_word' id='word_1_590' title='bbox 1676 1734 1790 1767; x_wconf 79' lang='lat' dir='ltr'>magistri</span> <span class='ocrx_word' id='word_1_591' title='bbox 1801 1735 1840 1759; x_wconf 90' lang='lat' dir='ltr'>sui</span> <span class='ocrx_word' id='word_1_592' title='bbox 1854 1735 1880 1760; x_wconf 89' lang='lat' dir='ltr'>b.</span> <span class='ocrx_word' id='word_1_593' title='bbox 1890 1735 1987 1760; x_wconf 85' lang='lat' dir='ltr'>Alberti</span> <span class='ocrx_word' id='word_1_594' title='bbox 2002 1735 2087 1767; x_wconf 88' lang='lat' dir='ltr'>Magni</span> <span class='ocrx_word' id='word_1_595' title='bbox 2101 1735 2212 1760; x_wconf 90' lang='lat' dir='ltr'>habebat</span> <span class='ocrx_word' id='word_1_596' title='bbox 2226 1735 2431 1768; x_wconf 87' lang='lat' dir='ltr'>sapientissimus</span> <span class='ocrx_word' id='word_1_597' title='bbox 2445 1741 2471 1761; x_wconf 91' lang='lat' dir='ltr'>et</span> 
     </span>
     <span class='ocr_line' id='line_1_72' title="bbox 1407 1769 2470 1802; baseline 0.003 -9"><span class='ocrx_word' id='word_1_598' title='bbox 1407 1769 1465 1794; x_wconf 91' lang='lat' dir='ltr'>ideo</span> <span class='ocrx_word' id='word_1_599' title='bbox 1479 1769 1688 1794; x_wconf 83' lang='lat' dir='ltr'>modestissimus</span> <span class='ocrx_word' id='word_1_600' title='bbox 1702 1769 1850 1802; x_wconf 88' lang='lat' dir='ltr'>discipulus.</span> <span class='ocrx_word' id='word_1_601' title='bbox 1865 1770 1908 1795; x_wconf 89' lang='lat' dir='ltr'>Ait</span> <span class='ocrx_word' id='word_1_602' title='bbox 1917 1770 1985 1795; x_wconf 91' lang='lat' dir='ltr'>enim</span> <span class='ocrx_word' id='word_1_603' title='bbox 1999 1770 2024 1795; x_wconf 93' lang='lat' dir='ltr'>b.</span> <span class='ocrx_word' id='word_1_604' title='bbox 2032 1771 2166 1795; x_wconf 87' lang='lat' dir='ltr'>Albertus:</span> <span class='ocrx_word' id='word_1_605' title='bbox 2179 1779 2192 1793; x_wconf 77' lang='grc'><strong>«</strong></span> <span class='ocrx_word' id='word_1_606' title='bbox 2201 1770 2333 1800; x_wconf 87' lang='lat' dir='ltr'>Quaerunt</span> <span class='ocrx_word' id='word_1_607' title='bbox 2342 1771 2419 1796; x_wconf 87' lang='lat' dir='ltr'>etiam</span> <span class='ocrx_word' id='word_1_608' title='bbox 2429 1771 2470 1796; x_wconf 90' lang='lat' dir='ltr'>hic</span> 
     </span>
     <span class='ocr_line' id='line_1_73' title="bbox 1408 1805 2467 1838; baseline 0.003 -10"><span class='ocrx_word' id='word_1_609' title='bbox 1408 1813 1422 1827; x_wconf 74' lang='lat'><strong>»</strong></span> <span class='ocrx_word' id='word_1_610' title='bbox 1438 1805 1543 1837; x_wconf 89' lang='lat' dir='ltr'>quidam</span> <span class='ocrx_word' id='word_1_611' title='bbox 1555 1805 1587 1829; x_wconf 91' lang='lat' dir='ltr'>de</span> <span class='ocrx_word' id='word_1_612' title='bbox 1599 1805 1750 1830; x_wconf 86' lang='lat' dir='ltr'>necessitate</span> <span class='ocrx_word' id='word_1_613' title='bbox 1762 1805 1859 1830; x_wconf 90' lang='lat' dir='ltr'>ordinis</span> <span class='ocrx_word' id='word_1_614' title='bbox 1874 1813 2017 1837; x_wconf 82' lang='lat' dir='ltr'>causarum,</span> <span class='ocrx_word' id='word_1_615' title='bbox 2028 1806 2060 1830; x_wconf 91' lang='lat' dir='ltr'>de</span> <span class='ocrx_word' id='word_1_616' title='bbox 2072 1806 2132 1836; x_wconf 85' lang='lat' dir='ltr'>fato,</span> <span class='ocrx_word' id='word_1_617' title='bbox 2143 1806 2175 1830; x_wconf 91' lang='lat' dir='ltr'>de</span> <span class='ocrx_word' id='word_1_618' title='bbox 2190 1806 2299 1837; x_wconf 87' lang='lat' dir='ltr'>fortuna,</span> <span class='ocrx_word' id='word_1_619' title='bbox 2310 1807 2342 1831; x_wconf 90' lang='lat' dir='ltr'>de</span> <span class='ocrx_word' id='word_1_620' title='bbox 2352 1806 2467 1838; x_wconf 86' lang='lat' dir='ltr'>consilio,</span> 
     </span>
     <span class='ocr_line' id='line_1_74' title="bbox 1408 1840 2468 1874; baseline 0.002 -10"><span class='ocrx_word' id='word_1_621' title='bbox 1408 1849 1422 1863; x_wconf 79' lang='lat'><strong>»</strong></span> <span class='ocrx_word' id='word_1_622' title='bbox 1439 1841 1470 1865; x_wconf 87' lang='lat' dir='ltr'>de</span> <span class='ocrx_word' id='word_1_623' title='bbox 1484 1848 1554 1871; x_wconf 82' lang='lat' dir='ltr'>casu,</span> <span class='ocrx_word' id='word_1_624' title='bbox 1565 1841 1597 1865; x_wconf 85' lang='lat' dir='ltr'>de</span> <span class='ocrx_word' id='word_1_625' title='bbox 1611 1840 1760 1866; x_wconf 82' lang='lat' dir='ltr'>certitudine</span> <span class='ocrx_word' id='word_1_626' title='bbox 1775 1841 1874 1866; x_wconf 84' lang='lat' dir='ltr'>divinae</span> <span class='ocrx_word' id='word_1_627' title='bbox 1887 1841 2061 1874; x_wconf 84' lang='lat' dir='ltr'>providentiae</span> <span class='ocrx_word' id='word_1_628' title='bbox 2074 1841 2099 1866; x_wconf 92' lang='lat' dir='ltr'>in</span> <span class='ocrx_word' id='word_1_629' title='bbox 2112 1841 2284 1873; x_wconf 90' lang='lat' dir='ltr'>singularibus</span> <span class='ocrx_word' id='word_1_630' title='bbox 2295 1846 2320 1866; x_wconf 89' lang='lat' dir='ltr'>et</span> <span class='ocrx_word' id='word_1_631' title='bbox 2329 1842 2468 1867; x_wconf 83' lang='lat' dir='ltr'>voluntatis</span> 
     </span>
     <span class='ocr_line' id='line_1_75' title="bbox 1408 1875 2468 1909; baseline 0.002 -10"><span class='ocrx_word' id='word_1_632' title='bbox 1408 1884 1422 1898; x_wconf 83' lang='lat'><strong>»</strong></span> <span class='ocrx_word' id='word_1_633' title='bbox 1438 1875 1652 1907; x_wconf 84' lang='lat' dir='ltr'>contingentibus.</span> <span class='ocrx_word' id='word_1_634' title='bbox 1667 1876 1717 1901; x_wconf 90' lang='lat' dir='ltr'>Sed</span> <span class='ocrx_word' id='word_1_635' title='bbox 1737 1876 1768 1900; x_wconf 91' lang='lat' dir='ltr'>de</span> <span class='ocrx_word' id='word_1_636' title='bbox 1780 1875 1820 1900; x_wconf 89' lang='lat' dir='ltr'>his</span> <span class='ocrx_word' id='word_1_637' title='bbox 1833 1875 1874 1901; x_wconf 86' lang='lat' dir='ltr'>hic</span> <span class='ocrx_word' id='word_1_638' title='bbox 1886 1884 2010 1909; x_wconf 88' lang='lat' dir='ltr'>quaerere</span> <span class='ocrx_word' id='word_1_639' title='bbox 2028 1877 2135 1901; x_wconf 89' lang='lat' dir='ltr'>stultum</span> <span class='ocrx_word' id='word_1_640' title='bbox 2154 1882 2205 1901; x_wconf 89' lang='lat' dir='ltr'>est:</span> <span class='ocrx_word' id='word_1_641' title='bbox 2225 1877 2285 1909; x_wconf 84' lang='lat' dir='ltr'>quia</span> <span class='ocrx_word' id='word_1_642' title='bbox 2304 1877 2468 1909; x_wconf 88' lang='lat' dir='ltr'>quaestiones</span> 
     </span>
     <span class='ocr_line' id='line_1_76' title="bbox 1408 1910 2468 1945; baseline 0.001 -10"><span class='ocrx_word' id='word_1_643' title='bbox 1408 1920 1421 1934; x_wconf 71' lang='lat' dir='ltr'>a&gt;</span> <span class='ocrx_word' id='word_1_644' title='bbox 1438 1911 1501 1936; x_wconf 89' lang='lat' dir='ltr'>istae</span> <span class='ocrx_word' id='word_1_645' title='bbox 1510 1918 1541 1936; x_wconf 85' lang='lat' dir='ltr'>ex</span> <span class='ocrx_word' id='word_1_646' title='bbox 1553 1910 1626 1936; x_wconf 87' lang='lat' dir='ltr'>istius</span> <span class='ocrx_word' id='word_1_647' title='bbox 1639 1911 1758 1936; x_wconf 85' lang='lat' dir='ltr'>scientiae</span> <span class='ocrx_word' id='word_1_648' title='bbox 1771 1911 1900 1944; x_wconf 87' lang='lat' dir='ltr'>principiis</span> <span class='ocrx_word' id='word_1_649' title='bbox 1916 1911 1987 1944; x_wconf 90' lang='lat' dir='ltr'>(cum</span> <span class='ocrx_word' id='word_1_650' title='bbox 2002 1912 2084 1943; x_wconf 87' lang='lat' dir='ltr'>logica</span> <span class='ocrx_word' id='word_1_651' title='bbox 2098 1912 2219 1945; x_wconf 89' lang='lat' dir='ltr'>procedat</span> <span class='ocrx_word' id='word_1_652' title='bbox 2233 1919 2263 1936; x_wconf 89' lang='lat' dir='ltr'>ex</span> <span class='ocrx_word' id='word_1_653' title='bbox 2277 1912 2468 1943; x_wconf 87' lang='lat' dir='ltr'>communibus,</span> 
     </span>
     <span class='ocr_line' id='line_1_77' title="bbox 1407 1946 2468 1980; baseline 0.002 -10"><span class='ocrx_word' id='word_1_654' title='bbox 1407 1955 1422 1970; x_wconf 77' lang='lat'>»</span> <span class='ocrx_word' id='word_1_655' title='bbox 1438 1954 1504 1979; x_wconf 86' lang='lat' dir='ltr'>quae</span> <span class='ocrx_word' id='word_1_656' title='bbox 1519 1946 1545 1971; x_wconf 88' lang='lat' dir='ltr'>in</span> <span class='ocrx_word' id='word_1_657' title='bbox 1559 1946 1677 1979; x_wconf 88' lang='lat' dir='ltr'>pluribus</span> <span class='ocrx_word' id='word_1_658' title='bbox 1691 1947 1732 1971; x_wconf 88' lang='lat' dir='ltr'>vel</span> <span class='ocrx_word' id='word_1_659' title='bbox 1747 1947 1772 1971; x_wconf 95' lang='lat' dir='ltr'>in</span> <span class='ocrx_word' id='word_1_660' title='bbox 1782 1947 1903 1972; x_wconf 88' lang='lat' dir='ltr'>omnibus</span> <span class='ocrx_word' id='word_1_661' title='bbox 1917 1946 2090 1979; x_wconf 88' lang='lat' dir='ltr'>inveniuntur)</span> <span class='ocrx_word' id='word_1_662' title='bbox 2105 1955 2156 1971; x_wconf 93' lang='lat' dir='ltr'>non</span> <span class='ocrx_word' id='word_1_663' title='bbox 2170 1951 2280 1980; x_wconf 85' lang='lat' dir='ltr'>possunt</span> <span class='ocrx_word' id='word_1_664' title='bbox 2293 1947 2468 1972; x_wconf 82' lang='lat' dir='ltr'>determinari:</span> 
     </span>
     <span class='ocr_line' id='line_1_78' title="bbox 1407 1982 2468 2015; baseline 0.002 -9"><span class='ocrx_word' id='word_1_665' title='bbox 1407 1991 1421 2005; x_wconf 82' lang='grc'>»</span> <span class='ocrx_word' id='word_1_666' title='bbox 1437 1982 1484 2007; x_wconf 86' lang='lat' dir='ltr'>ista</span> <span class='ocrx_word' id='word_1_667' title='bbox 1494 1986 1581 2007; x_wconf 86' lang='lat' dir='ltr'>autem</span> <span class='ocrx_word' id='word_1_668' title='bbox 1591 1982 1753 2007; x_wconf 82' lang='lat' dir='ltr'>determinari</span> <span class='ocrx_word' id='word_1_669' title='bbox 1759 1983 1849 2008; x_wconf 89' lang='lat' dir='ltr'>volunt</span> <span class='ocrx_word' id='word_1_670' title='bbox 1863 1990 1893 2007; x_wconf 88' lang='lat' dir='ltr'>ex</span> <span class='ocrx_word' id='word_1_671' title='bbox 1903 1982 2012 2015; x_wconf 86' lang='lat' dir='ltr'>propriis</span> <span class='ocrx_word' id='word_1_672' title='bbox 2025 1991 2039 2006; x_wconf 81' lang='grc'>»</span> <span class='ocrx_word' id='word_1_673' title='bbox 2050 1982 2124 2015; x_wconf 77' lang='lat' dir='ltr'>(Peri</span> <span class='ocrx_word' id='word_1_674' title='bbox 2133 1982 2282 2007; x_wconf 80' lang='lat' dir='ltr'>hermenias</span> <span class='ocrx_word' id='word_1_675' title='bbox 2291 1982 2335 2007; x_wconf 90' lang='lat' dir='ltr'>lib.</span> <span class='ocrx_word' id='word_1_676' title='bbox 2342 1983 2360 2014; x_wconf 92' lang='lat'>1,</span> <span class='ocrx_word' id='word_1_677' title='bbox 2371 1987 2468 2013; x_wconf 74' lang='lat' dir='ltr'>tract-V,</span> 
     </span>
    </p>
   </div>
   <div class='ocr_carea' id='block_1_15' title="bbox 1406 2016 1539 2050">
    <p class='ocr_par' dir='ltr' id='par_1_17' title="bbox 1406 2016 1539 2050">
     <span class='ocr_line' id='line_1_79' title="bbox 1406 2016 1539 2050; baseline 0 -8"><span class='ocrx_word' id='word_1_678' title='bbox 1406 2025 1461 2050; x_wconf 89' lang='lat' dir='ltr'>cap.</span> <span class='ocrx_word' id='word_1_679' title='bbox 1477 2025 1513 2042; x_wconf 84' lang='lat' dir='ltr'>vu</span> <span class='ocrx_word' id='word_1_680' title='bbox 1521 2016 1539 2050; x_wconf 86' lang='lat'>).</span> 
     </span>
    </p>
   </div>
   <div class='ocr_carea' id='block_1_16' title="bbox 1030 2623 1724 2942">
    <p class='ocr_par' dir='ltr' id='par_1_18' title="bbox 1030 2623 1724 2942">
     <span class='ocr_line' id='line_1_80' title="bbox 1030 2623 1724 2942; baseline 0 1262"><span class='ocrx_word' id='word_1_681' title='bbox 1030 2623 1724 2942; x_wconf 95' lang='lat' dir='ltr'> </span> 
     </span>
    </p>
   </div>
   <div class='ocr_carea' id='block_1_17' title="bbox 2597 414 2632 430">
    <p class='ocr_par' dir='ltr' id='par_1_19' title="bbox 2597 414 2632 430">
     <span class='ocr_line' id='line_1_81' title="bbox 2597 414 2632 430; baseline 0.029 -1"><span class='ocrx_word' id='word_1_682' title='bbox 2597 414 2632 430; x_wconf 80' lang='grc' dir='ltr'>αα</span> 
     </span>
    </p>
   </div>
   <div class='ocr_carea' id='block_1_18' title="bbox 2505 776 2717 829">
    <p class='ocr_par' dir='ltr' id='par_1_20' title="bbox 2505 776 2717 829">
     <span class='ocr_line' id='line_1_82' title="bbox 2525 776 2717 798; baseline 0.005 -2"><span class='ocrx_word' id='word_1_683' title='bbox 2525 782 2546 796; x_wconf 61' lang='lat' dir='ltr'>a:</span> <span class='ocrx_word' id='word_1_684' title='bbox 2555 778 2611 797; x_wconf 75' lang='lat' dir='ltr'>sunt</span> <span class='ocrx_word' id='word_1_685' title='bbox 2620 782 2635 797; x_wconf 82' lang='lat' dir='ltr'>a</span> <span class='ocrx_word' id='word_1_686' title='bbox 2649 776 2717 798; x_wconf 73' lang='lat' dir='ltr'>nobis</span> 
     </span>
     <span class='ocr_line' id='line_1_83' title="bbox 2505 802 2626 829; baseline 0.008 -6"><span class='ocrx_word' id='word_1_687' title='bbox 2505 802 2543 823; x_wconf 77' lang='lat' dir='ltr'>vel</span> <span class='ocrx_word' id='word_1_688' title='bbox 2553 802 2626 829; x_wconf 85' lang='lat' dir='ltr'>fiunt.</span> 
     </span>
    </p>
   </div>
   <div class='ocr_carea' id='block_1_19' title="bbox 2502 994 2715 1069">
    <p class='ocr_par' dir='ltr' id='par_1_21' title="bbox 2502 994 2715 1069">
     <span class='ocr_line' id='line_1_84' title="bbox 2503 994 2714 1021; baseline 0 -5"><span class='ocrx_word' id='word_1_689' title='bbox 2503 995 2512 1003; x_wconf 80' lang='grc'><em>“</em></span> <span class='ocrx_word' id='word_1_690' title='bbox 2523 994 2580 1021; x_wconf 81' lang='lat' dir='ltr'>Cap.</span> <span class='ocrx_word' id='word_1_691' title='bbox 2591 1001 2614 1016; x_wconf 87' lang='grc' dir='ltr'>ιιι</span> <span class='ocrx_word' id='word_1_692' title='bbox 2629 995 2672 1019; x_wconf 82' lang='lat' dir='ltr'>(al.</span> <span class='ocrx_word' id='word_1_693' title='bbox 2688 998 2714 1021; x_wconf 75' lang='lat' dir='ltr'>v)</span> 
     </span>
     <span class='ocr_line' id='line_1_85' title="bbox 2502 1021 2715 1043; baseline 0.009 -2"><span class='ocrx_word' id='word_1_694' title='bbox 2502 1027 2525 1041; x_wconf 93' lang='lat' dir='ltr'>n.</span> <span class='ocrx_word' id='word_1_695' title='bbox 2549 1021 2715 1043; x_wconf 79' lang='lat' dir='ltr'>.-c0mment.</span> 
     </span>
     <span class='ocr_line' id='line_1_86' title="bbox 2503 1048 2694 1069; baseline 0.005 -1"><span class='ocrx_word' id='word_1_696' title='bbox 2503 1053 2522 1068; x_wconf 84' lang='lat' dir='ltr'>s.</span> <span class='ocrx_word' id='word_1_697' title='bbox 2555 1048 2577 1069; x_wconf 88' lang='lat' dir='ltr'>h.</span> <span class='ocrx_word' id='word_1_698' title='bbox 2593 1049 2644 1069; x_wconf 85' lang='lat' dir='ltr'>lect.</span> <span class='ocrx_word' id='word_1_699' title='bbox 2656 1055 2694 1069; x_wconf 87' lang='lat' dir='ltr'>vn.</span> 
     </span>
    </p>
   </div>
  </div>
 </body>
</html>
