2788 4204
77 449 89 460 ⁸*
102 454 143 469 aa:
158 448 182 469 in
197 447 291 468 demon-

79 476 148 496 strat.

177 510 187 526 ε

180 546 194 575 2:

77 871 88 882 ⁸¹
98 870 161 892 Lect.
171 878 209 893 xv.

176 929 191 951 η

78 980 88 991 ’
108 985 154 1000 ox:
179 979 288 1008 dfferunt

78 1006 142 1031 qnia.

75 1032 200 1053 *.Codd-
185 1039 234 1054 -:p
254 1034 290 1053 est

76 1066 134 1088 tant.
148 1064 211 1085 scire
224 1070 289 1092 qma.

75 1141 138 1171 {aot
151 1146 180 1161 ex
192 1145 249 1168 quo3
264 1146 287 1161 x·

78 1173 102 1188 m
116 1173 172 1195 qua.

75 1570 86 1581 ²·
101 1575 132 1591 xo
155 1569 229 1590 omitt.
241 1575 288 1596 per

76 1602 116 1622 se;
130 1596 170 1617 sed
185 1597 252 1617 male.

316 251 392 288 206

375 332 408 368 3.
430 329 579 376 Terti03
600 329 669 366 ibi:
698 329 741 365 Si
755 340 846 366 vero
867 339 941 364 non
966 334 1048 373 etc.,
1079 325 1240 362 excludit
1264 337 1383 373 quan-

320 384 409 421 dam
439 383 723 420 dubitationem.
746 381 936 428 Contingit
956 379 1057 415 enim
1078 378 1281 426 aliquando
1302 390 1382 414 me-

321 437 426 474 dium
447 435 777 474 demonstrationis
793 434 813 455 *
832 446 911 470 11011
930 444 1011 468 esse
1032 431 1069 467 in
1086 431 1224 467 eodem
1244 443 1381 478 genere

321 503 408 527 cum
430 489 670 526 conclusione
685 494 706 524 ³.
734 486 851 533 Quod
870 485 1028 534 qualiter
1048 484 1238 532 contingat
1257 491 1382 521 osten-

320 543 372 580 dit
392 543 536 580 dicens:
553 541 592 578 Si
607 553 699 577 vero
720 551 798 576 non
814 539 859 575 sit
873 538 1044 575 medium
1056 536 1070 563 ζ
1084 537 1122 573 111
1139 537 1274 573 eadem
1293 549 1381 585 pro-

317 596 484 632 ximitate
504 593 751 639 conclusioni,
777 592 842 628 sed
862 592 936 628 hoc
956 590 1074 627 modo
1104 590 1199 627 sicut
1223 590 1382 627 demon-

319 656 453 685 stratur
473 646 612 696 aliquid
630 646 669 682 in
688 644 928 692 harmonica,
955 643 1050 680 idest
1068 642 1107 680 in
1131 643 1292 689 musica,
1313 655 1383 692 per

317 700 608 745 arithmeticam;
623 711 760 735 verum
780 698 937 746 quidem
954 704 1009 733 est
1036 697 1141 744 quod
1162 696 1382 733 huiusmodi

317 754 429 790 etiam
450 753 616 790 similiter
635 752 924 788 demonstratur.
946 750 1005 787 Fit
1025 749 1126 786 enim
1147 749 1382 787 demonstra-

315 807 366 843 tio
395 807 432 842 in
470 805 633 842 inferiori
670 804 824 841 scientia
860 817 930 853 per
961 803 1144 853 principia
1179 802 1382 852 superioris

316 859 502 905 scientiae,
518 866 559 894 ut
578 865 774 894 ostensum
795 865 849 894 est
862 858 899 904 *;
921 858 1016 894 sicut
1036 864 1071 893 et
1090 857 1127 893 in
1147 856 1301 893 scientia
1320 869 1381 893 su-

314 912 452 960 periori
479 923 548 960 per
575 911 758 960 principia
784 911 990 970 superioris
1009 915 1034 947 ²⁷.
1058 910 1133 947 Sed
1154 909 1192 946 in
1210 910 1284 946 hoc
1314 909 1381 946 dif-

314 966 394 1012 fe1t,
416 965 520 1024 quod
535 965 555 985 *
571 965 721 1001 alterius
741 964 929 1011 scientiae,
951 964 1089 1001 scilicet
1107 963 1303 1011 inferioris,
1326 971 1380 1000 est

316 1018 408 1054 scire
428 1018 553 1067 ipsum
570 1018 666 1077 quia
685 1018 869 1054 tantum*
878 1030 1025 1065 :genus
1046 1017 1147 1053 enim
1167 1016 1379 1054 subiectum

314 1071 499 1108 inferioris
527 1071 703 1108 scientiae
733 1079 788 1108 est
816 1072 975 1108 alterum
1004 1083 1026 1107 a
1045 1082 1183 1118 genere
1211 1070 1379 1107 subiecto

315 1124 518 1172 superioris
545 1124 734 1171 scientiae,
756 1137 801 1161 ex
822 1137 897 1173 qua
917 1124 937 1145 '¹‘
963 1131 1164 1160 sumuntur
1181 1123 1376 1173 principia.

316 1177 393 1214 Sed
427 1177 521 1214 scire
543 1184 702 1226 propter
735 1178 825 1226 quid
860 1185 915 1214 est
953 1177 1156 1226 superioris
1185 1177 1379 1224 scientiae,

315 1230 420 1267 cuius
435 1238 522 1267 sunt
535 1243 604 1279 per
623 1243 663 1268 se
683 1231 766 1268 illae
781 1231 990 1280 passiones.
1013 1231 1113 1266 Cum
1134 1230 1236 1266 enim
1250 1230 1377 1279 passio

313 1283 399 1320 insit
427 1283 596 1321 subiecto
625 1292 780 1333 propter
799 1284 982 1330 medium,
1003 1283 1064 1320 illa
1083 1283 1237 1320 scientia
1258 1283 1379 1320 consi-

314 1337 459 1374 derabit
479 1343 637 1385 propter
664 1338 763 1386 quid,
784 1337 832 1374 ad
862 1350 977 1386 quarn
1005 1336 1166 1385 pertinet
1193 1336 1378 1383 medium,

314 1390 419 1427 euius
455 1403 525 1439 per
552 1403 591 1427 se
622 1398 676 1428 est
702 1390 850 1440 passio,
881 1403 979 1438 quae
1018 1390 1307 1426 demonstratur.
1339 1391 1379 1427 Si

312 1455 406 1480 vero
435 1444 647 1481 subiectum
668 1444 713 1480 sit
741 1444 790 1481 ad
818 1443 930 1480 aliam
950 1442 1145 1479 scientiam
1173 1442 1377 1491 pertinens,

312 1496 408 1533 illius
445 1497 621 1534 scientiae
659 1510 738 1533 non
775 1497 843 1534 erit
864 1502 1021 1545 propter
1053 1494 1162 1544 quid,
1193 1496 1261 1533 sed
1289 1497 1378 1544 quia

312 1557 476 1596 tantum;
498 1562 568 1586 nec
587 1550 648 1587 tali
663 1550 831 1587 subiecto
850 1562 921 1599 per
939 1562 979 1586 se
995 1549 1015 1570 *
1036 1548 1234 1586 conveniet
1250 1549 1377 1598 passio

314 1603 572 1640 demonstrata
592 1603 639 1640 de
659 1603 754 1652 ipso,
776 1603 843 1641 sed
861 1615 931 1652 per
950 1602 1122 1640 medium
1143 1610 1376 1640 extraneum.

314 1656 353 1693 Si
381 1669 474 1693 vero
495 1656 667 1693 medium
688 1665 724 1694 et
743 1657 956 1693 subiectum
975 1655 1188 1705 pertineant
1206 1656 1255 1693 ad
1275 1668 1377 1693 earn-

313 1709 401 1746 dem
430 1709 637 1757 scientiam,
658 1718 747 1747 tunc
766 1710 863 1747 illius
890 1709 1067 1747 scientiae
1088 1709 1156 1746 erit
1174 1709 1268 1746 scire
1288 1710 1377 1759 quia

312 1770 348 1799 et
370 1769 526 1812 propter
553 1763 651 1811 quid.

364 1817 528 1854 Remota
557 1825 684 1854 autern
714 1816 959 1862 dubitatione,
980 1814 1134 1853 ulterius
1168 1816 1377 1854 conclusio-

72 1887 118 1908 'm
133 1887 285 1915 aprinctpw,
309 1881 399 1905 nem
427 1869 609 1907 intentam
637 1869 890 1919 principaliter
906 1869 1098 1918 *inducit,
1120 1869 1248 1907 dicens
1273 1870 1379 1919 quod

75 1939 87 1951 ⁴*
101 1945 126 1961 c:
140 1941 249 1967 apparet.

313 1934 358 1958 ex
394 1923 595 1971 praedictis
623 1924 765 1972 patet*
792 1923 897 1973 quod
925 1934 1004 1960 non
1033 1931 1088 1960 est
1116 1922 1378 1961 demonstrare

311 1976 617 2025 unumquodque
633 1976 860 2026 simpliciter,
881 1976 978 2014 idest
992 1989 1223 2026 quocunque
1238 1977 1358 2014 modo
1368 2007 1377 2025 ,

313 2029 380 2065 sed
409 2030 621 2067 secundum
653 2031 728 2068 hoc
763 2030 868 2079 quod
903 2030 1184 2068 demonstratur
1213 2043 1258 2067 ex
1290 2043 1378 2079 pro-

311 2082 401 2130 priis
428 2083 620 2132 principiis
648 2083 946 2132 uniuscuiusque
965 2080 989 2120 ⁰.
1022 2084 1098 2121 Sed
1128 2091 1164 2120 et
1190 2083 1375 2132 principia

310 2136 465 2184 propria
499 2136 731 2185 singularum
766 2137 1008 2174 scientiarum
1045 2137 1188 2174 habent
1223 2136 1379 2185 aliquod

313 2201 519 2226 commune
547 2190 652 2239 prius
682 2190 734 2227 eis
753 2197 772 2227 ⁴.

312 2362 416 2394 propria
435 2366 496 2386 sunt
514 2362 670 2393 geometriae
689 2362 735 2386 sed
755 2362 912 2387 communia.
926 2375 946 2382 κ
963 2362 1121 2395 Respondeo
1140 2370 1200 2387 cum
1219 2362 1378 2387 Themistio:

314 2406 327 2419 ε
348 2397 413 2421 Sunt
431 2397 494 2422 haec
509 2397 612 2429 quidem
629 2397 790 2428 communia3
811 2398 857 2422 sed
872 2406 955 2430 quum
969 2403 1076 2422 utuntur
1090 2398 1120 2422 iis
1135 2398 1179 2430 qui
1196 2398 1379 2429 demonstrant,

313 2441 328 2456 »
349 2441 401 2457 non
420 2438 448 2457 ut
467 2433 649 2457 communibus
669 2433 690 2457 si
709 2441 756 2465 pro
776 2433 898 2466 qualitate
916 2438 942 2457 et
960 2439 1049 2458 natura
1072 2433 1187 2458 subiecta
1210 2441 1270 2458 cum
1290 2433 1380 2458 adiun-

315 2478 328 2491 »
349 2468 433 2493 ctione
452 2473 477 2492 et
495 2468 696 2500 praescriptione
717 2469 828 2501 quadam
851 2474 966 2493 utuntur.
987 2469 1163 2499 Quamobrem
1181 2474 1315 2502 geometra
1333 2476 1381 2502 po-

315 2513 328 2526 ›
349 2504 471 2528 stulatum
498 2503 574 2527 illud:
595 2503 626 2528 Si
650 2504 682 2528 ab
702 2504 866 2535 aequalibus,
887 2512 938 2528 non
960 2504 1110 2537 simpliciter
1132 2509 1235 2535 tractat,
1255 2505 1301 2529 sed
1320 2512 1380 2529 cum

315 2548 329 2561 a·
350 2538 508 2563 astrictione.
530 2538 561 2562 Si
578 2539 611 2563 ab
630 2540 783 2570 aequalibus
802 2539 1031 2572 magnitudinibus
1052 2539 1170 2565 demas»
1157 2540 1227 2573 »(ln
1243 2540 1253 2564 1
1269 2540 1379 2569 Poster„

315 2582 370 2607 cap.
385 2582 445 2604 xvu,
465 2581 523 2607 pag.
543 2573 582 2598 13.
601 2574 648 2598 Ed.
663 2574 733 2598 cit.—
742 2574 780 2599 Cf.
796 2574 853 2599 lect.
869 2582 933 2607 seq„
948 2583 991 2599 nn.
1006 2574 1022 2599 6
1042 2580 1067 2599 et
1085 2574 1121 2607 8).

367 2606 435 2642 ε)Ν
433 2617 465 2634 on
481 2616 536 2634 esse
551 2609 577 2633 in
592 2610 683 2634 eodem
697 2617 801 2642 genere,
817 2615 884 2634 etc.-
896 2610 959 2635 Cod.
974 2611 997 2634 Α
1011 2609 1102 2635 habet:
1113 2618 1164 2635 non
1178 2617 1232 2636 esse
1247 2610 1272 2635 in
1287 2610 1380 2635 eadem

309 2645 490 2677 proximitate
514 2645 674 2670 conclusioni
698 2645 737 2669 vel
762 2645 788 2669 in
812 2645 903 2670 eodem
928 2652 1039 2678 genere5
1063 2646 1084 2670 B
1103 2653 1178 2670 vero:
1204 2653 1255 2670 non
1279 2652 1334 2670 esse
1353 2645 1379 2670 in

314 2680 406 2705 eadem
421 2680 602 2712 proximitate
620 2680 789 2705 conclusioni.
808 2680 926 2713 Denique
945 2680 1043 2705 GHNT
1058 2686 1083 2705 et
1097 2681 1145 2706 DO
1160 2681 1274 2706 secunda
1293 2688 1380 2711 manu,

315 2724 367 2740 non
386 2723 444 2740 cum
465 2715 703 2744 demonstratione,
723 2716 768 2740 sed
787 2723 846 2741 cum
871 2716 1037 2741 conclusione
1055 2716 1152 2747 legunt.
1166 2730 1187 2736 -
1201 2716 1235 2741 P:
1255 2723 1306 2741 non
1326 2723 1381 2741 esse

315 2751 342 2776 in
362 2751 454 2776 eodem
473 2758 570 2784 genere
586 2758 644 2776 cum
660 2751 893 2776 demonstratione.
904 2751 1019 2776 -Lectio
1038 2751 1094 2776 cod.
1107 2752 1130 2775 A
1145 2751 1227 2783 magis
1243 2751 1381 2776 concordat

316 2794 375 2811 cum
394 2787 434 2811 his
449 2794 516 2819 quae
531 2786 678 2811 immediate
697 2792 842 2819 sequuntur
860 2792 885 2811 et
904 2794 962 2811 cum
982 2786 1055 2811 dictis
1074 2786 1100 2811 in
1113 2785 1164 2811 fine
1176 2795 1249 2811 num.
1262 2787 1380 2819 praeced.

314 2822 466 2847 Retinemus
486 2827 572 2847 tamen
592 2822 727 2847 lectionem
747 2822 866 2853 Pianam,
890 2829 942 2847 non
962 2829 1017 2847 esse
1036 2822 1062 2846 in
1082 2822 1172 2847 eodem
1191 2829 1301 2855 genere,
1321 2821 1381 2854 quia

314 2865 362 2890 pro
378 2866 406 2882 se
420 2857 496 2882 habet
511 2858 687 2882 auctoritatem
701 2857 819 2882 omnium
834 2858 886 2882 fere
901 2857 1033 2888 codicum;
1049 2858 1095 2882 sed
1110 2858 1219 2890 legimus
1234 2865 1293 2882 cum
1307 2865 1381 2889 prae-

315 2893 395 2918 citatis
411 2893 549 2924 codicibus,
565 2900 623 2918 cum
638 2893 813 2923 conclusione,
829 2893 889 2925 quia
908 2897 948 2917 est
966 2892 1041 2917 lectio
1060 2893 1195 2918 manifeste
1214 2900 1229 2918 a
1247 2900 1269 2917 s.
1278 2892 1382 2917 Thoma

315 2928 431 2953 indicata.

347 2961 349 2963 ’
367 2961 392 2998 ζ)
414 2964 445 2988 Si
464 2971 526 2989 vero
545 2971 596 2989 non
611 2963 646 2989 sit
661 2964 775 2989 medium
791 2963 934 2988 etc.-Non
953 2968 993 2988 est
1011 2964 1157 2996 spernenda
1176 2963 1251 2988 lectio
1270 2963 1327 2988 cod.
1342 2963 1382 2987 K:

314 2999 337 3024 si
356 3007 418 3024 vero
437 3007 488 3024 non
507 3000 647 3032 contingat
665 2999 780 3024 medium
803 3006 858 3024 esse
877 2999 903 3024 in
923 2999 1014 3024 eadem
1037 2999 1218 3031 proximitate
1235 2998 1380 3024 conclusio-

315 3035 363 3064 nis,
382 3035 430 3060 sed
448 3038 487 3060 est
501 3035 549 3060 hoc
564 3035 642 3060 modo
661 3040 709 3060 etc.
728 3035 849 3059 Attamen
868 3034 1009 3059 retinemus
1029 3034 1143 3065 Pianam,
1163 3039 1218 3059 rum
1236 3034 1297 3067 quia
1312 3034 1380 3058 bona

315 3075 362 3100 est,
382 3076 437 3094 tum
457 3070 516 3103 quia
535 3078 582 3102 pro
602 3078 631 3095 se
650 3070 726 3095 habet
744 3070 920 3094 auctoritatem
940 3070 1048 3094 aliorum
1068 3070 1221 3094 codd—H:
1240 3077 1299 3095 cum
1318 3077 1380 3094 con-

314 3106 442 3135 clusione,
468 3109 507 3131 est
531 3106 580 3130 hoc
607 3106 685 3130 modo
704 3110 765 3136 etc.;
792 3106 838 3130 sed
863 3113 914 3130 non
933 3105 1008 3130 bene.
1023 3118 1042 3125 -
1057 3105 1139 3130 Codd.
1154 3105 1200 3130 NR
1223 3110 1249 3130 et
1267 3105 1380 3130 secunda

314 3149 391 3165 manu
412 3142 442 3165 S:
462 3141 509 3166 sed
527 3141 575 3166 hoc
594 3141 672 3166 modo
690 3140 759 3166 sicut
776 3141 801 3166 si
805 3148 815 3170 ;
834 3140 1006 3165 CKLMNST:
1031 3140 1236 3165 demonstretur.

366 3173 394 3210 η)
416 3176 491 3201 Sicut
514 3179 540 3201 et
563 3176 588 3201 in
612 3176 723 3202 scientIa
742 3181 818 3201 etc.-
831 3176 879 3200 Al:
902 3176 971 3201 sicut
994 3176 1020 3200 in
1045 3176 1156 3201 scientia
1174 3181 1235 3206 etc-5
1255 3175 1380 3202 O:.sicut

315 3211 395 3236 etiam
415 3212 441 3236 in
461 3211 570 3237 scientia
593 3216 654 3241 etc.;
674 3212 699 3236 M
718 3211 812 3236 omittit
825 3218 877 3243 per
890 3211 1026 3243 principia
1048 3211 1204 3243 superioris,
1225 3211 1291 3236 sicut
1309 3219 1379 3236 ama-

314 3248 419 3272 nuensis
434 3248 490 3272 cod.
501 3247 522 3271 N
539 3247 674 3272 distractus
685 3254 699 3271 a
713 3254 819 3271 recursu
832 3247 909 3271 huius
923 3246 1003 3278 verbi,
1018 3246 1171 3279 superioris,
1184 3247 1278 3272 omittit
1291 3246 1378 3278 verba,

315 3282 440 3307 scientiae
460 3285 489 3307 ut
507 3285 638 3307 ostensum
654 3285 693 3307 est
712 3287 759 3307 etc.
778 3290 863 3314 usque
881 3282 913 3306 ad
927 3282 1064 3314 principia
1082 3282 1227 3314 superioris
1245 3282 1378 3307 inclusive.

316 3318 396 3342 Codd.
415 3318 486 3342 GKT
504 3326 556 3342 non
577 3318 640 3342 levis
659 3318 784 3342 momenti
803 3317 926 3350 praebent
945 3317 1082 3342 lectionem
1100 3317 1255 3347 variantem,
1275 3317 1379 3348 scilicet,

310 3359 363 3384 per
376 3353 511 3385 principia
530 3353 673 3386 inferioris,
689 3361 747 3378 cum
767 3353 843 3378 ceteri
859 3353 932 3377 codd.
953 3353 1057 3377 Pianam
1077 3353 1213 3378 lectionem
1231 3353 1379 3386 praebeant,

316 3395 421 3420 nempe
437 3396 489 3420 per
502 3388 637 3420 principia
656 3388 808 3420 superioris.
831 3388 945 3413 Lectioni
965 3389 1039 3413 codd.
1058 3388 1130 3413 GKT
1149 3389 1274 3413 consentit
1293 3389 1333 3413 ed.
1351 3395 1378 3413 a.

367 3420 391 3457 0)
414 3424 484 3448 Idest
499 3431 652 3456 quocunque
666 3424 752 3453 modo,
768 3424 814 3449 sed
829 3429 904 3448 etc.-
913 3423 1037 3448 AELRS:
1052 3423 1120 3449 idest
1133 3431 1286 3456 quocunque
1300 3423 1378 3449 modo

317 3457 349 3489 (A
363 3466 416 3482 om.
427 3459 524 3490 modo),
539 3459 584 3484 sed
603 3460 651 3484 hoc
666 3459 736 3491 quod
755 3459 966 3489 demonstretur,
985 3459 1019 3483 C:
1038 3459 1085 3483 sed
1104 3459 1196 3492 (marg.
1210 3460 1268 3484 add.
1286 3467 1378 3484 secun-

316 3493 388 3525 dum)
409 3494 456 3518 hoc
475 3494 545 3526 quod
563 3494 772 3523 demonstretur,-
790 3494 825 3518 D.
844 3495 891 3519 sed
909 3494 957 3519 hoc
976 3494 1067 3527 (marg.
1082 3495 1140 3520 add.
1155 3494 1279 3527 modo)q
1281 3502 1314 3519 uo
1333 3495 1377 3520 de-

318 3531 493 3557 monstretur,
508 3529 543 3553 G:
559 3529 626 3555 idest
641 3537 793 3565 quocunque
808 3530 894 3558 modo,
908 3530 955 3554 sed
969 3529 1018 3555 hoc
1032 3529 1111 3554 modo
1126 3530 1197 3562 quod
1216 3530 1379 3555 demonstre-

317 3565 377 3591 tur,·
396 3563 420 3588 1.
439 3564 485 3588 sed
503 3564 551 3588 hoc
571 3572 620 3595 quo
641 3560 848 3595 demonstratum·
867 3564 952 3589 HKT:
973 3565 1040 3590 idest
1059 3572 1211 3597 quocunque
1230 3565 1317 3594 modo,
1330 3565 1379 3590 sed

316 3601 423 3630 oportet
439 3599 510 3630 quod
526 3599 729 3624 demonstretur.
748 3600 836 3625 Lectio
851 3599 916 3625 forte
935 3599 1109 3633 praeferenda.
1128 3600 1167 3624 Μ.
1186 3600 1233 3626 sed
1251 3600 1322 3633 quod
1336 3600 1379 3626 de-

902 246 1286 285 POSTERIORUM
1313 245 1742 283 ANALYTICORUM
1770 246 1868 283 LIB.
1901 246 1916 282 Ι

1488 337 1526 372 4.
1547 325 1697 362 Deinde
1726 337 1814 362 eum
1844 324 1949 362 dicit:
1970 325 2013 361 Si
2038 331 2163 362 autem
2187 327 2259 362 hoc
2286 333 2368 374 etc.,
2398 326 2507 365 indu-

1437 378 1485 415 cit
1503 378 1699 427 quandam
1729 378 2016 415 conclusionem
2037 387 2260 427 sequentem
2287 391 2332 416 ex
2352 380 2494 419 dictis*

1437 432 1486 468 Et
1515 432 1612 468 circa
1639 432 1714 468 hoc
1741 431 1811 468 tria
1840 431 1937 468 facit.
1965 431 2108 478 Primo,
2126 432 2268 469 inducit
2297 434 2507 473 conclusio-

1437 497 1527 521 nem
1556 484 1684 522 dicens
1710 484 1827 533 quod,
1849 484 1880 521 si
1898 485 1973 521 hoc
1991 497 2130 522 verum
2151 493 2217 533 est,
2239 486 2378 523 scilicet
2403 487 2507 536 quod

1438 537 1780 575 demonstrationes
1808 537 1847 574 in
1876 537 2029 586 singulis
2049 539 2211 575 scientiis
2239 551 2319 576 non
2346 540 2444 579 fiunt
2463 552 2508 577 ex

1438 591 1707 628 communibus
1734 590 1939 639 principiis,
1961 598 1997 628 et
2024 591 2161 628 iterum
2191 593 2295 641 quod
2323 593 2509 644 principia

1437 644 1678 681 scientiarum
1693 644 1835 680 habent
1854 643 1995 692 aliquid
2008 644 2113 692 prius
2132 658 2184 693 se,
2201 645 2307 694 quod
2329 654 2384 682 est
2403 659 2508 684 com-

1437 709 1572 743 mune;
1603 697 1847 734 manifestum
1873 704 1929 733 est
1951 697 2058 745 quod
2085 710 2164 735 non
2194 706 2249 736 est
2271 699 2507 738 uniuscuius-

1437 762 1511 798 que
1540 750 1716 787 scientiae
1746 750 2007 786 demonstrare
2036 751 2220 800 principia
2244 764 2312 789 sua
2339 753 2505 802 propria.

1437 804 1502 840 llla
1522 802 1622 840 enim
1642 803 1800 851 priora*
1818 803 2014 862 principia,
2034 816 2106 852 per
2124 817 2223 853 quae
2241 814 2399 866 possent
2417 818 2505 855 pro-

1436 856 1518 892 bari
1555 856 1788 904 singularum
1827 855 2069 893 scientiarum
2096 857 2252 916 propria
2278 858 2504 910 principia¹⁸‚

1436 917 1523 946 sunt
1551 909 1773 946 communia
1799 908 1983 958 principia
2012 910 2204 957 omnium,
2232 918 2269 947 et
2296 911 2357 948 illa
2386 912 2506 951 scien-

1435 963 1496 1010 tia,
1513 975 1612 1011 quae
1628 962 1842 999 considerat
1855 963 1875 983 *
1893 962 2114 1000 huiusmodi
2133 963 2317 1013 principia
2333 977 2506 1003 commu-

1436 1016 1509 1063 nia,
1541 1023 1595 1053 est
1621 1015 1776 1065 propria
1813 1015 2014 1064 omnibus,
2043 1016 2140 1053 idest
2167 1017 2217 1054 ita
2245 1030 2285 1054 se
2313 1018 2429 1056 habet
2457 1019 2506 1059 ad

1436 1082 1492 1116 ea,
1513 1082 1612 1118 quae
1642 1077 1729 1106 sunt
1763 1068 1984 1106 communia
2013 1069 2212 1117 omnibus,
2243 1070 2339 1108 sicut
2366 1084 2406 1108 se
2439 1073 2506 1110 ha·

1435 1123 1525 1160 bent
1553 1123 1646 1160 aliae
1676 1122 1853 1159 scientiae
1881 1122 2124 1171 particulares
2144 1124 2193 1161 ad
2214 1136 2269 1171 ea,
2291 1137 2389 1173 quae
2418 1133 2506 1163 sunt

1434 1176 1599 1225 propria.
1635 1176 1739 1213 Sicut
1772 1188 1860 1213 cum
1890 1175 2102 1214 subiectum
2130 1175 2144 1198 λ
2174 1177 2431 1215 arithmeticae
2461 1179 2507 1225 sit

1434 1242 1638 1276 numerus,
1672 1229 1759 1266 ideo
1797 1229 2031 1267 arithmetica
2064 1230 2278 1268 considerat
2306 1244 2370 1279 ea,
2405 1245 2504 1281 quae

1435 1291 1520 1320 sunt
1537 1283 1692 1332 propria
1711 1282 1881 1320 numeri:
1908 1282 2075 1320 similiter
2095 1285 2226 1332 prima
2247 1285 2502 1334 philosophia,

1434 1348 1532 1384 quae
1557 1336 1771 1373 considerat
1790 1335 1920 1373 omnia
1938 1336 2122 1386 principia
2140 1344 2171 1385 μ,
2192 1338 2307 1375 habet
2324 1351 2396 1387 pro
2416 1339 2504 1376 sub-

1433 1389 1529 1426 iecto
1551 1402 1626 1435 ens,
1643 1389 1749 1439 quod
1769 1397 1824 1426 est
1843 1402 2050 1427 commune
2071 1391 2120 1427 ad
2140 1391 2270 1428 omnia
2290 1392 2332 1438 *;
2363 1399 2399 1428 et
2417 1392 2504 1429 ideo

1434 1442 1647 1479 considerat
1676 1455 1731 1489 ea,
1753 1455 1851 1491 quae
1880 1450 1967 1480 sunt
1984 1444 2139 1493 propria
2168 1444 2274 1492 entis,
2291 1457 2389 1494 quae
2419 1453 2506 1483 sunt

1434 1495 1612 1532 omnibus
1632 1495 1864 1543 communia,
1885 1503 2067 1545 tanquam
2094 1497 2249 1547 propria
2273 1498 2354 1535 sibi.

1491 1550 1522 1586 5.
1546 1549 1736 1596 Secundo,
1763 1561 1851 1586 cum
1881 1549 1986 1586 dicit:
2005 1551 2058 1587 Et
2083 1563 2246 1600 namque
2276 1552 2385 1588 scivit
2411 1559 2503 1600 etc.,

1433 1602 1596 1639 ostendit
1640 1601 1981 1651 praeeminentiam
2027 1603 2248 1641 huiusmodi
2295 1603 2472 1642 scientiae
2493 1634 2503 1653 ,

1433 1667 1531 1704 quae
1552 1653 1766 1692 considerat
1782 1655 1967 1708 principia
1987 1657 2208 1694 communia
2227 1663 2251 1704 ⁹,
2272 1657 2412 1695 scilicet
2429 1658 2505 1708 pri-

1433 1722 1520 1746 mae
1548 1708 1828 1758 philosophiae,
1849 1709 1899 1746 ad
1918 1709 2021 1746 alias.
2043 1710 2206 1759 Semper
2225 1710 2327 1748 enim
2356 1718 2507 1772 oportet

1433 1762 1533 1810 illud,
1553 1775 1624 1811 per
1650 1762 1755 1811 quod
1784 1762 1925 1811 aliquid
1952 1763 2148 1823 probatur,
2170 1775 2252 1801 esse
2281 1764 2402 1813 magis
2435 1764 2504 1802 sci-

1433 1823 1515 1853 tum
1543 1815 1605 1853 vel
1633 1823 1780 1853 notum.
1802 1815 1879 1862 Qui
1909 1816 2010 1853 enim
2030 1816 2098 1854 scit
2117 1816 2258 1865 aliquid
2278 1814 2292 1841 ξ
2321 1830 2366 1855 ex
2394 1830 2505 1867 supe-

1434 1869 1594 1906 rioribus
1619 1869 1752 1916 causis,
1771 1876 1925 1929 oportet
1949 1869 2054 1918 quod
2083 1869 2129 1906 sit
2156 1870 2277 1919 magis
2296 1870 2505 1920 intelligens

1433 1922 1512 1959 illas
1541 1935 1695 1970 causas,
1716 1921 1805 1972 quia
1833 1921 1941 1960 scivit
1969 1935 2014 1960 ex
2047 1923 2237 1972 prioribus
2266 1924 2503 1973 simpliciter,

1434 1988 1522 2013 cum
1550 1988 1629 2012 non
1657 1975 1749 2012 sciat
1777 1987 1822 2012 ex
1851 1976 2011 2013 causatis
2036 1989 2190 2014 causas:
2215 1977 2373 2027 quando
2403 1977 2505 2016 enim

1433 2029 1565 2078 aliquis
1593 2028 1661 2066 scit
1695 2041 1741 2066 ex
1770 2029 1930 2066 causatis
1959 2042 2103 2077 causas,
2124 2037 2214 2068 tunc
2232 2043 2312 2068 non
2339 2030 2507 2080 intelligit

1434 2095 1478 2119 ex
1505 2082 1694 2131 prioribus
1733 2089 1770 2119 et
1805 2094 1850 2119 ex
1888 2082 2009 2131 magis
2046 2083 2144 2120 notis
2174 2083 2407 2133 simpliciter,
2437 2084 2505 2128 sed

1434 2148 1478 2173 ex
1524 2135 1645 2184 magis
1682 2135 1780 2173 notis
1819 2141 1855 2172 et
1890 2136 2080 2184 prioribus
2118 2137 2248 2185 quoad
2285 2149 2368 2175 nos.
2405 2138 2506 2178 Cum

1432 2196 1560 2226 autem
1587 2188 1772 2238 principia
1800 2188 1984 2226 inferioris
2013 2189 2190 2227 scientiae
2217 2190 2432 2240 probantur
2460 2203 2507 2232 ex

1432 2365 1612 2391 monstratum·
1631 2361 1668 2386 Ν.
1682 2365 1709 2387 et
1721 2368 1877 2394 quocunque
1895 2361 1982 2392 modo,
1997 2361 2044 2387 sed
2062 2361 2112 2387 hoc
2129 2362 2201 2394 quod
2219 2362 2431 2388 demonstratur.
2451 2363 2506 2395 Dp

1432 2401 1595 2423 monstretur
1613 2397 1690 2422 habet
1709 2397 1786 2422 etiam
1805 2397 1866 2428 Q-
1875 2397 1915 2422 0·
1935 2404 2089 2430 quocunque
2113 2397 2205 2429 modo,
2226 2397 2278 2423 nisi
2296 2397 2501 2430 demonstretur,

1432 2440 1469 2458 ex
1482 2433 1603 2465 propriis
1622 2437 1670 2458 etc.

1486 2466 1504 2503 ι)
1525 2468 1580 2493 Sed
1597 2471 1624 2493 et
1637 2467 1775 2500 principia
1782 2467 1899 2500 propria
1913 2472 1990 2493 etc.—
2000 2467 2156 2493 Huiusmodi
2171 2473 2300 2493 assertum
2315 2469 2460 2495 declaratur
2477 2469 2505 2496 ln

1432 2504 1551 2536 sequenti
1570 2511 1687 2534 numero,
1702 2504 1728 2528 in
1747 2511 1800 2536 quo
1820 2503 1911 2529 dicitur
1929 2503 2000 2536 quod
2014 2503 2143 2544 principia
2161 2504 2317 2535 communia,
2333 2504 2428 2545 quibus
2443 2513 2505 2539 pro-

1432 2539 1524 2564 bantur
1539 2539 1663 2580 principia
1682 2539 1786 2572 propria
1805 2539 1966 2570 singularum
1985 2538 2164 2569 scientiarum,
2184 2544 2248 2564 sunt
2266 2540 2370 2572 propria
2388 2539 2507 2572 philoso-

1433 2574 1508 2607 phiae
1526 2574 1665 2607 primaen-
1645 2574 1914 2615 —ClKLMNQRSTz
1938 2574 2042 2606 aliquid
2065 2581 2203 2599 commune
2228 2579 2291 2605 etc.;
2315 2582 2368 2600 non
2391 2580 2461 2602 recte
2478 2575 2503 2600 H

1432 2610 1525 2635 omittit
1534 2610 1614 2642 prius
1626 2615 1651 2634 et
1661 2610 1686 2634 M
1697 2610 1743 2635 eis.
1758 2609 1795 2634 K.
1810 2609 1907 2635 habent
1920 2609 2033 2641 aliquod
2045 2616 2184 2634 commune
2192 2609 2357 2642 principium
2367 2610 2447 2642 prius
2455 2610 2504 2636 eis.

1485 2644 1512 2677 κ)
1531 2645 1645 2670 Probari
1662 2645 1830 2678 singularum
1855 2644 2028 2670 scientiarum
2047 2649 2096 2669 etc.
2110 2658 2130 2663 -
2144 2645 2181 2669 A:
2197 2645 2314 2677 probari
2331 2645 2503 2671 scientiarum

1427 2680 1564 2712 principia
1578 2680 1675 2712 priora
1681 2687 1690 2709 ,·
1709 2680 1748 2705 H:
1762 2680 1856 2712 prima
1869 2679 2016 2712 principia.
2035 2679 2124 2705 Lectio
2142 2679 2221 2705 Pinna
2239 2680 2337 2713 optima
2356 2685 2404 2713 est,
2423 2689 2504 2714 quam

1433 2721 1458 2741 et
1476 2715 1517 2740 alii
1537 2716 1611 2740 codd.
1631 2715 1735 2740 habent.

1485 2749 1512 2784 λ)
1534 2750 1610 2776 Sicut
1627 2758 1687 2776 cum
1705 2750 1850 2776 subiectum
1865 2755 1912 2775 etc.
1922 2764 1941 2769 -
1951 2750 2034 2775 Codd.
2048 2750 2118 2775 DKN
2133 2750 2216 2776 omitt.
2229 2758 2297 2780 cum,
2313 2756 2338 2776 et
2352 2750 2429 2777 huius
2444 2752 2504 2777 loco

1432 2786 1557 2811 ABGIOS
1576 2785 1685 2811 habent:
1704 2786 1788 2815 enim,·
1807 2786 1842 2810 E:
1863 2786 1898 2811 in.
1912 2799 1933 2804 -
1945 2785 2044 2810 Deinde
2063 2786 2086 2810 K
2105 2785 2182 2811 habet
2199 2786 2344 2812 subiectum
2358 2787 2503 2820 proprium

1433 2826 1458 2846 et
1476 2821 1570 2846 omittit
1587 2821 1630 2850 sit,
1650 2821 1723 2846 cuius
1743 2821 1800 2846 loco
1821 2821 1862 2846 alii
1878 2821 1953 2846 codd.
1973 2821 2069 2846 habent
2087 2824 2163 2846 est.-
2174 2821 2309 2847 Praeterea
2323 2822 2399 2848 codd.
2409 2830 2502 2848 omnes

1434 2854 1497 2889 (exc.
1508 2855 1567 2890 OR)
1579 2857 1680 2889 legunt:
1695 2859 1721 2882 et
1738 2856 1811 2886 ideo;
1824 2857 1861 2882 O:
1877 2856 1952 2882 ita.-
1962 2857 2055 2882 Nullus
2070 2864 2132 2889 ergo
2147 2857 2228 2881 codex
2247 2862 2297 2882 stat
2315 2857 2423 2884 omnino
2442 2866 2503 2884 cum

1433 2892 1490 2917 P.-
1502 2891 1588 2922 Quare
1606 2892 1692 2917 videat
1717 2892 1797 2917 lector
1820 2900 1884 2916 num
1903 2891 2005 2917 codices
2024 2892 2056 2917 ad
2075 2891 2186 2917 invicem
2206 2893 2291 2918 collati
2310 2892 2376 2919 hanc
2396 2893 2504 2919 innuant

1432 2928 1582 2952 lectionem:
1609 2927 1678 2952 sicut
1701 2927 1771 2952 enim
1794 2927 1939 2953 subiectum
1965 2927 2150 2953 arithmeticae
2174 2931 2214 2953 est
2232 2935 2371 2960 numerus,
2397 2932 2424 2954 et
2442 2929 2503 2955 ideo

1432 2962 1601 2988 arithmetica
1619 2968 1667 2988 etc.

1486 2998 1514 3033 μ.)
1537 2998 1695 3023 Considerat
1714 2998 1804 3023 omnia
1820 2998 1964 3039 principia.
1978 3012 1998 3017 —-
2011 2998 2150 3024 obiectum
2169 2998 2303 3032 proprium
2327 2999 2426 3041 primae
2445 2998 2502 3033 phi-

1432 3033 1565 3066 losophiae
1583 3041 1630 3058 seu
1650 3033 1840 3067 metaphysicae
1859 3031 1915 3058 heic
1934 3042 1949 3059 a
1967 3041 1987 3058 s.
2003 3033 2106 3059 Thoma
2124 3034 2263 3059 indicatur:
2279 3042 2339 3061 cum
2358 3034 2427 3060 enim
2446 3042 2502 3060 me-

1431 3069 1580 3102 taphysicae
1602 3069 1731 3094 obiectum
1752 3069 1784 3094 sit
1803 3076 1856 3098 ens,
1873 3069 1944 3102 quod
1963 3069 2085 3094 omnibus
2111 3077 2251 3095 commune
2270 3075 2311 3095 est
2327 3070 2380 3103 (cf.
2396 3070 2465 3095 lect.
2473 3078 2502 3102 11,

1432 3109 1484 3129 not.
1497 3105 1533 3137 η),
1553 3104 1608 3129 eius
1627 3104 1703 3129 etiam
1722 3110 1763 3129 est
1781 3105 1944 3130 considerare
1962 3113 2015 3129 non
2034 3104 2083 3130 hoc
2102 3105 2142 3130 vel
2162 3105 2239 3136 iilud,
2259 3105 2306 3130 sed
2324 3105 2412 3131 omnia
2430 3105 2504 3139 prin-

1431 3140 1496 3173 cipia
1505 3140 1671 3172 peculiarium
1687 3139 1888 3165 scientiarum.-
1901 3140 1983 3166 Codd.
1999 3140 2086 3166 CHO:
2097 3140 2251 3166 considerat
2259 3141 2350 3166 omnia
2363 3140 2502 3174 principia

1430 3175 1589 3201 communia.
1603 3189 1623 3195 -
1636 3175 1718 3200 Codd.
1739 3175 1908 3206 AEGLMQT
1935 3181 1960 3201 et
1984 3176 2067 3208 prima
2085 3183 2164 3201 manu
2183 3176 2202 3201 S
2220 3176 2310 3209 legunt
2329 3184 2389 3202 cum
2407 3175 2500 3208 Pinna,

1430 3210 1480 3236 hoc
1502 3216 1541 3236 est
1559 3211 1680 3236 omittunt
1698 3211 1849 3236 communia
1855 3218 1864 3240 ;
1884 3211 1958 3236 codd.
1973 3218 2036 3236 vero
2054 3211 2182 3236 BDIKNR
2201 3216 2226 3237 et
2244 3211 2262 3236 S
2282 3212 2395 3237 secunda
2419 3219 2500 3238 manu

1430 3246 1526 3271 habent
1544 3246 1694 3272 communia
1713 3251 1738 3271 et
1757 3246 1880 3271 omittunt
1905 3246 2003 3272 omnia.
2022 3246 2095 3272 CHO
2114 3251 2252 3280 utramque
2271 3247 2410 3272 lectionem
2429 3254 2501 3272 com-

1430 3282 1583 3315 plectuntur.
1594 3296 1614 3302 ·-
1627 3282 1704 3307 Forte
1729 3282 1805 3307 lectio
1830 3282 1970 3315 expeditior
1989 3286 2014 3307 et
2032 3289 2093 3307 vera
2111 3287 2164 3308 est:
2189 3282 2344 3308 considerat
2362 3281 2503 3315 principia

1429 3324 1589 3343 communia.

1483 3351 1506 3387 ν)
1524 3352 1599 3383 Quae
1611 3352 1764 3379 considerat
1773 3352 1909 3385 principia
1923 3358 1972 3378 etc.
1980 3366 2000 3373 —-
2012 3353 2083 3378 Haec
2097 3352 2176 3378 verba
2189 3352 2346 3379 omittuntur
2359 3352 2386 3378 in
2399 3351 2456 3377 cod.
2466 3351 2500 3377 K.

1430 3388 1514 3413 Ceteri
1534 3388 1643 3419 codices,
1663 3396 1716 3413 exc.
1731 3388 1783 3419 BE,
1802 3389 1924 3413 omittunt
1938 3388 2093 3421 principia3
2107 3388 2158 3414 MR
2173 3393 2199 3413 et
2215 3388 2298 3422 prima
2315 3395 2394 3413 manu
2407 3387 2426 3412 S
2443 3395 2498 3412 non

1429 3424 1587 3453 communia,
1607 3423 1654 3448 sed
1673 3423 1763 3449 omnia
1781 3429 1889 3456 ponunt.

1484 3457 1505 3494 Ε)
1528 3459 1581 3490 Qui
1598 3459 1667 3484 enim
1688 3459 1739 3484 scit
1758 3459 1869 3492 aliquid.
1889 3473 1910 3478 -
1924 3459 2024 3490 Verba,
2043 3459 2090 3492 qui
2109 3459 2178 3484 enim
2196 3459 2258 3489 scit,
2281 3456 2479 3483 desiderantur·
2472 3464 2500 3482 m

1430 3495 1486 3519 cod.
1508 3495 1533 3526 1,
1557 3495 1603 3520 sed
1622 3494 1731 3519 omissio
1750 3499 1791 3519 est
1816 3495 1954 3526 mendum;
1979 3495 2000 3519 Β
2023 3493 2117 3520 omittit
2139 3494 2224 3523 enim,·
2242 3494 2265 3519 Α
2289 3501 2366 3518 vero:
2391 3491 2499 3525 quando

1429 3537 1494 3563 ergo
1507 3514 1591 3556 sditur
1604 3529 1707 3562 aliquid
1721 3535 1768 3555 etc.
1777 3543 1796 3550 -
1805 3530 1893 3555 Lectio
1907 3530 1993 3556 scitur
2007 3529 2129 3555 sustineri
2144 3537 2197 3555 non
2210 3533 2304 3562 potest,
2315 3528 2400 3562 posita
2413 3527 2498 3552 forma

1430 3565 1528 3590 dicendi
1548 3565 1695 3590 immediate
1714 3565 1846 3598 sequenti,
1865 3565 1901 3591 sit
1921 3565 2008 3599 magis
2027 3564 2184 3598 intelligens,
2205 3571 2284 3597 quam
2298 3564 2322 3588 A
2336 3562 2501 3588 concorditer

1429 3600 1507 3626 habet
1524 3608 1585 3626 cum
1603 3600 1624 3625 P
1643 3606 1667 3626 et
1686 3600 1742 3625 aliis
1762 3600 1837 3625 codd.

2534 382 2579 404 ⁸1:
2590 383 2750 410 praenimis,-

2526 392 2586 434 inq:
2597 409 2739 437 praedictis.

2533 810 2650 859 HKPriora
2671 813 2750 835 omitt.

2634 875 2649 892 κ

2535 975 2631 998 'Codd.
2638 988 2649 992 -
2655 983 2681 999 P:
2697 982 2756 999 con—

2534 1002 2660 1025 sr'deravit.
