2788 4204
101 577 113 587 ¹·
121 576 189 604 Ergo
197 582 225 597 ex
236 576 314 601 codd„

102 609 152 624 exc.
170 609 213 627 Fu:
235 609 262 623 n:
285 602 318 623 Et

102 630 145 651 hoc
159 629 282 651 concludit.

101 687 112 698 ⁸
126 687 194 708 Enim
209 693 258 708 orn.
271 693 314 708 Aa>

100 720 183 735 trem.

101 846 110 856 '¹
126 845 254 867 Codd.-1>:
270 851 314 866 au·

102 874 146 893 tem
157 872 262 899 definitio
270 873 313 892 est.

100 1063 109 1071 ·
117 1066 143 1081 B:
149 1061 223 1088 posit.
234 1061 314 1081 termi-

101 1093 184 1108 norum
199 1087 236 1108 vel
244 1087 299 1108 dict.

100 1114 111 1125 ⁸
120 1120 146 1134 n:
163 1114 228 1141 ignis
238 1114 312 1135 extin-

98 1170 312 1198 ⁸Quodorn.codd.‚

99 1203 149 1218 exc.
158 1203 226 1218 nra-01..

343 219 418 256 358

341 297 447 347 quod
477 309 611 334 eorum
640 309 738 346 quae
767 309 846 334 non
868 298 1011 350 habent
1030 308 1201 343 causam,
1223 295 1409 333 definitio—

341 363 409 388 nes
443 358 529 387 sunt
561 350 806 399 accipiendae
839 351 934 387 sicut
962 350 1153 398 quaedam
1186 349 1409 387 immediata

341 404 537 454 principia.
567 406 616 441 Et
635 405 722 441 ideo
753 404 840 441 dicit
867 404 928 440 hic
954 403 1058 451 quod
1085 403 1254 440 definitio
1279 404 1408 441 imme-

341 458 546 504 diatorum,
567 458 664 494 idest
691 469 819 493 rerum
848 469 926 493 non
944 456 1166 493 habentium
1188 469 1332 503 causas,
1355 465 1411 494 est

342 511 437 547 sicut
464 512 654 559 quaedam
683 509 1028 546 indemonstrabilis
1042 510 1181 558 positio
1203 511 1284 547 eius
1303 510 1409 560 quod

342 564 432 612 quid
453 572 518 602 est.
540 566 597 601 Ex
617 564 691 600 hoc
712 575 801 610 ergo
824 564 843 584 ⁷²²
863 563 1053 600 concludit
1072 564 1177 611 quod
1202 564 1335 613 triplex
1355 572 1410 601 est

341 630 460 666 genus
475 617 702 655 definitionis
721 629 790 665 per
809 618 1137 665 comparationem
1158 618 1206 654 ad
1229 618 1408 655 demons-

341 672 555 708 trationem.
577 670 778 716 Quaedam
799 670 900 707 enim
918 672 938 692 ’³‘
959 679 1014 707 est
1033 671 1216 719 definitio,
1234 684 1332 720 quae
1353 680 1409 709 est

341 723 685 761 indemonstrabilis
705 723 798 760 ratio
820 723 900 760 eius
919 724 1025 772 quod
1044 724 1136 772 quid
1157 732 1228 770 est;
1255 733 1291 762 et
1312 726 1409 763 haec

342 786 398 815 est
423 778 502 825 illa,
533 789 650 826 quam
683 777 827 814 dixerat
855 790 936 814 esse
970 778 1294 816 immediatorum.
1323 779 1408 816 Alia

341 843 434 868 vero
465 839 520 868 est
547 830 716 868 definitio
739 832 774 877 ²²²,
802 843 900 880 quae
930 839 986 868 est
1012 832 1120 880 quasi
1148 832 1305 880 quidam
1334 833 1407 882 syl-

340 884 523 932 logismus
552 884 875 922 demonstrativus
905 884 985 922 eius
1014 886 1120 934 quod
1148 885 1240 934 quid
1269 894 1339 933 est;
1370 894 1408 924 et

341 951 419 975 non
447 938 572 975 differt
599 951 622 974 a
651 938 974 975 demonstratione
1002 939 1073 976 nisi
1101 951 1203 985 casu,
1223 939 1320 976 idest
1349 953 1406 977 se-

342 991 510 1028 cundum
540 992 731 1029 diversam
752 992 1015 1041 acceptionem
1041 1001 1076 1030 et
1102 992 1333 1041 positionem
1353 994 1406 1031 di-

342 1046 510 1082 ctionum
537 1047 579 1092 *3
608 1053 650 1082 ut
679 1058 768 1083 cum
797 1046 947 1092 dicitur,
977 1047 1182 1083 tonitruum
1210 1052 1265 1083 est
1293 1059 1408 1084 sonus

340 1099 494 1135 extincti
511 1100 611 1149 ignis
627 1100 646 1121 Ῥ
662 1099 699 1136 in
716 1100 886 1137 nubibus.
908 1099 1038 1136 Tertia
1057 1107 1185 1137 autern
1206 1107 1261 1136 est
1275 1100 1407 1137 defini-

339 1151 403 1198 tio,
421 1165 519 1200 quae
535 1160 590 1190 est
605 1153 730 1190 solum
750 1153 999 1201 significativa
1017 1153 1136 1201 ipsius
1155 1153 1260 1202 quod
1277 1155 1296 1175 '¹‘
1316 1154 1407 1204 quid

340 1213 407 1252 est,
429 1213 466 1242 et
493 1214 549 1243 est
577 1206 773 1244 conclusio
800 1207 1146 1245 demonstrationis.

399 1271 456 1296 11.
472 1260 622 1298 Deinde
642 1273 730 1297 cum
751 1260 859 1298 dicit:
878 1261 1131 1310 Manifestum
1151 1260 1268 1310 igitur
1285 1272 1335 1297 ex
1353 1261 1407 1297 di-

339 1313 406 1350 ctis
433 1321 517 1362 etc.,
547 1314 711 1363 epilogat
737 1327 838 1363 quae
858 1315 957 1352 dicta
984 1322 1088 1361 sunt3
1111 1321 1147 1351 et
1179 1313 1268 1351 dicit
1286 1313 1406 1351 mani-

919 218 1306 255 POSTERIORUM
1333 218 1762 255 ANALYTICORUM
1791 219 1885 255 LIB.
1917 220 1948 255 II

1465 297 1604 333 festum
1633 309 1715 334 esse
1742 309 1788 334 ex
1815 298 2017 346 praedictis
2045 310 2116 346 per
2143 311 2260 347 quem
2285 302 2448 339 modum
2478 311 2534 342 est

1465 350 1738 387 demonstratio
1768 351 1885 399 ipsius
1913 353 2014 400 quod
2045 352 2136 400 quid
2162 359 2225 399 est,
2257 361 2292 390 et
2318 367 2388 403 per
2415 369 2532 404 quem

1463 404 1627 441 modum
1656 416 1757 440 non:
1788 404 1877 453 quia
1909 405 2049 442 scilicet
2077 405 2182 454 quod
2211 406 2304 455 quid
2331 415 2386 445 est
2407 418 2533 458 potest

1464 457 1583 506 accipi
1612 469 1657 494 ex
1685 457 1767 506 ipsa
1796 459 2132 506 demonstratione,
2162 472 2241 496 non
2260 468 2390 499 autem
2408 471 2533 511 potest

1465 510 1717 548 demonstrari
1730 512 1769 552 ,*.
1790 511 1944 548 Dictum
1972 520 2028 549 est
2047 513 2162 549 etiam
2186 513 2225 550 in
2245 514 2382 562 quibus
2413 516 2534 563 possit

1464 576 1546 600 esse
1575 565 1848 601 demonstratio
1873 565 1953 601 eius
1981 567 2087 614 quod
2107 566 2198 614 quid
2220 574 2289 613 est,
2320 568 2533 606 secundum

1463 617 1626 654 modum
1646 618 1895 667 praedictum,
1918 619 2007 667 quia
2030 619 2069 656 in
2096 620 2325 657 habentibus
2355 633 2531 669 causam3

1464 678 1500 707 et
1527 670 1566 708 in
1594 672 1732 720 quibus
1760 684 1860 719 non,
1890 672 1979 719 quia
2007 672 2046 709 in
2075 685 2155 710 non
2182 674 2411 711 habentibus
2445 687 2532 712 cau-

1463 736 1546 761 sam
1567 725 1598 761 *.
1620 724 1775 761 Dictum
1798 733 1853 762 est
1882 725 1994 762 etiam
2023 735 2117 774 quot
2136 727 2261 764 modis
2281 728 2415 765 dicitur
2438 728 2531 766 defi-

1462 777 1553 814 nitio
1575 779 1611 814 *z
1629 778 1718 826 quia
1733 778 1871 815 scilicet
1890 780 2082 827 quaedam
2101 780 2286 827 significat
2313 782 2421 829 quod
2439 782 2531 830 quid

1463 838 1534 877 est,
1564 831 1756 880 quaedam
1786 839 1917 869 autem
1938 833 1958 854 *
1988 833 2101 869 etiam
2131 833 2347 870 manifestat
2373 843 2531 883 propter

1461 884 1564 932 quid.
1581 884 1736 921 Dictum
1765 893 1821 922 est
1844 885 1958 922 etiam
1978 886 2178 934 quomodo
2198 887 2305 935 quod
2325 889 2345 908 ²²
2364 887 2456 936 quid
2476 896 2532 925 est

1462 938 1755 986 demonstratur,
1776 938 1815 975 in
1842 947 2028 988 quantum
2048 939 2187 977 scilicet
2210 940 2441 988 significatur
2462 953 2532 990 per

1462 991 1726 1028 definitionem
1746 992 2024 1040 significantem
2040 994 2165 1030 solum
2180 994 2286 1042 quod
2305 994 2396 1043 quid
2414 1003 2479 1041 est;
2497 1003 2533 1032 et

1461 1046 1661 1094 quomodo
1673 1058 1751 1082 non
1763 1045 2056 1094 demonstratur,
2068 1046 2106 1083 in
2117 1055 2302 1095 quantum
2314 1048 2454 1085 scilicet
2463 1060 2532 1097 per

1462 1098 1725 1136 definitionem
1754 1099 1936 1148 accipitur
1954 1112 2033 1136 non
2053 1101 2178 1137 solum
2199 1101 2290 1149 quid
2299 1102 2397 1147 ,¹sed
2418 1101 2532 1139 etiarn

1461 1160 1617 1201 propter
1627 1152 1717 1202 quid
1729 1153 1761 1190 *.
1773 1152 1929 1190 Dictum
1945 1161 2001 1190 est
2016 1153 2129 1191 etiam
2146 1155 2345 1203 quomodo
2361 1155 2531 1192 definitio

1462 1218 1502 1243 se
1530 1206 1670 1243 habeat
1698 1205 1955 1243 diversimode
1990 1207 2041 1244 ad
2073 1207 2461 1255 demonstrationem,
2497 1216 2533 1246 et

1462 1259 1661 1308 quomodo
1683 1259 1873 1308 contingat
1887 1260 1994 1309 quod
2010 1260 2182 1298 eiusdem
2197 1261 2243 1298 sit
2259 1262 2531 1299 demonstratio

1462 1321 1499 1350 et
1518 1313 1701 1362 definitio,
1723 1321 1760 1350 et
1779 1314 1978 1362 quomodo
2003 1315 2078 1352 hoc
2097 1327 2177 1352 non
2197 1315 2388 1363 contingat
2408 1317 2439 1352 ²⁸.

2559 523 2570 534 '⁴
2586 523 2623 545 Cf.
2634 524 2686 546 lect.
2696 531 2774 552 praec.

2560 736 2568 744 ·
2577 734 2653 763 Supra
2667 742 2772 764 mpraec.

2559 792 2647 820 *Supra
2654 800 2698 822 n.5‚
2707 801 2773 823 seqq.

2557 845 2569 857 ⁴¹
2576 851 2613 871 κο,
2621 849 2774 869 efflantem.-

2556 878 2633 893 Αυιιω
2641 874 2776 900 om.et1·am,·

2583 906 2588 920 z
2604 899 2675 920 etiam
2689 906 2760 927 quae.

2560 926 2568 934 ·
2578 925 2648 952 Quod
2655 932 2683 947 ex
2694 926 2773 958 codd.¹

2559 957 2610 972 exc.
2624 958 2637 973 ιι·
2651 955 2674 973 et
2686 958 2719 980 ιι,
2734 958 2774 981 qm

2559 978 2583 999 h.
2597 978 2639 999 lac.

2559 1162 2649 1191 ‘Supra
2654 1163 2702 1192 u.8,
2708 1170 2774 1194 seqq.

2559 1309 2570 1320 ⁸
2581 1309 2611 1330 ln
2626 1309 2670 1331 hnc
2683 1310 2736 1332 leet.
2751 1313 2774 1338 et

2560 1341 2637 1363 pnec.
