2788 4204
66 390 77 401 '¹
86 389 150 411 Loct.
164 395 196 410 iv.

62 556 96 577 ἰιι
99 562 146 584 per
155 555 272 577 rationes.

63 609 71 618 ·
87 608 158 641 Νιιιιι.
172 614 193 636 5.

159 720 177 745 Υ

158 771 173 796 ὃ

59 870 272 901 ⁴ct.1>erila.,1ib.1,

59 902 111 924 lect.
125 909 148 930 x,
164 907 213 925 ιιοι.
228 910 248 927 ε.

157 979 169 995 Ε

51 1082 170 1104 'm
181 1082 262 1110 defini-

48 1107 164 1156 &fimf
173 1141 195 1162 x,
206 1141 229 1158 n.
237 1142 262 1163 4

10 1268 14 1272 ⁴
51 1239 104 1261 ἰε
118 1239 144 1261 tn
163 1245 268 1262 numero.

51 1290 181 1320 ‘Locum
200 1298 224 1315 n.
244 1292 268 1315 8.

1149 250 1260 287 CAP.
1289 250 1358 299 ·VI,
1389 252 1539 289 LECT.
1569 253 1656 288 XIII

304 342 364 376 re,
393 335 434 365 ut
465 327 638 365 habitum
667 334 722 364 est
754 326 792 363 in
826 327 1044 364 definitione
1076 328 1155 365 eius
1183 330 1287 378 quod
1318 337 1372 366 est

302 383 398 420 scire
415 382 446 417 *.
1340 378 1344 381 ’

358 447 393 472 2.
410 433 557 472 Deinde
574 444 662 469 cum
678 432 776 469 dicit:
797 433 902 474 Quae
916 439 1040 470 autem
1049 446 1123 482 per
1134 446 1174 470 se
1187 440 1274 471 sunt
1288 442 1369 482 etc.,

303 487 466 525 ostendit
494 485 598 535 quod
627 485 898 522 demonstratio
927 486 973 523 sit
996 499 1041 523 ex
1069 487 1304 533 necessariis;
1335 495 1371 524 et

301 541 439 590 primo,
459 551 529 588 per
548 538 733 575 rationem
751 539 788 585 *ς
809 539 989 586 secundo,
1009 552 1079 588 per
1107 539 1275 587 signum;
1297 541 1368 577 ibi:

303 595 463 644 Signum
477 597 602 629 autem
618 596 672 628 est
683 591 704 612 *
725 599 794 628 etc.
806 613 830 619 -
843 592 953 628 Circa
970 592 1139 641 primum
1153 593 1261 642 ponit
1275 593 1369 630 duas

302 647 482 684 rationes:
503 656 665 693 quarum
693 644 818 693 prima
840 645 921 682 talis
942 653 1007 682 est.
1029 646 1097 692 Ea,
1119 658 1217 694 quae
1240 658 1313 694 per
1330 659 1369 683 se

300 698 577 748 praedicantur,
607 698 820 734 necessario
840 698 966 734 insunt
984 702 1010 735 ⁷.
1040 699 1089 734 Et
1111 699 1186 735 hoc
1211 699 1368 736 manife-

301 759 372 789 stat
390 751 429 788 in
448 751 599 788 duobus
618 750 744 787 modis
757 763 831 800 per
848 763 887 787 se
907 748 931 787 δ.
954 752 996 787 In
1014 751 1140 800 primo
1161 751 1315 811 quidem
1334 753 1365 799 *,

266 805 389 854 -quia
418 816 474 851 ea,
496 815 592 852 quae
616 815 689 851 per
705 816 745 840 se
771 803 1073 863 praedicantur*
1080 833 1088 851 ,
1110 804 1236 841 insunt
1254 805 1292 841 in
1321 817 1367 841 eo

300 858 402 906 quod
419 858 509 906 quid
525 861 580 893 est
595 857 627 903 ³⁸,
647 855 743 893 idest
771 857 808 893 in
833 857 1058 916 definitione
1064 858 1226 894 subiecti.
1251 858 1366 917 Quod

301 918 428 948 autem
456 909 610 959 ponitur
637 909 675 946 in
703 909 922 947 definitione
951 896 1124 958 alicuius,
1154 910 1367 947 necessario

299 963 537 1013 praedicatur
565 962 612 999 de
632 974 678 998 eo
697 968 720 999 ⁸.
743 964 784 999 In
813 963 981 999 secundo
1004 974 1111 1010 vero,
1136 963 1225 1011 quia
1253 975 1367 1011 quae-

301 1017 391 1053 dam
417 1023 504 1053 sunt
531 1015 709 1063 subiecta,
730 1027 828 1064 quae
846 1022 1040 1064 ponuntur
1076 1015 1114 1052 in
1152 1015 1253 1063 quod
1279 1016 1369 1064 quid

298 1075 353 1106 est
371 1069 678 1118 praedicantibus
705 1068 750 1104 de
777 1068 878 1116 ipsis,
909 1068 1004 1105 idest
1031 1067 1069 1104 in
1098 1068 1317 1104 definitione
1346 1070 1366 1087 ⁴*

298 1134 456 1159 suorum
474 1121 781 1170 praedicatorum
800 1121 831 1157 *.
849 1121 959 1167 Quae
978 1120 1134 1168 quidem
1155 1121 1186 1156 si
1205 1121 1277 1156 sint
1299 1133 1366 1169 op-

296 1175 430 1224 posita,
451 1186 606 1211 necesse
636 1181 692 1210 est
718 1174 823 1221 quod
852 1174 1011 1210 alterum
1041 1185 1175 1209 eorum
1195 1172 1364 1209 subiecto

296 1228 401 1273 insit3
431 1227 526 1264 sicut
552 1239 622 1275 par
647 1227 711 1263 vel
738 1226 862 1275 impar
890 1238 1051 1262 numero
1073 1226 1103 1272 *,
1123 1234 1166 1262 ut
1192 1226 1364 1274 superius

296 1287 492 1318 ostensum
513 1287 568 1316 est
585 1280 616 1316 ³².
638 1279 714 1316 Sed
740 1280 980 1327 manifestum
1009 1283 1064 1314 est
1089 1278 1191 1326 quod
1208 1290 1258 1315 ex
1285 1279 1364 1327 qui-

347 1464 466 1497 Seposita
484 1471 546 1496 ergo
565 1462 772 1495 interpretatione
790 1461 898 1494 Aegidii,
917 1461 1080 1486 redeundum
1100 1465 1143 1486 est
1162 1462 1194 1487 ad
1213 1462 1362 1487 lectionem:

294 1499 328 1526 Si
345 1500 430 1533 igitur
443 1501 483 1524 est
496 1498 708 1523 demonstrativa
721 1497 840 1526 scientia,
855 1504 892 1522 ex
906 1497 1062 1522 necessariis
1076 1500 1115 1522 est
1124 1498 1274 1529 principiis,
1286 1505 1362 1539 quae,

293 1536 330 1561 uti
349 1535 473 1565 diximus,
492 1534 618 1558 contraria
635 1533 736 1558 videtur
754 1532 832 1557 textui
850 1532 996 1557 Aristotelis
1016 1537 1041 1557 et
1059 1533 1192 1557 communi
1211 1533 1362 1566 expositioni

294 1574 537 1596 commentatorum.
556 1569 589 1593 Et
608 1569 694 1609 quoad
708 1569 818 1601 primam
832 1572 932 1599 partem
951 1573 994 1592 aut
1012 1568 1082 1592 nulla
1096 1573 1138 1592 aut
1152 1568 1222 1600 parvi
1237 1568 1362 1593 momenti

294 1611 335 1631 est
353 1604 505 1630 difficultas:
524 1604 565 1628 vix
574 1604 649 1629 'enirn
664 1609 708 1628 aut
722 1611 754 1628 ne
768 1603 809 1627 vix
822 1603 929 1635 quidem
945 1602 1064 1627 differunt
1078 1603 1143 1628 istae
1156 1604 1362 1645 propositiones.

295 1642 327 1667 Si
345 1641 430 1675 igitur
447 1643 488 1665 est
511 1639 723 1664 demonstrativa
747 1638 858 1663 scientia
876 1645 913 1662 ex
937 1638 1092 1663 necessariis
1113 1639 1270 1671 principiis,
1295 1639 1362 1664 iuxta

294 1681 393 1702 textum
412 1683 542 1708 graecum,
557 1679 590 1705 et,
605 1674 637 1699 Si
650 1681 702 1699 non
718 1677 809 1706 potest
827 1673 890 1698 dari
903 1674 1114 1699 demonstrativa
1127 1674 1246 1703 scientia,
1262 1674 1315 1699 nisi
1327 1674 1363 1699 sit

294 1719 333 1738 ex
346 1710 489 1744 principiis
508 1710 677 1739 necessariis,
701 1710 757 1740 vel,
777 1709 809 1734 Si
826 1711 866 1734 est
883 1708 1095 1734 demonstrativa
1117 1710 1240 1739 scientia,
1260 1717 1298 1734 ex
1317 1717 1361 1734 ne-

293 1746 417 1773 cessariis
442 1748 482 1771 est
495 1745 647 1777 principiis.
655 1745 735 1769 -Sed
759 1744 896 1777 praecipua
918 1744 1047 1777 oppositio
1070 1744 1136 1770 inter
1155 1753 1177 1770 s.
1187 1745 1318 1770 'rhomam
1337 1750 1363 1770 et

293 1786 512 1807 commentatores
530 1780 632 1805 videtur
650 1787 709 1804 esse
727 1780 753 1803 in
772 1779 953 1812 prosecutione
971 1781 1124 1812 argumenti.
1143 1780 1208 1805 Nam
1227 1780 1271 1804 ubi
1291 1788 1362 1804 com-

293 1822 451 1843 mentatores
470 1815 558 1840 dicunt
570 1815 602 1840 ab
616 1815 754 1840 Aristotele
767 1814 854 1839 inferri
867 1814 1075 1839 conclusionem:
1090 1822 1154 1848 ergo
1169 1815 1361 1841 demonstratio

293 1856 334 1878 est
346 1860 385 1878 ex
397 1851 438 1877 his
452 1858 519 1884 quae
528 1858 581 1883 per
593 1858 622 1876 se
634 1853 712 1879 sunt,·
730 1858 753 1875 ε.
762 1850 880 1875 Thomas
895 1850 968 1874 dicit:
987 1857 1052 1883 ergo
1066 1850 1259 1876 demonstratio
1273 1854 1313 1875 est
1324 1858 1362 1876 ex

293 1888 335 1914 his
353 1893 421 1920 quae
438 1889 502 1911 sunt
520 1885 677 1911 necessario.
695 1885 793 1910 Textus
812 1885 958 1910 Aristotelis
978 1889 1031 1910 est:
1051 1882 1159 1919 φανερὸν
1180 1883 1220 1910 ὅτι
1234 1883 1262 1910 ἐκ
1275 1885 1361 1911 τοιού-

292 1931 344 1948 των
362 1922 437 1947 τινῶν
457 1929 487 1945 αν
506 1917 555 1962 ε’ἶη
565 1918 579 1945 ὁ
599 1915 678 1945 ἄποδε
681 1916 789 1962 lutitiae„
794 1918 985 1962 συλλογισμός
1007 1926 1032 1947 et
1051 1928 1110 1945 cum
1133 1921 1308 1963 praemiserit:
1328 1920 1359 1946 τὰ

291 1955 321 1983 δὲ
339 1955 399 1983 καθ’
419 1953 485 1981 αὑτὰ
505 1952 658 1991 ὑπάρχοντα
677 1950 806 1989 ἀναγκαῖα
826 1953 879 1984 τοῖς
892 1952 1050 1989 πράγμασιν,
1070 1964 1116 1988 per
1130 1956 1209 1981 verba
1228 1953 1255 1980 ἐκ
1274 1956 1362 1981 τοιού-

292 2001 343 2018 των
362 1993 446 2023 τινῶν,
466 1991 568 2016 videtur
586 1991 740 2024 intelligere·
759 1997 796 2015 ex
815 1990 847 2015 iis
865 1997 933 2022 quae
947 1999 999 2023 per
1017 1999 1045 2017 se
1063 1995 1133 2021 sunt,
1151 1999 1204 2016 non
1223 1996 1309 2016 autem
1323 1999 1360 2017 ex

291 2028 326 2054 iis
343 2034 412 2061 quae
429 2029 492 2051 sunt
505 2026 662 2052 necessario.
681 2027 779 2051 Verum
794 2026 852 2050 data
864 2026 912 2050 hac
926 2027 1094 2059 expositione,
1108 2027 1247 2051 intricatior
1261 2027 1362 2052 videtur

291 2069 432 2097 processus
445 2062 606 2087 Aristotelis:
626 2069 686 2087 nam
701 2061 727 2086 in
742 2061 862 2094 sequenti
877 2061 986 2087 lectione
1000 2062 1092 2095 probat
1105 2063 1176 2095 quod
1191 2062 1360 2096 syllogismus

292 2097 510 2125 demonstrativus
529 2102 570 2122 est
588 2105 618 2122 ex
636 2097 676 2122 his
695 2102 721 2121 et
740 2097 772 2121 de
789 2096 829 2121 his
849 2103 917 2138 quae
935 2103 996 2123 sunt
1010 2105 1062 2130 per
1080 2105 1114 2127 se,
1131 2105 1161 2122 ex
1180 2105 1212 2122 eo
1230 2099 1301 2129 quod
1321 2104 1361 2124 est

291 2135 325 2160 de
343 2132 510 2159 necessariis:
530 2129 603 2158 Ἐπει.
623 2131 649 2156 δ’
662 2129 688 2162 ἐξ
703 2127 813 2166 ἀνάγκης
827 2128 938 2172 ὑπάρχει
952 2130 1015 2176 περὶ
1024 2132 1133 2158 ἕκαστον
1147 2141 1175 2180 γᾷ
1167 2132 1219 2162 ινιις
1235 2131 1285 2158 ὅσα
1297 2132 1360 2158 καθ’

293 2167 361 2194 αὑτὰ
380 2164 506 2212 ὑπάρχει,
526 2165 603 2193 xaI‘
588 2176 604 2202 ῃ
624 2166 747 2198 ἕκαστον,
774 2164 899 2210 φανερὸν
905 2167 944 2194 ὅτι
963 2166 1018 2202 περι
1039 2170 1089 2193 τῶν
1108 2166 1168 2193 καθ’
1188 2167 1254 2193 αὑτὰ
1279 2168 1360 2202 ὑπαρ-

290 2203 394 2240 χόντων
412 2202 439 2228 αι
459 2200 652 2246 ἐπιστημονικαι
673 2186 823 2232 ἀποδείξεις
831 2200 874 2227 καὶ
889 2201 917 2229 ἐκ
931 2205 980 2228 των
995 2202 1120 2228 τοιούτων
1134 2199 1205 2228 εἰσίν.
1221 2205 1360 2229 Conclusio

290 2241 356 2266 haec
374 2237 493 2274 (φανερὸν
514 2236 554 2264 ὅτι
574 2239 632 2271 etc.)
652 2238 743 2263 eadem
762 2237 839 2270 igitur
857 2244 927 2264 esset
945 2247 974 2263 ac
993 2239 1124 2264 conclusio
1143 2239 1227 2271 posita
1245 2240 1271 2264 in
1286 2248 1359 2273 prae-

293 2276 359 2301 senti
377 2275 494 2306 lectione,
513 2279 539 2299 et
557 2281 588 2299 ex
606 2273 706 2298 eisdem
724 2273 854 2305 principiis
874 2274 991 2299 deducta.
1011 2275 1038 2299 ld
1058 2279 1143 2299 autem
1162 2282 1214 2299 non
1229 2275 1319 2300 accidit
1338 2276 1359 2300 si

292 2311 319 2336 in
332 2311 381 2336 hac
395 2311 505 2335 lectione
518 2309 641 2334 inferatur
655 2309 902 2334 demonstrationem
917 2317 977 2335 esse
991 2317 1022 2334 ex
1034 2310 1200 2335 necessariis·
1220 2311 1290 2344 quod
1304 2310 1359 2335 fieri

291 2346 383 2379 utique
401 2350 495 2378 potest,
514 2352 574 2370 cum
593 2343 788 2369 conclusionem
808 2351 867 2369 esse
884 2353 931 2377 per
949 2352 979 2369 se
998 2350 1023 2370 et
1042 2352 1100 2370 esse
1119 2345 1313 2371 conclusionem
1327 2347 1359 2371 de

291 2381 453 2412 necessariis,
473 2381 523 2406 sint
541 2379 730 2412 propositiones
749 2380 929 2405 convertibiles
949 2380 998 2412 (Cf.
1013 2381 1070 2405 lect.
1086 2387 1141 2412 seq.
1156 2386 1208 2405 not.
1224 2379 1261 2413 ξ).

344 2415 372 2452 γ)
393 2416 434 2441 Εα
452 2423 520 2449 quae
532 2422 586 2447 per
602 2422 630 2440 se
643 2414 840 2447 praedicantur
853 2415 1001 2441 necessario
1015 2416 1114 2440 insunt.
1128 2415 1253 2445 Quamvis
1273 2417 1305 2440 de
1319 2416 1359 2441 his

291 2459 360 2486 quae
373 2459 426 2484 per
443 2458 471 2477 se
490 2451 607 2476 dicuntur
625 2450 651 2475 in
674 2449 721 2474 hac
739 2449 837 2475 ratione
856 2450 889 2475 sit
907 2458 1007 2482 sermo,
1027 2455 1114 2475 tamen
1133 2451 1248 2476 medium
1267 2452 1293 2476 in
1312 2451 1359 2476 hac

291 2488 402 2514 lectione
417 2491 583 2519 assumptum
602 2486 633 2510 ad
652 2486 816 2519 probandum
840 2486 911 2518 quod
936 2486 1121 2511 demonstratio
1146 2486 1237 2511 debeat
1255 2486 1310 2511 fieri
1329 2495 1359 2512 ex

291 2523 453 2552 necessariis,
463 2526 503 2547 est
516 2521 584 2547 scire
592 2521 634 2546 vel
647 2521 765 2550 scientia,
777 2529 843 2554 quae
855 2526 916 2546 tunc
928 2521 1039 2546 habetur
1052 2521 1156 2554 quando
1166 2523 1297 2547 conclusio
1306 2530 1359 2547 non

290 2562 377 2592 potest
386 2558 460 2582 aliter
473 2565 503 2582 se
511 2556 615 2588 habere,
626 2564 673 2581 seu
688 2561 729 2581 est
742 2557 774 2581 de
788 2557 947 2587 necessariis,
959 2564 1026 2589 quae
1040 2564 1087 2589 per
1101 2564 1130 2581 se
1141 2557 1238 2582 insunt.
1249 2558 1276 2582 ld
1291 2563 1361 2591 patet

289 2601 323 2619 ex
334 2593 429 2618 dictis·
423 2601 450 2617 m
463 2592 516 2617 fine
531 2600 603 2617 num.
622 2599 643 2622 ι,
658 2596 684 2616 et
695 2592 721 2616 in
734 2599 759 2616 n.
769 2599 795 2623 4,
810 2600 840 2616 ao
853 2592 970 2625 explicite
985 2591 1126 2617 affirmatur
1144 2593 1202 2618 lect.
1217 2600 1281 2625 seq„
1295 2602 1320 2618 n.
1336 2593 1359 2617 3.

345 2628 438 2659 Quoad
455 2635 519 2652 vero
537 2627 691 2660 principium
714 2632 885 2660 assumptum,
904 2628 946 2652 Ea
964 2634 1032 2660 quae
1051 2635 1104 2659 per
1121 2635 1150 2652 se
1162 2629 1360 2660 praedicantur

289 2664 438 2690 necessario
457 2663 554 2692 insunt,
571 2662 678 2687 dubium
697 2662 797 2687 moveri
815 2667 908 2695 potest.
929 2663 995 2687 Nam
1014 2662 1077 2688 haec
1094 2664 1249 2696 propositio,
1265 2665 1360 2689 Petrus

289 2702 331 2724 est
348 2699 435 2728 homo,
454 2703 494 2723 est
512 2698 656 2731 propositio
679 2705 728 2731 per
746 2705 789 2728 se,
810 2698 863 2723 imo
887 2698 914 2723 in
932 2698 1017 2731 primo
1041 2699 1121 2723 modo
1146 2699 1245 2723 dicendi
1266 2707 1313 2732 per
1331 2707 1359 2724 se

293 2732 342 2768 (Cf.
355 2742 435 2767 supra
451 2734 509 2758 lect.
523 2741 547 2764 x,
566 2742 592 2758 n.
609 2732 650 2767 3),
671 2733 732 2766 quia
751 2733 772 2758 si
791 2734 884 2758 Petrus
908 2732 1067 2764 definiretur,
1086 2734 1262 2766 praedicatum
1281 2735 1359 2760 homo

291 2774 431 2803 poneretur
448 2769 475 2794 in
493 2769 549 2794 eius
569 2768 725 2794 definitione.
739 2769 817 2799 Quod
830 2774 870 2794 est
888 2769 942 2794 dici
955 2776 1007 2801 per
1025 2775 1053 2794 se
1065 2769 1091 2793 in
1110 2769 1194 2801 primo
1213 2771 1301 2795 modo.
1314 2771 1360 2795 At-

290 2809 379 2830 tamen
391 2804 493 2829 videtur
505 2804 575 2837 quod
594 2804 767 2837 praedicat-um
786 2804 864 2830 homo
879 2812 931 2829 non
945 2804 1006 2829 insit
1019 2804 1166 2830 necessario
1181 2805 1266 2830 Petro.
1286 2806 1359 2836 Quae

289 2840 361 2864 enim
379 2840 525 2864 necessario
544 2839 640 2870 insunt,
655 2847 760 2872 semper
778 2840 874 2870 insunt,
889 2847 974 2872 neque
993 2839 1118 2872 possibile
1133 2846 1173 2865 est
1191 2848 1221 2865 ea
1240 2841 1312 2865 aliter
1331 2848 1360 2866 se

291 2874 396 2900 habere.
414 2875 449 2899 At
466 2875 569 2904 Petrus,
585 2882 645 2900 cum
659 2882 712 2899 non
726 2875 760 2899 sit
774 2875 918 2900 subiectum
938 2875 1113 2899 necessarium
1132 2876 1179 2900 sed
1197 2876 1357 2909 contingens,

291 2914 378 2943 potest
396 2909 469 2934 aliter
486 2918 516 2935 se
529 2910 632 2941 habere,
646 2915 671 2934 et
682 2910 741 2934 ideo
760 2918 846 2943 neque
860 2910 1034 2943 praedicatum
1049 2917 1154 2943 semper
1168 2916 1194 2936 et
1212 2911 1359 2936 necessario

290 2945 300 2969 i
320 2944 342 2969 si
359 2945 434 2969 inest.

301 2953 318 2978 p
345 2979 390 3005 Ad
407 2979 458 3005 hoc
476 2979 583 3005 dubium
602 2980 758 3004 solvendum
783 2981 918 3005 sciendum
942 2984 983 3004 est
1007 2981 1078 3012 quod
1102 2981 1245 3014 propositio
1264 2982 1360 3007 Petrus

290 3018 332 3040 est
349 3015 428 3040 homo
442 3013 479 3048 (et
492 3015 557 3040 aliae
571 3014 680 3049 similes)
696 3020 736 3039 est
748 3016 892 3056 propositio
907 3015 938 3040 de
952 3015 1030 3040 tertio
1044 3015 1184 3041 adiacente
1196 3017 1248 3049 (Cf.
1263 3018 1358 3047 Perih„

292 3050 336 3075 lib.
351 3050 380 3081 11,
395 3050 453 3075 lect.
466 3057 493 3081 11,
505 3058 531 3075 n.
543 3048 578 3084 2).
593 3050 621 3074 In
633 3050 810 3083 propositione
825 3056 912 3075 autem
929 3050 960 3074 de
975 3050 1050 3074 tertio
1066 3051 1196 3076 adiacente
1211 3060 1263 3076 non
1278 3058 1359 3077 atten-

291 3085 361 3110 ditur
373 3090 461 3110 utrum
475 3085 620 3110 subiectum
633 3085 676 3110 vel
691 3085 864 3117 praedicatum
879 3085 988 3110 existant
1000 3093 1046 3110 nec
1057 3093 1097 3116 ne,
1108 3087 1154 3111 sed
1169 3087 1257 3112 solum
1271 3092 1358 3112 utrum

290 3128 353 3145 vera
371 3120 405 3144 sit
427 3120 551 3144 connexio
574 3120 710 3152 praedicati
739 3128 798 3145 cum
821 3120 951 3145 subiecto·
969 3128 1037 3153 quae
1060 3122 1169 3154 proinde
1194 3123 1318 3147 connexio
1337 3123 1359 3147 si

292 3155 437 3181 necessaria
447 3160 494 3185 est,
505 3155 649 3180 necessaria
663 3155 710 3180 erit
722 3156 881 3188 propositio,
892 3155 914 3180 si
927 3156 1086 3188 contingens,
1100 3162 1126 3182 et
1139 3158 1283 3190 propositio
1297 3166 1357 3182 con-

290 3191 394 3223 tingens
413 3190 467 3215 erit.
482 3190 523 3214 Ad
541 3188 748 3222 investigandum
767 3195 852 3215 autern
869 3196 957 3215 utrum
976 3191 1100 3216 connexio
1119 3191 1175 3225 ipsa
1190 3192 1223 3217 sit
1241 3200 1358 3217 necessa-

291 3226 328 3251 ria
347 3226 388 3251 vel
407 3225 567 3258 contingens,
581 3233 689 3250 necesse
707 3230 748 3250 est
765 3231 791 3250 et
809 3225 902 3250 sufficit
920 3226 1082 3251 considerare
1100 3232 1218 3252 naturam
1242 3228 1358 3258 subiecti,

291 3266 322 3287 ut
339 3261 456 3286 videatur
474 3269 506 3285 an
525 3261 557 3285 de
572 3260 627 3285 eius
645 3261 743 3285 ratione
757 3261 790 3286 sit
808 3260 994 3294 praedicatum:
1011 3262 1070 3286 dato
1088 3262 1158 3286 enim
1173 3263 1242 3294 quod
1258 3263 1357 3295 praedi-

292 3302 378 3322 catum
393 3296 427 3321 sit
445 3296 477 3320 de
495 3295 594 3320 ratione
611 3295 727 3326 subiecti,
742 3295 812 3320 istud
830 3296 935 3328 intelligi
955 3303 1008 3320 non
1026 3301 1112 3329 potest
1130 3297 1186 3322 sine
1204 3298 1357 3330 praedicato,

291 3337 319 3357 et
337 3331 461 3356 connexio
480 3331 547 3356 inter
564 3314 737 3363 praedicaturi!
756 3335 782 3355 et
795 3331 940 3356 subiectum
959 3331 1007 3366 erit
1020 3332 1181 3362 necessaria;
1196 3337 1221 3357 et
1239 3332 1298 3357 ideo
1312 3340 1357 3357 ne-

290 3366 416 3398 cessaria,
436 3366 496 3399 quia
513 3366 799 3398 praedicatum-dicitur
817 3367 849 3391 de
867 3361 992 3391 subiecto
1002 3367 1027 3391 in
1050 3367 1134 3399 primo
1153 3368 1232 3391 modo
1257 3367 1356 3392 dicendi

292 3410 340 3435 per
358 3409 396 3427 se.
407 3402 469 3426 -ld
487 3401 602 3434 praecise
621 3401 734 3426 accidit‘
728 3409 754 3426 ιιι
773 3401 964 3434 propositione:
979 3401 1074 3426 Petrus
1092 3405 1132 3427 εει
1145 3402 1231 3430 homo,
1246 3407 1271 3426 et
1286 3402 1356 3427 simi-

293 3437 375 3463 libus.
390 3444 451 3461 nam
464 3437 556 3461 Petrus
569 3436 686 3468 designat
697 3436 856 3461 individuum
866 3441 970 3461 naturae
985 3435 1118 3469 specificae
1132 3436 1268 3467 humanae,
1279 3437 1357 3462 homo

291 3472 411 3505 designat
428 3471 493 3496 hanc
507 3476 623 3496 naturam
631 3478 638 3501 3
652 3476 779 3504 repugnat
793 3476 879 3496 autem
893 3476 1010 3496 naturam
1024 3470 1170 3503 specificam
1184 3479 1236 3496 non
1251 3473 1357 3497 essede

292 3507 391 3532 ratione
410 3507 517 3536 subiecti
540 3506 662 3531 individui
684 3507 755 3539 quod
773 3511 814 3531 est
832 3506 880 3531 sub
899 3512 988 3531 natura
1007 3506 1059 3531 illa.
1082 3506 1151 3539 Ergo
1170 3507 1248 3532 homo
1267 3512 1307 3532 est
1324 3507 1357 3532 de

291 3543 391 3568 ratione
408 3542 483 3567 Petri
489 3549 496 3573 ;
511 3550 574 3574 ergo
589 3542 732 3575 propositio
746 3541 797 3573 illa,
811 3542 907 3567 Petrus
920 3545 960 3567 est
978 3542 1063 3571 homo,
1083 3549 1151 3574 quae
1168 3546 1208 3567 est
1226 3542 1252 3566 in
1271 3542 1356 3575 primo

291 3578 372 3603 modo
391 3577 491 3603 dicendi
509 3585 557 3610 per
575 3585 612 3608 se,
632 3582 671 3602 est
689 3577 843 3602 necessaria.

2419 253 2490 301 189

1425 332 1582 368 busdam
1609 330 1800 380 principiis
1818 330 2041 376 huiusmodi,
2062 330 2201 367 scilicet
2218 331 2238 351 ’¹‘
2255 343 2324 379 per
2343 343 2383 367 se
2402 330 2427 377 ζ,
2448 331 2491 368 fit

1424 384 1665 433 syllogismus
1693 383 2020 420 demonstrativus:
2040 383 2144 431 quod
2159 383 2296 432 probat
2313 395 2382 432 per
2401 384 2487 431 hoc,

1424 431 1528 484 quod
1546 437 1566 458 *
1580 449 1694 473 omne
1711 437 1815 485 quod
1828 436 2077 486 praedicatur,
2094 443 2159 472 aut
2170 436 2408 485 praedicatur
2415 448 2490 485 per

1422 502 1462 525 se
1481 497 1544 526 aut
1556 501 1630 537 per
1647 490 1818 526 accidens
1836 490 1872 536 *3
1894 497 1930 526 et
1949 501 2006 536 ea,
2022 501 2120 537 quae
2139 489 2403 538 praedicantur
2420 502 2489 538 per

1424 542 1609 589 accidens,
1631 555 1708 579 non
1729 550 1814 579 sunt
1833 542 2063 579 necessaria:
2090 554 2134 578 ex
2152 542 2210 578 his
2229 549 2369 589 autem,
2390 555 2488 590 quae

1423 603 1510 632 sunt
1536 608 1605 643 per
1633 595 1818 642 accidens,
1840 607 1918 632 non
1936 596 1979 632 fit
2003 595 2290 642 demonstratio,
2321 595 2387 632 sed
2407 607 2487 632 ma-

1422 648 1476 696 gis
1487 648 1712 696 sophisticus
1722 648 1961 696 syllogismus
1971 653 1996 684 ²².
2006 647 2116 685 Unde
2126 649 2147 669 '¹‘
2154 647 2373 696 relinquitur
2383 648 2488 696 quod

1423 701 1694 737 demonstratio
1723 701 1769 737 sit
1797 713 1842 738 ex
1870 700 2099 737 necessariis.

1477 754 1511 790 3.
1543 753 1749 790 Sciendum
1778 761 1905 790 autem
1935 761 1989 790 est
2017 753 2119 802 quod
2150 765 2237 790 cum
2271 753 2310 790 in
2329 753 2488 791 demon-

1422 806 1599 842 stratione
1627 807 1808 855 probetur
1835 806 1961 854 passio
1992 806 2038 842 de
2067 806 2235 843 subiecto
2260 807 2280 828 *
2306 819 2375 855 per
2411 819 2487 843 me-

1421 859 1544 904 dium,
1583 859 1687 906 quod
1726 867 1781 895 est
1815 859 2001 905 definitio,
2041 866 2190 907 oportet
2226 860 2330 907 quod
2363 860 2488 908 prima

1420 911 1641 960 propositio,
1673 911 1777 948 cuius
1796 911 2056 960 praedicatum
2086 920 2141 948 est
2158 912 2284 961 passio
2310 921 2346 949 et
2365 912 2487 949 subie-

1422 971 1524 1000 ctum
1545 971 1599 1000 est
1618 964 1799 1010 definitio,
1829 976 1927 1011 quae
1957 964 2121 1001 continet
2143 965 2325 1014 principia
2343 965 2487 1014 passio-

1421 1016 1489 1062 nis,
1519 1016 1566 1053 sit
1586 1028 1659 1064 per
1676 1028 1716 1052 se
1743 1016 1780 1052 in
1800 1022 1933 1064 quarto
1953 1018 2064 1054 modo
2082 1018 2116 1063 *3
2133 1019 2299 1055 secunda
2318 1026 2445 1055 autem
2459 1016 2484 1065 ⁰,

1421 1068 1526 1105 cuius
1554 1068 1766 1105 subiectum
1796 1077 1851 1105 est
1878 1069 2003 1118 ipsum
2032 1070 2243 1108 subiectum
2277 1079 2313 1108 et
2339 1071 2486 1120 praedi-

1421 1128 1547 1157 catum
1580 1121 1662 1170 ipsa
1689 1121 1875 1168 definitio,
1906 1122 1944 1158 in
1966 1123 2093 1170 primo
2122 1125 2244 1160 modo.
2281 1124 2484 1161 Conclusio

1419 1186 1526 1220 vero,
1548 1173 1586 1210 in
1607 1186 1682 1222 qua
1709 1174 1946 1223 praedicatur
1973 1176 2099 1224 passio
2123 1177 2170 1213 de
2190 1177 2369 1224 subiecto,
2391 1184 2446 1214 est
2464 1178 2485 1197 ⁴⁵

1413 1238 1487 1274 per
1512 1238 1552 1262 se
1580 1226 1618 1263 in
1643 1228 1806 1264 secundo
1834 1229 1945 1264 modo
1964 1235 1983 1264 ‘.

1471 1291 1509 1326 4.
1541 1280 1759 1316 Secundam
1793 1280 1978 1317 rationem
2006 1281 2244 1330 ponit;ibi*:
2273 1282 2352 1318 Aut
2368 1283 2486 1332 igitur

1469 1463 1561 1496 Neque
1579 1463 1664 1488 obstat
1682 1464 1752 1496 quod
1771 1463 1915 1488 subiectum
1935 1461 2048 1496 (Petrus)
2069 1463 2102 1487 sit
2120 1463 2278 1496 contingens,
2293 1463 2342 1488 hoc
2361 1468 2408 1494 est,
2423 1471 2485 1496 pos-

1417 1498 1490 1522 sibile
1509 1506 1561 1522 non
1581 1506 1653 1528 esse;
1669 1507 1737 1529 nam,
1757 1499 1793 1523 uti
1816 1499 1867 1523 iam
1887 1499 2047 1529 notavimus,
2067 1498 2107 1523 hic
2126 1506 2179 1523 non
2198 1499 2335 1524 attenditur
2353 1499 2485 1524 existentia

1416 1533 1553 1566 praedicati
1572 1539 1597 1559 et
1615 1534 1730 1564 subiecti,
1745 1534 1792 1559 sed
1811 1534 1934 1559 connexio
1953 1534 2105 1559 necessaria.
2126 1535 2160 1558 At
2177 1542 2240 1559 vero
2258 1535 2280 1559 si
2299 1535 2404 1559 Petrum
2423 1542 2483 1559 con-

1416 1569 1502 1601 cipias,
1519 1577 1579 1594 eum
1599 1574 1627 1593 ut
1645 1569 1778 1594 hominem
1798 1569 1927 1601 concipias
1942 1577 2049 1594 necesse
2064 1575 2111 1599 est,
2127 1569 2160 1593 ita
2178 1575 2207 1594 ut
2226 1570 2247 1594 si
2261 1569 2292 1594 ab
2306 1569 2411 1594 homine
2425 1570 2485 1594 abs-

1415 1604 1509 1635 trahas,
1529 1604 1595 1637 perit
1613 1609 1752 1637 conceptus
1771 1604 1853 1632 Petri,
1868 1605 1917 1629 hoc
1932 1610 1979 1635 est,
1994 1605 2115 1629 individui
2130 1610 2235 1630 naturae
2252 1605 2388 1629 humanae.
2405 1605 2483 1637 Igitur

1416 1639 1539 1664 connexio
1558 1640 1703 1664 necessaria
1721 1645 1772 1670 est;
1788 1647 1850 1671 ergo
1869 1645 1894 1664 et
1912 1640 2056 1672 propositio
2075 1640 2357 1673 necessaria.-Neque
2377 1640 2483 1673 proinde

1415 1682 1446 1699 ex
1465 1674 1504 1699 his
1524 1675 1653 1707 sequitur:
1670 1675 1765 1700 Petrus
1783 1678 1823 1699 est
1841 1675 1932 1703 homo,
1953 1680 1993 1700 est
2011 1675 2152 1707 proposin'o
2171 1676 2328 1706 necessaria;
2347 1682 2412 1708 ergo
2431 1676 2480 1700 Pe-

1415 1713 1474 1734 trus
1492 1710 1639 1735 necessario
1657 1713 1710 1735 est:
1726 1718 1786 1735 nam
1796 1718 1810 1734 a
1820 1710 1972 1735 necessitate
1991 1710 2155 1735 connexionis
2170 1710 2305 1743 praedicati
2321 1719 2380 1735 cum
2394 1711 2482 1736 subie-

1416 1750 1457 1770 cto
1471 1744 1500 1770 fit
1514 1746 1635 1770 transitus
1655 1746 1687 1770 ad
1706 1745 1885 1770 necessitatem
1900 1746 2048 1770 existentiae
2067 1746 2173 1770 subiecti
2188 1746 2229 1770 vel
2247 1746 2478 1779 praedicati.›-Ea-

1416 1781 1475 1805 dem
1495 1780 1654 1805 ratiocinatio
1671 1781 1740 1805 valet
1759 1788 1805 1812 pro
1825 1781 1879 1805 aliis
1899 1782 1983 1805 modis
2002 1781 2099 1805 dicendi
2119 1789 2165 1813 per
2184 1789 2220 1806 se.

1467 1814 1493 1850 δ)
1514 1816 1544 1840 In
1564 1816 1665 1841 duobus
1683 1815 1769 1840 modis
1782 1823 1835 1848 per
1852 1823 1887 1841 εε.
1902 1816 2010 1840 Codices
2029 1816 2109 1841 nostri
2128 1816 2249 1841 omittunt
2267 1824 2360 1842 omnes
2374 1823 2427 1848 per
2444 1824 2480 1842 se.

1415 1851 1508 1875 Procul
1528 1851 1614 1882 dubio,
1628 1851 1663 1875 uti
1683 1856 1753 1883 patet
1771 1859 1801 1875 ex
1820 1851 1966 1876 immediate
1986 1852 2163 1883 sequentibus,
2179 1852 2210 1876 de
2220 1859 2273 1884 per
2290 1859 2317 1877 se
2332 1858 2371 1877 est
2384 1860 2479 1878 sermo,

1415 1886 1473 1916 Qua
1492 1886 1524 1911 de
1543 1894 1620 1911 causa
1633 1886 1654 1910 si
1674 1886 1732 1918 quis
1747 1891 1853 1919 propter
1871 1887 1944 1911 codd.
1960 1887 2136 1911 auctoritatem
2152 1887 2194 1911 illa
2213 1887 2291 1911 verba
2304 1887 2366 1912 velit
2384 1895 2480 1920 expun-

1415 1929 1484 1954 gere,
1499 1921 1692 1954 subintelligere
1711 1926 1797 1946 tamen
1817 1922 2003 1946 debet.-C0d.
2017 1922 2040 1946 O
2060 1922 2154 1946 omittit
2171 1930 2286 1955 sequens
2305 1923 2420 1955 quidem.

1468 1956 1490 1991 ε)
1513 1957 1591 1987 Quod
1609 1960 1697 1981 autem
1711 1957 1825 1988 ponitur
1844 1962 1891 1981 etc.
1906 1957 2015 1981 Retineo
2034 1957 2098 1981 hanc
2121 1958 2256 1982 lectionem
2281 1958 2394 1987 Pinnam,
2414 1966 2480 1990 quae

1415 1996 1455 2016 est
1473 1992 1549 2016 etiam
1569 1992 1672 2016 maioris
1692 1992 1769 2024 partis
1795 1992 1987 2016 codd-Codd.
2003 1993 2068 2016 HM:
2089 2000 2156 2025 quae
2180 1996 2269 2017 autem
2289 1997 2430 2025 ponuntur
2453 1994 2479 2018 in

1415 2027 1567 2060 definitione
1578 2027 1690 2052 alicuius
1703 2027 1736 2052 de
1751 2027 1905 2052 necessitate
1915 2026 1951 2060 (et
1961 2028 1993 2052 de
2003 2028 2156 2052 necessitate
2171 2028 2247 2052 etiam
2263 2029 2336 2053 codd.
2351 2028 2479 2061 ABCGO)

1410 2063 1605 2094 praedicantur
1624 2063 1657 2087 de
1674 2062 1790 2087 eo.—O:
1811 2063 1882 2095 quod
1896 2063 2022 2094 ponitur,
2042 2063 2088 2087 sed
2107 2063 2215 2087 omissio
2233 2066 2321 2088 autem
2347 2069 2387 2088 est
2405 2071 2479 2088 men-

1414 2099 1485 2128 dum,
1501 2098 1566 2122 sicut
1584 2098 1708 2123 mendum
1723 2103 1762 2122 est
1781 2105 1840 2122 cum
1860 2098 1924 2122 infra
1937 2098 2031 2122 omittit
2049 2098 2120 2130 quia,
2135 2103 2195 2130 post
2209 2098 2235 2123 in
2250 2099 2364 2124 secundo
2380 2106 2480 2124 vero.—

1415 2134 1476 2158 CM:
1496 2134 1522 2158 in
1542 2134 1664 2161 secundo,
1681 2133 1743 2165 quia
1761 2133 1892 2165 quaedam
1911 2134 2027 2158 subiecta
2043 2132 2168 2166 (subiecta
2186 2134 2269 2158 omitt.
2285 2133 2316 2167 C)
2331 2138 2393 2159 sunt
2406 2134 2432 2159 in
2448 2141 2478 2160 eo

1414 2169 1486 2201 quod
1504 2169 1568 2201 quid
1586 2172 1626 2193 est
1644 2169 1681 2201 (in
1696 2175 1727 2193 εο
1740 2169 1811 2200 quod
1829 2169 1894 2201 quid
1911 2172 1958 2197 est,
1979 2169 2054 2193 etiam
2070 2169 2135 2193 KRS
2150 2174 2175 2193 et
2189 2176 2270 2201 marg.
2283 2169 2391 2194 D.—-Cf.
2405 2170 2476 2202 text.)

1410 2204 1628 2236 praedicantibus
1647 2209 1694 2228 etc.
1720 2203 1804 2228 Ceteri
1823 2204 1897 2228 codd.
1917 2204 2004 2236 legunt
2023 2212 2083 2228 cum
2103 2204 2193 2234 Piana,
2215 2209 2240 2228 et
2258 2209 2335 2229 recte.

1466 2238 1491 2271 ζ)
1512 2239 1567 2264 Sed
1580 2239 1748 2272 manifestum
1763 2242 1802 2264 est
1815 2244 1861 2263 etc.
1876 2240 1901 2264 S.
1915 2239 2031 2263 Thomas
2044 2239 2085 2263 hic
2099 2239 2173 2272 ponit
2191 2239 2319 2264 minorem
2333 2240 2478 2271 argumenti

1413 2274 1499 2299 verbis
1518 2274 1600 2307 ipsius
1619 2273 1775 2304 Aristotelis,
1791 2279 1819 2298 ut
1836 2274 1862 2298 in
1881 2279 1950 2299 textu
1968 2274 2055 2299 videte
2073 2280 2120 2304 est,
2133 2274 2252 2299 addendo
2270 2282 2300 2299 ex
2318 2283 2347 2299 se
2365 2275 2478 2300 vocabu-

1414 2310 1469 2334 lum
1483 2310 1638 2342 principiis,
1659 2309 1867 2334 subintellectum
1892 2310 1918 2334 in
1937 2309 1995 2342 ipso
2017 2314 2094 2334 textu.
2109 2310 2217 2334 Codices
2242 2311 2396 2335 concordant
2418 2318 2478 2335 cum

1413 2345 1500 2376 Piana,
1514 2353 1567 2369 uno
1586 2345 1611 2369 M
1631 2350 1744 2377 excepto,
1760 2345 1803 2377 qui
1822 2345 1896 2377 legit:
1917 2345 1964 2370 sed
1983 2345 2151 2378 manifestum
2174 2348 2214 2370 est
2236 2345 2307 2378 quod
2324 2353 2362 2370 ex
2386 2346 2476 2371 huius-

1414 2381 1486 2405 modi
1499 2380 1648 2412 principiis,
1663 2380 1762 2405 scilicet
1779 2387 1847 2412 quae
1865 2380 1956 2405 insunt
1969 2387 2021 2412 per
2038 2387 2074 2405 se.

1438 2427 1441 2430 ¹
1466 2415 1493 2450 η)
1515 2416 1594 2446 Quod
1612 2422 1688 2440 omne
1711 2416 1782 2447 quod
1801 2416 2036 2447 praedicatur....
2054 2423 2122 2448 quae
2139 2418 2203 2440 sunt
2216 2422 2268 2446 per
2286 2416 2408 2441 accidens
2426 2421 2474 2441 etc.

1413 2452 1483 2475 Haec
1502 2451 1577 2475 lectio
1598 2451 1676 2475 Piana
1694 2451 1831 2483 perspicua
1845 2456 1896 2481 est,
1919 2456 1945 2475 et
1957 2451 2065 2475 omnino
2083 2451 2227 2475 retinenda:
2246 2451 2323 2475 habet
2335 2451 2411 2476 etiam
2430 2459 2478 2484 pro

1413 2494 1443 2511 se
1461 2486 1579 2510 codicum
1598 2486 1885 2511 auctoritatem.·-Cod.
1907 2486 1933 2510 M
1952 2487 2094 2510 mendosus
2115 2486 2164 2510 hoc
2183 2486 2240 2510 loco
2260 2491 2300 2510 est
2317 2491 2343 2511 et
2358 2486 2477 2511 inintelli-

1414 2522 1511 2554 gibilis:
1531 2521 1603 2554 quod
1621 2528 1698 2546 omne
1716 2521 1787 2554 quod
1795 2521 1974 2553 praedicatur
1982 2529 2035 2553 per
2047 2528 2076 2546 se
2089 2525 2116 2546 et
2129 2528 2161 2546 ea
2175 2528 2242 2553 quae
2253 2528 2303 2552 per
2316 2522 2438 2547 accidens
2452 2525 2479 2547 et

1413 2564 1480 2589 quae
1489 2557 1685 2589 praedicantur
1693 2563 1746 2588 per
1760 2563 1787 2581 se
1800 2560 1863 2581 sunt
1881 2557 2044 2586 necessarias
2062 2564 2100 2581 ex
2117 2557 2158 2581 his
2172 2559 2260 2581 autem
2274 2561 2322 2581 etc.
2331 2571 2351 2576 —-
2361 2557 2424 2582 Cod.
2438 2558 2476 2582 H:

1413 2592 1485 2625 quod
1503 2599 1579 2617 omne
1598 2592 1669 2624 quod
1682 2592 1885 2624 praedicatur...
1904 2595 1931 2616 et
1948 2599 1980 2617 ea
1999 2599 2066 2624 quae
2080 2592 2275 2624 praedicantur
2288 2599 2340 2623 per
2358 2599 2397 2622 se,
2416 2595 2479 2617 sunt

1414 2627 1570 2656 necessaria,
1585 2634 1623 2657 eac
1641 2627 1681 2652 his
1692 2627 1891 2652 autem—Cod-
1907 2627 1928 2651 N
1947 2627 2010 2660 legit
2027 2635 2087 2651 cum
2107 2627 2184 2651 Piana
2203 2627 2251 2651 nisi
2271 2628 2340 2659 quod
2359 2628 2426 2657 loco,
2440 2634 2477 2652 ex

1413 2663 1454 2688 his
1471 2666 1569 2692 autem,
1584 2662 1670 2693 habet,
1688 2666 1715 2687 et
1733 2662 1792 2687 ideo
1811 2670 1848 2687 ex
1864 2662 1913 2687 his.
1925 2675 1944 2681 -
1955 2662 2036 2687 Codd.
2051 2663 2099 2687 AG
2118 2662 2212 2687 habent
2230 2667 2255 2686 et
2273 2662 2322 2694 ipsi
2341 2663 2477 2687 lectionem

1413 2698 1532 2728 Pianam;
1549 2698 1594 2722 sed
1613 2702 1674 2730 post
1691 2698 1770 2722 verba
1783 2705 1821 2723 ex
1834 2697 1875 2723 his
1888 2701 1986 2727 autem,
2000 2705 2067 2730 quae
2081 2701 2143 2722 sunt
2156 2705 2208 2729 per
2221 2697 2350 2727 accidens,
2371 2698 2475 2728 addunt,

1414 2737 1440 2758 et
1458 2740 1490 2758 ea
1508 2740 1576 2766 quae
1589 2733 1785 2765 praedicantur
1797 2740 1850 2765 per
1868 2733 2003 2762 accidens,
2019 2741 2070 2758 non
2078 2734 2116 2766 fit
2130 2738 2177 2758 etc.
2187 2746 2207 2750 —
2217 2733 2299 2757 Ceteri
2318 2734 2392 2758 codd.
2410 2737 2478 2758 stant

1413 2777 1462 2802 pro
1480 2769 1566 2793 Piana.

1467 2802 1492 2838 Θ)
1513 2804 1636 2829 Secunda
1654 2806 1742 2828 autem
1762 2804 1883 2828 eto-A:
1902 2803 2018 2828 secunda
2031 2806 2120 2828 autem
2134 2803 2291 2835 propositio,
2311 2803 2386 2828 cuius
2403 2807 2477 2828 est...

1414 2839 1472 2871 ipsa
1483 2839 1609 2872 definitio,
1624 2843 1664 2864 est
1678 2839 1704 2863 in
1718 2839 1810 2871 primo
1820 2838 1914 2869 modo‚·
1927 2840 1962 2863 B:
1977 2839 2013 2863 sit
2026 2846 2078 2870 per
2090 2846 2119 2863 se
2133 2839 2158 2862 in
2175 2839 2265 2870 primo
2285 2839 2371 2863 modo.
2383 2838 2477 2869 Verba,

1413 2875 1448 2899 sit
1461 2882 1514 2906 per
1531 2882 1571 2904 se,
1591 2875 1713 2899 omittunt
1731 2882 1790 2899 cum
1809 2874 1830 2898 P
1849 2874 1922 2898 codd.
1942 2873 2267 2904 CDEGlKLMNOQRST,
2287 2874 2346 2906 qui,
2365 2881 2418 2898 exc.
2434 2873 2474 2904 O,

1414 2910 1537 2934 omittunt
1549 2910 1626 2934 etiam
1640 2910 1666 2934 in
1674 2918 1684 2940 ,·
1698 2910 1745 2934 sed
1759 2910 1784 2934 in
1795 2909 1815 2934 C
1829 2909 1866 2934 sit
1880 2916 1932 2940 per
1943 2916 1971 2934 se
1984 2909 2010 2933 in
2025 2909 2082 2933 add.
2098 2916 2188 2940 marg„
2202 2917 2254 2933 non
2268 2916 2343 2933 secus
2354 2917 2382 2933 ac
2392 2909 2477 2941 priora

1413 2945 1505 2975 verba,
1525 2948 1565 2970 est
1584 2945 1668 2977 ipsum
1687 2945 1845 2974 subiectum,
1863 2952 1930 2977 quae
1949 2944 1982 2968 id.
1997 2944 2018 2968 C
2036 2951 2087 2968 una
2106 2951 2165 2968 cum
2184 2944 2258 2968 codd.
2277 2944 2322 2968 MS
2340 2944 2433 2968 omittit
2451 2944 2477 2968 in

1414 2988 1522 3013 corpore
1537 2980 1570 3011 (S
1586 2986 1673 3005 tamen
1690 2981 1817 3004 adduntur
1826 2980 1956 3012 marg.).-
1965 2980 1988 3003 H
2000 2980 2066 3009 loco,
2076 2982 2116 3003 est
2125 2979 2210 3010 ipsum
2223 2979 2375 3009 subiectum,
2386 2979 2476 3003 habet:

1413 3018 1454 3041 est
1467 3015 1744 3048 definitum—Verba,
1757 3015 1792 3040 sit
1806 3022 1858 3047 per
1870 3022 1906 3043 se,
1921 3015 2015 3047 quibus
2031 3014 2096 3038 citati
2109 3014 2210 3038 codices
2225 3019 2318 3044 carent,
2333 3014 2477 3039 necessaria

1414 3058 1467 3075 non
1481 3056 1552 3080 sunt,
1568 3050 1628 3083 quia
1642 3051 1674 3075 de
1688 3050 1754 3075 facili
1767 3050 2005 3082 subintelliguntur,
2021 3054 2046 3073 et
2059 3049 2166 3074 omnino
2180 3049 2392 3080 subintelligenda
2406 3054 2475 3079 sunt,

1413 3086 1435 3110 si
1455 3094 1507 3110 non
1526 3085 1642 3118 explicite
1660 3086 1917 3118 ponantur.-Supra
1936 3085 1988 3115 (sit
2001 3091 2053 3116 per
2070 3091 2098 3109 se
2117 3084 2142 3109 in
2162 3087 2258 3116 quarto
2277 3084 2355 3109 modo
2357 3086 2380 3115 ),
2401 3085 2476 3109 codd.

1413 3121 1568 3150 CDKLMQ:
1584 3121 1620 3145 sit
1635 3128 1686 3152 per
1700 3128 1728 3145 se
1741 3124 1768 3145 et
1781 3123 1877 3152 quarto
1892 3120 1986 3149 modo,·
2000 3120 2035 3144 N:
2049 3120 2086 3144 sit
2100 3127 2151 3151 per
2164 3126 2192 3144 se
2210 3122 2306 3151 quarto
2320 3119 2406 3144 modo.
2416 3120 2476 3144 -Et

1412 3156 1439 3180 in
1452 3155 1516 3186 fine,
1527 3156 1601 3180 codd.
1616 3156 1675 3180 LN:
1686 3163 1738 3187 per
1750 3163 1778 3180 se
1791 3155 1906 3180 secundo
1922 3155 2000 3180 modo
2005 3163 2013 3184 ;
2026 3155 2064 3179 R:
2075 3162 2126 3186 per
2135 3161 2164 3179 se
2173 3155 2252 3179 etiam
2262 3155 2377 3179 secundo
2387 3155 2474 3180 modo.

1466 3189 1486 3224 ι)
1509 3191 1647 3216 Conclusio
1665 3198 1728 3215 vero
1747 3195 1794 3215 etc.
1809 3191 1876 3215 Vera
1894 3190 1956 3214 haec
1974 3190 2103 3214 adnotatio
2121 3189 2270 3214 s.'rhomae
2293 3190 2410 3222 exemplo
2429 3190 2477 3214 erit

1412 3226 1555 3258 perspicua.
1575 3226 1612 3250 Sit
1631 3226 1860 3250 demonstrandum
1882 3225 1980 3249 homini
2005 3225 2142 3249 convenire
2167 3224 2232 3249 hanc
2251 3225 2404 3256 passionem
2428 3232 2475 3249 seu

1412 3261 1603 3293 proprietatem,
1623 3268 1717 3293 nempe
1735 3261 1909 3292 capacitatem
1928 3260 2060 3288 scientiae,
2080 3265 2106 3284 et
2118 3260 2308 3284 demonstretur
2320 3260 2368 3284 hoc
2383 3260 2474 3284 modo:

1411 3295 1519 3320 Animal
1537 3295 1669 3320 rationale
1686 3299 1726 3320 est
1743 3302 1834 3327 capax
1851 3295 1989 3324 scientiae,·
2008 3296 2053 3319 sed
2072 3295 2150 3320 homo
2162 3298 2202 3320 εει
2215 3295 2316 3319 animal
2330 3295 2475 3324 rationale,-

1411 3338 1474 3362 ergo
1492 3330 1570 3355 homo
1588 3334 1628 3355 est
1645 3337 1736 3362 capax
1748 3330 1880 3355 scientiae.
1900 3331 1927 3354 ln
1942 3330 1991 3354 hoc
2010 3330 2162 3362 syllogismo
2176 3330 2291 3354 medium
2310 3335 2474 3363 assumptum

1411 3373 1440 3390 es
1458 3366 1570 3390 tanimal
1589 3365 1733 3390 rationale:
1751 3365 1822 3397 quod
1845 3370 1885 3390 est
1906 3364 2019 3390 definitio
2037 3365 2157 3393 subiecti,
2182 3373 2277 3397 nempe
2295 3365 2420 3396 hominis,
2443 3366 2475 3390 de

1411 3408 1464 3433 quo
1487 3401 1619 3433 probanda
1637 3405 1678 3424 est
1696 3405 1722 3424 et
1738 3400 1862 3433 probatur
1880 3401 1981 3432 passio,
2001 3408 2095 3432 nempe
2113 3400 2249 3432 capacitas
2266 3400 2374 3425 sciendi.
2393 3400 2474 3425 Porro

1411 3436 1436 3460 in
1450 3436 1543 3467 prima
1561 3443 1607 3460 seu
1627 3435 1724 3460 maiori
1737 3435 1912 3467 propositione
1931 3434 2044 3459 definitio
2057 3435 2173 3463 subiecti.
2189 3443 2283 3468 nempe
2301 3435 2422 3466 hominis,
2435 3440 2476 3460 est

1409 3471 1552 3495 subiectum
1572 3475 1598 3495 et
1615 3470 1702 3502 passio
1717 3475 1756 3495 est
1769 3470 1956 3502 praedicatum
1962 3477 1971 3498 ,⁴
1989 3471 2014 3494 in
2034 3471 2146 3495 secunda
2162 3477 2225 3495 vero
2238 3478 2285 3495 seu
2303 3471 2401 3495 minori
2414 3478 2473 3503 pro·

1410 3505 1537 3538 positione
1555 3505 1698 3530 subiectum
1718 3510 1758 3530 est
1775 3505 1840 3529 illud
1859 3505 1943 3537 ipsum
1963 3506 2108 3530 subiectum
2127 3506 2159 3530 de
2177 3513 2232 3538 quo
2250 3506 2383 3538 probanda
2395 3511 2436 3530 est
2449 3510 2476 3530 et

1410 3540 1533 3573 probatur
1552 3540 1650 3573 passio,
1666 3545 1691 3564 et
1701 3540 1889 3572 praedicatum
1903 3545 1943 3565 est
1961 3540 2017 3573 ipsa
2040 3540 2162 3566 definitio.
2175 3555 2196 3561 -—
2208 3542 2243 3565 At
2260 3541 2353 3572 passio
2372 3548 2420 3566 seu
2433 3549 2475 3566 ca-

1409 3575 1505 3608 pacitas
1524 3575 1620 3600 sciendi
1644 3575 1736 3600 dicitur
1754 3575 1780 3600 in
1799 3576 1896 3600 maiori
1912 3575 2090 3609 propositione
2112 3576 2144 3600 de
2162 3576 2274 3601 animali
2296 3576 2423 3601 rationali
2446 3577 2476 3601 in

2518 344 2526 352 ·
2537 349 2562 364 o:
2578 342 2622 364 vel.

2613 371 2628 400 ζ

2516 450 2525 458 ·
2535 455 2599 470 nect:
2615 449 2682 477 quia.

2516 503 2523 510 ·
2534 501 2624 528 Nempe
2639 502 2729 523 conun-

2513 530 2606 554 genter.
2615 528 2663 549 -Cf.
2672 529 2723 551 lect.

2515 564 2537 583 x,
2553 564 2575 579 n.
2591 565 2606 584 ι,
2626 563 2675 581 not.
2691 557 2714 590 β.

2514 692 2523 701 ⁸
2534 697 2561 712 n:
2577 666 2638 713 ide-2.

2516 824 2564 844 ἐ.
2578 823 2608 844 de
2622 823 2724 851 proprio

2514 849 2625 871 subiecto.

2514 1036 2522 1043 ·
2534 1033 2570 1056 Cf.
2578 1034 2628 1085 Ιεοὸ.
2637 1040 2659 1061 x,
2668 1041 2692 1057 n.
2702 1042 2723 1063 7.

2512 1190 2520 1198 '¹
2530 1189 2579 1221 Est.
2588 1197 2615 1212 ex
2629 1191 2700 1213 codd.
2709 1203 2720 1207 -

2511 1222 2540 1237 u:
2555 1218 2594 1238 stt.

2614 1253 2622 1269 ι

2512 1281 2713 1327 affectetis.
