2548 4192
181 266 358 292 CLXXXVIII

180 334 321 365 tionibus
345 332 558 374 propositum,
576 332 666 373 quod
689 338 795 362 noster
818 331 962 371 Aquinas
985 340 1052 360 non
1077 329 1250 359 delineave-

181 378 230 409 rit.
247 379 387 408 Perenne
411 377 559 408 omnium
583 375 783 406 saeculorum
806 374 1027 405 testimonium
1055 371 1250 409 memoravi3

181 429 217 454 ut
239 422 314 453 inde
337 428 442 462 pateat
457 431 524 451 non
548 420 654 451 solum
672 420 722 450 ius
746 419 901 456 divinum,
919 418 1008 458 quod
1031 417 1175 447 veritates
1196 426 1251 446 na-

180 467 284 498 tivum
307 473 426 497 creatae
449 465 562 495 mentis
585 465 696 495 lumen
720 463 902 494 excedentes
931 461 1173 501 complectitur,
1199 469 1251 499 ge-

181 511 287 542 nuinis
311 509 531 541 traditionibus
550 508 729 539 confirmari
753 508 875 545 debere,
893 513 1058 546 tamquam
1082 503 1251 545 aptissimis

182 555 392 596 argumentis;
412 563 523 584 verum
538 553 588 583 ius
604 552 699 582 etiam
713 552 821 591 ipsum
842 550 994 588 naturale,
1011 556 1124 589 utpote
1146 559 1164 578 a
1180 548 1251 579 Deo

182 600 290 640 quoad
313 599 465 639 plurimas
497 596 641 627 veritates
665 605 720 635 per
744 605 810 625 sese
841 594 949 624 nativo
981 593 1097 624 lumini
1130 592 1251 633 pervias

181 644 366 681 revelatum,
378 642 561 672 earumdem
576 639 784 670 traditionum
800 638 985 668 auctoritate
1009 644 1039 668 et
1053 637 1252 678 populorum

183 697 349 719 consensu.
364 685 478 726 exponi
503 691 533 715 et
555 683 702 714 illustrari
726 682 863 713 maxime
886 692 979 722 posse
1003 691 1039 712 ac
1063 681 1186 711 debere.

248 732 301 762 lv.
322 719 546 760 fheoncussam
577 727 763 758 huiusmodi
793 733 1056 766 argumentorum
1083 724 1149 755 vim
1173 730 1250 755 atte-

182 785 278 807 nuare
308 774 452 805 nituntur
479 772 585 812 impii:
612 778 683 802 tum
714 771 819 811 primo
851 770 1033 810 exemplum
1069 768 1251 799 obiicientes

182 820 276 850 falsae
300 817 459 858 religionis
493 817 543 846 vel
564 815 742 847 Gentilium
762 815 812 846 vel
830 814 1034 853 Mahometis,
1057 814 1154 853 longe
1176 813 1251 843 late-

181 874 244 905 que
259 869 467 903 propagatae:
484 867 555 892 tum
569 867 727 901 praeterea
743 859 891 900 mysteria
906 858 980 889 fidei
995 865 1137 895 nostrae,
1153 857 1251 887 veluti

181 907 295 938 rationi
314 907 442 936 adversa
466 905 657 945 caeterisque
676 904 858 935 veritatibus
873 914 955 944 quae
975 902 1110 934 naturali
1127 901 1251 932 innote-

182 958 273 983 scunt
288 950 409 981 lumine
429 949 584 980 contraria
600 949 809 979 traducentes.
826 948 963 979 Nullum
977 958 1044 978 non
1061 952 1192 977 movent
1206 945 1251 976 la-

181 996 289 1037 pidem
308 995 444 1034 Deistae,
461 1000 497 1024 ut
515 994 592 1024 haec
608 999 793 1033 argumenta
808 992 873 1023 duo
893 998 1093 1032 exaggerent:
1110 1000 1252 1032 quorum

180 1041 257 1078 vim,
275 1039 300 1070 si
316 1049 380 1080 qua
398 1045 455 1078 est,
471 1048 530 1079 pro
549 1037 630 1068 virili
649 1044 747 1078 agunt
770 1036 929 1068 christiani
951 1037 1117 1076 scriptores
1137 1035 1251 1066 doctis-

181 1085 253 1115 simi
276 1091 312 1114 ut
331 1083 448 1114 elidant
461 1093 497 1113 ac
511 1082 689 1123 profligent.
707 1082 846 1112 Labores
862 1091 975 1112 eorum
998 1091 1034 1111 ac
1052 1079 1252 1121 praestantis-

181 1129 262 1160 sima
284 1128 367 1159 edita
390 1137 487 1168 opera
510 1137 607 1157 nemo
624 1126 697 1157 satis
722 1125 1009 1156 commendaverit:
1035 1125 1090 1155 sed
1112 1124 1145 1154 in
1170 1123 1252 1154 hanc

182 1183 319 1204 messem
342 1171 594 1212 auspicatissimo
618 1171 683 1201 iam
701 1169 816 1201 falcem
839 1180 931 1200 suam
949 1169 1077 1200 miserat
1094 1168 1250 1209 Aquinas.

249 1217 337 1254 Quid
360 1216 446 1247 enim
469 1216 687 1246 Mahometem
714 1215 846 1255 eiusque
876 1214 1063 1254 religionem
1087 1210 1252 1244 obtrudis?

182 1261 243 1293 Hic
267 1262 327 1292 alia
349 1261 400 1291 via
423 1260 595 1300 processit,
620 1259 724 1300 inquit
746 1259 890 1299 Aquinas
914 1259 1029 1289 eodem
1051 1258 1085 1288 in
1112 1257 1194 1288 libro
1218 1257 1251 1295 1,

182 1307 360 1346 eodemque
384 1315 452 1345 cap.
475 1312 524 1335 Vl:
551 1317 566 1332 α
588 1304 780 1334 Carnalium
805 1303 924 1343 quippe
955 1302 1153 1342 voluptatum
1172 1311 1251 1342 pro-

184 1364 199 1378 »
221 1351 336 1388 missis,
354 1349 394 1379 ad
409 1358 547 1389 quarum
570 1347 762 1378 desiderium
781 1347 910 1377 carnalis
935 1346 1190 1386 concupiscentia
1205 1345 1252 1376 in-

185 1408 199 1423 »
223 1395 324 1435 stigat,
341 1393 481 1434 populos
505 1392 611 1423 illexit.
628 1393 804 1432 Praecepta
828 1391 923 1422 etiam
939 1391 1066 1421 tradidit
1082 1391 1254 1431 promissis

184 1452 199 1468 »
222 1438 413 1479 conformia,
430 1437 586 1478 voluptati
610 1436 725 1467 carnali
747 1436 886 1466 habenas
908 1435 1059 1473 relaxans,
1081 1435 1198 1476 quibus
1219 1434 1253 1464 in

185 1497 200 1512 »
222 1489 375 1524 promptu
399 1489 446 1513 est
462 1493 480 1513 a
503 1481 677 1512 carnalibus
694 1480 879 1512 hominibus
903 1479 1034 1510 obediri.
1050 1480 1252 1510 Documenta

186 1541 201 1556 »
224 1528 319 1559 etiam
334 1527 471 1557 veritatis
495 1536 562 1556 non
578 1525 691 1563 attulit,
709 1524 768 1554 nisi
793 1534 875 1564 quae
890 1524 930 1555 de
943 1523 1045 1564 facili
1068 1533 1087 1553 a
1109 1523 1254 1564 quolibet

185 1586 200 1601 »
222 1571 421 1603 mediocriter
444 1570 583 1611 sapiente
615 1569 761 1600 naturali
784 1569 915 1609 ingenio
943 1567 1093 1608 cognosci
1118 1567 1251 1608 possint.

184 1630 199 1645 2
222 1616 310 1654 Quin
334 1615 441 1656 potius
464 1625 536 1645 vera
559 1624 641 1655 quae
665 1613 774 1644 docuit
798 1613 908 1644 multis
922 1612 1052 1653 fabulis
1084 1617 1114 1643 et
1135 1611 1252 1653 falsis-

185 1674 199 1689 »
221 1662 311 1692 simis
333 1660 488 1691 doctrinis
503 1657 685 1689 immiscuit.
702 1657 806 1699 Signa
831 1657 926 1688 etiam
943 1667 1010 1687 non
1025 1656 1170 1687 adhibuit
1198 1666 1252 1687 su—

182 1718 197 1733 »
214 1704 474 1746 pernaturaliter
497 1702 594 1733 facta:
615 1702 731 1743 quibus
760 1702 868 1733 solum
900 1701 1024 1732 divinae
1054 1700 1253 1742 inspirationi

181 1763 196 1778 »
220 1748 410 1780 conveniens
433 1747 654 1779 testimonium
672 1746 853 1784 adhibetur;
874 1746 953 1777 dum
976 1746 1119 1787 operatio
1148 1745 1253 1776 visibi-

182 1807 197 1822 »
219 1794 268 1832 lis,
288 1802 370 1834 quae
386 1802 452 1823 non
476 1798 582 1832 potest
605 1801 671 1822 esse
695 1791 755 1822 nisi
779 1791 897 1829 divina,
926 1790 1065 1821 ostendit
1087 1791 1254 1821 doctorem

185 1851 200 1866 »
222 1837 358 1868 veritatis
374 1836 570 1867 invisibiliter
585 1835 785 1876 inspiratum.
810 1835 872 1867 Sed
888 1835 965 1866 dixit
981 1845 1014 1866 se
1030 1836 1063 1866 in
1085 1845 1252 1866 armorum

187 1896 202 1911 >›
218 1883 364 1924 potentia
388 1881 541 1911 missum:
561 1890 644 1921 quae
667 1880 756 1920 signa
775 1880 871 1911 etiam
894 1879 1070 1911 latronibus
1096 1886 1127 1910 et
1149 1886 1254 1920 tyran-

169 1940 201 1955 .»
224 1927 273 1957 nis
296 1937 363 1957 non
386 1926 510 1956 desunt.
527 1925 566 1956 Ei
590 1924 686 1956 etiam
709 1935 775 1955 non
799 1924 897 1965 aliqui
921 1924 1077 1964 sapientes
1105 1924 1138 1955 in
1161 1924 1255 1954 rebus

185 1985 200 2000 »
223 1971 336 2002 divinis
373 1978 403 2002 et
426 1971 465 2000 de
488 1969 601 2000 divinis
625 1976 656 2000 et
678 1969 828 2000 humanis
856 1968 1033 2007 exercitati,
1057 1979 1075 1999 a
1098 1968 1254 2009 principio

185 2029 200 2044 »
223 2015 436 2047 crediderunt:
456 2014 512 2045 sed
534 2014 677 2045 homines
699 2014 856 2051 bestiales,
874 2013 907 2044 in
931 2013 1059 2044 desertis
1082 2019 1254 2052 morantes,

187 2074 201 2088 s
225 2060 330 2091 omnis
363 2059 523 2091 doctrinae
556 2058 680 2089 divinae
712 2068 842 2099 prorsus
879 2057 996 2098 ignari:
1026 2068 1082 2099 per
1114 2067 1255 2099 quorum

187 2118 202 2133 »
224 2104 464 2135 multitudinem
493 2102 573 2133 alios
602 2113 770 2134 armorum
802 2102 953 2134 violentia
979 2102 1012 2133 in
1036 2112 1128 2133 suam
1151 2101 1255 2142 legem

187 2162 201 2177 x>
225 2148 337 2188 coegit.
354 2148 450 2180 Nulla
473 2147 569 2178 etiam
584 2147 702 2178 divina
735 2147 870 2178 oracula
894 2147 1152 2188 praecedentium
1179 2147 1254 2177 Pro-

190 2207 205 2221 »
228 2193 397 2234 phetarum
420 2192 448 2223 ei
471 2191 691 2223 testimonium
714 2191 895 2232 perhibent:
922 2191 1001 2232 quin
1033 2191 1141 2232 potius
1164 2191 1255 2232 quasi

188 2251 202 2266 »
225 2237 336 2268 omnia
358 2236 469 2268 veteris
493 2242 524 2266 et
546 2236 622 2266 novi
650 2236 848 2267 Testamenti
878 2236 1072 2267 documenta
1096 2235 1255 2277 sabulosa

187 2295 202 2310 »
225 2282 414 2313 narratione
439 2281 588 2321 depravat
607 2286 643 2311 ut
657 2287 742 2321 patet
758 2281 825 2311 eius
839 2280 943 2321 legem
956 2280 1145 2321 inspicienti.
1163 2281 1256 2312 Unde

188 2339 203 2354 »
225 2331 331 2357 astuto
362 2325 493 2357 consilio
527 2325 625 2356 libros
657 2325 769 2356 veteris
800 2331 831 2356 et
859 2325 935 2356 novi
964 2325 1161 2356 Testamenti
1190 2325 1255 2356 suis

189 2384 204 2399 »
227 2370 413 2411 sequacibus
436 2380 503 2400 non
533 2369 659 2410 reliquit
689 2369 860 2410 legendos,
886 2379 925 2400 ne
949 2379 1005 2410 per
1028 2379 1083 2400 eos
1114 2369 1256 2401 falsitatis

189 2428 203 2443 »
226 2422 416 2455 argueretur.
437 2427 452 2442 ι»
472 2414 579 2454 Opera
593 2414 728 2454 perlege,
746 2424 827 2455 quae
844 2421 954 2445 contra
972 2414 1169 2445 Alcoranum
1184 2414 1256 2455 plu-

185 2459 265 2490 rima
291 2469 326 2489 ac
349 2458 541 2489 solidissima
570 2458 731 2499 prodiere:
752 2468 833 2499 quae
866 2458 924 2489 viri
948 2458 1122 2489 doctissimi
1145 2459 1255 2500 amplo

186 2510 311 2534 versant
333 2509 465 2534 tractatu
481 2509 676 2543 argumenta,
694 2503 734 2533 ad
750 2503 827 2534 haec
851 2504 889 2534 ab
908 2502 1068 2544 Aquinate
1091 2503 1257 2544 proposita

187 2548 289 2589 capita
311 2547 408 2587 redigi
432 2547 542 2578 omnia
556 2547 688 2588 proprio
712 2547 927 2587 experimento
951 2547 1117 2579 constabit.

252 2591 323 2622 Pari
347 2591 534 2622 convellitur
566 2591 728 2622 rationum
750 2591 859 2632 vigore
882 2591 991 2631 religio
1028 2598 1083 2623 aut
1106 2592 1256 2632 supersti-

187 2636 232 2668 tio
258 2636 421 2667 Gentium.
436 2636 522 2666 Tota
537 2635 681 2666 innititur
704 2635 828 2667 incertis
853 2642 884 2667 et
899 2635 1061 2667 fallacibus
1084 2636 1257 2668 hominum

187 2680 425 2712 traditionibus:
446 2690 524 2721 quas
543 2680 582 2710 ab
605 2679 793 2720 ignorantia,
810 2686 865 2711 aut
888 2690 1002 2718 errore,
1019 2687 1074 2711 aut
1097 2691 1192 2721 prava
1212 2681 1256 2712 af-

187 2725 323 2756 fectione
338 2724 447 2763 animi,
464 2731 519 2756 aut
539 2724 649 2755 fraude
664 2724 806 2765 doloque
821 2724 959 2755 invectas
983 2725 1109 2765 probari
1125 2731 1156 2756 et
1171 2725 1256 2756 evin·

187 2769 215 2800 ci
238 2776 352 2810 potest.
376 2769 460 2800 Vitia
476 2769 651 2810 probantur
672 2779 708 2799 ac
723 2768 935 2809 turpitudines
958 2768 991 2799 in
1008 2768 1171 2809 disciplina
1186 2779 1256 2800 mo-

187 2821 277 2844 rum:
300 2813 475 2854 eademque
497 2813 548 2844 vel
570 2813 645 2853 ipsis
669 2813 854 2844 hominibus
877 2813 1007 2853 indigna
1030 2813 1100 2844 Deo
1124 2813 1257 2855 Diisque

189 2858 413 2889 attribuuntur.
430 2857 572 2888 Numina
588 2867 736 2898 suprema
752 2858 844 2898 plura
866 2864 961 2899 atque
977 2857 1058 2888 inter
1074 2867 1106 2888 se
1129 2858 1258 2889 adversa

189 2902 457 2943 multiplicantur:
477 2912 513 2933 ac
537 2901 660 2933 debitus
693 2902 749 2932 uni
781 2902 851 2933 Deo
885 2902 988 2933 cultus
1012 2901 1195 2934 transfertur
1224 2903 1257 2933 in

188 2947 346 2985 homines,
363 2947 396 2977 in
420 2946 531 2985 sidera,
546 2946 580 2976 in
604 2946 769 2985 elementa,
794 2946 828 2977 in
851 2946 924 2977 vilia
947 2953 1077 2977 naturae
1101 2954 1131 2978 et
1154 2947 1259 2978 homi-

189 3001 269 3022 num
292 3001 399 3031 opera.
431 2991 543 3032 Deque
566 2991 636 3022 Deo
661 2990 792 3032 eiusque
816 2990 982 3029 attributis,
999 2990 1025 3021 si
1043 3001 1126 3032 quae
1148 2991 1258 3022 verita-

189 3042 246 3073 tes,
263 3035 419 3066 erroribus
443 3035 650 3076 putidissimis
674 3035 836 3066 immixtae
863 3042 1099 3076 proponuntur.
1125 3035 1260 3067 Summa

190 3079 323 3110 huiusce
341 3079 385 3110 rei
410 3079 511 3120 capita
526 3079 638 3118 innuo,
655 3089 738 3120 quae
753 3079 820 3120 ipse
834 3080 979 3111 Thomas
996 3079 1029 3110 in
1048 3079 1173 3120 Operis,
1191 3091 1257 3122 quo

190 3123 229 3154 de
255 3123 389 3163 agimus,
406 3123 540 3155 decursu
556 3124 684 3156 uberius
700 3130 883 3165 pertractat;
903 3124 1088 3165 eademque,
1105 3135 1172 3155 non
1188 3125 1259 3164 alia,

193 3167 425 3208 amplificarunt
448 3167 511 3199 alii.

259 3212 297 3242 V.
322 3212 470 3253 Mysteria
493 3211 566 3242 fidei
590 3212 773 3244 christianae
804 3222 944 3253 pugnare
968 3219 1077 3244 contra
1104 3213 1261 3245 rationem

193 3256 389 3287 contendunt
411 3263 573 3296 postremo
596 3257 769 3297 Religionis
792 3257 945 3289 revelatae
971 3257 1098 3297 hostes,
1129 3258 1262 3289 minime

191 3300 302 3331 abnuit
324 3301 434 3331 Petrus
456 3300 591 3331 Baelius.
619 3301 760 3342 Impium
783 3301 913 3333 illorum
936 3302 1106 3333 consilium
1130 3309 1195 3342 est,
1226 3309 1263 3334 ut

192 3344 340 3386 mysteria
362 3343 446 3383 fidei,
471 3345 562 3376 sicuti
586 3345 698 3376 rationi
722 3346 861 3384 adversa,
885 3346 928 3377 ita
951 3353 1117 3388 tamquam
1135 3346 1214 3378 falsa
1232 3354 1263 3378 et

194 3389 410 3420 commentitia
428 3389 578 3420 reiiciant.
602 3390 649 3420 Ea
668 3396 774 3421 mente
797 3390 926 3421 rationis
949 3401 1092 3431 pugnam
1107 3401 1183 3423 cum
1200 3390 1263 3422 fide

194 3433 356 3464 admittere
386 3443 419 3464 se
449 3433 614 3474 profitetur
642 3434 786 3473 Badius,
811 3442 846 3466 ut
869 3435 968 3475 ipsius
991 3434 1064 3467 fidei
1083 3435 1263 3477 triumphos

195 3477 233 3508 de
252 3484 406 3517 prostrata
428 3478 549 3509 ratione
569 3485 668 3510 canat.
700 3479 792 3510 Hanc
815 3479 908 3510 illum
931 3479 1096 3511 simulasse
1111 3480 1263 3521 pietatem

195 3521 375 3561 gravissima
399 3522 536 3563 suspicio
560 3530 622 3554 est:
647 3533 684 3554 ac
706 3523 785 3554 illud
808 3523 903 3554 etiam
925 3524 1063 3565 impium
1081 3524 1141 3565 ipsi
1161 3524 1263 3557 consi-

196 3564 276 3595 lium
299 3565 459 3606 insedisse,
483 3573 518 3597 ut
533 3566 618 3605 fidei,
638 3577 736 3608 quam
759 3567 802 3598 ait
824 3568 938 3599 rationi
962 3568 1114 3600 obsistere
1128 3579 1195 3601 non
1210 3579 1263 3600 va·

197 3608 270 3648 lere,
285 3610 455 3641 vanitatem
471 3611 651 3642 obtruderet
666 3611 745 3642 nihil
760 3612 821 3642 tale
838 3612 1058 3652 cogitantibus.

912 248 1371 288 DISSERTATIONES
1401 249 1650 287 CRITICAE

1374 328 1550 369 Utramque
1565 339 1709 369 pugnam
1723 329 1914 360 validissime
1928 329 2082 370 pugnavit
2096 336 2222 360 sanctus
2236 329 2381 360 Thomas

1306 372 1460 412 Aquinas.
1493 373 1614 404 Contra
1636 373 1782 404 Baelium
1805 380 1871 412 est,
1902 384 1984 415 quae
2013 374 2184 405 constituta
2215 374 2316 414 capite
2338 384 2382 404 vn

1306 415 1402 446 thesis
1425 416 1539 457 legitur
1562 417 1610 447 his
1624 418 1744 448 verbis:
1773 418 1961 455 Quamvis...
1971 419 2142 459 praedicta
2160 419 2279 449 veritas
2296 418 2383 459 fidei

1306 460 1503 492 christianae
1533 462 1696 492 humanae
1719 463 1856 493 rationis
1883 464 2092 503 capacitatem
2117 463 2274 500 excedat‚'
2302 463 2383 494 haec

1306 509 1413 535 tamen
1437 515 1521 545 quae
1549 507 1634 536 ratio
1665 507 1861 537 naturaliter
1884 507 1986 538 indita
2009 507 2122 545 habet,
2154 507 2229 538 huic
2253 508 2382 538 veritati

1306 546 1400 590 (fidei
1419 548 1622 592 christianae)
1651 552 1818 581 contraria
1849 560 1917 582 esse
1945 561 2009 582 non
2035 557 2184 592 possunt.
2215 552 2381 582 Naturales

1305 592 1449 623 veritates
1472 593 1632 634 intellige,
1661 604 1740 635 quas
1764 604 1854 625 mens
1883 602 1984 626 creata
2008 596 2171 635 cognoscit
2197 596 2320 626 lumine
2344 605 2381 626 ex

1306 636 1344 666 iis
1366 637 1498 676 hausto,
1522 648 1604 678 quae
1628 637 1709 669 facta
1732 645 1824 678 sunt,
1848 639 1914 670 sive
1946 650 1983 670 ex
2005 639 2174 670 reflexione
2198 640 2248 671 sui
2279 640 2380 681 ipsius

1306 680 1371 710 sive
1395 690 1432 711 ex
1452 691 1559 712 rerum
1583 682 1748 713 sensilium
1766 683 1979 724 perceptione.
2003 684 2094 714 Aliae
2113 691 2198 723 sunt,
2222 695 2304 726 quae
2322 694 2381 715 vo-

1306 724 1395 755 cibus
1409 725 1466 762 rite
1481 726 1630 766 expositis
1649 726 1800 757 intimum
1814 737 1851 758 ac
1863 727 2086 759 immediatum
2100 728 2248 760 exhibent
2261 738 2380 759 nexum

1306 768 1437 799 subiecti
1461 776 1492 800 et
1514 770 1672 801 attributi:
1697 770 1857 812 aliaeque,
1881 782 1963 812 quae
1986 772 2152 803 ratiocinio
2176 773 2379 813 colliguntur.

1304 813 1357 843 Ad
1379 812 1461 843 hanc
1491 814 1700 853 posteriorem
1731 815 1864 846 classem
1894 816 2052 856 pertinent
2080 817 2225 848 veritates
2254 817 2381 858 aliquae

1306 856 1450 895 divinae,
1480 867 1562 898 quae
1586 868 1623 888 ex
1647 858 1807 889 effectibus
1830 866 1925 890 notae
1948 859 2046 899 fiunt,
2070 861 2211 901 supremi
2234 861 2382 902 principii

1305 901 1467 940 exstantia,
1491 901 1590 932 virtus
1610 902 1677 932 eius
1701 903 1907 943 omnipotens
1926 914 1963 934 ac
1981 904 2042 934 alia
2060 905 2209 936 attributa
2227 915 2309 946 quae
2328 915 2381 936 su-

1305 955 1417 986 premo
1436 945 1593 986 principio
1614 946 1818 978 conveniunt.
1842 947 1992 988 Mysteria
2015 947 2089 978 fidei
2108 948 2294 980 christianae
2311 960 2381 990 per-

1305 990 1406 1020 tinent
1424 990 1464 1020 ad
1482 990 1600 1030 Deum,
1624 991 1757 1022 minime
1781 1001 1838 1032 per
1861 1002 1898 1022 ea
1916 1002 1998 1033 quae
2017 992 2098 1023 facta
2113 999 2188 1024 sunt
2205 993 2381 1033 cognitum,

1305 1034 1360 1065 sed
1379 1034 1420 1064 ad
1437 1034 1546 1075 ipsum
1565 1035 1746 1066 cuiusmodi
1770 1042 1817 1066 est
1839 1036 1872 1066 in
1896 1044 1946 1067 se:
1971 1047 2038 1078 quo
2057 1037 2165 1077 ipsum
2184 1037 2284 1067 modo
2301 1037 2381 1068 ratio

1305 1078 1455 1109 naturalis
1479 1079 1662 1119 conspicere
1685 1090 1752 1110 non
1775 1080 1878 1119 valet,
1907 1091 1982 1111 cum
2005 1081 2113 1112 nullus
2137 1080 2265 1112 effectus
2288 1088 2381 1112 natu·

1305 1123 1378 1153 ralis
1401 1123 1510 1163 ipsum
1532 1124 1704 1165 adaequet,
1728 1134 1832 1166 neque
1864 1125 1970 1156 ullum
1992 1132 2048 1156 aut
2075 1125 2300 1165 sufficientem,
2324 1126 2381 1167 qui

1306 1174 1465 1208 appareat,
1482 1178 1600 1198 nexum
1617 1168 1771 1208 exhibeat,
1795 1176 1831 1200 ut
1845 1169 1920 1200 inde
1938 1170 1977 1200 ad
1993 1170 2112 1210 ipsum,
2137 1170 2319 1201 cuiusmodi
2335 1177 2383 1202 est

1306 1212 1339 1242 in
1358 1222 1407 1250 se,
1428 1213 1688 1252 cognoscendum
1707 1213 1865 1254 adsurgat.

1373 1256 1530 1298 Utrasque
1549 1257 1693 1288 veritates
1713 1258 1850 1289 admittit
1867 1258 2005 1289 Baelius.
2021 1259 2167 1299 Pugnam
2182 1258 2264 1290 inter
2279 1265 2380 1290 utras-

1306 1309 1369 1341 que
1400 1301 1533 1332 exerceri
1566 1302 1730 1333 contendit
1758 1302 1829 1342 ille,
1853 1309 2004 1343 pernegat
2026 1303 2190 1344 Aquinas:
2219 1304 2309 1345 quod
2332 1303 2382 1334 his

1307 1345 1422 1379 evincit
1435 1346 1638 1386 argumentis.
1664 1348 1711 1377 Ac
1727 1347 1844 1387 primo,
1863 1357 1947 1388 quae
1961 1348 2158 1379 naturaliter
2171 1349 2292 1379 rationi
2304 1353 2382 1379 sunt

1307 1390 1415 1427 insita,
1440 1390 1506 1420 sive
1528 1390 1582 1421 illa
1600 1401 1656 1431 per
1675 1391 1854 1422 evidentem
1877 1392 2182 1423 demonstrationem
2206 1399 2282 1423 nota
2304 1391 2383 1423 fiant

1307 1433 1372 1464 sive
1390 1433 1614 1465 immediatum
1643 1435 1775 1467 subiecti
1798 1446 1917 1467 nexum
1946 1446 2021 1467 cum
2049 1436 2199 1468 attributo
2229 1436 2381 1476 offerant,

1308 1479 1475 1508 verissima
1500 1488 1568 1510 esse
1596 1485 1741 1518 constat,
1771 1481 1804 1511 in
1833 1486 1959 1512 tantum
1989 1486 2026 1512 ut
2049 1491 2107 1512 nec
2130 1491 2168 1512 ea
2193 1491 2261 1512 esse
2284 1481 2382 1522 salsa

1306 1523 1348 1552 sit
1357 1522 1511 1562 possibile
1524 1524 1680 1564 cogitare.
1696 1525 1797 1565 Atqui
1811 1535 1887 1556 vero
1902 1535 2007 1566 neque
2022 1525 2055 1556 id
2068 1525 2154 1566 quod
2159 1526 2232 1567 fide
2241 1531 2381 1564 tenetur,

1307 1576 1379 1597 cum
1399 1572 1465 1597 tam
1485 1567 1650 1598 evidenter
1671 1568 1825 1600 divinitus
1853 1570 2079 1611 confirmatum
2107 1571 2149 1601 sit
2179 1568 2259 1612 (sive
2291 1570 2383 1601 cuius

1308 1611 1456 1642 revelatio
1481 1611 1587 1642 divina
1609 1622 1649 1642 eo
1668 1612 1845 1644 innotescat
1867 1623 1981 1653 genere
2001 1621 2276 1654 argumentorum,
2299 1623 2384 1656 quae

1307 1665 1398 1686 num.
1429 1656 1444 1686 3
1470 1655 1564 1687 allata
1586 1654 1700 1699 sunt),
1719 1656 1783 1698 sas
1805 1662 1852 1688 est
1875 1658 2007 1688 credere
2030 1667 2099 1689 esse
2112 1657 2263 1699 falsum:
2293 1659 2384 1700 quod

1308 1699 1404 1730 etiam
1419 1706 1475 1731 aut
1496 1710 1570 1731 vera
1595 1708 1650 1732 aut
1669 1701 1816 1732 simulata
1836 1701 1951 1742 pietate
1975 1702 2088 1733 ductus
2112 1702 2227 1733 fatetur
2244 1702 2382 1734 Baelius.

1308 1744 1393 1775 Hinc
1415 1744 1529 1784 igitur,
1553 1745 1628 1786 quia
1659 1746 1763 1777 solum
1779 1746 1909 1788 salsum
1934 1756 2010 1778 vero
2033 1748 2234 1778 contrarium
2259 1752 2322 1786 est,
2347 1752 2384 1779 ut

1309 1798 1351 1819 ex
1373 1798 1485 1820 eorum
1509 1789 1748 1831 definitionibus
1775 1792 1926 1831 inspectis
1953 1791 2125 1832 manifeste
2147 1797 2302 1832 apparet,·
2323 1792 2383 1822 im-

1302 1833 1456 1874 possibile
1479 1839 1536 1872 est,
1561 1834 1626 1865 illis
1643 1835 1815 1876 principiis
1837 1845 1922 1876 quae
1939 1837 2025 1866 ratio
2048 1837 2247 1867 naturaliter
2264 1845 2383 1878 cogno-

1307 1878 1379 1915 scit,
1393 1878 1597 1918 praedictam
1618 1880 1783 1910 veritatem
1792 1879 1879 1921 fidei
1897 1881 2096 1911 contrariam
2117 1889 2194 1911 esse.

1376 1922 1470 1953 Ratio
1489 1923 1632 1964 sequitur
1655 1923 1726 1963 alia,
1751 1923 1917 1964 aptissimo
1937 1924 2082 1965 exemplo
2101 1925 2265 1956 illustrata.
2285 1924 2382 1955 Nam-

1309 1976 1371 2008 que
1391 1967 1474 1998 illud
1492 1967 1586 2006 idem,
1606 1968 1711 2009 inquit
1729 1968 1884 2010 Aquinas,
1903 1969 1989 2010 quod
2007 1969 2173 2000 inducitur
2188 1970 2221 2000 in
2237 1970 2382 2000 animum

1309 2011 1459 2052 discipuli
1481 2022 1502 2042 a
1525 2012 1676 2051 docente,
1706 2012 1776 2054 ipsa
1805 2013 1946 2044 doctoris
1973 2014 2106 2044 scientia
2130 2014 2290 2051 continet,
2320 2014 2384 2045 nisi

1308 2055 1422 2087 doceat
1433 2056 1535 2097 ficte:
1557 2057 1643 2098 quod
1665 2057 1705 2088 de
1726 2058 1797 2088 Deo
1821 2057 1916 2099 nefas
1934 2063 1982 2088 est
1998 2057 2116 2089 dicere.
2139 2057 2239 2099 Atqui
2256 2058 2383 2098 princi-

1303 2101 1435 2141 piorum
1467 2101 1664 2132 naturaliter
1695 2107 1844 2133 notorum
1868 2103 2010 2143 cognitio
2040 2102 2130 2133 nobis
2159 2102 2314 2133 divinitus
2336 2106 2385 2134 est

1309 2145 1423 2183 indita,
1448 2155 1520 2177 cum
1545 2146 1612 2186 ipse
1633 2146 1726 2177 Deus
1746 2147 1789 2177 sit
1811 2152 1927 2177 auctor
1950 2151 2080 2178 nostrae
2099 2152 2239 2177 naturae
2245 2154 2259 2184 ;
2281 2155 2318 2177 ac
2335 2155 2383 2178 ra-

1309 2189 1432 2220 tionem
1454 2189 1617 2229 indiderit,
1645 2201 1727 2232 quae
1750 2190 1895 2222 veritates
1918 2190 2089 2222 nonnullas
2116 2200 2173 2231 per
2196 2200 2263 2222 sese
2286 2190 2384 2222 claras

1309 2233 1492 2266 immediate
1528 2235 1692 2275 cognoscit
1721 2235 1861 2276 aliasque
1894 2242 2053 2276 praeterea
2085 2235 2208 2266 lumine
2238 2235 2384 2276 priorum

1310 2279 1516 2310 collustratas.
1556 2280 1665 2321 Itaque
1699 2280 1779 2311 haec
1802 2281 1968 2321 principia
2000 2278 2201 2322 (omnesque
2237 2279 2384 2312 veritates

1309 2333 1389 2364 quas
1413 2324 1570 2354 naturales
1597 2322 1833 2367 appellamus),
1863 2325 1959 2356 etiam
1986 2324 2097 2356 divina
2119 2324 2285 2366 Sapientia
2308 2334 2382 2356 con-

1310 2368 1398 2399 tinet.
1432 2368 1596 2410 Quidquid
1618 2370 1722 2410 igitur
1744 2369 1926 2400 adversatur
1947 2370 2120 2410 principiis
2142 2379 2178 2400 ac
2200 2368 2384 2400 veritatibus

1309 2412 1493 2444 huiusmodi
1515 2418 1562 2444 est
1587 2413 1717 2445 diuinae
1738 2413 1924 2454 Sapientiae
1947 2414 2167 2445 contrarium:
2196 2423 2260 2445 non
2279 2414 2385 2455 igitur

1310 2466 1330 2487 a
1353 2458 1424 2488 Deo
1447 2467 1517 2489 esse
1533 2463 1650 2498 potest.
1673 2458 1724 2489 Ea
1749 2459 1862 2500 igitur,
1887 2468 1971 2499 quae
1993 2468 2036 2489 ex
2054 2459 2250 2490 revelatione
2272 2458 2384 2490 diuina

1303 2502 1485 2543 perfidem
1509 2507 1672 2541 tenentur,
1697 2513 1761 2534 non
1779 2508 1920 2544 possunt
1945 2503 2092 2534 naturali
2114 2504 2292 2545 cognitioni
2315 2511 2386 2534 esse

1310 2548 1487 2579 contraria.

1377 2591 1525 2622 Tertium
1546 2591 1667 2632 profert
1689 2599 1816 2623 sanctus
1837 2592 1982 2623 Thomas
2005 2599 2210 2624 momentum
2232 2590 2383 2623 rationis:

1313 2635 1496 2667 Contrariis
1519 2636 1709 2674 rationibus,
1729 2636 1892 2678 inquiens,
1910 2636 2090 2667 intellectus
2113 2641 2222 2667 noster
2244 2636 2381 2676 ligatur,

1311 2685 1347 2710 ut
1369 2680 1413 2710 ad
1437 2681 1505 2711 veri
1528 2681 1743 2722 cognitionem
1761 2681 1940 2721 procedere
1963 2685 2109 2721 nequeat.
2129 2680 2166 2710 Si
2184 2681 2288 2721 igitur
2307 2688 2382 2710 con-

1311 2725 1435 2755 trariae
1462 2725 1662 2765 cognitiones
1688 2725 1779 2756 nobis
1805 2734 1826 2755 a
1856 2725 1927 2755 Deo
1953 2725 2201 2755 immitterentur
2226 2721 2383 2766 (naturali

1311 2767 1418 2809 pervia
1447 2768 1563 2799 lumini
1586 2768 1681 2799 altera
1705 2775 1736 2799 et
1757 2769 1853 2800 altera
1876 2768 2074 2799 revelationis
2097 2768 2219 2799 lumine
2242 2766 2381 2811 innixa),

1311 2822 1354 2843 ex
1366 2813 1426 2843 hoc
1438 2822 1459 2843 a
1477 2814 1621 2844 veritatis
1636 2814 1818 2854 cognitione
1832 2813 2009 2844 intellectus
2029 2818 2138 2844 noster
2156 2813 2383 2854 impediretur:

1311 2857 1397 2898 quod
1414 2866 1435 2887 a
1453 2857 1524 2888 Deo
1543 2866 1611 2888 esse
1630 2867 1693 2888 non
1707 2863 1824 2898 potest.
1847 2857 2034 2888 Baelianum
2052 2864 2272 2888 monstrosum
2292 2866 2381 2888 com·

1312 2907 1459 2932 mentum
1479 2901 1517 2932 de
1541 2901 1614 2932 fidei
1638 2912 1745 2942 pugna
1769 2912 1843 2933 cum
1866 2901 1987 2933 ratione
2010 2901 2273 2933 luculentioribus
2291 2910 2383 2942 argu-

1313 2945 1428 2977 mentis
1456 2955 1553 2976 nemo
1583 2946 1717 2987 explosit
1749 2956 1916 2987 umquam.
1949 2946 2034 2977 Hinc
2063 2956 2139 2977 vero
2170 2945 2387 2987 colligendum

1313 2990 1458 3021 Thomas
1482 2990 1593 3022 docet:
1618 2991 1849 3032 Quaecumque
1873 2997 2058 3031 argumenta
2081 2997 2191 3022 contra
2218 2989 2292 3021 fidei
2315 3000 2387 3032 my-

1314 3034 1406 3066 steria
1429 3041 1606 3076 ponantur,
1630 3035 1710 3066 haec
1732 3045 1775 3066 ex
1786 3036 1958 3076 principiis
1974 3036 2093 3076 primis
2116 3040 2256 3066 naturae
2278 3035 2388 3067 inditis

1308 3089 1372 3120 per
1394 3089 1429 3111 se
1452 3081 1546 3118 notis,
1566 3079 1700 3121 aliisque
1723 3089 1761 3110 ex
1782 3079 1965 3111 veritatibus
1988 3079 2195 3118 naturalibus,
2215 3089 2279 3110 non
2302 3084 2388 3111 recte

1308 3124 1519 3164 procedere..
1530 3147 1556 3162 .,
1581 3134 1640 3156 nec
1662 3124 1943 3156 demonstrationis
1962 3125 2024 3156 vim
2039 3124 2164 3163 habere,
2179 3123 2237 3155 sed
2252 3124 2303 3155 rel
2319 3133 2387 3155 esse

1315 3169 1457 3200 rationes
1468 3169 1662 3210 probabiles,
1679 3175 1710 3200 et
1732 3175 1930 3210 apparentes,
1947 3169 1997 3200 vel
2011 3169 2218 3210 sophisticas:
2234 3173 2266 3199 et
2278 3169 2327 3200 sic
2343 3167 2388 3199 ad

1315 3222 1353 3243 ea
1376 3213 1530 3245 solvenda
1553 3213 1658 3245 locum
1681 3214 1831 3254 relinqui.

1382 3258 1435 3289 vl.
1469 3258 1638 3290 Verissima
1666 3257 1821 3289 fatebatur
1847 3258 1974 3289 Baelius
2001 3257 2075 3288 fidei
2105 3256 2289 3288 christianae
2316 3263 2386 3297 my-

1316 3302 1407 3334 steria
1432 3309 1462 3334 et
1484 3302 1694 3334 nihilominus
1718 3312 1793 3333 cum
1823 3302 1958 3334 naturali
1987 3302 2108 3334 ratione
2137 3308 2295 3343 pugnare:
2324 3308 2386 3341 pu-

1316 3357 1413 3389 gnam
1435 3347 1527 3386 hanc,
1547 3357 1646 3388 quam
1665 3353 1788 3388 putant,
1803 3347 1977 3378 adsumunt
1995 3347 2068 3378 loco
2086 3345 2231 3387 principii
2249 3344 2387 3383 Deiatae,

1317 3399 1353 3423 ut
1375 3391 1449 3423 inde
1472 3391 1640 3423 conficiant
1667 3391 1779 3422 eadem
1801 3391 1951 3433 mysteria
1969 3391 2046 3422 falsa
2069 3400 2148 3422 esse.
2177 3389 2289 3421 Fidem
2306 3388 2388 3420 inter

1317 3447 1353 3468 ac
1385 3436 1542 3467 rationem
1576 3435 1715 3468 ostendit
1741 3436 1885 3477 Aquinas
1915 3445 2059 3477 pugnam
2086 3433 2220 3466 exerceri
2247 3433 2385 3464 nullam:

1318 3481 1403 3512 unde
1426 3481 1619 3522 principium
1642 3480 1760 3519 statuit,
1787 3490 1853 3522 quo
1877 3480 1995 3521 impios
2017 3479 2138 3510 refellat
2162 3476 2387 3520 mysteriorum

1317 3536 1354 3557 ac
1376 3525 1575 3557 revelationis
1597 3525 1761 3556 veritatem
1783 3524 1966 3556 inficiantes.
1998 3524 2122 3555 Praeter
2144 3521 2250 3552 divina
2271 3520 2387 3552 intelli-

1318 3570 1440 3610 gibilia,
1456 3579 1538 3611 quae
1554 3569 1688 3601 naturali
1704 3569 1818 3600 rationi
1834 3575 1909 3600 sunt
1923 3567 2040 3609 pervia,
2055 3567 2116 3598 alia
2130 3566 2222 3596 docet
2235 3564 2386 3605 distingui

1319 3621 1476 3655 oportere,
1491 3623 1572 3654 quae
1587 3613 1720 3644 naturali
1735 3613 1866 3654 quidem
1880 3612 1994 3643 rationi
2008 3621 2074 3642 non
2089 3610 2302 3649 adversantur,
2313 3615 2388 3640 sunt
