2788 4204
74 2755 82 2763 ·
92 2753 164 2775 Num.
175 2758 203 2780 13.

75 2803 82 2811 '
92 2801 163 2823 Num.
173 2801 204 2823 16.

319 247 369 283 90

318 321 446 345 tentum
470 312 586 346 clarius
610 313 768 346 videatur.
786 314 827 346 Et
849 314 896 346 sic
920 322 1033 346 contra
1057 312 1275 345 universalem
1300 312 1383 345 affir-

319 362 474 394 mativam
490 373 559 394 non
583 371 631 395 est
647 361 826 395 ordinanda
849 361 1040 394 universalis
1061 361 1221 404 negativa,
1239 360 1296 394 sed
1313 372 1384 405 par-

318 410 461 443 ticularis
484 411 644 454 negativa,
662 422 745 454 quae
769 419 818 443 est
841 409 926 442 illius
951 410 1100 453 negatio;
1125 418 1157 442 et
1176 421 1193 442 e
1211 421 1382 451 converso,

320 468 432 492 contra
456 458 682 503 particularem
702 458 928 491 affirmativam
953 469 1021 491 non
1042 466 1091 490 est
1114 457 1295 491 ordinanda
1312 470 1383 502 par-

319 507 461 540 ticularis
485 509 644 551 negativa,
661 506 718 540 sed
742 506 933 540 universalis
957 507 1107 550 negativa
1132 518 1215 550 quae
1239 515 1289 539 est
1312 507 1382 540 eius

1082 236 1199 272 PERI
1221 236 1568 273 HERMENEIAS
1604 238 1698 274 LIB.
1730 239 1760 274 II

1439 315 1582 357 negatio.
1599 314 1652 348 Ad
1676 314 1793 348 clarius
1816 324 1927 349 autem
1950 317 2147 351 intuendum
2171 328 2359 357 numerum,
2380 317 2510 352 co'ordi-

1439 362 1564 396 nandae
1589 372 1666 397 sunt
1689 375 1817 404 omneS‚
1834 377 1918 410 quae
1942 375 2020 399 sunt
2049 366 2164 400 similis
2185 367 2385 411 quantitatis,
2406 365 2506 400 simul

1439 412 1472 443 in
1485 420 1572 444 recta
1588 411 1684 452 linea,
1697 412 1857 446 distinctis
1873 422 1985 447 tamen
2000 414 2170 448 ordinibus
2183 415 2286 448 tribus
2302 414 2508 459 supradictis.

1437 460 1543 540 1(ἱὶιιοίί
1574 469 1611 493 ut
1642 460 1759 494 clarius
1790 461 1970 503 elucescat,
1994 464 2028 496 in
2060 463 2120 497 hac
2151 463 2334 508 subscripta
2359 462 2508 497 videatur

1460 518 1558 551 gura:

1274 596 1417 629 Primus
1445 598 1538 630 Ordo

831 672 949 696 Socrates
974 679 1027 696 non
1046 676 1086 696 est

829 707 942 737 Quidam
960 706 1041 731 homo
1060 715 1112 732 non
1132 712 1172 732 est

829 743 917 766 Homo
936 750 989 766 non
1008 747 1048 767 est

829 777 923 802 Omnis
942 777 1023 802 homo
1042 785 1095 802 non
1114 783 1154 803 est

318 673 437 697 Socrates
456 676 496 696 est

318 707 430 737 Quidam
448 707 528 731 horno
547 711 586 731 est

318 743 404 767 Homo
423 747 463 767 est

317 777 410 802 Omnis
429 777 509 801 homo
527 781 567 801 est

1368 687 1401 691 ——
1439 673 1498 698 Non
1517 675 1635 699 Socrates
1654 680 1694 700 est

1368 722 1401 726 —
1440 709 1552 739 Quidam
1572 717 1624 734 non
1644 710 1724 735 homo
1744 714 1783 736 est

1368 757 1401 761 —
1438 744 1496 768 Non
1515 744 1596 769 homo
1615 750 1655 770 est

1365 793 1397 797 -—
1436 779 1531 804 Omnis
1551 788 1603 805 non
1622 781 1704 806 homo
1722 785 1762 806 est

1931 691 1949 696 -
1968 677 2027 702 Non
2045 678 2165 703 Socrates
2183 686 2237 703 non
2256 682 2297 704 est

1931 725 1950 729 —
1969 712 2082 743 Quidam
2101 721 2154 738 non
2173 713 2253 738 homo
2268 721 2321 739 non
2335 717 2376 738 est

1933 761 1951 765 -
1969 748 2028 772 Non
2046 748 2127 773 horno
2146 756 2199 773 non
2219 753 2260 773 est

1933 797 1951 801 -
1970 783 2065 808 Omnis
2085 791 2138 808 non
2155 783 2237 808 homo
2255 791 2310 809 non
2327 788 2369 809 est

1252 853 1439 886 Secundus
1467 854 1561 886 Ordo

315 929 433 952 Socrates
452 932 492 952 est
510 927 594 952 iustus

316 963 427 993 Quidam
445 962 526 987 homo
544 967 584 987 est
598 963 682 988 iustus

315 999 402 1022 Homo
421 1003 461 1023 est
479 998 563 1023 iustus

315 1033 408 1059 Omnis
428 1033 507 1058 homo
526 1038 566 1058 est
584 1034 669 1059 iustus

828 929 946 954 Socrates
966 936 1019 953 non
1045 934 1086 954 est
1103 929 1188 954 iustus

830 964 942 994 Quidam
956 963 1037 989 homo
1052 972 1104 989 non
1119 969 1160 990 est
1173 965 1257 990 iustus

833 1000 921 1024 Homo
941 1007 993 1024 non
1012 1005 1052 1024 est
1070 1000 1154 1025 iustus

1271 1111 1412 1144 Tertius

834 1187 892 1212 Non
911 1188 1031 1213 Socrates
1046 1196 1099 1213 non
1114 1194 1154 1213 est
1172 1188 1257 1213 iustus

833 1223 944 1253 Quidam
956 1231 1009 1248 non
1019 1224 1099 1248 homo
1110 1232 1163 1249 non
1173 1229 1213 1248 est
1228 1224 1313 1249 iustus

831 1258 889 1283 Non
909 1258 989 1283 homo
1008 1267 1060 1283 non
1080 1264 1120 1284 est
1138 1260 1223 1284 iustus

833 1293 927 1318 Omnis
942 1302 994 1318 non
1009 1294 1090 1319 homo
1104 1303 1157 1319 non
1172 1299 1212 1319 est
1225 1295 1310 1319 iustus

313 1186 371 1210 Non
390 1186 508 1211 Socrates
528 1191 568 1211 est
587 1186 671 1211 iustus
780 1201 797 1205 -

313 1221 424 1252 Quidam
444 1230 497 1246 non
515 1221 596 1246 homo
615 1227 655 1247 est
673 1222 758 1247 iustus
776 1236 795 1241 —

312 1257 370 1281 Non
389 1256 470 1281 homo
489 1262 529 1282 est
547 1257 632 1282 iustus
775 1272 794 1276 —

313 1292 407 1317 Omnis
426 1300 479 1317 non
498 1292 579 1317 homo
598 1298 638 1318 est
656 1293 740 1318 iustus
776 1307 796 1311 —-

314 1380 418 1420 Quod
442 1390 551 1414 autem
575 1381 685 1425 plures
709 1381 759 1414 his
783 1393 852 1414 non
877 1383 952 1422 sint,
969 1394 1008 1415 ex
1029 1394 1069 1415 eo
1086 1390 1175 1426 patet
1198 1382 1288 1426 quod
1311 1393 1380 1415 non

313 1430 474 1473 contingit
497 1429 645 1474 pluribus
669 1430 777 1463 modis
801 1431 916 1463 variari
945 1430 1129 1463 subiectum
1161 1439 1192 1464 et
1216 1430 1380 1474 praedica-

312 1487 383 1511 tum
406 1490 507 1522 penes
531 1478 660 1511 finitum
685 1488 717 1512 et
740 1478 915 1519 infinitum,
932 1490 992 1512 nec
1017 1479 1164 1523 pluribus
1194 1479 1302 1513 modis
1325 1491 1379 1512 va-

312 1528 435 1560 riantur
458 1527 588 1560 finitum
605 1536 636 1560 et
652 1527 817 1560 infinitum
835 1527 1030 1560 subiectum.
1047 1527 1148 1561 Nulla
1172 1529 1260 1561 enim
1277 1539 1379 1561 enun—

312 1577 407 1609 ciatio
432 1575 471 1609 de
496 1575 641 1609 secundo
666 1575 832 1608 adiacente
857 1584 966 1620 potest
989 1577 1104 1609 variari
1129 1588 1230 1620 penes
1254 1576 1379 1620 praedi-

312 1633 420 1657 catum
443 1623 572 1656 finitum
589 1623 641 1656 vel
658 1623 834 1663 infinitum,
852 1623 909 1657 sed
932 1633 1060 1657 tantum
1077 1636 1178 1668 penes
1195 1624 1378 1658 subiectum

311 1673 400 1717 quod
424 1672 623 1716 sufficienter
638 1672 759 1705 factum
776 1681 921 1716 apparet.
939 1673 1196 1706 Enunciationes
1213 1682 1322 1706 autem
1339 1673 1379 1707 de

311 1722 406 1753 tertio
431 1720 597 1754 adiacente
621 1720 878 1764 quadrupliciter
909 1722 1024 1754 variari
1049 1730 1199 1766 possunt,
1224 1722 1300 1766 quia
1324 1730 1380 1755 aut

311 1778 386 1802 sunt
410 1769 547 1802 subiecti
570 1778 602 1802 et
626 1769 801 1813 praedicati
825 1769 928 1810 finiti,
954 1779 1010 1803 aut
1041 1772 1211 1815 utriusque
1243 1770 1378 1810 infiniti,

310 1827 365 1851 aut
388 1818 524 1851 subiecti
548 1818 630 1851 finiti
655 1828 687 1851 et
710 1818 885 1862 praedicati
915 1819 1043 1860 infiniti,
1068 1829 1124 1852 aut
1147 1819 1284 1853 subiecti
1308 1818 1379 1852 infi-

310 1868 369 1900 niti
393 1876 425 1900 et
448 1867 624 1911 praedicati
651 1866 744 1900 finiti.
775 1867 931 1908 Quarum
959 1867 1084 1901 nullam
1116 1868 1378 1912 praetermissam

310 1928 380 1949 esse
404 1917 554 1959 superior
578 1915 674 1949 docet
696 1915 812 1959 figura.

381 1976 392 1997 1
403 1976 429 1998 1.
447 1964 575 1998 Deinde
592 1976 668 1997 cum
685 1964 779 1998 dicit:
797 1965 869 1999 Hae
885 1972 985 1999 autem
997 1972 1083 2000 extra
1095 1965 1165 1999 illas
1178 1974 1252 2006 etc.,
1269 1974 1379 1999 osten·

310 2013 356 2047 dit
379 2013 605 2047 habitudinem
629 2013 745 2046 harum
770 2025 851 2057 quas
876 2015 909 2047 in
933 2015 1028 2047 tertio
1054 2013 1167 2047 ordine
1195 2014 1380 2046 numeravi-

310 2074 384 2095 mus
409 2062 448 2095 ad
472 2062 553 2102 illas,
571 2073 656 2106 quae
679 2063 712 2094 in
737 2063 883 2096 secundo
908 2064 987 2096 sitae
1004 2071 1081 2096 sunt
1104 2063 1230 2103 ordine,
1247 2071 1280 2095 et
1303 2062 1381 2095 dicit

310 2111 400 2155 quod
424 2112 503 2144 istae
527 2119 604 2143 sunt
628 2119 716 2143 extra
740 2110 821 2150 illas,
839 2112 915 2156 quia
940 2123 1008 2145 non
1032 2121 1216 2156 sequuntur
1240 2111 1280 2144 ad
1297 2111 1379 2151 illas,

309 2171 369 2192 nec
386 2172 404 2192 e
424 2171 596 2192 converso.
621 2159 661 2192 Et
677 2161 839 2193 rationem
856 2161 1025 2204 assignans
1050 2159 1177 2194 subdit:
1206 2160 1247 2193 Ut
1262 2161 1380 2194 nomine

310 2215 419 2242 utentes
443 2220 473 2242 eo
496 2208 575 2252 quod
598 2214 639 2241 est
661 2220 722 2242 non
745 2209 849 2250 homo,
874 2209 958 2242 idest
981 2209 1056 2245 ideo
1081 2210 1160 2242 istae
1191 2218 1269 2242 sunt
1291 2217 1380 2242 extra

310 2257 398 2297 illas,
423 2258 499 2302 quia
523 2258 602 2290 istae
633 2266 772 2291 utuntur
795 2259 930 2291 nornine
955 2258 1085 2291 infinito
1109 2258 1184 2291 loco
1215 2258 1379 2297 nominis,

311 2306 390 2340 dum
415 2318 530 2339 omnes
547 2306 667 2339 habent
690 2306 874 2340 subiectum
898 2306 1073 2340 infinitum.
1090 2307 1253 2340 Notanter
1269 2315 1380 2339 autem

311 2355 390 2389 dixit
418 2355 666 2388 enunciationes
689 2355 826 2388 subiecti
851 2355 970 2389 infiniti
997 2357 1044 2388 uti
1069 2364 1106 2388 ut
1131 2355 1286 2395 nomine,
1311 2354 1381 2387 infi-

311 2405 382 2437 nito
406 2404 553 2443 nomine,
578 2405 654 2447 quia
671 2415 746 2437 cum
764 2403 879 2437 subiici
902 2406 935 2438 in
952 2405 1182 2438 enunciatione
1206 2404 1380 2448 proprium

312 2454 354 2486 sit
374 2453 529 2492 nominis,
547 2452 723 2496 praedicari
740 2462 850 2486 autem
868 2465 1046 2487 commune
1069 2454 1198 2486 nomini
1219 2461 1251 2486 et
1266 2452 1380 2492 verbo,

313 2513 411 2535 omne
436 2500 619 2534 subiectum
640 2502 880 2535 enunciationis
903 2511 939 2534 ut
959 2514 1082 2535 nomen
1103 2501 1283 2535 subiicitur.

383 2559 432 2583 12.
450 2549 578 2583 Deinde
603 2561 678 2582 cum
710 2549 804 2583 dicit:
829 2550 867 2583 In
891 2550 936 2583 his
957 2562 1027 2584 vero
1049 2551 1082 2584 in
1103 2550 1212 2594 quibus
1235 2556 1277 2583 est
1299 2558 1380 2589 etc.,

313 2599 506 2633 determinat
530 2597 570 2631 de
593 2598 880 2631 enunciationibus
896 2599 930 2631 in
955 2599 1073 2643 quibus
1090 2607 1260 2643 ponuntur
1282 2597 1381 2630 verba

313 2647 480 2681 adiectiva.
499 2647 540 2680 Et
555 2647 640 2680 circa
656 2646 720 2680 hoc
736 2647 796 2680 tria
812 2646 904 2680 facit:
922 2649 1043 2692 primo,
1060 2647 1232 2690 distinguit
1248 2656 1318 2686 eas;
1335 2658 1382 2679 se-

313 2697 434 2737 cundo,
451 2696 628 2740 respondet
644 2695 774 2729 cuidam
791 2697 906 2730 tacitae
919 2697 1122 2740 quaestioni;
1140 2695 1200 2729 ibi:
1218 2695 1291 2728 Non
1302 2696 1382 2728 enim

313 2746 468 2780 dicendum
484 2744 551 2778 est*
564 2753 638 2784 etc.;
653 2745 761 2785 tertio,
776 2745 944 2778 concludit
956 2756 1069 2778 earum
1083 2744 1305 2783 conditiones;
1322 2743 1382 2776 ibi:

313 2796 392 2839 Ergo
401 2802 427 2828 et
434 2801 549 2829 caetera
561 2794 661 2827 eadem
668 2793 684 2810 *¹
693 2802 754 2826 etc.
764 2793 816 2828 Ad
829 2794 1026 2827 evidentiam
1038 2794 1135 2837 primi
1147 2791 1383 2826 resumendum

313 2853 372 2883 est,
390 2843 480 2888 quod
496 2843 580 2876 inter
596 2843 844 2876 enunciationes
866 2843 899 2875 in
924 2842 1042 2887 quibus
1060 2843 1194 2886 ponitur
1209 2847 1250 2874 est
1268 2852 1383 2874 secun-

314 2893 392 2926 dum
416 2891 577 2932 adiacens,
594 2900 626 2924 et
650 2903 703 2924 eas
721 2891 754 2923 in
779 2891 898 2935 quibus
922 2891 1056 2935 ponitur
1079 2897 1120 2924 est
1142 2891 1274 2923 tertium
1299 2888 1383 2922 adia-

314 2952 389 2974 cens
413 2939 485 2973 talis
510 2948 559 2972 est
582 2939 764 2972 differentia
788 2939 877 2983 quod
902 2940 935 2972 in
960 2939 1038 2980 illis,
1063 2951 1146 2983 quae
1170 2947 1247 2971 sunt
1270 2937 1310 2971 de
1333 2949 1383 2970 se-

315 2989 423 3022 cundo
448 2988 626 3028 adiacente,
643 2987 834 3032 simpliciter
849 2987 934 3021 fiunt
950 2988 1190 3032 oppositiones,
1207 2987 1330 3020 scilicet
1345 2997 1385 3019 ex

315 3047 404 3082 parte
417 3037 553 3070 subiecti
566 3046 694 3070 tantum
706 3038 819 3070 variati
833 3049 891 3081 per
902 3037 1031 3070 finitum
1045 3045 1078 3070 et
1090 3036 1271 3076 infinitum;
1287 3037 1321 3068 in
1334 3034 1384 3068 his

315 3098 405 3126 vero,
422 3098 505 3130 quae
522 3085 642 3119 habent
658 3093 699 3119 est
713 3086 846 3119 tertium
867 3085 1018 3119 adiacens
1034 3085 1208 3129 dupliciter
1226 3084 1311 3117 fiunt
1326 3096 1384 3128 op—

316 3136 507 3179 positione5‚
523 3134 645 3168 scilicet
669 3144 701 3168 et
725 3147 764 3167 ex
788 3144 877 3178 parte
902 3133 1077 3178 praedicati
1101 3143 1133 3167 et
1154 3146 1194 3167 ex
1218 3142 1308 3178 parte
1332 3145 1385 3166 su-

316 3184 422 3224 biecti,
440 3185 516 3228 quia
538 3192 716 3228 utrumque
739 3184 856 3216 variari
881 3192 991 3227 potest
1022 3194 1080 3227 per
1103 3182 1233 3215 finitum
1258 3191 1290 3215 et
1313 3181 1385 3215 infi-

317 3234 433 3266 nitum.
458 3232 555 3266 Unde
579 3243 685 3265 unum
716 3232 866 3265 ordinem
890 3241 1019 3265 tantum
1051 3232 1322 3265 enunciationum
1346 3230 1385 3264 de

318 3281 462 3314 secundo
479 3280 646 3314 adiacente
666 3280 814 3321 fecimus,
832 3281 1006 3314 habentem
1025 3290 1168 3326 quatuor
1184 3281 1386 3314 enunciatio-

317 3340 375 3362 nes
392 3328 609 3362 diversimode
631 3328 854 3373 quantificatas
872 3338 904 3362 et
925 3329 1005 3363 duas
1022 3330 1261 3373 oppositioneS.
1275 3329 1387 3362 Enun-

319 3379 474 3411 ciationes
491 3387 600 3411 autem
614 3377 654 3411 de
666 3379 763 3411 tertio
780 3377 948 3411 adiacente
965 3379 1114 3422 oportuit
1131 3379 1241 3422 partiri
1254 3378 1288 3410 in
1301 3377 1386 3411 duos

320 3426 468 3465 ordines,
497 3427 572 3470 quia
595 3435 672 3459 sunt
695 3427 728 3459 in
753 3428 799 3460 eis
829 3436 970 3471 quatuor
996 3428 1223 3472 oppositiones
1254 3435 1286 3460 et
1309 3435 1386 3460 octo

320 3474 577 3514 enunciationes,
594 3483 631 3507 ut
650 3486 748 3518 supra
764 3475 887 3508 dictum
904 3484 979 3508 est.-
994 3475 1279 3510 Considerandum
1304 3486 1386 3520 quo-

321 3532 384 3563 que
408 3530 456 3553 est
483 3521 573 3565 quod
604 3523 870 3564 enunciationes,
895 3524 928 3556 in
953 3523 1071 3567 quibus
1096 3532 1266 3568 ponuntur
1288 3522 1386 3556 verba

322 3568 488 3608 adiectiva‚
505 3569 613 3613 quoad
637 3570 855 3613 significatum
873 3571 1082 3615 aequivalent
1100 3570 1386 3604 enunciationibus

1364 945 1397 949 ——
1435 931 1553 956 Socrates
1572 936 1613 956 est
1631 939 1684 956 non
1703 931 1788 957 iustus

1364 981 1397 984 —
1435 966 1547 997 Quidam
1566 966 1647 991 homo
1666 972 1706 992 est
1719 975 1771 992 non
1789 967 1874 993 iustus

1365 1015 1397 1020 —-
1436 1002 1524 1026 Homo
1543 1007 1583 1027 est
1603 1010 1654 1027 non
1674 1003 1759 1028 iustus

833 1034 927 1060 Omnis
947 1035 1027 1060 homo
1046 1043 1099 1060 non
1118 1041 1158 1061 est
1177 1036 1260 1061 iustus
1368 1051 1400 1055 —

1365 1202 1399 1313 ili}

1931 947 1949 951 —
1968 932 2088 957 Socrates
2108 940 2160 957 non
2183 937 2224 958 est
2242 940 2296 957 non
2314 933 2400 958 iustus

1929 982 1948 986 -
1967 967 2080 998 Quidam
2090 967 2171 992 homo
2181 975 2234 992 non
2244 972 2284 992 est
2293 975 2346 992 non
2357 967 2442 993 iustus

1931 1017 1950 1021 -
1969 1004 2057 1028 Homo
2082 1011 2135 1028 non
2155 1008 2196 1028 est
2220 1011 2273 1028 non
2292 1003 2377 1028 iustus

1439 1037 1532 1062 Omnis
1552 1038 1632 1062 homo
1651 1043 1691 1063 est
1709 1046 1763 1063 non
1781 1038 1865 1064 iustus
1931 1053 1949 1057 -
1968 1038 2063 1063 Omnis
2077 1039 2159 1063 homo
2173 1046 2226 1063 non
2240 1043 2281 1063 est
2294 1046 2347 1063 non
2362 1039 2447 1064 iustus

1444 1112 1537 1144 Ordo

1437 1188 1495 1212 Non
1515 1189 1633 1213 Socrates
1652 1193 1692 1213 est
1711 1196 1763 1213 non
1783 1189 1867 1213 iustus
1926 1202 1945 1207 -
1964 1188 2022 1213 Non
2037 1189 2156 1213 Socrates
2171 1196 2223 1213 non
2238 1193 2279 1214 est
2293 1196 2346 1214 non
2356 1189 2442 1213 iustus

1437 1224 1549 1254 Quidam
1559 1231 1612 1248 non
1622 1224 1703 1248 homo
1717 1229 1758 1249 est
1767 1232 1820 1248 non
1830 1224 1915 1249 iustus
1928 1237 1948 1242 -
1967 1223 2079 1254 Quidam
2090 1232 2143 1248 non
2153 1223 2234 1248 homo
2245 1232 2298 1248 non
2307 1229 2349 1249 est
2358 1232 2410 1248 non
2420 1224 2506 1249 iustus

1436 1259 1494 1283 Non
1509 1259 1589 1284 homo
1599 1264 1639 1284 est
1653 1267 1706 1284 non
1716 1259 1800 1284 iustus
1927 1274 1946 1278 -
1965 1259 2023 1284 Non
2038 1259 2119 1284 homo
2134 1267 2186 1283 non
2206 1264 2247 1284 est
2265 1267 2316 1284 non
2336 1259 2421 1284 iustus

1437 1294 1531 1319 Omnis
1544 1302 1596 1319 non
1607 1294 1687 1319 homo
1702 1300 1742 1319 est
1756 1303 1809 1319 non
1825 1294 1909 1319 iustus
1927 1308 1946 1312 —
1966 1294 2060 1319 Omnis
2072 1302 2125 1319 non
2142 1294 2222 1319 homo
2234 1303 2287 1319 non
2298 1299 2339 1320 est
2350 1300 2407 1319 non·
2420 1294 2506 1319 iustus

1437 1382 1476 1415 de
1501 1383 1597 1415 tertio
1615 1382 1793 1423 adiacente,
1810 1382 1956 1416 resoluto
1980 1382 2081 1416 verbo
2099 1383 2259 1416 adiectivo
2284 1384 2317 1415 in
2334 1384 2506 1427 proprium

1436 1431 1644 1474 participium
1662 1439 1694 1463 et
1717 1437 1768 1471 est,
1787 1431 1877 1475 quod
1901 1443 2031 1476 semper
2054 1431 2123 1464 fieri
2148 1431 2234 1471 licet,
2255 1432 2332 1476 quia
2355 1432 2389 1464 in
2413 1431 2505 1464 omni
2553 1442 2557 1449 ⁵

1436 1478 1536 1512 verbo
1549 1478 1709 1512 adiectivo
1723 1479 1883 1513 clauditur
1894 1480 2031 1513 verbum
2045 1479 2296 1513 substantivum.
2307 1478 2404 1513 Unde
2418 1479 2506 1513 idem

1436 1527 1621 1571 significant
1636 1528 1707 1568 ista,
1725 1529 1821 1561 omnis
1837 1529 1921 1561 homo
1949 1530 2062 1569 currit,
2087 1528 2178 1573 quod
2203 1529 2281 1569 ista,
2309 1529 2405 1562 omnis
2421 1528 2506 1562 homo

1435 1582 1476 1609 est
1502 1588 1634 1610 currens.
1653 1577 1793 1621 Propter
1820 1577 1911 1621 quod
1941 1577 2100 1610 Boethius
2130 1586 2228 1610 vocat
2257 1578 2506 1610 enunciationes
2534 1586 2653 1609 enahin.

1437 1635 1512 1658 cum
1536 1624 1637 1658 verbo
1655 1624 1816 1658 adiectivo
1833 1625 1873 1659 de
1897 1625 2044 1659 secundo
2060 1625 2227 1659 adiacente
2249 1625 2432 1659 secundum
2447 1636 2506 1658 vo—

1436 1685 1519 1714 cem,
1536 1674 1576 1707 de
1600 1675 1696 1707 tertio
1722 1683 1831 1707 autem
1856 1674 2039 1708 secundum
2063 1683 2274 1718 potestatem,
2298 1675 2375 1719 quia
2398 1682 2509 1718 potest

1435 1722 1556 1756 resolvi
1580 1723 1614 1755 in
1630 1723 1762 1756 tertium
1780 1723 1941 1764 adiacens,
1959 1724 2011 1757 cui
2028 1723 2221 1768 aequivalet.
2240 1722 2366 1764 Quoad
2389 1733 2504 1769 nume-

1435 1782 1509 1804 rum
1522 1779 1632 1804 autem
1645 1772 1915 1804 enunciationum
1933 1780 1964 1805 et
1982 1773 2245 1816 oppositionum,
2259 1771 2506 1804 enunciationes
2525 1801 2530 1804 .

1435 1819 1525 1853 verbi
1542 1819 1692 1853 adiectivi
1709 1819 1888 1853 formaliter
1904 1829 2055 1864 sumptae
2072 1832 2140 1853 non
2165 1819 2371 1865 aequivalent
2387 1818 2450 1852 illis
2465 1817 2506 1852 de

1435 1869 1531 1901 tertio
1545 1867 1723 1909 adiacente,
1736 1868 1793 1902 sed
1806 1869 2013 1913 aequivalent
2028 1867 2326 1908 enunciationibus,
2340 1869 2374 1900 in
2387 1866 2507 1911 quibus

1435 1917 1571 1960 ponitur
1593 1923 1635 1949 est
1657 1916 1840 1950 secundum
1873 1916 2034 1950 adiacens.
2057 1917 2138 1951 Non
2162 1924 2302 1961 possunt
2324 1916 2414 1949 enim
2437 1914 2507 1948 fieri

1436 1966 1665 2010 oppositiones
1681 1965 1855 2009 dupliciter
1870 1966 1904 1998 in
1921 1965 2206 1999 enunciationibus
2226 1964 2405 2002 adiecfivis,
2421 1963 2506 1997 scili-

1436 2022 1487 2047 cet
1502 2025 1541 2046 ex
1557 2022 1647 2057 parte
1663 2013 1801 2047 subiecti
1817 2022 1850 2046 et
1865 2013 2052 2057 praedicati,
2068 2014 2153 2047 sicut
2167 2012 2288 2047 fiebant
2303 2013 2337 2045 in
2357 2011 2506 2045 substan-

1436 2063 1511 2096 tivis
1535 2061 1575 2095 de
1599 2063 1696 2095 tertio
1720 2061 1898 2101 adiacente,
1915 2062 1991 2106 quia
2013 2061 2163 2102 verbum,
2187 2060 2278 2106 quod
2302 2060 2507 2106 praedicatur

1437 2111 1469 2143 in
1494 2109 1673 2149 adiectivis,
1690 2109 1843 2143 infinitati
1859 2121 1928 2143 non
1945 2118 2063 2154 potest.
2082 2109 2147 2143 Sed
2167 2110 2397 2153 oppositiones
2420 2107 2507 2142 adie-

1437 2160 1596 2193 ctivarum
1619 2159 1704 2192 fiunt
1727 2158 1929 2203 simpliciter,
1952 2158 2075 2191 scilicet
2099 2170 2139 2191 ex
2162 2166 2252 2202 parte
2275 2157 2413 2191 subiecti
2436 2165 2507 2190 tan-

1436 2218 1507 2242 tum
1531 2209 1644 2241 variati
1668 2220 1727 2252 per
1742 2207 1907 2241 infinitum
1931 2216 1964 2240 et
1987 2207 2118 2240 finitum
2134 2206 2354 2241 diversimode
2377 2205 2507 2251 quantia

1435 2257 1532 2297 ficati,
1549 2258 1634 2290 sicut
1650 2256 1719 2290 fieri
1741 2255 1915 2290 didicimus
1939 2267 2038 2300 supra
2062 2257 2095 2289 in
2118 2255 2405 2289 enunciationibus
2431 2253 2508 2288 sub-

1437 2306 1585 2339 stantivis
1609 2305 1649 2339 de
1673 2304 1820 2339 secundo
1837 2305 2015 2346 adiacente,
2031 2304 2151 2338 eadem
2159 2304 2252 2339 ducti
2276 2305 2413 2344 ratione,
2429 2304 2508 2349 quia

1436 2363 1564 2399 praeter
1579 2354 1716 2388 verbum
1729 2353 1819 2387 nulla
1827 2363 1877 2388 est
1885 2354 2058 2388 affirmatio
2075 2353 2127 2388 vel
2139 2354 2272 2398 negatio
2279 2354 2400 2394 *‚sicut
2416 2362 2508 2397 prae-

1436 2413 1486 2437 ter
1508 2415 1631 2436 nomen
1660 2415 1731 2436 esse
1755 2411 1875 2447 potest.
1900 2404 1991 2444 Quia
2015 2412 2125 2436 autem
2149 2404 2182 2436 in
2206 2403 2369 2447 praesenti
2392 2410 2508 2435 tracta-

1437 2462 1471 2486 tu
1490 2464 1558 2486 non
1583 2452 1623 2485 de
1640 2452 1918 2497 significationibus,
1943 2451 2000 2486 sed
2024 2451 2064 2485 de
2087 2463 2212 2486 numero
2235 2451 2507 2485 enunciationum

1437 2511 1469 2534 et
1493 2501 1747 2545 oppositionum
1771 2512 1881 2534 sermo
1914 2500 2111 2540 intenditur,
2135 2499 2210 2533 ideo
2234 2499 2428 2533 Aristoteles
2451 2497 2508 2533 de·

1437 2548 1591 2583 terminat
1613 2550 1876 2584 diversificandas
1900 2561 1971 2584 esse
1995 2550 2244 2582 enunciationes
2267 2548 2442 2582 adiectivas
2456 2558 2507 2581 se-

1437 2598 1583 2632 cundum
1607 2598 1764 2638 modum,
1793 2611 1861 2643 quo
1885 2598 2056 2632 distinctae
2087 2606 2164 2631 sunt
2194 2597 2442 2630 enunciationes
2472 2596 2507 2628 in

1437 2646 1556 2691 quibus
1580 2647 1714 2690 ponitur
1729 2653 1771 2680 est
1793 2646 1974 2680 secundum
1998 2646 2159 2680 adiacens.
2176 2646 2218 2679 Et
2239 2646 2284 2678 ait
2299 2644 2390 2690 quod
2405 2645 2439 2677 in
2455 2643 2507 2678 his

1437 2694 1740 2734 enunciationibus,
1763 2697 1797 2728 in
1820 2695 1940 2739 quibus
1963 2706 2031 2728 non
2060 2695 2222 2738 contingit
2245 2693 2326 2738 poni
2349 2692 2414 2726 hoc
2435 2703 2507 2726 ver-

1438 2744 1516 2777 bum
1541 2750 1582 2777 est
1597 2743 1788 2783 formaliter,
1805 2743 1861 2777 sed
1879 2743 2012 2788 aliquod
2029 2743 2127 2783 aliud,
2140 2751 2187 2783 ut,
2199 2743 2306 2783 currit,
2322 2741 2386 2782 vel,
2398 2741 2507 2775 ambu-

1439 2793 1494 2832 lat,
1512 2792 1595 2825 idest
1611 2793 1644 2825 in
1668 2792 1955 2826 enunciationibus
1972 2792 2158 2831 adiectivis,
2175 2791 2262 2825 idem
2285 2790 2410 2824 faciunt
2424 2801 2507 2835 quo-

1439 2841 1479 2874 ad
1503 2852 1680 2874 numerum
1704 2842 1956 2886 oppositionum
1973 2850 2006 2875 et
2021 2841 2292 2874 enunciationum
2317 2841 2364 2873 sic
2380 2840 2507 2884 posin,

1439 2889 1562 2923 scilicet
1577 2901 1701 2923 nomen
1714 2899 1746 2923 et
1757 2890 1906 2929 verbum,
1920 2902 1956 2923 ac
1973 2891 1999 2923 si
2013 2897 2054 2924 est
2069 2889 2252 2923 secundum
2264 2888 2415 2923 adiacens
2431 2887 2508 2935 sub'-

1440 2940 1525 2972 iecto
1547 2939 1674 2971 nomini
1698 2938 1880 2972 adderetur.
1898 2938 2029 2972 Habent
2051 2939 2141 2972 enim
2165 2947 2197 2972 et
2213 2939 2293 2972 istae
2317 2937 2507 2978 adiectiva‚*

1439 2988 1524 3020 sicut
1536 2986 1620 3026 illae,
1629 2987 1662 3019 in
1679 2986 1798 3031 quibus
1814 2987 1950 3031 ponitur
1964 2993 2016 3027 est,
2026 2987 2107 3020 duas
2123 2987 2352 3031 oppositiones
2367 2992 2508 3026 tanum,

1440 3035 1573 3069 alteram
1592 3037 1676 3068 inter
1698 3034 1818 3076 finitas,
1831 3044 1877 3076 ut,
1892 3036 1988 3069 omnis
2008 3036 2093 3069 homo
2116 3036 2222 3075 currit,
2235 3036 2332 3069 omnis
2347 3035 2432 3069 homo
2446 3039 2509 3070 m

1440 3086 1550 3125 currit,
1573 3084 1706 3118 alteram
1724 3085 1807 3118 inter
1823 3084 1966 3118 infinitas
1992 3084 2102 3129 quoad
2121 3083 2318 3124 subiectum,
2341 3092 2389 3125 ut,
2411 3084 2509 3118 omnis

1440 3145 1502 3167 non
1526 3134 1610 3167 homo
1627 3134 1733 3174 currit,
1750 3133 1847 3166 omnis
1869 3144 1930 3166 non
1945 3133 2030 3167 homo
2053 3145 2114 3167 non
2129 3133 2235 3167 currit.
2506 3147 2507 3150 ¹

1511 3192 1563 3224 13.
1587 3180 1716 3216 Deinde
1733 3192 1809 3214 curn
1826 3180 1919 3214 dicit:
1943 3181 2017 3215 Non
2036 3182 2115 3215 em‘m
2133 3180 2290 3215 dicendum
2305 3187 2347 3214 est
2361 3187 2435 3220 etc„
2457 3189 2508 3214 re-

1441 3230 1583 3275 spondet
1599 3231 1713 3264 tacitae
1729 3229 1925 3274 quaestioni.
1948 3230 1990 3263 Et
2004 3230 2090 3263 circa
2106 3229 2170 3263 hoc
2187 3228 2263 3262 facit
2283 3228 2366 3262 duo:
2387 3229 2507 3273 primo,

1441 3280 1535 3322 ponit
1559 3279 1760 3312 solutionem
1785 3278 2005 3322 quaestionis;
2034 3277 2163 3318 deinde,
2187 3276 2304 3322 probat
2325 3285 2418 3317 eam;
2446 3274 2507 3310 ibi:

1441 3328 1641 3373 Manifestum
1656 3334 1697 3360 cst
1712 3326 1906 3360 autem*etc.
1920 3327 1978 3359 Est
1999 3337 2079 3370 ergo
2095 3327 2245 3371 quaestio
2257 3324 2344 3360 talis:
2365 3325 2436 3359 Cur
2449 3334 2507 3357 ne·
2533 3336 2545 3348 ·

1441 3378 1531 3420 gatio
1555 3376 1721 3410 infinitans
1742 3386 1925 3420 numquam
1948 3375 2056 3409 addita
2076 3383 2126 3408 est
2141 3386 2240 3420 supra
2260 3374 2357 3418 signo
2377 3371 2506 3405 univer-

1441 3425 1499 3459 sali
1517 3434 1573 3458 aut
1588 3424 1785 3469 particulari,
1801 3433 1839 3458 ut
1850 3433 1940 3468 puta,
1953 3435 2029 3457 curn
2045 3423 2206 3458 vellemus
2222 3421 2383 3456 infinitate
2398 3421 2506 3460 istam,

1440 3475 1537 3508 omnis
1559 3474 1644 3508 homo
1667 3474 1781 3514 currit,
1810 3484 1869 3507 cur
1891 3483 1959 3506 non
1982 3473 2029 3506 sic
2052 3471 2209 3506 infinitata
2232 3479 2303 3510 est,
2326 3481 2388 3504 non
2410 3469 2507 3503 omnis

1441 3523 1525 3557 homo
1551 3524 1664 3564 currit,
1689 3522 1746 3556 sed
1769 3523 1835 3563 sic,
1861 3523 1958 3556 omnis
1985 3533 2046 3555 non
2065 3522 2151 3555 homo
2165 3520 2282 3555 currit?
2303 3519 2391 3552 Huic
2414 3528 2506 3551 nam-

1441 3582 1506 3616 que
1526 3572 1711 3616 quaestioni
1733 3570 1921 3615 respondet,
1945 3569 2057 3603 dicens
2073 3568 2164 3614 quod
2182 3569 2260 3613 quia
2286 3577 2410 3601 nomen
2434 3565 2506 3600 infi-
2535 3584 2541 3589 ·

2535 2363 2545 2373 ·
2555 2361 2592 2384 Cf.
2605 2361 2680 2390 mul.
2693 2361 2749 2385 Ιοα.

2534 2394 2589 2416 vtu.
2602 2393 2662 2417 ις.

2554 3335 2671 3365 Numa.
