2788 4204
54 449 62 456 ·
73 446 114 468 Ed.
126 451 151 468 c:
165 451 249 467 causa.

54 545 62 552 ·
77 542 139 564 Lect.
154 542 262 570 praeced.

52 576 76 591 n.
87 569 101 591 8
116 574 173 596 seqq

53 1954 156 2003 ὲέἒὼῗ
161 1953 271 2002 “25'':511

57 2012 119 2030 vu.
125 2007 156 2029 Et
163 2006 196 2029 ita
263 2022 270 2028 .

1143 310 1254 346 CAP.
1285 309 1367 354 XII,
1398 309 1548 350 LECT.
1580 311 1631 347 IX

292 387 348 427 dit,
361 387 598 428 determinantes,
616 387 749 427 scilicet,
765 387 849 420 fiunt
865 388 927 432 ipsi
944 387 1035 420 modi
1053 388 1232 426 veritatem,
1243 397 1355 430 quem-

292 435 471 469 admodum
496 437 530 468 in
554 435 615 468 illis
633 447 704 469 esse
728 445 759 468 et
783 447 851 468 non
875 448 957 476 esse,
982 436 1082 469 eam*
1108 435 1309 468 determinat.

360 494 388 527 3.
407 484 448 517 Et
471 485 517 516 sic
540 493 629 528 patet
651 485 822 527 responsio
843 483 883 516 ad
907 493 1138 527 argumentum
1162 485 1195 515 in
1220 483 1355 526 opposi-

293 542 363 566 tum
387 533 496 576 primo
521 532 699 565 adductum
711 533 738 573 *,
759 531 959 566 concludens
989 532 1079 576 quod
1096 532 1227 575 negatio
1254 530 1355 564 verbo

292 580 488 625 apponenda
504 582 557 620 sit,
570 582 654 614 sicut
669 581 732 614 illis
749 580 788 614 de
803 582 904 614 inesse.
922 582 1052 614 Dicitur
1067 581 1156 614 enim
1172 579 1262 624 quod
1279 591 1356 612 cum

292 629 431 663 modalis
459 631 613 663 enunciet
643 629 781 663 modum
810 629 849 663 de
873 629 961 663 dicto
991 631 1075 662 sicut
1105 629 1291 662 enunciatio
1316 627 1355 660 de

292 679 400 718 inesse,
425 690 496 711 esse
519 678 572 711 vel
599 690 670 712 esse
693 678 757 711 tale
768 672 780 719 ,’
801 688 879 723 puta
904 690 974 711 esse
998 677 1109 711 album
1133 676 1172 710 de
1196 676 1355 717 subiecto,

292 726 446 760 eumdem
470 727 581 760 locum
605 736 694 760 tenet
717 727 837 761 modus
860 727 930 767 hic,
955 738 1053 771 quem
1078 726 1121 759 ibi
1148 725 1301 764 verbum;
1325 733 1357 757 et

293 784 531 819 consequenter
558 787 657 819 super
683 775 770 809 idem
800 774 1087 819 proportionaliter
1118 774 1202 807 cadit
1225 773 1355 816 negatio

293 823 346 856 hic
370 832 402 856 et
422 823 475 856 ibi.
493 823 617 857 Eadem
633 825 733 863 enim,
750 833 787 856 ut
803 823 926 857 dictum
939 832 997 864 est,
1015 823 1187 867 proportio
1201 831 1249 855 est
1265 820 1355 854 modi

294 872 334 906 ad
347 872 481 913 dictum,
499 884 581 917 quae
598 881 647 905 est
662 872 751 905 verbi
768 872 808 906 ad
828 872 1022 906 subiectum.
1041 892 1053 897 -
1069 873 1195 906 Rursus
1213 882 1288 903 cum
1305 881 1357 902 ve-

293 923 369 955 ritas
397 931 428 955 et
452 921 573 955 falsitas
597 921 847 955 affirmationem
879 930 911 955 et
934 922 1143 965 negationem
1167 927 1355 964 sequantur,

294 981 394 1015 penes
418 969 514 1005 idem,
529 969 724 1007 attendenda
752 979 801 1003 est
828 969 1000 1003 affirmatio
1023 968 1075 1002 vel
1098 968 1229 1011 negatio
1253 977 1356 1000 enun-

295 1019 454 1059 dationis,
478 1027 510 1051 et
532 1019 650 1052 veritas
672 1018 725 1052 vel
747 1017 868 1051 falsitas
892 1017 1050 1051 eiusdem.
1076 1017 1167 1050 Sicut
1190 1024 1299 1048 autem
1323 1015 1357 1046 in

295 1066 580 1106 enunciationibus
603 1066 643 1100 de
667 1068 758 1100 inesse
779 1067 897 1099 veritas
917 1065 970 1099 vel
993 1064 1114 1098 falsitas
1134 1075 1204 1097 esse
1220 1063 1272 1096 vel
1288 1073 1357 1095 non

295 1126 366 1148 esse
390 1116 612 1159 consequitur,
635 1115 679 1147 ita
696 1115 729 1147 in
753 1113 937 1148 modalibus
958 1113 1107 1146 modurn.
1133 1112 1194 1146 Illa»
1214 1122 1356 1155 namque

295 1162 434 1196 modalis
462 1172 511 1196 est
532 1174 609 1196 vera
637 1174 720 1207 quae
749 1163 794 1195 sic
825 1161 992 1195 modificat
1021 1161 1144 1195 dictum
1173 1161 1258 1193 sicut
1280 1159 1357 1192 dicti

300 1212 498 1255 compositio
519 1211 651 1255 patitur,
675 1211 759 1243 sicut
779 1209 832 1243 illa
849 1210 888 1243 de
911 1211 1003 1243 inesse
1026 1218 1075 1242 est
1097 1220 1183 1249 vera,
1205 1219 1288 1252 quae
1312 1208 1357 1240 sic

295 1259 456 1303 significat
479 1271 549 1293 esse
573 1260 659 1292 sicut
681 1267 739 1292 est.
765 1259 823 1292 Est
842 1269 922 1302 ergo
945 1259 1077 1302 negatio
1101 1256 1202 1290 modo
1227 1257 1279 1289 hic
1300 1268 1356 1299 ap-

295 1307 463 1353 ponenda,
487 1309 572 1341 sicut
594 1307 638 1341 ibi
668 1307 785 1348 verbo,
810 1318 885 1340 curn
913 1307 954 1340 sit
977 1306 1091 1340 eadem
1115 1306 1285 1349 utriusque
1308 1306 1357 1338 vis

295 1356 405 1403 quoad
427 1358 597 1392 veritatem
621 1365 653 1389 et
676 1355 847 1390 falsitatem
871 1355 1120 1389 enunciationis.

283 1398 503 1439 '“Kciiierte
528 1405 619 1450 quod
647 1405 781 1445 modos,
805 1405 1046 1449 appositiones,
1071 1403 1171 1442 idest,
1196 1401 1358 1446 praedica-

295 1456 401 1489 tiones
416 1455 558 1495 vocavit,
582 1455 667 1487 sicut
682 1465 752 1487 esse
768 1455 803 1486 in
819 1453 881 1486 illis
898 1453 937 1486 de
962 1454 1069 1492 inesse,
1095 1451 1277 1495 intelligens
1301 1461 1359 1494 per

295 1503 434 1538 modum
462 1512 571 1537 totum
594 1502 816 1547 praedicatum
841 1502 1079 1535 enunciationis
1096 1499 1251 1540 modalis,
1269 1508 1358 1544 puta,

294 1560 336 1587 est
353 1552 501 1598 possibile.
526 1553 565 1586 In
582 1553 675 1585 cuius
691 1552 823 1595 signum
847 1550 966 1584 modos
990 1551 1080 1594 ipsos
1095 1548 1265 1582 verbaliter
1281 1559 1358 1592 pro-

295 1601 370 1636 tulit
394 1601 523 1635 dicens:
551 1600 727 1644 Contingere
749 1611 818 1634 vero
835 1605 862 1632 et
871 1605 957 1644 posse
973 1598 1168 1643 appositiones
1183 1603 1262 1630 sunt.
1283 1596 1360 1630 Con-

296 1651 382 1695 tingit
397 1651 486 1684 enim
503 1658 535 1682 et
545 1655 651 1694 potest,
665 1658 773 1682 totum
789 1647 1011 1692 praedicatum
1024 1646 1163 1680 modalis
1180 1646 1358 1678 continent.

362 1710 393 1742 4.
418 1697 547 1732 Deinde
578 1709 655 1731 cum
679 1698 777 1731 dicit:
801 1698 876 1730 Eius
905 1708 974 1730 vero
996 1695 1076 1740 quod
1097 1701 1138 1728 est
1160 1693 1298 1739 possibile
1320 1699 1361 1727 est

295 1759 357 1782 non
372 1758 429 1781 esse
444 1755 504 1780 etc.
515 1771 524 1786 ,
541 1746 692 1790 explanat
708 1745 955 1779 determinatam
970 1745 1139 1777 veritatem
1157 1744 1190 1775 in
1207 1741 1360 1775 omnibus

296 1795 492 1836 modalibus,
513 1794 636 1828 scilicet
652 1794 692 1828 de
712 1793 870 1838 possibili,
887 1802 919 1826 et
934 1793 1130 1831 necessario,
1154 1800 1186 1824 et
1209 1790 1360 1834 impossi-

297 1844 364 1878 bili.
390 1845 596 1888 Contingens
620 1844 820 1876 convertitur
845 1853 921 1875 curn
938 1841 1096 1885 possibili.
1124 1841 1167 1874 Et
1193 1840 1269 1884 quia
1290 1839 1360 1883 qui-

297 1893 376 1928 libet
397 1892 518 1926 modus
541 1892 618 1926 facit
633 1891 713 1925 duas
738 1891 884 1924 modales
908 1890 1127 1929 affirmativas,
1151 1888 1284 1922 alteram
1306 1888 1360 1920 ha-

297 1942 429 1976 bentem
453 1940 577 1975 dictum
593 1939 790 1974 affirmatum
802 1938 829 1979 *,
846 1948 878 1972 et
893 1938 1027 1972 alteram
1045 1937 1220 1970 habentem
1236 1935 1360 1970 dictum

295 1999 472 2034 negatum;
495 1989 570 2023 ideo
592 1988 742 2032 explanat
765 1989 799 2021 in
823 1987 960 2032 singulis
977 1986 1084 2020 modis
1101 1997 1184 2030 quae
1201 1986 1360 2029 cuiusque

297 2039 523 2074 affirmationis
546 2038 678 2082 negatio
695 2038 747 2070 sit.
772 2037 814 2070 Et
829 2038 937 2081 primo
959 2037 992 2069 in
1009 2035 1071 2069 illis
1089 2035 1127 2068 de
1145 2033 1302 2079 possibili.
1321 2034 1360 2066 Et

297 2090 375 2135 quia
398 2090 522 2133 primae
546 2087 756 2121 affirmativae
772 2086 811 2120 de
828 2086 976 2131 possibili
999 2086 1103 2131 (quae
1127 2084 1250 2118 scilicet
1265 2083 1362 2116 habet

298 2138 424 2173 dictum
447 2135 668 2181 affirmatum)
691 2135 814 2169 scilicet
837 2134 991 2180 possibile
1015 2146 1097 2174 esse,
1121 2133 1253 2177 negatio
1284 2132 1361 2165 assi-

299 2195 396 2232 gnata
412 2186 484 2226 fuit,
500 2197 569 2219 non
585 2184 739 2229 possibile
756 2194 843 2225 esse;
867 2183 942 2217 ideo
963 2183 1004 2217 ad
1020 2182 1178 2227 reliquam
1195 2181 1360 2215 affirmati-

298 2247 375 2270 vam
399 2234 439 2278 de
463 2233 611 2279 possibili
634 2234 794 2266 transiens
818 2234 878 2266 ait:
903 2233 979 2266 Eius
1000 2243 1086 2272 vero,
1110 2241 1186 2276 quae
1210 2236 1251 2264 est
1268 2230 1361 2275 possi-

301 2284 358 2319 bile
379 2295 440 2318 non
463 2294 521 2316 esse
543 2282 620 2328 (ubi
644 2282 767 2315 dictum
791 2281 952 2326 negatur)
983 2281 1097 2323 negatio
1126 2286 1167 2313 est
1186 2291 1247 2313 non
1268 2278 1362 2324 possi·

301 2332 359 2366 bile
381 2344 442 2366 non
464 2342 531 2365 esse.
556 2331 598 2364 Et
620 2330 684 2363 hoc
709 2338 947 2374 consequenter
967 2328 1083 2374 probat
1102 2339 1160 2372 per
1185 2327 1249 2361 hoc
1273 2327 1362 2372 quod

302 2380 552 2415 contradictoria
575 2379 689 2418 huius,
714 2378 868 2423 possibile
891 2390 959 2412 non
983 2389 1065 2418 esse,
1090 2386 1144 2410 aut
1168 2385 1227 2417 est,
1255 2376 1362 2420 possi-

302 2429 365 2464 bile
389 2441 471 2469 esse,
488 2437 545 2462 aut
567 2428 639 2468 illa,
664 2439 763 2472 quam
787 2427 939 2467 diximus,
963 2426 1095 2466 scilicet,
1115 2437 1184 2459 non
1208 2424 1363 2470 possibile

301 2490 370 2512 non
394 2490 475 2512 esse.
501 2477 566 2511 Sed
589 2477 661 2518 illa,
685 2476 822 2517 scilicet,
846 2475 1000 2520 possibile
1024 2487 1106 2515 esse,
1130 2486 1198 2508 non
1222 2483 1271 2507 est
1293 2474 1363 2506 eius

301 2526 561 2561 contradictoria.
573 2526 653 2560 Non
670 2526 759 2559 enim
774 2534 851 2558 sunt
863 2524 924 2558 sibi
936 2525 1077 2558 invicem
1094 2522 1363 2563 contradicentes,

297 2575 435 2621 possibile
458 2587 527 2616 esse,
545 2582 582 2616 et,
594 2574 732 2620 possibile
754 2585 906 2615 non-esse,
931 2575 1007 2618 quia
1023 2582 1164 2618 possunt
1178 2572 1278 2606 simul
1293 2584 1364 2605 esse

301 2636 407 2658 verae.
426 2624 523 2657 Unde
539 2633 572 2657 et
590 2624 683 2668 sequi
700 2635 771 2656 sese
787 2624 928 2657 invicem
952 2622 1170 2667 putabuntur:
1195 2622 1364 2667 quoniam,

303 2681 341 2706 ut
363 2684 462 2716 supra
485 2671 610 2705 dictum
633 2671 705 2712 fuit,
730 2671 818 2705 idem
841 2681 890 2705 est
905 2692 917 2697 -
934 2671 1089 2716 possibile
1113 2683 1194 2710 esse,
1219 2679 1251 2703 et
1267 2691 1279 2696 -
1295 2682 1364 2703 non

301 2732 384 2762 esse,
398 2729 431 2754 et
446 2729 684 2765 consequenter
707 2721 791 2754 sicut
813 2720 864 2761 ad,
880 2732 978 2764 posse
995 2732 1076 2761 esse,
1092 2721 1250 2764 sequitur,
1266 2731 1363 2763 posse

302 2781 372 2803 non
395 2781 484 2810 esse,
508 2770 552 2802 ita
568 2781 585 2802 e
602 2778 714 2802 contra
730 2769 780 2809 ad,
797 2780 895 2813 posse
911 2780 979 2802 non
995 2780 1077 2808 esse,
1093 2769 1250 2813 sequitur,
1267 2780 1364 2812 posse

303 2829 385 2851 esse.
411 2817 475 2852 Sed
499 2817 748 2851 contradictoria
771 2817 877 2859 illius,
900 2817 1055 2862 possibile
1079 2829 1165 2855 esse,
1189 2829 1272 2861 quae
1296 2828 1364 2849 non

304 2875 413 2911 potest
435 2866 533 2900 simul
556 2878 626 2900 esse
646 2878 722 2900 vera
737 2875 798 2907 est,
814 2878 882 2900 non
905 2866 1060 2911 possibile
1076 2875 1162 2899 esse:
1180 2865 1240 2899 hae
1263 2867 1363 2906 enim,

305 2923 342 2948 ut
364 2916 487 2948 dictum
511 2924 577 2955 est,
601 2924 826 2960 opponuntur.
855 2916 1014 2950 Remanet
1048 2926 1127 2959 ergo
1153 2914 1242 2959 quod
1266 2914 1363 2947 huius

2403 325 2473 361 ¹09

1411 387 1558 429 negatio,
1582 388 1737 431 possibile
1761 400 1828 422 non
1853 401 1941 429 esse,
1965 390 2006 422 sit
2036 389 2107 429 illa,
2131 401 2199 423 non
2223 390 2376 434 possibile
2405 402 2473 423 non

1412 444 1499 467 esse:
1528 435 1588 468 hae
1612 448 1754 481 namque
1779 437 1877 470 simul
1900 449 2070 482 nunquam
2094 447 2171 471 sunt
2186 450 2280 471 verae
2296 438 2348 471 vel
2364 438 2472 471 falsae.

1411 484 1502 516 Dixit
1522 484 1612 528 quod
1630 486 1769 530 possibile
1792 497 1848 519 esse
1871 493 1897 520 et
1920 498 1979 520 non
2003 498 2060 520 esse
2082 488 2165 531 sequi
2186 498 2215 520 se
2237 488 2362 520 invicem
2380 493 2471 531 puta-

1412 532 1543 573 buntur,
1553 542 1586 566 et
1608 545 1676 567 non
1700 534 1779 567 dixit
1800 535 1889 579 quod
1905 547 1939 568 se
1957 536 2096 568 invicem
2114 545 2378 580 consequuntur:
2396 537 2472 580 quia

1410 581 1593 614 secundum
1609 583 1777 616 veritatem
1801 583 2025 617 universaliter
2055 596 2122 617 non
2146 593 2329 629 sequuntur
2351 596 2398 624 se,
2414 584 2471 617 sed

1410 630 1644 672 particulariter
1661 640 1798 671 tantum,
1817 641 1852 664 ut
1875 632 1956 665 infra
1980 632 2121 672 dicetur;
2145 642 2279 677 propter
2302 632 2392 677 quod
2413 645 2471 676 pu-

1410 677 1529 711 tabitur
1545 679 1635 722 quod
1651 680 1841 723 simpliciter
1856 693 1890 714 se
1908 682 2047 714 invicem
2068 691 2253 726 sequantur.
2271 681 2398 715 Deinde
2415 682 2471 715 de-

1412 727 1509 760 clarat
1533 727 1596 760 hoc
1616 728 1702 761 idem
1727 730 1760 761 in
1777 728 1838 761 illis
1856 729 1894 762 de
1911 731 2105 763 necessario.
2130 731 2172 763 Et
2187 731 2307 774 primo,
2331 731 2364 763 in
2387 730 2472 763 affir-

1411 777 1531 808 mativa
1546 775 1685 809 habente
1709 776 1834 810 dictum
1855 777 2069 818 affirmatum,
2094 779 2222 812 dicens:
2248 780 2389 813 Similiter
2411 781 2473 813 eius

1410 834 1486 867 quae
1513 831 1571 864 est,
1596 826 1791 858 necessarium
1819 837 1894 865 esse,
1926 828 2040 869 negatio
2064 838 2124 860 non
2152 834 2192 860 est
2215 839 2267 868 ea,
2299 839 2375 872 quae
2402 829 2473 862 dicit

1410 873 1606 905 necessarium
1629 884 1688 906 non
1711 884 1779 913 esse,
1805 873 1860 906 ubi
1884 874 2003 907 modus
2026 886 2094 908 non
2118 885 2264 919 negatur,
2280 876 2329 909 sed
2348 887 2382 910 ea
2396 888 2473 921 quae

1411 926 1462 960 est,
1480 932 1540 953 non
1563 921 1758 954 necessarium
1781 932 1847 954 esse.
1872 922 1999 955 Deinde
2023 923 2132 956 subdit
2151 923 2191 957 de
2219 924 2408 958 affirmativa
2432 925 2471 958 de

1411 969 1594 1002 necessario
1611 968 1748 1002 habente
1761 969 1884 1003 dictum
1901 979 2067 1013 negatum,
2084 980 2116 1004 et
2132 973 2191 1005 ait:
2209 974 2284 1006 Eius
2298 985 2379 1014 vero,
2395 985 2472 1018 quae

1412 1023 1463 1057 est,
1491 1018 1687 1050 necessarium
1715 1029 1775 1050 non
1798 1029 1872 1058 esse,
1902 1020 2016 1062 negatio
2044 1026 2084 1052 est
2111 1031 2163 1061 ea,
2194 1032 2270 1065 quae
2296 1022 2382 1062 dicit,
2411 1034 2471 1055 non

1411 1067 1607 1099 necessarium
1637 1077 1698 1099 non
1721 1077 1787 1099 esse.
1812 1067 1939 1100 Deinde
1963 1069 2076 1100 transit
2099 1068 2139 1102 ad
2159 1069 2228 1103 illas
2253 1070 2292 1103 de
2320 1072 2471 1114 impossi—

1412 1113 1479 1153 bili,
1503 1113 1657 1147 eumdem
1684 1114 1834 1148 ordinem
1858 1127 2005 1156 servans,
2029 1125 2061 1149 et
2084 1118 2206 1161 inquit:
2230 1119 2271 1151 Et
2293 1120 2372 1159 eius,
2395 1131 2473 1163 quae

1412 1162 1492 1202 dicit,
1517 1163 1694 1206 impossibile
1717 1174 1789 1203 esse,
1814 1165 1929 1207 negatio
1952 1177 2012 1198 non
2035 1172 2076 1198 est
2098 1177 2133 1198 ea
2147 1177 2223 1210 quae
2246 1168 2325 1207 dicit,
2342 1169 2472 1212 impossi-

1413 1210 1469 1243 bile
1492 1222 1553 1244 non
1575 1222 1643 1251 esse,
1660 1212 1720 1251 sed,
1742 1223 1801 1245 non
1817 1212 1993 1256 impossibile
2008 1225 2085 1247 esse:
2109 1214 2164 1247 ubi
2188 1215 2251 1247 iam
2275 1215 2393 1248 modus
2417 1227 2472 1249 ne—

1413 1268 1516 1302 gatur.
1541 1260 1678 1293 Alterius
1700 1272 1768 1294 vero
1789 1260 2016 1301 affirmativae,
2040 1273 2116 1306 quae
2139 1269 2189 1303 est,
2214 1264 2390 1308 impossibile
2412 1276 2472 1298 non

1413 1319 1481 1349 esse,
1506 1309 1636 1352 negatio
1661 1317 1709 1342 est
1732 1321 1768 1342 ea
1793 1321 1876 1353 quae
1897 1309 1984 1350 dicit,
2000 1322 2059 1343 non
2083 1311 2258 1355 impossibile
2274 1323 2333 1345 non
2349 1323 2414 1345 esse.
2432 1313 2474 1346 Et

1413 1359 1459 1390 sic
1483 1369 1612 1401 semper
1635 1356 1737 1390 modo
1761 1359 1891 1401 negatio
1916 1357 2062 1391 addenda
2086 1368 2144 1392 est.

1459 1417 1488 1448 5.
1513 1405 1641 1439 Deinde
1667 1417 1742 1438 cum
1767 1405 1861 1439 dicit:
1892 1407 2107 1441 Universaliter
2124 1419 2192 1441 vero
2210 1417 2283 1448 etc.,
2308 1408 2474 1442 concludit

1413 1454 1560 1497 regulam
1576 1453 1793 1487 universalem
1810 1454 1920 1488 dicens
1934 1455 2034 1500 quod,
2052 1455 2332 1500 quemadmodum
2349 1457 2472 1490 dictum

1413 1511 1472 1542 est,
1490 1502 1574 1535 dicta
1590 1503 1798 1546 importantia
1822 1515 1892 1536 esse
1916 1513 1948 1536 et
1971 1516 2039 1537 non
2063 1517 2133 1538 esse
2157 1514 2287 1549 oportet
2302 1517 2423 1549 ponere
2440 1507 2474 1539 in

1414 1551 1597 1584 modalibus
1614 1560 1651 1584 ut
1664 1551 1821 1591 subiecta,
1845 1553 2054 1595 negationem
2077 1565 2155 1587 vero
2176 1563 2208 1587 et
2223 1548 2474 1588 affirmationem

1414 1600 1489 1640 hoc,
1513 1599 1596 1633 idest
1615 1599 1880 1633 contradictionis
1904 1602 2161 1644 oppositionem,
2178 1601 2360 1642 facientem,
2377 1614 2473 1646 opor-

1415 1657 1460 1680 tet
1476 1660 1641 1692 apponere
1657 1648 1888 1681 tantummodo
1901 1648 1941 1681 ad
1954 1660 2051 1681 suum
2068 1649 2222 1683 eumdem
2238 1650 2388 1691 modum,
2404 1663 2472 1684 non

1415 1696 1455 1729 ad
1471 1697 1616 1730 diversos
1633 1696 1761 1729 modos
1787 1696 1893 1729 Debet
1916 1708 2057 1741 namque
2074 1697 2196 1731 illemet
2216 1699 2336 1732 modus
2351 1701 2473 1743 negari,

1415 1746 1471 1789 qui
1484 1746 1574 1789 prius
1591 1745 1819 1785 affirmabatur,
1832 1746 1858 1778 si
1876 1746 2088 1779 contradictio
2105 1758 2175 1780 esse
2188 1747 2293 1780 debet.
2311 1748 2352 1781 Et
2367 1760 2474 1782 exem-

1415 1793 1546 1837 plariter
1576 1793 1751 1838 explanans
1775 1794 1945 1838 quomodo
1970 1794 2033 1827 hoc
2056 1794 2122 1835 fiat,
2146 1795 2271 1829 subdit:
2302 1797 2343 1829 Et
2364 1803 2475 1841 oportet

1410 1849 1520 1887 putare
1543 1842 1596 1875 has
1626 1853 1683 1875 esse
1710 1843 1855 1887 oppositas
1885 1842 2038 1883 dictiones,
2071 1843 2153 1876 idest
2181 1843 2411 1877 affirmationes
2442 1853 2474 1877 et

1415 1892 1605 1935 negationes
1630 1891 1663 1923 in
1687 1891 1886 1931 modalibus,
1905 1891 2042 1936 possibile
2065 1898 2091 1924 et
2103 1903 2163 1925 non
2181 1891 2337 1936 possibile,
2362 1893 2473 1926 contin-

1412 1951 1483 1984 gens
1506 1946 1533 1973 et
1559 1951 1619 1973 non
1647 1941 1823 1984 contingens.
1856 1940 1939 1973 Item
1967 1951 2043 1972 cum
2071 1939 2150 1973 dixit
2177 1941 2386 1983 negationem
2409 1941 2473 1974 alio

1416 1997 1543 2021 tantum
1565 1987 1667 2021 modo
1692 1987 1731 2021 ad
1754 1988 1892 2021 modum
1920 1989 2042 2032 apponi
2070 1987 2207 2029 debere,
2238 2000 2307 2021 non
2340 1989 2475 2022 exclusit

1415 2037 1506 2071 modi
1530 2036 1702 2080 copulam,
1731 2036 1788 2070 sed
1812 2036 1945 2069 dictum.
1974 2037 2048 2069 Hoc
2072 2037 2159 2069 enim
2183 2046 2231 2070 est
2255 2037 2416 2081 singulare
2441 2039 2475 2071 in

1416 2085 1600 2120 modalibus
1618 2085 1707 2130 quod
1723 2085 1872 2119 eamdem
1889 2086 2133 2129 oppositionem
2149 2085 2235 2126 facit,
2252 2087 2383 2129 negatio
2399 2097 2472 2119 mo-

1416 2136 1459 2169 do
1476 2135 1594 2175 addita,
1619 2144 1651 2168 et
1674 2136 1743 2168 eius
1767 2134 1877 2168 verbo.
1904 2134 2163 2168 Contradictorie
2187 2136 2275 2168 enim
2295 2136 2475 2179 opponitur

1416 2185 1504 2225 huic,
1521 2183 1675 2229 possibile
1692 2193 1741 2217 est
1757 2195 1838 2223 esse,
1855 2195 1923 2216 non
1947 2183 2055 2216 solum
2076 2183 2140 2224 illa,
2164 2195 2232 2216 non
2256 2183 2410 2228 possibile
2427 2193 2475 2217 est

1416 2245 1505 2273 esse,
1532 2232 1589 2266 sed
1620 2233 1697 2272 ista,
1725 2231 1878 2275 possibile
1903 2243 1970 2264 non
1999 2241 2047 2265 est
2074 2243 2154 2264 esse.
2183 2233 2335 2264 Meminit
2365 2241 2475 2264 autem

1417 2282 1507 2315 modi
1531 2283 1652 2326 potius,
1669 2290 1702 2314 et
1723 2290 1856 2325 propter
1880 2280 1943 2313 hoc
1971 2280 2061 2324 quod
2084 2292 2171 2313 nunc
2195 2280 2346 2320 diximus,
2366 2289 2403 2313 ut
2418 2281 2476 2313 sci-

1416 2331 1491 2363 licet
1503 2331 1682 2363 insinuaret
1698 2329 1787 2374 quod
1803 2330 1933 2373 negatio
1946 2328 2046 2362 verbo
2063 2329 2153 2362 modi
2166 2330 2360 2373 postposita,
2373 2329 2474 2362 modo

1418 2388 1527 2412 autem
1555 2379 1757 2422 praeposita,
1782 2377 1869 2411 idem
1897 2377 1972 2410 facit
1999 2389 2035 2410 ac
2059 2379 2085 2410 si
2113 2377 2234 2411 modali
2257 2378 2356 2411 verbo
2384 2389 2474 2422 prae-

1418 2437 1604 2473 poneretur,
1629 2436 1660 2460 et
1683 2428 1770 2471 quia,
1798 2437 1873 2459 cum
1898 2426 1999 2459 modo
2022 2438 2204 2470 numquam
2228 2435 2313 2459 caret
2335 2426 2474 2459 modalis

1418 2477 1623 2515 enunciatio‚
1647 2486 1776 2519 semper
1803 2475 1934 2518 negatio
1963 2486 2060 2518 supra
2087 2474 2225 2508 modum
2249 2476 2328 2519 poni
2351 2483 2473 2519 potest.

1418 2527 1497 2560 Non
1520 2534 1629 2558 autem
1653 2525 1699 2557 sic
1723 2523 1762 2557 de
1786 2525 1856 2556 eius
1872 2523 1988 2556 verbo:
2011 2523 2112 2556 verbo
2136 2525 2224 2556 enim
2247 2524 2338 2557 modi
2369 2535 2475 2557 carere

1419 2574 1578 2617 contingit
1594 2572 1770 2612 modalem,
1794 2581 1831 2605 ut
1855 2584 1930 2605 curn
1947 2572 2074 2613 dicitur,
2093 2573 2222 2607 Socrates
2238 2574 2332 2607 currit
2346 2584 2475 2607 necessa-

1419 2624 1486 2662 rio;
1510 2631 1542 2655 et
1565 2622 1639 2655 ideo
1663 2633 1792 2665 semper
1807 2620 1907 2654 verbo
1928 2622 2059 2665 negatio
2083 2623 2184 2665 aptari
2206 2630 2323 2665 potest.
2341 2642 2354 2646 -
2373 2621 2477 2662 Quod

1419 2681 1529 2705 autem
1552 2672 1586 2704 in
1609 2670 1673 2703 fine
1698 2670 1830 2710 addidit,
1852 2681 1957 2704 verum
1973 2676 1999 2703 et
2013 2681 2074 2703 non
2088 2682 2203 2710 verum,
2222 2671 2373 2710 insinuat,
2387 2681 2476 2713 prae-

1418 2730 1467 2754 ter
1490 2729 1632 2764 quatuor
1654 2718 1836 2762 praedictos
1860 2718 1993 2758 modos,
2017 2718 2098 2751 alios
2122 2719 2276 2758 inveniri,
2301 2719 2356 2761 qui
2380 2718 2477 2750 etiam

1420 2769 1696 2812 compositionem
1719 2767 1957 2800 enunciationis
1977 2766 2201 2807 determinant,
2214 2775 2302 2810 puta,
2315 2777 2429 2799 verum
2446 2775 2478 2799 et

1419 2829 1488 2850 non
1511 2827 1644 2856 verum,
1673 2815 1791 2848 falsum
1822 2823 1854 2848 et
1888 2826 1955 2848 non
1986 2814 2117 2847 falsum:
2149 2826 2232 2858 quos
2255 2823 2364 2846 tamen
2395 2815 2478 2846 inter

1420 2866 1538 2899 modos
1562 2876 1659 2909 supra
1675 2876 1743 2897 non
1767 2865 1887 2908 posuit,
1915 2864 2001 2907 quia,
2026 2872 2062 2896 ut
2089 2862 2286 2896 declaratum
2311 2861 2382 2902 fuit,
2410 2873 2478 2895 non

1421 2915 1551 2959 proprie
1572 2913 1771 2947 modificant.
