2788 4204
45 795 55 803 ⁴
67 800 80 815 Β
89 801 93 815 ε
105 793 248 821 simpliciter.

53 902 59 908 ·
70 906 98 921 a:
114 904 159 920 non
175 903 259 925 cogno-

45 927 150 947 scantur.

46 954 54 962 ·
67 959 92 973 n:
114 957 159 979 per
182 956 260 978 quam-

45 979 107 999 dam.

46 1492 53 1498 ·
66 1488 140 1510 Codd.
152 1500 162 1504 -
176 1494 197 1510 r.
209 1495 215 1510 z
232 1489 256 1509 in

43 1515 155 1536 omnibun.

43 1700 153 1722 Boethius

51 2012 57 2019 ¹
72 2009 108 2031 Cf.
126 2009 177 2030 lect.
193 2014 257 2036 seq.‚

46 2042 69 2056 n.
80 2041 99 2063 3.

288 242 334 276 14

283 324 371 348 rum
399 310 622 359 passionum
659 310 891 358 primarum,
921 310 1012 353 hae,
1049 307 1187 344 scilicet
1213 318 1353 352 voces,

286 372 372 401 sunt
401 370 525 409 notae,
555 363 651 400 idest
679 363 804 410 signa,
840 368 1109 409 comparantur
1138 359 1240 395 enim
1268 371 1353 407 pas-

285 418 412 454 siones
441 417 590 453 animae
620 416 668 452 ad
687 428 816 461 voces,
837 414 932 450 sicut
950 413 1118 461 primum
1143 412 1192 448 ad
1220 424 1354 449 secun-

287 471 398 508 dum:
427 482 545 507 voces
574 470 676 505 enim
706 481 784 504 non
811 467 1075 515 proferuntur,
1110 464 1180 501 nisi
1209 465 1258 501 ad
1292 478 1354 502 ex—

285 523 530 573 primendum
559 522 754 558 interiores
783 520 933 556 animae
961 518 1201 567 passiones),
1232 525 1267 554 et
1295 530 1355 555 res

287 578 398 613 etiam
419 576 586 620 eaedem,
609 574 747 612 scilicet
767 580 853 609 sunt
873 572 976 620 apud
996 583 1150 618 omnes,
1172 583 1351 619 quorum,

286 630 383 666 idest
397 640 559 677 quarum
580 628 811 672 rerum,hae,
833 625 972 661 scilicet
985 624 1183 672 passiones
1203 624 1354 661 animae

287 690 374 719 sunt
399 680 666 718 similitudines.
698 679 771 716 Ubi
791 678 1066 714 attendendum
1087 684 1142 713 est
1166 677 1271 726 quod
1297 677 1352 714 lit-

286 743 383 772 teras
404 734 493 770 dixit
513 745 594 770 esse
614 740 736 779 notas,
756 731 853 768 idest
872 731 977 778 signa
1000 743 1164 777 vocum,
1181 738 1218 766 et
1236 743 1354 767 voces

284 787 506 836 passionum
522 786 672 822 animae
687 785 856 822 similiter
869 785 899 831 *3
918 783 1116 832 passiones
1132 791 1261 823 autem
1277 784 1354 820 ani-

285 853 372 877 mae
402 839 489 876 dicit
513 852 595 876 esse
620 838 877 875 similitudines
905 843 1076 874 rerum‘:
1097 844 1134 873 et
1158 838 1233 873 hoc
1252 836 1353 884 ideo,

285 894 373 942 quia
401 905 460 929 res
481 905 560 929 non
589 891 829 939 cognoscitur
848 892 868 910 ¹*
889 891 936 927 ab
957 890 1085 927 anima
1103 890 1174 926 nisi
1202 902 1271 938 per
1291 890 1354 926 ali-

286 959 401 995 quam
424 947 443 967 *
462 945 519 982 sui
548 945 833 982 similitudinem
854 944 1075 980 existentem
1094 944 1157 980 vel
1183 943 1221 980 in
1241 956 1355 980 sensu

283 1000 346 1036 vel
375 999 413 1035 in
442 999 643 1035 intellectu.
684 998 847 1035 Litterae
886 1005 1013 1034 autem
1048 997 1098 1033 ita
1126 1004 1213 1033 sunt
1250 996 1355 1044 signa

284 1065 446 1099 vocum,
477 1059 514 1088 et
540 1064 658 1089 voces
678 1051 918 1100 passionum,
940 1050 1045 1099 quod
1060 1063 1139 1087 non
1154 1050 1356 1087 attenditur

284 1105 335 1142 ibi
364 1105 489 1154 aliqua
517 1105 611 1142 ratio
632 1104 901 1150 similitudinis,
931 1103 999 1140 sed
1022 1104 1103 1140 sola
1132 1103 1225 1140 ratio
1254 1103 1355 1140 insti—

285 1158 458 1205 tutionis,
486 1158 581 1195 sicut
609 1166 645 1195 et
673 1158 711 1194 in
731 1157 857 1194 multis
877 1157 957 1193 aliis
977 1157 1108 1204 signis:
1129 1164 1171 1193 ut
1189 1157 1280 1193 tuba
1301 1165 1357 1193 est

285 1212 435 1259 signum
451 1212 550 1249 belli.
573 1213 614 1248 In
633 1211 875 1259 passionibus
891 1218 1019 1247 autem
1035 1210 1185 1246 animae
1206 1218 1356 1258 oportet

285 1265 425 1302 attendi
446 1265 633 1302 rationem
654 1263 905 1301 similitudinis
927 1264 975 1300 ad
996 1263 1262 1312 exprimendas
1282 1276 1354 1310 res,

285 1319 373 1367 quia
389 1318 605 1355 naturaliter
626 1330 688 1355 eas
710 1317 917 1365 designant,
939 1329 1017 1353 non
1038 1329 1083 1352 ex
1111 1316 1353 1354 institutione.

371 1384 428 1409 10.
451 1371 645 1408 Obiiciunt
674 1378 802 1407 autem
832 1370 988 1418 quidam
1012 1375 1036 1416 ⁰,
1058 1369 1261 1406 ostendere
1285 1382 1354 1406 vo-

284 1426 403 1462 lentes
438 1432 568 1461 contra
605 1425 679 1460 hoc
709 1424 814 1472 quod
844 1423 931 1459 dicit
957 1422 1156 1470 passiones
1184 1422 1353 1470 animae,

285 1490 379 1526 quas
408 1478 619 1526 significant
645 1489 784 1522 voces,
821 1488 904 1512 esse
938 1475 1118 1512 omnibus
1138 1475 1158 1496 *
1183 1475 1353 1512 easdem.

285 1531 415 1568 Primo
445 1531 622 1579 quidem,
650 1529 738 1578 quia
767 1528 907 1566 diversi
943 1528 1112 1565 diversas
1150 1528 1354 1565 sententias

284 1585 426 1621 habent
446 1584 493 1620 de
514 1584 639 1630 rebus,
661 1590 697 1619 et
716 1582 766 1619 ita
785 1595 863 1619 non
891 1581 1070 1619 videntur
1089 1594 1172 1618 esse
1192 1582 1353 1619 eaedem

283 1637 387 1685 apud
399 1649 534 1674 omnes
550 1636 701 1673 animae
710 1635 1013 1684 passiones.-Ad
1027 1635 1134 1684 quod
1149 1635 1356 1683 respondet

284 1690 466 1727 Boethius
495 1689 600 1738 quod
626 1689 847 1726 Aristoteles
871 1689 934 1726 hic
959 1688 1133 1725 nominat
1156 1688 1355 1737 passiones

284 1743 434 1780 animae
451 1742 720 1791 conceptiones
739 1743 961 1789 intellectus,
980 1742 1044 1790 qui
1060 1754 1274 1790 numquam
1291 1742 1354 1779 de-

285 1796 436 1845 cipitur3
458 1804 494 1833 et
513 1796 563 1833 ita
582 1803 733 1844 oportet
753 1796 833 1832 eius
854 1795 1123 1844 conceptiones
1148 1808 1232 1832 esse
1252 1795 1355 1844 apud

285 1862 420 1886 omnes
441 1850 614 1887 easdem:
636 1849 736 1898 quia,
758 1849 788 1886 si
808 1849 892 1898 quis
912 1862 934 1886 a
953 1861 1048 1885 vero
1070 1848 1273 1896 discordat,
1295 1849 1355 1885 hic

285 1915 363 1940 non
378 1903 679 1951 intelligit.-Sed
700 1903 788 1951 quia
809 1903 922 1940 etiam
951 1902 989 1938 in
1014 1902 1204 1939 intellectu
1231 1910 1357 1951 potest

285 1968 368 1993 esse
398 1957 555 2003 falsum,
586 1956 799 1993 secundum
829 1955 935 2005 quod
964 1955 1162 2004 componit
1195 1963 1232 1992 et
1261 1955 1355 1993 divi-

286 2009 338 2046 dit
351 2010 382 2056 *,
413 2022 491 2046 non
520 2018 649 2047 autem
669 2010 882 2046 secundum
912 2009 1017 2058 quod
1038 2009 1232 2056 cognoscit
1257 2009 1358 2057 quod

281 2169 372 2201 primo
392 2174 432 2194 est
451 2176 573 2201 germana
595 2167 669 2192 lectio
686 2166 844 2197 Aristotelis;
869 2167 915 2191 sed
935 2166 1114 2199 philosophice
1134 2167 1265 2199 loquendo
1283 2166 1360 2191 etiam

280 2205 434 2237 primorum
453 2204 485 2229 ab
505 2204 562 2237 ipso
581 2203 720 2228 Aristotele
739 2210 791 2227 non
810 2208 972 2227 recusaretur
991 2202 1016 2227 in
1033 2210 1111 2227 sensu
1130 2210 1145 2227 a
1164 2202 1298 2227 &Thomu
1318 2210 1361 2227 ex-

285 2240 379 2273 plicato
393 2245 447 2264 tum
462 2239 488 2264 in
503 2239 553 2264 hoc
567 2246 690 2269 numero,
711 2243 767 2263 tum
780 2237 805 2262 in
818 2236 868 2262 fine
883 2237 1028 2270 sequentis,
1043 2238 1087 2262 ubi
1102 2237 1276 2270 pulcherrime
1298 2237 1361 2262 illud

280 2276 433 2308 primorum
461 2275 539 2300 refert
564 2275 595 2299 ad
620 2274 717 2307 primas
748 2273 842 2298 mentis
874 2274 1055 2306 conceptiones
1079 2281 1144 2306 quas
1169 2281 1249 2298 voces
1277 2273 1362 2306 primo

286 2309 442 2343 significant,
463 2315 488 2335 et
506 2310 532 2334 in
551 2310 646 2342 quibus
665 2309 758 2334 veritas
781 2316 827 2342 per
846 2315 874 2333 se
894 2309 1026 2341 loquendo
1051 2316 1156 2342 semper
1174 2308 1314 2340 invenitur,
1333 2314 1362 2334 ut

287 2346 313 2371 in
333 2346 449 2378 sequenti
469 2351 528 2370 nota
547 2353 561 2370 ο
581 2344 755 2378 explicabitur.

340 2381 365 2413 ν)
380 2381 518 2406 Passiones
532 2384 621 2405 autem
641 2380 747 2405 animae
762 2379 827 2405 dicit
846 2386 901 2404 esse
919 2379 1107 2405 similitudines
1116 2387 1215 2405 rerum.
1230 2379 1307 2405 Notat
1320 2379 1362 2404 hic

287 2416 411 2448 Aegidius
422 2416 483 2449 (fol.
493 2424 527 2448 47
543 2423 627 2446 verso,
642 2416 691 2440 col.
703 2423 726 2446 2,
739 2416 779 2440 ed.
790 2413 844 2446 cit.)
855 2415 925 2447 quod
939 2420 1050 2448 quatuor
1063 2415 1168 2440 nomina
1183 2423 1250 2448 quae
1262 2415 1362 2448 passim

288 2456 430 2482 recurrunt,
445 2451 542 2476 scilicet
556 2451 656 2483 passio,
672 2451 827 2480 similitudo,
846 2450 999 2479 intellectus,
1014 2454 1163 2483 conceptus,
1179 2451 1246 2475 idem
1260 2451 1362 2484 penitus

288 2486 444 2520 significant;
459 2487 505 2511 sed
520 2495 535 2511 a
548 2486 656 2511 diversis
675 2486 873 2519 proprietatibus
893 2486 1068 2519 imponuntur.
1087 2486 1153 2511 Nam
1172 2486 1313 2511 similitudo
1326 2486 1362 2511 rei

289 2527 365 2556 prout
384 2521 539 2555 imprimitur
553 2529 605 2554 per
617 2521 761 2554 quamdam
782 2521 980 2554 impressionem
1000 2521 1025 2546 in
1045 2521 1143 2552 anima,
1165 2522 1256 2546 dicitur
1269 2522 1363 2554 passio

289 2559 406 2591 (sumpto
426 2557 474 2582 hoc
486 2557 615 2582 vocabulo
629 2556 655 2581 in
668 2564 747 2581 sensu
762 2557 887 2590 explicato
901 2564 915 2581 a
929 2564 951 2580 s.
964 2556 1067 2582 Thoma
1081 2557 1106 2581 in
1121 2562 1181 2582 nota
1194 2555 1207 2581 θ
1216 2556 1238 2589 );
1252 2562 1277 2582 et
1289 2557 1361 2582 simi-

289 2593 375 2618 litudo
401 2593 491 2617 dicitur
516 2600 563 2625 per
585 2591 804 2625 comparationem
831 2593 862 2617 ad
886 2599 954 2622 rem,
975 2592 1047 2616 cuius
1071 2597 1111 2616 est
1134 2592 1292 2624 similitudo;
1317 2593 1363 2617 sed

289 2634 366 2662 prout
379 2633 419 2653 est
433 2628 458 2652 in
472 2627 601 2652 intellectu
621 2627 711 2652 dicitur
725 2627 871 2653 intellectus
878 2634 887 2656 ‚·
905 2632 982 2660 prout
995 2635 1042 2660 per
1056 2634 1114 2652 eam
1127 2627 1159 2652 ab
1172 2627 1303 2652 intellectu
1322 2635 1363 2652 res

290 2663 496 2698 apprehenditur,
511 2663 602 2688 dicitur
620 2666 770 2695 conceptus.

344 2698 371 2733 ο)
391 2699 525 2724 obiiciunt
542 2701 631 2723 autem
647 2698 756 2731 quidam
772 2702 820 2723 etc.
835 2698 891 2723 Hos
907 2698 973 2722 inter
986 2697 1111 2722 Boethius
1126 2696 1207 2730 (Prol.
1223 2698 1248 2722 in
1264 2697 1306 2722 lib.
1323 2697 1364 2722 De

290 2735 458 2767 interpretat.
472 2734 520 2759 Ed.
534 2734 628 2768 Il,pag.
637 2733 703 2767 303)
717 2733 834 2758 nominat
848 2733 1012 2763 Herminum,
1027 2733 1163 2758 Alexandri
1178 2733 1364 2765 Aphrodisien-

290 2770 326 2795 sis
346 2770 508 2802 magistrum,
523 2774 549 2794 et
563 2769 714 2802 Aspasium.
731 2769 765 2794 Et
780 2769 858 2793 huius
877 2773 918 2793 est
932 2768 1050 2798 obiectio,
1067 2776 1135 2801 quae
1149 2768 1175 2792 in
1190 2768 1239 2793 hoc
1254 2775 1365 2793 numero

289 2810 408 2830 versatur
413 2812 420 2835 ;
435 2812 503 2838 quae
517 2812 580 2829 vero
595 2813 620 2829 n.
633 2805 752 2837 sequenti
767 2804 920 2837 expenditur
930 2808 970 2828 est
983 2803 1094 2828 obiectio
1104 2803 1230 2828 Homini.
1246 2804 1364 2836 Respon—

290 2841 391 2866 sionem
411 2845 497 2865 autem
517 2840 617 2865 Boethii
638 2839 724 2874 (quae
738 2839 772 2864 ib.
780 2838 888 2873 legitur)
909 2847 930 2863 s.
940 2838 1058 2864 Thomas
1069 2839 1186 2869 admittit,
1206 2847 1263 2864 eam
1277 2843 1364 2864 tamen

290 2877 445 2901 coarctando
465 2875 496 2900 ad
516 2875 648 2908 simplices
668 2875 747 2900 animi
767 2875 959 2907 conceptiones,
973 2874 999 2899 in
1014 2875 1110 2907 quibus
1125 2882 1177 2907 per
1194 2882 1222 2900 se
1235 2875 1365 2908 loquendo

289 2912 384 2936 veritas
404 2918 509 2943 semper
528 2911 665 2941 invenitur,
686 2910 752 2935 sicut
771 2910 811 2935 hic
831 2910 963 2943 probatur.
982 2910 1025 2934 Ait
1043 2910 1113 2935 enim
1132 2909 1257 2935 Boethius
1277 2915 1366 2935 contra

290 2947 447 2979 Aspasium:
462 2947 554 2979 Neque
561 2946 628 2979 fieri
637 2949 735 2978 potest,
747 2949 777 2971 ut
790 2946 836 2978 qui
850 2946 922 2978 quod
935 2945 1031 2970 bonum
1049 2949 1096 2974 est,
1112 2946 1211 2970 malum
1225 2953 1281 2971 esse
1295 2945 1365 2970 arbi-

291 2986 387 3011 tretur,
397 2982 598 3007 similitudinem
615 2981 676 3006 boni
689 2984 775 3006 mente
788 2981 970 3013 conceperit.—
980 2980 1054 3010 Quae
1067 2981 1146 3005 verba
1160 2981 1181 3005 si
1192 2981 1366 3013 intelligantur

291 3018 324 3042 de
338 3017 452 3049 simplici
462 3017 522 3042 boni
533 3017 742 3049 apprehensione
751 3024 812 3042 vera
827 3021 902 3041 sunt:
918 3024 971 3041 non
981 3016 1050 3040 enim
1064 3015 1118 3041 fieri
1133 3021 1219 3049 potest
1233 3021 1262 3041 ut
1271 3016 1365 3049 aliquis

291 3053 459 3086 percipiendo
474 3052 587 3083 bonum,
607 3052 670 3077 illud
685 3060 738 3077 non
752 3052 888 3085 percipiat;
908 3052 980 3084 quod
999 3052 1158 3084 contingeret
1171 3051 1193 3076 si
1207 3052 1366 3084 perceptioni

292 3087 403 3120 simplici
422 3088 520 3112 inesset
539 3087 643 3112 falsum.
658 3088 693 3112 At
706 3088 727 3112 si
743 3088 833 3112 eadem
852 3086 931 3112 verba
951 3087 1125 3119 intelligantur
1139 3088 1171 3112 de
1185 3087 1292 3117 iudicio,
1306 3095 1367 3112 vera

292 3130 352 3148 esse
365 3128 513 3155 nequeunt:
529 3123 627 3156 quippe
643 3124 723 3156 quod,
743 3123 921 3148 consentiente
934 3122 1051 3153 Boethio,
1066 3123 1165 3147 iudiciis
1185 3123 1282 3148 nostris
1301 3123 1366 3147 sicut

291 3166 383 3183 verum
403 3158 482 3189 inest,
503 3158 536 3182 ita
555 3159 714 3191 quandoque
738 3158 829 3183 subest
847 3158 955 3188 falsum;
975 3162 1000 3182 et
1019 3158 1078 3182 inde
1097 3163 1137 3183 est
1156 3159 1227 3191 quod
1245 3158 1366 3183 homines

291 3193 404 3218 iudicant
418 3194 578 3226 quandoque
593 3194 691 3218 malum
706 3194 806 3218 bonum
821 3198 846 3218 et
861 3194 959 3218 bonum
979 3194 1086 3218 malum.

345 3228 400 3254 Dixi
420 3229 491 3262 quod
511 3229 536 3254 in
556 3229 666 3262 simplici
690 3229 784 3254 mentis
808 3228 1024 3263 apprehensione,
1045 3236 1096 3262 qua
1115 3229 1277 3262 cognoscitur
1295 3229 1367 3262 quod

1048 229 1166 265 PERI
1198 226 1546 263 HERMENEIAS
1585 228 1679 263 LIB.
1711 228 1724 262 I

1411 306 1501 354 quid
1527 312 1590 352 est,
1611 306 1708 343 idest
1736 306 1939 344 essentiam
1970 307 2034 354 rei,
2055 314 2097 344 ut
2126 307 2261 344 dicitur
2288 308 2326 345 in
2356 310 2405 345 111
2425 310 2486 346 De

1411 360 1540 396 anima
1558 360 1595 406 *3
1622 359 1866 396 referendum
1896 368 1952 397 est
1975 361 2050 396 hoc
2079 361 2128 397 ad
2157 360 2347 409 simplices
2379 361 2484 398 intel-

1411 413 1530 449 lectus
1568 412 1837 461 conceptiones
1872 415 1990 462 (quas
2028 413 2239 462 significant
2274 427 2393 451 voces
2429 415 2484 451 in-

1413 466 1664 514 complexae),
1681 478 1781 514 quae
1802 473 1889 503 sunt
1909 466 2070 504 eaedem
2086 467 2190 515 apud
2206 479 2360 504 omnes:
2383 468 2483 517 quia,

1411 518 1442 555 si
1471 519 1555 567 quis
1574 531 1667 555 vere
1688 520 1707 538 ⁴*
1729 519 1897 567 intelligit
1925 519 2017 568 quid
2046 528 2102 557 est
2120 521 2258 568 homo,
2286 521 2484 570 quodcun-

1412 584 1487 620 que
1507 571 1610 608 aliud
1630 571 1789 620 aliquid,
1811 585 1929 621 quam
1942 573 1962 594 '¹‘
1980 573 2181 610 hominem
2202 575 2482 622 apprehendat,

1412 637 1491 661 non
1519 624 1687 672 intelligit
1705 625 1917 662 hominem.
1940 626 2173 663 Huiusmodi
2193 635 2321 665 autem
2342 628 2483 677 simpli-

1413 690 1475 714 ces
1505 677 1775 726 conceptiones
1794 678 2003 715 intellectus
2023 687 2121 726 sunt,
2143 692 2236 728 quas
2264 681 2390 729 primo
2415 694 2484 718 vo-

1413 743 1476 768 ces
1505 731 1727 778 significant.
1749 731 1861 768 Unde
1883 731 2017 768 dicitur
2036 732 2075 769 in
2096 733 2147 769 IV
2167 734 2485 782 Metaphysicae*

1413 784 1519 833 quod
1548 784 1660 830 ratio,
1690 796 1808 832 quam
1837 784 2022 831 significat
2042 797 2198 832 nomen,
2216 794 2272 823 est
2300 787 2482 825 definitio.

1413 838 1462 874 Et
1494 837 1582 874 ideo
1617 837 1810 885 signanter,
1836 837 1940 874 dicit:
1975 838 2146 879 Quorum
2169 839 2386 886 primorum
2414 842 2486 878 hae

1413 897 1524 930 notae
1549 896 1647 936 sunt,
1677 897 1718 927 ut
1746 890 1886 927 seilicet
1905 890 2088 928 referatur
2107 891 2157 928 ad
2184 891 2328 940 primas
2350 905 2484 930 conce—

1412 944 1562 993 ptiones
1582 956 1605 980 a
1623 943 1784 981 vocibus
1812 943 1938 991 primo
1968 944 2206 992 significatas.

1500 1010 1556 1034 11.
1580 996 1658 1034 Sed
1686 997 1812 1033 adhuc
1837 996 2019 1034 obiiciunt
2047 997 2161 1046 aliqui
2187 998 2235 1035 de
2263 998 2484 1036 nominibus

1414 1050 1646 1099 aequivocis,
1667 1050 1706 1086 in
1726 1049 1864 1098 quibus
1893 1050 2067 1087 eiusdem
2095 1050 2203 1088 vocis
2231 1063 2310 1088 non
2339 1059 2396 1089 est
2423 1065 2484 1089 ea-

1414 1104 1503 1141 dem
1523 1103 1663 1152 passio,
1685 1115 1784 1152 quae
1804 1103 2035 1150 significatur
2053 1105 2156 1153 apud
2185 1117 2333 1142 omnes,
2360 1106 2409 1142 Et
2428 1118 2484 1142 re-

1413 1157 1577 1206 spondet
1609 1156 1657 1193 ad
1691 1157 1766 1193 hoc
1799 1157 2033 1205 Porphyrius
2071 1158 2177 1206 quod
2208 1170 2307 1196 unus
2340 1159 2461 1195 homo
2474 1189 2483 1206 ,

1414 1211 1478 1259 qui
1506 1222 1646 1247 vocem
1680 1210 1843 1258 profert,
1874 1210 1923 1247 ad
1950 1223 2069 1247 unam
2102 1212 2312 1250 intellectus
2348 1224 2483 1249 conce-

1412 1264 1584 1313 ptionem
1613 1263 1902 1310 significandam
1935 1276 2021 1300 eam
2057 1265 2185 1312 refert;
2217 1273 2252 1302 et
2284 1266 2315 1303 si
2350 1265 2483 1314 aliquis

1413 1317 1545 1363 aliusfl,
1564 1316 1627 1353 cui
1647 1317 1824 1367 loquitur,
1845 1317 1987 1365 aliquid
2007 1317 2109 1355 aliud
2129 1319 2317 1367 intelligat,
2338 1319 2398 1356 ille
2419 1319 2483 1368 qui

1412 1370 1590 1419 loquitur,
1612 1382 1653 1406 se
1673 1370 1915 1418 exponendO,
1931 1371 2042 1408 faciet
2056 1372 2162 1420 quod
2182 1373 2318 1410 referet
2340 1372 2482 1410 intelle-

1413 1431 1517 1472 ctum
1543 1422 1593 1459 ad
1611 1423 1714 1460 idern
1729 1429 1755 1460 Ρ.
1768 1444 1792 1451 -
1810 1423 1888 1460 Sed
1909 1424 2045 1462 melius
2072 1425 2279 1463 dicendum
2297 1433 2355 1463 est
2377 1425 2484 1475 quod

1411 1475 1568 1513 intentio
1597 1476 1807 1513 Aristotelis
1828 1488 1909 1514 non
1936 1485 1994 1514 est
2013 1490 2185 1515 asserere
2205 1480 2225 1499 ⁴⁵
2249 1479 2483 1516 identitatem

1412 1527 1672 1577 conceptionis
1681 1529 1832 1566 animae
1847 1541 1917 1577 per
1927 1531 2255 1579 comparationem
2267 1532 2316 1569 ad
2330 1544 2483 1580 vocem,

1410 1590 1454 1619 ut
1481 1581 1620 1620 scilicet
1638 1582 1752 1618 unius
1770 1582 1878 1619 vocis
1906 1595 1983 1620 una
2003 1583 2048 1620 sit
2067 1584 2286 1633 conceptio:
2307 1585 2397 1633 quia
2414 1598 2484 1623 vo-

1413 1648 1475 1672 ces
1504 1643 1591 1673 sunt
1615 1635 1789 1672 diversae
1818 1635 1922 1684 apud
1942 1635 2136 1683 diversos;
2158 1637 2226 1674 sed
2249 1637 2409 1675 intendit
2427 1650 2485 1676 as-

1411 1701 1538 1726 serere
1557 1688 1792 1726 identitatem
1812 1689 2109 1738 conceptionum
2125 1690 2276 1727 animae
2295 1703 2364 1739 per
2379 1703 2485 1728 com-

1410 1743 1650 1791 parationem
1665 1742 1715 1780 ad
1729 1754 1802 1788 reS,
1812 1755 1910 1791 quas
1923 1743 2094 1780 similiter
2111 1743 2200 1780 dicit
2215 1756 2298 1781 esse
2314 1744 2483 1783 easdem.

1499 1808 1556 1833 12.
1578 1795 1723 1843 Tertio,
1739 1795 1790 1832 ibi
1801 1808 1809 1832 ε
1820 1797 1881 1833 De
1894 1797 1951 1833 his
1966 1797 2090 1845 itaque
2100 1797 2122 1818 '‘
2137 1804 2219 1843 etc„
2235 1805 2485 1836 excusatsea

1413 1849 1637 1897 diligentiori
1647 1850 1813 1886 harum*
1828 1849 2149 1887 consideratione:
2167 1850 2255 1899 quia
2266 1852 2398 1900 quales
2412 1851 2486 1888 sint

1412 1902 1563 1939 animae
1590 1902 1800 1951 passiones,
1829 1911 1865 1939 et
1883 1903 2084 1951 quomodo
2105 1903 2178 1940 sint
2201 1916 2330 1942 rerum
2356 1903 2483 1942 simili-

1411 1955 1574 2003 tudines,
1591 1955 1734 1992 dictum
1755 1963 1810 1993 est
1828 1956 1866 1993 in
1881 1956 1977 1993 libro
1997 1957 2057 1993 De
2069 1957 2199 1994 anima
2217 1957 2247 1994 *.
2268 1958 2361 1995 Non
2380 1958 2484 1995 enim

1412 2009 1487 2045 hoc
1501 2008 1662 2057 pertinet
1677 2009 1725 2046 ad
1741 2009 1907 2057 logicum
1923 2010 2138 2057 negocium,
2151 2010 2219 2048 sed
2234 2010 2283 2048 ad
2299 2011 2482 2049 naturale.

1416 2167 1481 2200 quid
1498 2171 1538 2193 est
1557 2175 1604 2192 seu
1622 2168 1735 2193 essentia
1753 2167 1789 2193 rei
1809 2175 1860 2193 non
1880 2173 1920 2193 est
1933 2176 1986 2201 per
2003 2176 2032 2194 se
2051 2170 2181 2202 loquendo
2197 2169 2303 2201 salsitas,
2318 2170 2364 2195 sed
2383 2177 2489 2204 semper

1413 2210 1464 2235 per
1481 2210 1509 2228 se
1524 2203 1630 2228 veritas:
1650 2211 1709 2228 nam
1719 2211 1772 2236 per
1785 2204 1908 2229 accidens
1922 2204 2045 2237 contingit
2059 2205 2083 2229 in
2093 2205 2202 2238 simplici
2213 2205 2420 2239 apprehensione
2429 2213 2489 2231 esce

1416 2238 1595 2272 deceptionem
1610 2246 1656 2264 seu
1667 2238 1812 2269 falsitatem,
1823 2247 1874 2264 non
1885 2240 1990 2273 quidem
2005 2240 2103 2265 ratione
2118 2239 2199 2274 ipsius
2210 2240 2334 2274 simplicis
2344 2240 2489 2274 apprehen-

1416 2274 1504 2306 sionis,
1520 2275 1566 2299 sed
1579 2274 1677 2299 ratione
1692 2274 1886 2308 compositionis
1906 2275 2106 2302 intervenientis.
2125 2276 2158 2301 Et
2175 2276 2226 2302 hoc
2240 2283 2271 2301 ex
2286 2276 2379 2310 duplici
2399 2276 2490 2310 capite.

1415 2309 1464 2334 Vel
1479 2310 1539 2343 quia
1558 2309 1669 2335 definitio
1688 2310 1764 2335 unius
1783 2310 1819 2335 rei
1838 2311 1909 2335 alteri
1929 2311 2055 2342 tribuitur,
2075 2311 2141 2336 sicut
2158 2311 2180 2336 si
2195 2311 2307 2337 essentia
2321 2312 2363 2337 vel
2377 2310 2491 2338 definitio

1416 2345 1502 2370 circuli
1521 2345 1702 2370 attribueretur
1719 2345 1858 2378 triangulm
1873 2347 1914 2371 vel
1929 2346 1989 2380 quia
2004 2352 2090 2380 partes
2109 2345 2262 2372 definitionis
2281 2354 2334 2372 non
2353 2347 2492 2373 cohaerent

1415 2381 1464 2406 sibi
1483 2381 1606 2412 invicem,
1630 2381 1696 2406 sicut
1714 2381 1735 2406 si
1755 2381 1780 2406 in
1800 2379 1947 2407 definitione
1970 2382 2087 2407 animalis
2110 2388 2250 2416 poneretur
2273 2382 2433 2412 insensibile,
2453 2382 2491 2408 di-

1416 2417 1498 2441 cendo
1517 2417 1596 2450 quod,
1615 2417 1717 2441 animal
1734 2420 1775 2442 est
1793 2417 1883 2442 vivens
1897 2417 2054 2443 insensibile.
2074 2418 2148 2448 Quae
2162 2417 2276 2443 definitio
2295 2423 2335 2443 est
2348 2418 2413 2443 falsa
2427 2418 2491 2444 sim-

1416 2451 1516 2485 pliciter
1538 2460 1590 2477 non
1613 2452 1711 2477 ratione
1734 2452 1966 2486 apprehensionis,
1992 2454 2038 2478 sed
2063 2453 2161 2478 ratione
2186 2453 2389 2487 compositionis.
2418 2453 2492 2485 Quae

1416 2487 1570 2521 compositio
1589 2488 1647 2513 ideo
1666 2487 1763 2519 accidit,
1783 2487 1843 2521 quia
1862 2488 1888 2513 in
1911 2487 2016 2514 definito
2039 2489 2151 2514 animali
2169 2487 2207 2523 (et
2224 2489 2292 2514 idem
2313 2489 2346 2514 de
2364 2489 2492 2514 similibus

1416 2522 1524 2557 dicatur)
1543 2529 1629 2556 partes
1648 2523 1780 2555 assignate
1799 2523 1859 2548 licet
1876 2531 1923 2548 seu
1943 2524 2134 2557 metaphysicas
2153 2532 2200 2549 seu
2215 2524 2345 2558 physicas.
2365 2524 2492 2556 Quocirca

1416 2558 1441 2583 in
1452 2559 1618 2592 perceptione
1627 2566 1714 2584 rerum
1725 2566 1835 2591 quarum
1846 2559 1871 2583 in
1885 2558 2031 2584 definitione
2042 2560 2111 2584 nulla
2122 2564 2161 2585 est
2171 2559 2333 2593 compositio,
2344 2567 2396 2584 non

1416 2594 1466 2618 sub
1485 2594 1535 2618 hoc
1547 2599 1667 2627 respectu
1679 2601 1739 2619 esse
1753 2594 1878 2627 deceptio,
1894 2595 1940 2619 sed
1955 2599 1998 2619 aut
2007 2602 2069 2620 vere
2079 2595 2255 2627 intelliguntur
2268 2600 2312 2620 aut
2326 2595 2398 2620 nullo
2412 2595 2491 2620 modo

1417 2627 1468 2662 (Cf.
1483 2637 1504 2654 s.
1515 2629 1566 2654 Th.
1585 2634 1687 2662 praeter
1706 2629 1754 2654 loc.
1769 2629 1810 2654 cit.
1827 2629 1853 2653 in
1872 2634 1934 2654 nota
1953 2637 2043 2662 marg„
2075 2630 2137 2663 p.1‚
2156 2637 2202 2663 qu.
2216 2637 2271 2660 xvr,
2291 2630 2361 2655 artic.
2376 2637 2410 2661 τις
2430 2630 2491 2654 item

1417 2671 1462 2697 qu.
1476 2671 1541 2695 xvn,
1564 2664 1635 2689 artic.
1654 2662 1708 2698 m).
1728 2664 1755 2688 ln
1774 2665 1893 2697 sequenti
1913 2664 2024 2690 lectione
2043 2672 2065 2690 s.
2079 2665 2197 2690 Thomas
2221 2665 2334 2690 declarat
2357 2664 2493 2698 quomodo

1415 2699 1510 2724 veritas
1529 2699 1563 2724 sit
1581 2700 1606 2724 in
1625 2699 1709 2732 prima
1728 2699 1822 2724 mentis
1841 2699 2000 2732 operatione.
2019 2700 2058 2724 De
2077 2705 2189 2733 quatuor
2207 2707 2271 2725 vero
2289 2699 2375 2725 modis
2395 2699 2489 2734 quibus

1416 2734 1512 2767 aliquid
1533 2734 1624 2759 dicitur
1637 2741 1697 2766 pars
1711 2734 1808 2759 videsis
1823 2734 1866 2759 lib.
1881 2734 1905 2758 V
1919 2734 2072 2769 Metaphys.
2088 2736 2146 2760 lect.
2159 2743 2208 2760 xxx.

1471 2769 1500 2802 π)
1518 2769 1554 2794 Et
1567 2770 1591 2795 si
1605 2769 1702 2802 aliquis
1715 2769 1785 2795 alius
1799 2774 1868 2794 etc.-
1878 2770 1943 2794 Cod.
1954 2770 1990 2795 D:
2005 2770 2052 2795 sed
2065 2771 2090 2796 si
2103 2770 2173 2796 alius
2189 2775 2259 2795 etc.—
2268 2771 2298 2795 B:
2313 2774 2340 2796 et
2349 2770 2373 2796 si
2385 2770 2492 2804 aliquis.

1415 2805 1525 2830 -ACE2
1540 2808 1567 2830 et
1585 2805 1608 2830 si
1626 2805 1696 2829 alius
1714 2809 1762 2829 etc.
1778 2805 1811 2829 Et
1824 2804 1888 2830 haec
1907 2805 1982 2830 lectio
1997 2806 2080 2838 magis
2095 2806 2188 2838 placet.

1471 2840 1496 2874 ρ)
1522 2840 1613 2866 Faciet
1631 2840 1703 2872 quod
1726 2840 1824 2873 referet
1846 2840 2007 2866 intellectum
2026 2841 2064 2866 ad
2088 2841 2166 2866 idem.
2185 2854 2204 2861 -
2221 2841 2304 2866 Codd.
2323 2841 2384 2866 AD:
2405 2841 2494 2876 saciet

1417 2876 1489 2909 quod
1504 2876 1622 2909 refertur
1637 2873 1692 2909 (A2
1711 2873 1796 2909 refer)
1813 2875 1974 2901 intellectum
1994 2876 2032 2901 ad
2050 2876 2129 2902 idem.
2140 2889 2160 2894 -
2171 2876 2251 2902 BCE:
2264 2876 2438 2911 saciet'quod
2451 2883 2493 2902 re-

1411 2912 1471 2946 sert
1491 2908 1563 2945 (Bcz
1583 2909 1716 2945 reseretP)
1737 2911 1898 2936 intellectum
1919 2911 1957 2936 ad
1975 2911 2054 2937 idem.
2072 2912 2216 2937 Adiicimus
2237 2919 2301 2944 ergo
2321 2919 2352 2937 ex
2370 2912 2493 2937 omnibus

1418 2947 1492 2972 codd.
1505 2946 1664 2972 vocabulum
1679 2946 1850 2975 inteuectum,
1866 2954 1921 2979 quo
1936 2946 2012 2972 lectio
2027 2947 2110 2980 magis
2125 2947 2263 2980 perspicua
2277 2946 2401 2973 efficitur:
2416 2947 2493 2972 dum—

1418 2982 1498 3007 modo
1517 2989 1564 3015 per
1578 2982 1738 3007 intellectum
1758 2989 1812 3006 non
1830 2982 1946 3014 potentin
1964 2981 2013 3007 seu
2031 2982 2139 3008 facultas
2160 2983 2314 3008 intellectiva
2332 2983 2492 3015 designem,

1418 3018 1464 3043 sed
1484 3024 1526 3043 res
1544 3018 1678 3043 intellecta
1696 3025 1744 3042 seu
1752 3017 1846 3042 -nudus
1860 3021 2002 3050 conceptus
2016 3018 2119 3048 mentis,
2139 3018 2184 3051 qui
2203 3023 2295 3043 natura
2311 3025 2360 3043 sua
2374 3018 2493 3053 ordinem

1419 3053 1478 3078 dicit
1488 3053 1519 3078 ad
1529 3053 1660 3078 obiectum
1675 3052 1869 3078 intellectum.-
1879 3053 1964 3077 Editio
1974 3053 2073 3078 Veneta
2089 3061 2106 3079 a
2119 3053 2198 3079 habet
2212 3054 2332 3079 eamdem
2346 3053 2493 3084 lectionem,

1419 3088 1467 3113 nisi
1487 3088 1570 3121 quod,
1591 3095 1623 3113 ex
1641 3095 1728 3113 errore
1753 3088 1844 3121 procul
1865 3088 1946 3113 dubio
1966 3089 2175 3122 typothetarum,
2198 3097 2250 3114 non
2265 3089 2427 3115 intellectam
2445 3088 2495 3114 sed

1419 3123 1544 3157 intelligit
1557 3123 1647 3148 refert:
1667 3130 1735 3156 quae
1753 3123 1819 3148 forte
1838 3123 1942 3148 occasio
1957 3123 2005 3149 fuit
2019 3132 2066 3149 cur
2080 3125 2146 3150 dune
2160 3124 2224 3150 aliae
2238 3124 2353 3150 Veneno
2366 3123 2492 3149 editione

1419 3159 1449 3185 bc
1474 3157 1557 3193 (quas
1581 3159 1700 3192 sequitur
1715 3157 1761 3192 P.)
1786 3158 1839 3183 imo
1858 3163 1885 3183 et
1909 3159 2035 3185 editiones
2058 3160 2135 3185 etiam
2154 3159 2267 3185 Venetae
2290 3158 2357 3185 1526
2377 3165 2404 3185 et
2426 3158 2492 3192 1557

1418 3194 1554 3220 omiserint
1568 3194 1743 3220 intellectum:
1761 3194 1871 3219 verbum
1891 3194 1960 3219 enim
1976 3195 2102 3229 intelligit
2120 3195 2223 3221 nullum
2237 3202 2346 3220 sensum
2365 3195 2415 3220 hoc
2434 3195 2497 3220 loco

1419 3230 1504 3255 habet.

2515 367 2523 376 ·
2535 366 2636 394 Cap.vi,
2649 373 2672 389 11.
2683 373 2691 388 1
2704 371 2726 389 et

2515 393 2727 441 ⁵?ssfifssfflfnssff:

2515 426 2727 476 {f.p.1,qu.1.xxxv,

2515 475 2580 494 artic.
2596 478 2626 494 vt.

2514 531 2522 539 “
2532 535 2559 551 a:
2575 535 2644 552 nunc.

2514 583 2522 590 '
2534 588 2549 603 1>
2559 582 2654 604 melius:
2663 583 2729 610 quid

2512 608 2570 656 Ztucid
2583 608 2650 630 aliud
2657 615 2727 637 quam

2514 742 2522 750 ·
2533 741 2726 763 Commenafrh.

2514 767 2665 789 lacrmis-Ed.
2672 767 2726 789 Did.

2513 794 2554 815 lib.
2566 794 2613 821 111,
2628 800 2709 822 ηραν
2719 811 2726 821 ,

2513 826 2536 842 n.
2546 826 2556 848 5
2568 824 2590 842 et
2600 827 2649 848 seq.

2513 1169 2655 1198 Porphyrius

2609 1330 2628 1347 x

2610 1437 2624 1463 Ρ

2513 1481 2520 1490 ”
2530 1486 2545 1502 Λ
2558 1487 2564 1502 ε
2581 1480 2728 1509 αειίεηανετ

2513 1510 2535 1528 et
2544 1507 2576 1529 ita
2590 1506 2656 1529 infra.

2514 1803 2573 1824 ’κε
2589 1801 2690 1832 qudem.

2513 1851 2673 1879 uitetur-u.

2512 1959 2600 2008 2¹⁴3&
2619 1966 2672 1988 nup.
2687 1960 2731 1982 eit.
