2548 4192
176 294 235 318 XIV

289 358 509 426 Optimo
558 356 726 420 itaque
775 347 986 401 consilio
1037 343 1256 395 cultores
1302 336 1685 413 disciplinarum
1735 329 2217 409 philosophicarum
2267 349 2371 408 non

176 430 329 499 pauci
382 448 496 479 cum
527 425 592 476 ad
623 418 1000 474 instaurandam
1032 413 1215 465 utiliter
1244 406 1627 484 philosophiam
1660 420 1940 479 nOViss¹me
1972 419 2200 479 animum
2231 400 2371 480 adie-

182 472 349 553 cerint'
394 496 705 566 praeclaram
745 491 983 541 Thomae
1023 481 1304 551 Aquinatis
1345 479 1630 530 doctrinam
1673 483 1955 551 restituere,
1996 482 2152 538 atque
2189 491 2237 522 in
2269 492 2371 540 pri-

181 542 366 623 stinum
412 568 568 619 decus
608 562 866 615 vindicare
915 556 1220 609 studuerunt
1269 562 1317 602 et
1365 548 1583 601 student.
1631 545 1745 623 Fari
1788 543 2051 621 voluntate
2092 543 2268 622 plures
2310 564 2372 595 ex

182 641 360 692 ordine
392 639 598 702 Vestro,
632 629 970 683 Venerabiles
1001 627 1222 690 Fratres,
1247 620 1484 673 eamdem
1516 618 1748 668 alacriter
1778 634 1913 665 viam
1947 635 2061 665 esse
2090 635 2371 683 ingressos,

181 730 367 778 magna
405 728 519 759 cum
559 703 708 756 animi
739 699 913 752 Nostri
955 696 1139 748 laetitia
1170 691 1525 761 cognovimus
1568 687 1724 756 Quos
1762 706 1878 737 cum
1911 686 2183 765 laudamus
2214 686 2371 738 vehe-

180 791 376 833 menter
429 790 533 829 tum
570 776 843 838 hortamur,
884 781 937 820 ut
966 768 1014 819 in
1054 775 1297 832 suscepto
1331 760 1544 813 consilio
1580 769 1953 837 permaneantr
1984 758 2212 837 reliquos
2243 779 2370 810 vero

181 822 450 903 omnesiex
482 845 651 897 Vobis
691 841 979 911 singulatim
1020 855 1310 901 monemus,
1344 832 1461 884 nihil
1494 830 1666 881 Nobis
1708 849 1821 908 esse
1853 840 2112 896 antiquius
2145 841 2195 882 et
2225 842 2371 899 opta-

180 921 342 987 bilius,
383 938 536 986 quam
575 927 628 967 ut
666 912 943 982 sapientiae
984 910 1120 961 rivos
1151 905 1470 975 purissimOS,
1513 923 1575 953 ex
1605 900 1873 969 Angelico
1900 900 2144 979 ‘Doctore
2186 902 2290 970 iugi
2323 913 2374 953 et

178 990 459 1060 praedivite
490 1008 622 1039 vena
652 986 984 1048 dimanantes,
1025 979 1285 1032 studiosae
1317 973 1563 1027 iuventuti
1606 973 1747 1040 large
1790 992 2114 1040 copioseque
2146 972 2371 1025 universi

275 1060 479 1112 ebeatis.

179 1082 271 1130 pra
286 1133 441 1201 Quae
481 1141 649 1182 autem
688 1127 889 1191 faciunt,
926 1136 979 1175 ut
1008 1142 1197 1190 magno
1239 1119 1288 1171 id
1329 1117 1500 1169 studio
1543 1116 1778 1183 velimus,
1810 1116 1959 1184 plura
1989 1117 2372 1168 sunt—Prin-

180 1203 313 1270 cipio
343 1202 567 1270 quidem,
592 1220 706 1251 cum
733 1198 780 1249 in
810 1197 903 1248 hac
932 1203 1233 1262 tempestate
1258 1201 1445 1256 nostra,
1469 1187 1938 1240 machinationibus
1969 1199 2018 1239 et
2047 1199 2159 1240 astu
2181 1188 2372 1240 fallacis

181 1274 444 1328 cuiusdam
475 1270 767 1339 sapientiae,
796 1267 1064 1319 christiana
1095 1263 1224 1315 fides
1255 1260 1547 1330 oppugnari
1581 1259 1760 1327 soleat,
1791 1259 1970 1311 cuncti'
1990 1260 2372 1329 adolescentes,

179 1347 271 1398 sed
311 1345 340 1396 ii
381 1342 675 1395 nominatim
716 1339 800 1407 qui
842 1339 889 1389 in
929 1335 1194 1388 Ecclesiae
1235 1353 1382 1401 spem
1424 1342 1774 1398 succrescunt,
1816 1331 2121 1399 pollentiae
2153 1332 2372 1384 robusto

156 1404 440 1469 'doctrinae
480 1412 672 1482 pabulo
718 1411 786 1461 ob
834 1429 944 1460 eam
986 1427 1190 1459 causam
1233 1403 1519 1456 enutriendi
1561 1415 1708 1470 sunt,
1759 1414 1813 1454 ut
1852 1403 2048 1455 viribus
2089 1403 2275 1472 validi,
2324 1414 2374 1455 et

181 1487 394 1556 copioso
434 1503 691 1536 armorum
731 1491 976 1550 apparatu
1014 1477 1256 1543 instructi,
1298 1487 1494 1527 mature
1535 1486 1837 1527 assuescant
1869 1495 2077 1527 causam
2110 1475 2373 1544 religionis

179 1558 371 1611 fortiter
409 1568 457 1607 et
495 1555 749 1623 sapienter
786 1572 956 1620 agere,
986 1550 1175 1617 parati
1206 1556 1421 1615 semper,
1463 1546 1754 1598 secundum
1796 1546 2114 1615 Apostolica
2154 1547 2372 1615 monita,

179 1630 255 1682 ad
284 1627 685 1695 satzkfactz'onem
725 1624 867 1675 omns
888 1622 1124 1690 poscenti
1166 1621 1414 1671 rationem
1455 1619 1517 1670 de
1555 1639 1639 1682 ea,
1690 1639 1824 1686 quae
1863 1619 1917 1670 ἶφι
1958 1619 2104 1670 nobis
2142 1628 2239 1687 est,
2287 1628 2375 1692 spe

181 1701 241 1770 (I.
263 1700 367 1750 Pet.
390 1698 472 1765 III,
503 1699 609 1765 15),
651 1707 699 1747 et
737 1694 1008 1746 exhortari
1048 1694 1099 1744 in
1147 1691 1382 1743 docfrz'na
1421 1711 1587 1757 sana,
1638 1699 1688 1741 et
1723 1710 1804 1741 eos
1849 1691 1946 1758 qni
1979 1690 2372 1759 contradicunt,

178 1790 392 1838 arguere
429 1768 559 1838 (Tit.
582 1768 617 1835 I,
641 1764 1025 1835 9).—Deinde
1065 1763 1266 1832 plurimi
1309 1783 1370 1814 ex
1411 1762 1469 1814 iis
1511 1762 1810 1814 hominibus
1851 1762 1968 1830 qui,
2010 1762 2304 1814 abalienato
2344 1782 2375 1814 a

179 1842 280 1893 fide
306 1840 491 1907 animo,
514 1838 735 1890 instituta
760 1836 1008 1889 catholica
1036 1835 1271 1902 oderunt,
1294 1834 1459 1901 solam
1486 1834 1582 1885 sibi
1617 1854 1730 1885 esse
1763 1833 2062 1902 magistram
2093 1855 2153 1886 ac
2182 1834 2373 1886 ducem

179 1912 424 1964 rationem
463 1910 776 1978 profitentur.
825 1908 919 1960 Ad
965 1908 1059 1959 hos
1098 1918 1268 1958 autem
1309 1905 1602 1973 sanandOS,
1654 1917 1703 1957 et
1747 1905 1795 1957 in
1844 1905 2061 1974 gratiam
2108 1926 2226 1958 cum
2267 1905 2373 1958 fide

180 1983 424 2035 catholica
445 1980 801 2048 restituendos,
823 1990 1026 2048 praeter
1052 1978 1440 2047 supernaturale
1462 1977 1567 2029 Dei
1597 1977 1857 2045 auxilium,
1881 1977 2002 2029 nihil
2033 1998 2147 2030 esse
2177 1997 2373 2047 oppor-

179 2054 344 2106 tunius
375 2053 689 2120 arbitramur,
720 2072 872 2119 quam
903 2050 1120 2102 solidam
1151 2050 1361 2102 Patrum
1391 2061 1441 2101 et
1470 2049 1915 2102 Scholasticorum
1946 2049 2253 2118 doctrinam,
2285 2049 2372 2118 qui

179 2124 462 2177 firmissima
483 2124 602 2175 fidei
623 2120 967 2190 fundamenta,
990 2122 1216 2174 divinam
1243 2121 1373 2173 illius
1397 2121 1668 2190 originem,
1693 2132 1885 2173 certam
1913 2121 2199 2190 veritatem,
2220 2141 2373 2191 argu·

178 2207 346 2248 menta
371 2195 558 2263 quibus
588 2195 843 2262 suadetur,
876 2193 1128 2246 beneficia
1157 2193 1206 2245 in
1238 2193 1521 2245 humanum
1553 2214 1720 2261 genus
1753 2193 1952 2261 collata,
1981 2193 2374 2262 perfectamque

179 2287 293 2319 cum
315 2267 507 2318 ratione
530 2266 860 2318 concordiam
888 2278 1022 2317 tanta
1049 2265 1308 2317 evidentia
1337 2276 1387 2316 et
1414 2265 1462 2316 vi
1492 2276 1918 2333 commonstrant,
1943 2277 2135 2333 quanta
2163 2265 2374 2317 flecten-

181 2338 257 2390 dis
287 2338 541 2389 mentibus
572 2338 651 2389 vel
684 2337 900 2389 maxime
933 2337 1099 2389 invitis
1131 2348 1181 2389 et
1210 2336 1624 2406 repugnantibus
1655 2336 1867 2389 abunde
1899 2336 2129 2388 sufficiat.

285 2408 588 2460 Domestica
625 2429 765 2477 vero,
796 2420 948 2477 atque
981 2409 1139 2460 civilis
1180 2409 1292 2477 ipsa
1322 2408 1560 2476 societas,
1593 2429 1727 2476 quae
1760 2408 1830 2460 ob
1863 2429 2228 2477 perversarum
2260 2408 2372 2478 opi-⁴

183 2480 392 2531 nionum
413 2490 610 2548 pestem
633 2491 822 2548 quanto
846 2480 894 2532 in
917 2480 1209 2532 discrimine
1233 2492 1483 2548 versetur,
1506 2480 1732 2532 universi
1756 2479 2117 2549 perspicimus,
2135 2479 2374 2549 profecto

182 2551 409 2620 pacatior
446 2551 603 2603 multo
645 2562 693 2602 et
730 2552 957 2603 securior
996 2552 1313 2620 consisteret,
1345 2552 1385 2603 si
1421 2552 1470 2603 in
1511 2551 1822 2604 Academiis
1863 2563 1913 2603 et
1950 2552 2153 2604 'scholis
2201 2551 2377 2604 sanior

183 2622 478 2690 traderetur,
511 2633 560 2674 et
597 2622 888 2691 magisterio
927 2623 1192 2676 Ecclesiae
1234 2623 1553 2676 conformior
1591 2623 1843 2691 doctrina,
1882 2623 2089 2691 qualem
2129 2623 2374 2675 Thomae

184 2693 460 2761 Aquinatis
482 2693 742 2745 volumina
763 2695 1183 2763 complectuntur.
1203 2695 1360 2765 Quae
1384 2695 1520 2747 enim
1544 2695 1611 2747 de
1627 2715 1879 2764 germana
1895 2694 2092 2747 ratione
2110 2694 2374 2763 libertatis,

184 2764 284 2816 hoc
313 2776 545 2833 tempore
576 2765 625 2816 in
656 2765 907 2817 licentiam
933 2766 1183 2833 abeuntis,
1207 2767 1273 2819 de
1303 2767 1479 2819 divina
1506 2766 1780 2818 cuiuslibet
1809 2766 2125 2819 auctoritatis
2157 2765 2374 2835 origine,

186 2835 251 2887 de
272 2835 473 2904 legibus
496 2856 774 2904 earumque
796 2837 860 2905 vi,
879 2837 943 2889 de
966 2850 1180 2906 paterno
1204 2850 1253 2891 et
1273 2859 1444 2907 aequo
1467 2858 1792 2890 summorum
1814 2837 2114 2907 Principum
2138 2837 2375 2907 imperio,

187 2906 251 2957 de
291 2907 733 2975 obtemperatione
764 2908 1148 2962 sublimioribus
1180 2910 1540 2979 potestatibus,
1564 2910 1630 2962 de
1662 2921 1839 2962 mutua
1874 2910 2005 2962 inter
2034 2930 2219 2962 omnes
2251 2909 2376 2962 cari-

187 2988 315 3044 tate,
346 2998 476 3045 quae
507 2978 698 3030 scilicet
736 2979 800 3030 de
832 2980 907 3031 his
947 2981 1100 3033 rebus
1141 2993 1191 3033 et
1228 2982 1336 3034 aliis
1367 2981 1575 3051 generis
1607 2981 1842 3034 eiusdem
1882 3003 1912 3034 a
1950 2981 2163 3034 Thoma
2198 2981 2376 3051 dispu-

188 3058 367 3126 tantur,
398 3049 672 3101 maximum
701 3062 853 3118 atque
884 3051 1125 3104 invictum
1164 3053 1325 3105 robur
1363 3053 1559 3106 habent
1587 3053 1654 3106 ad
1687 3053 1971 3105 evertenda
2010 3073 2071 3105 ea
2101 3053 2223 3106 iuris
2253 3052 2377 3106 novi

189 3119 450 3187 principia,
472 3141 602 3187 quae
634 3133 815 3189 pacato
848 3142 1014 3175 rerum
1038 3124 1203 3176 ordini
1227 3136 1276 3177 et
1296 3125 1537 3194 publicae
1561 3125 1707 3177 saluti
1729 3125 2024 3194 periculosa
2052 3145 2167 3177 esse
2190 3124 2376 3194 digno-

190 3191 720 3268 scuntur.—Demum
739 3205 949 3245 cunctae
967 3195 1220 3248 humanae
1239 3196 1540 3265 disciplinae
1563 3217 1712 3266 spem
1734 3197 2035 3249 incrementi
2054 3196 2375 3266 praecipere,
2393 3247 2395 3250 .

190 3259 566 3339 plurimumque
595 3263 690 3314 sibi
722 3264 916 3316 debent
945 3267 1259 3334 praesidium
1290 3268 1521 3336 polliceri
1552 3268 1619 3320 ab
1651 3269 1763 3336 hac,
1786 3289 1920 3337 quae
1952 3268 2126 3321 Nobis
2153 3280 2231 3321 est
2255 3288 2376 3338 pro·

190 3342 369 3399 posna,
402 3332 781 3401 disciplinarum
811 3336 1285 3405 philosophicarum
1317 3339 1695 3392 instauratione.
1726 3340 1935 3393 Etenim
1966 3361 1996 3392 a
2025 3339 2375 3409 philosophia,

190 3412 447 3470 tamquam
469 3424 498 3455 a
518 3405 854 3458 moderatrice
877 3408 1139 3478 sapientia,
1162 3431 1338 3462 sanam
1362 3411 1611 3464 rationem
1634 3423 1939 3481 rectumque
1962 3412 2180 3464 modum
2203 3411 2376 3463 bonae

191 3483 321 3524 artes
360 3475 589 3543 mutuari,
616 3476 681 3528 ab
723 3498 902 3546 eaque,
934 3491 1194 3548 tamquam
1234 3482 1367 3534 vitae
1409 3483 1671 3535 communi
1710 3483 1868 3552 fonte,
1899 3484 2133 3553 spiritum
2173 3481 2376 3535 haurire

195 3558 579 3624 consueverunt.
610 3547 771 3599 Facto
812 3560 861 3601 et
900 3552 1149 3603 constanti
1191 3553 1506 3621 experientia
1545 3556 1936 3624 comprobatur,
1961 3566 2097 3608 artes
2136 3553 2376 3606 liberales

194 3623 312 3664 tunc
351 3634 566 3667 maxime
606 3618 860 3687 floruisse,
893 3641 1008 3673 cum
1057 3622 1325 3675 incolumis
1365 3625 1534 3676 honor
1578 3637 1627 3678 et
1665 3627 1873 3695 sapiens
1923 3626 2169 3679 iudicium
2210 3624 2375 3694 philo-
