2548 4192
931 270 985 306 IN
1016 271 1054 307 S.
1075 271 1316 309 THOMAM
1343 273 1666 320 AQUINATEM

198 348 339 385 viduam,
356 347 415 377 hac
438 345 545 376 anima
560 345 704 375 rationali
729 352 759 376 et
783 356 874 377 carne
898 347 956 378 hac
980 349 1167 380 conflatam:
1191 350 1271 381 hanc

199 392 312 422 deinde
335 397 480 421 naturam
503 389 717 428 individuam,
742 391 905 431 hypostasi
929 394 1068 433 quadam
1094 401 1148 424 aut
1172 395 1271 424 subsi-

198 436 310 466 stentia
333 434 476 465 affectam
505 433 685 474 factamque
717 436 939 475 suppositum:
965 438 1111 467 eamdem
1135 439 1271 479 denique

197 489 377 520 personam.
409 478 529 509 Favent
560 478 833 518 interpretationes
856 481 938 510 Petri
972 482 1010 511 de
1034 482 1218 513 Tarantasia
1241 490 1271 513 et

198 523 345 554 Richardi
359 523 399 553 de
409 522 589 553 Mediavilla
604 523 690 562 apud
705 523 897 564 Dionysium
908 525 1171 557 Carthusianum:
1189 527 1270 567 ipse-

197 577 260 608 que
284 567 432 607 Magister
446 567 585 597 Sentent.
611 567 654 597 sic
678 567 739 598 ait:
766 569 904 599 «Prima
924 570 1077 600 sententia
1097 578 1143 601 est
1157 580 1270 601 eorum

200 624 215 639 »
237 612 293 652 qui
310 611 419 642 dicunt
434 611 467 641 in
487 611 554 651 ipsa
570 611 664 642 Verbi
679 612 897 646 Incarnatione
911 614 1068 644 hominem
1084 616 1266 655 quemdam,

199 668 215 684 ›
238 666 275 686 ex
298 655 404 686 anima
427 655 573 686 rationali
596 663 627 686 et
649 656 791 687 humana
821 667 913 688 carne
945 659 1212 690 constitutum...
1229 661 1270 691 Et

199 712 215 728 ›
239 701 293 730 ille
315 701 408 730 homo
441 700 547 739 coepit
579 710 646 730 esse
669 701 775 731 Deus:
801 712 867 732 non
900 702 1031 743 quidem
1063 710 1174 734 natura
1197 704 1267 744 Dei,

199 756 214 772 ιι
237 745 292 774 sed
309 754 453 784 persona
483 744 584 776 Verbi.
610 745 652 775 Et
674 745 761 775 Deus
786 746 891 786 coepit
923 757 990 777 esse
1017 748 1110 779 homo
1134 749 1226 779 ille..
1240 772 1266 779 ..

199 801 214 816 ›
236 788 317 819 idest
340 788 446 828 coepit
469 798 535 818 esse
558 789 716 829 quaedam
736 791 919 829 substantia,
935 801 972 821 ex
995 792 1100 822 anima
1123 793 1268 823 rationali

197 844 213 860 x
236 840 267 863 et
289 833 431 863 humana
455 843 546 863 carne
569 834 743 865 subsistens
745 857 835 865 .....
856 835 897 866 Et
920 835 1030 867 dicunt
1053 837 1144 867 illum
1168 838 1267 867 homi-

197 889 212 905 »
236 887 307 908 nem
332 887 369 907 ex
394 877 500 907 anima
527 877 671 908 rationali
695 885 726 909 et
753 879 893 909 humana
926 890 1018 910 carne
1049 881 1221 912 subsistere
1237 894 1265 912 ».

193 921 283 952 Patet
306 932 404 962 quarn
428 921 576 959 maxime,
600 922 720 962 primae
744 923 905 963 opinionis
929 931 1073 955 auctores
1095 925 1129 955 id
1156 926 1267 966 utique

192 966 352 1004 voluisse,
377 973 413 996 ut
436 967 579 997 Verbum
601 966 747 997 divinum
770 977 836 998 non
862 969 1074 1008 adsumpserit
1096 979 1266 1009 personam

193 1010 389 1049 humanam,
414 1011 469 1041 sed
493 1020 597 1051 neque
625 1010 828 1042 individuum
851 1019 976 1043 tantum
1000 1020 1129 1043 naturae
1152 1014 1266 1044 huma-

193 1062 269 1086 nae:
294 1055 376 1086 hanc
398 1064 474 1085 vero
498 1062 529 1085 et
558 1054 756 1085 individuam
780 1062 810 1086 et
833 1057 1056 1087 subsistentem
1089 1067 1164 1088 suae
1196 1068 1265 1097 per-

192 1109 291 1130 sonae
313 1098 521 1129 coniunxerit.
539 1099 615 1136 Quo
639 1109 734 1129 sensu
757 1099 884 1137 reiecto,
904 1101 1015 1141 opinio
1039 1101 1141 1141 prima
1165 1101 1265 1132 differ-

191 1149 240 1173 ret
261 1142 341 1173 nihil
359 1143 398 1173 ab
422 1143 528 1180 altera,
552 1153 652 1183 quam
674 1143 824 1183 Magister
841 1145 1075 1175 Sententiarum
1097 1145 1195 1175 veluti
1219 1145 1265 1175 di-

191 1186 339 1218 stinctam
362 1186 464 1218 affert:
488 1186 609 1227 quippe
631 1198 714 1228 quae
737 1189 927 1219 enuntiabat
948 1199 1123 1229 personam
1155 1190 1263 1227 Verbi,

191 1240 275 1272 quae
297 1236 393 1263 antea
417 1231 555 1271 simplex
578 1237 659 1269 erat,
678 1242 744 1272 per
765 1234 1028 1264 lucar-nationem
1043 1233 1173 1274 factam
1197 1243 1266 1264 esse

191 1269 397 1316 compositam
430 1285 472 1306 ex
503 1275 672 1307 divinitate
703 1283 734 1308 et
765 1288 808 1308 ex
833 1278 1036 1308 humanitate
1059 1275 1142 1319 (sine
1166 1278 1264 1308 dubio

188 1318 393 1362 individuas„
406 1319 464 1350 vel‘
472 1329 648 1360 personam
679 1321 781 1359 Verbi,
801 1331 885 1362 quae
908 1323 941 1352 in
966 1331 1032 1352 una
1057 1327 1182 1352 tantum
1207 1333 1264 1353 na·

155 1378 162 1379 ff
189 1367 266 1397 ntr'a
287 1361 440 1407 (divina)
464 1365 639 1402 existebat,
666 1366 699 1396 in
725 1366 852 1397 duabus
868 1371 945 1406 post
968 1367 1144 1397 unitionem
1169 1372 1199 1397 et
1223 1377 1265 1397 ex

188 1408 315 1440 duabus
331 1409 508 1440 substitisse
537 1411 666 1440 naturis
683 1407 812 1452 (divina
835 1417 866 1441 et
888 1411 1040 1449 humana,
1064 1418 1198 1452 utraque
1216 1411 1264 1442 in-

188 1451 342 1496 dividua).

255 1497 306 1528 111.
331 1497 529 1538 Opinionem
553 1498 693 1538 priorem
717 1499 805 1529 illam
820 1506 912 1530 vocat
927 1499 966 1530 ad
986 1510 1117 1530 examen
1132 1510 1156 1531 s.
1173 1500 1262 1531 Tho-

188 1551 258 1572 mas
285 1541 321 1572 in
350 1541 611 1581 Commentario,
643 1553 719 1573 cum
745 1543 854 1574 iunior
881 1551 980 1581 esset;
1009 1554 1045 1575 ac
1067 1545 1156 1575 tertia
1175 1551 1262 1585 parte

188 1586 341 1618 Summae
373 1586 590 1626 theologicae,
616 1594 716 1618 aetate
745 1595 923 1628 provectus.
953 1589 1097 1629 Utroque
1124 1589 1157 1619 in
1187 1589 1260 1619 loco

187 1640 260 1661 eam
287 1630 386 1661 reiicit
406 1641 442 1662 ac
474 1631 644 1672 multiplici
674 1632 821 1672 profligat
850 1633 986 1663 ratione:
1006 1643 1042 1663 ac
1070 1644 1134 1663 una
1162 1633 1262 1663 diver-

187 1674 262 1706 sitas
291 1681 338 1705 est
363 1675 398 1705 in
427 1685 577 1706 censurae
607 1683 694 1714 nota,
714 1687 778 1717 qua
807 1676 847 1707 sit
875 1677 987 1708 eadem
1012 1677 1208 1717 configenda.
1226 1678 1260 1707 In

187 1718 430 1750 Commentario
447 1719 490 1750 sic
506 1719 600 1751 habet
617 1718 694 1762 (art.
710 1719 762 1762 11):
786 1734 802 1749 «ι
817 1722 929 1752 Prima
948 1723 1088 1762 opinio...
1105 1722 1260 1762 ponebat,

189 1774 204 1790 »
226 1764 316 1804 quod
335 1770 400 1794 erat
415 1763 496 1794 facta
511 1764 589 1795 unio
611 1765 789 1795 secundum
804 1765 878 1803 hoc,
902 1766 991 1806 quod
1013 1776 1150 1806 persona
1165 1766 1260 1796 Verbi

190 1807 346 1848 »incepit
383 1817 451 1838 esse
481 1808 539 1839 illa
574 1809 754 1840 substantia
787 1809 972 1851 (individua
1005 1815 1035 1840 et
1064 1810 1258 1848 subsistens,

188 1863 204 1882 a
225 1861 309 1893 quae
336 1852 456 1883 dicitur
484 1852 578 1883 homo
600 1853 672 1891 ille,
705 1858 742 1884 ut
772 1853 862 1895 infra
864 1853 885 1895 )
913 1854 1003 1895 quod
1030 1854 1163 1895 quidem
1195 1864 1258 1885 non

187 1907 204 1923 t
226 1901 272 1927 est
295 1896 507 1937 intelligibile,
533 1903 569 1927 ut
592 1897 732 1927 duorum
756 1908 860 1928 unum
878 1897 932 1928 fiat
957 1898 1103 1935 alterum,
1123 1898 1184 1928 nisi
1203 1909 1260 1939 per

187 1952 204 1968 ι
226 1940 469 1971 conversionem
487 1940 583 1971 unius
602 1942 641 1971 ad
665 1941 817 1972 alterum:
837 1942 904 1973 imo
929 1943 1120 1983 impossibile
1144 1949 1202 1980 est,
1223 1950 1259 1974 ut

186 1995 203 2012 υ
224 1984 312 2025 prius
336 1984 458 2016 dictum
480 1991 527 2016 est
549 1983 634 2027 (art.
654 1984 698 2028 1),
723 1993 754 2017 et
776 1986 849 2017 ideo
873 1997 936 2018 non
965 1987 1178 2018 sustinetur».
1195 1988 1258 2018 Ta-

184 2028 278 2060 metsi
299 2039 376 2060 vero
400 2039 437 2060 ea
466 2029 612 2060 sustineri
640 2040 707 2061 non
736 2031 848 2062 debeat
878 2031 1002 2071 opinio,
1033 2038 1146 2072 utpote
1174 2042 1257 2073 quae

183 2073 339 2105 unionem
363 2083 426 2104 non
451 2074 695 2115 intelligibilem,
720 2076 784 2106 imo
808 2076 1031 2116 impossibilem
1056 2077 1255 2115 obtruderet;

182 2117 393 2148 nihilominus
421 2119 567 2149 censebat
597 2118 842 2150 Commentator
870 2120 1026 2158 Thomas,
1055 2120 1257 2151 reiiciendam

181 2171 253 2192 eam
279 2172 347 2192 non
377 2172 444 2193 esse
475 2162 574 2194 veluti
592 2163 797 2195 haereticam.
819 2164 918 2202 Quod
937 2164 990 2202 ait,
1021 2165 1166 2196 instituto
1186 2175 1255 2196 exa—

180 2206 288 2244 mine,
316 2206 366 2237 his
396 2206 558 2237 rationum
593 2208 766 2239 momentis
797 2209 927 2239 suadere
962 2209 1089 2240 nititur:
1119 2222 1134 2238 κ
1157 2210 1256 2247 Quod

183 2262 198 2278 »
219 2250 316 2281 habet
343 2260 410 2281 esse
445 2251 664 2292 completum,
698 2254 731 2283 in
762 2263 825 2293 quo
855 2253 1018 2291 subsistit,
1052 2264 1119 2284 non
1151 2261 1256 2294 potest

183 2306 198 2322 ι
220 2294 304 2326 uniri
332 2295 420 2326 alteri
450 2294 638 2337 (completo)
663 2296 723 2327 nisi
753 2297 853 2328 tribus
883 2298 999 2329 modis.
1021 2298 1079 2329 Vel
1109 2298 1255 2329 acciden-

182 2350 198 2366 ι
220 2339 340 2377 taliter,
370 2346 407 2370 ut
435 2339 543 2371 tunica
571 2340 757 2372 homini...
777 2342 828 2372 vel
846 2352 911 2382 per:
933 2342 1062 2373 modum
1086 2352 1254 2384 aggrega-

183 2394 198 2410 »
221 2384 336 2422 tionis,
367 2383 448 2415 sicut
476 2384 556 2425 lapis
590 2385 689 2425 lapidi
717 2386 752 2416 in
785 2394 913 2416 acervo:
944 2387 995 2417 vel
1030 2387 1140 2427 aliquo
1171 2389 1254 2418 acci-

183 2439 198 2454 :-
221 2427 335 2465 dente,
360 2428 442 2459 sicut
473 2429 574 2459 homo
603 2429 712 2460 unitur
733 2430 804 2461 Deo
827 2440 884 2470 per
917 2441 1062 2461 amorem
1107 2431 1157 2461 vel
1185 2441 1254 2471 gra-

148 2483 151 2486 *
183 2483 198 2498 ι
221 2471 308 2502 tiam.
329 2472 371 2502 Et
393 2479 504 2503 neutra
527 2473 643 2504 harum
670 2480 717 2504 est
739 2474 818 2505 unio
841 2476 1038 2515 simpliciter,
1064 2475 1119 2505 sed
1141 2485 1254 2506 secun—

182 2526 198 2542 »
220 2516 298 2547 dum
321 2517 416 2557 quid:
443 2527 579 2557 quarum
603 2518 741 2557 primam
764 2518 872 2558 posuit
897 2519 1095 2557 Dioscorus,
1124 2519 1254 2550 alteram

183 2571 198 2586 »
221 2561 411 2592 Nestorius.
424 2584 432 2591 .
445 2583 453 2592 .
473 2561 647 2592 Sciendum
669 2569 788 2600 tamen,
812 2563 902 2603 quod
919 2564 1030 2603 prima
1053 2565 1160 2604 opinio
1183 2564 1254 2594 nul-

182 2615 197 2630 »
219 2604 290 2635 lum
313 2605 549 2645 praedictorum
577 2607 752 2637 modorum
766 2607 895 2637 unionis
911 2608 1067 2647 ponebat:
1085 2608 1170 2638 unde
1186 2618 1253 2639 non

182 2659 198 2676 ²
221 2654 268 2680 est
289 2649 463 2681 haeretica.
480 2650 543 2680 Sed
565 2651 716 2690 ponebat,
735 2651 824 2692 quod
848 2659 912 2682 erat
936 2651 1016 2682 facta
1040 2652 1118 2682 unio
1142 2662 1253 2683 secun-

182 2704 198 2720 »
220 2693 300 2724 dum
329 2693 413 2732 hoc,
442 2695 532 2735 quod
560 2705 696 2735 persona
728 2696 823 2727 Verbi
851 2695 968 2736 incepit
998 2706 1064 2726 esse
1092 2696 1145 2726 illa
1179 2698 1253 2727 sub-

182 2748 199 2765 »
221 2737 335 2769 stantia
364 2737 508 2780 (natura
531 2739 674 2770 humana
698 2740 864 2771 individua
888 2746 919 2771 et
940 2740 1134 2782 subsistens)
1163 2742 1253 2782 quod

181 2792 197 2808 ι
219 2781 352 2823 quidem
375 2793 439 2814 non
464 2788 510 2814 est
533 2784 735 2825 intelligibile
747 2785 856 2814 ».Hac
883 2785 922 2815 de
946 2795 979 2815 re
1002 2785 1252 2816 luculentissime

179 2825 368 2858 disseruerat
395 2826 430 2857 in
459 2827 592 2858 articulo
623 2828 787 2868 superiore
815 2829 855 2858 ad
889 2830 916 2860 3.
937 2830 1040 2860 Verba
1070 2829 1138 2860 eius
1166 2831 1253 2861 haud

178 2869 253 2901 licet
279 2871 461 2911 praeterire:
482 2885 496 2900 «
509 2872 682 2903 Sciendum
696 2880 803 2903 tamen
825 2880 882 2912 est,
899 2874 988 2914 quod
1003 2875 1114 2914 prima
1133 2876 1250 2915 opinio,

182 2925 199 2940 ι
220 2915 367 2955 quamvis
389 2922 522 2955 poneret
551 2916 635 2947 duas
656 2918 857 2957 hypostases,
887 2928 954 2948 non
977 2925 1084 2948 tamen
1107 2919 1253 2950 diversas

182 2969 198 2984 ι
213 2967 376 2998 personas
397 2959 516 2999 posuit.
541 2960 590 2990 Ex
612 2961 675 2991 hoc
697 2961 784 2991 enim
807 2962 897 3002 quod
918 2972 1062 3002 persona
1097 2970 1144 2994 est
1170 2963 1252 2993 indi-

181 3013 197 3028 ι
220 3001 356 3033 viduum
384 3003 544 3034 rationalis
575 3011 725 3044 naturae,
754 3009 837 3046 qu‘ae
871 3013 918 3037 est
946 3007 1192 3047 completissima
1222 3014 1253 3038 et

182 3058 199 3073 ι
221 3046 284 3077 ubi.
306 3053 366 3078 stat
394 3053 461 3078 tota
491 3047 624 3079 intentio
652 3057 798 3088 naturae;
827 3050 941 3089 habet,
971 3051 1061 3091 quod
1099 3051 1253 3091 significet

182 3102 198 3118 »
221 3090 508 3131 completissimum
531 3093 645 3123 ultima
669 3095 886 3134 completione,
902 3101 976 3134 post
998 3105 1097 3136 quam
1120 3105 1187 3126 non
1206 3102 1252 3126 est

182 3146 197 3162 ι
220 3135 297 3165 alia:
327 3135 412 3165 unde
442 3145 518 3166 cum
545 3144 678 3176 poneret
707 3138 865 3169 hominem
896 3145 1095 3180 assumptum
1123 3140 1251 3170 unitum

181 3191 196 3206 ²
219 3179 337 3218 Verbo,
367 3189 435 3209 non
461 3179 556 3210 dabat
582 3180 612 3210 ei
640 3182 797 3212 rationem
821 3191 1002 3223 personae,·
1031 3184 1125 3214 dabat
1152 3184 1180 3214 ei
1206 3191 1251 3214 ta-

181 3235 197 3250 »
220 3233 295 3253 men
331 3223 487 3254 rationem
520 3224 723 3264 hypostasis,
752 3226 945 3267 inquantum
973 3234 1038 3258 erat
1065 3228 1249 3259 subsistens.

181 3279 197 3294 a·
220 3268 286 3298 Nec
313 3274 420 3298 tamen
451 3269 607 3307 ponebat,
639 3270 728 3309 quod
753 3271 847 3301 homo
878 3272 933 3301 ille
962 3271 1104 3302 uniretur
1127 3272 1250 3302 divinae

182 3324 198 3339 »
220 3312 377 3342 Personae
407 3312 439 3342 in
469 3312 653 3343 accidente:
668 3314 744 3354 quia
758 3314 801 3345 sic
821 3325 887 3345 non
917 3315 1041 3354 diceret,
1059 3316 1147 3356 quod
1163 3325 1250 3355 prae-

181 3367 196 3382 »
220 3356 374 3387 dicaretur
397 3355 486 3396 quid,
511 3356 566 3386 sed
590 3358 680 3398 quod
701 3365 781 3388 esset
804 3358 1035 3390 accidentaliter
1059 3359 1226 3390 unitum..
1240 3383 1248 3390 .

181 3411 197 3427 π
220 3400 283 3431 Sed
307 3401 463 3440 ponebat,
487 3401 577 3441 quod
593 3411 736 3441 persona
760 3402 855 3433 Verbi
880 3409 945 3433 erat
966 3403 1020 3433 illa
1046 3403 1251 3443 hypostasis;

181 3457 198 3475 η
221 3446 310 3486 quod
334 3451 440 3475 tamen
464 3455 526 3476 non
552 3450 599 3476 est
621 3446 791 3486 intelligile
803 3458 832 3477 ».

248 3489 313 3520 Sibi
329 3499 454 3529 semper
469 3496 608 3527 constat,
633 3500 737 3530 neque
753 3500 868 3530 anceps
883 3496 929 3521 est
947 3500 1091 3530 unquam
1106 3490 1248 3531 Aquinas

179 3532 214 3564 in
237 3543 272 3563 ea
296 3533 463 3564 reiicienda
487 3544 522 3564 ac
546 3533 741 3574 profliganda
764 3534 925 3574 opinione.
951 3534 1128 3565 Censuram
1143 3535 1249 3565 haere-

178 3587 263 3615 sem,
278 3588 342 3618 qua
358 3578 492 3609 abstinet
507 3578 540 3608 in
556 3578 808 3616 Commentario,
822 3579 946 3609 inurere
969 3578 1093 3609 videtur
1111 3578 1144 3608 in
1161 3579 1250 3609 tertia

177 3620 332 3653 Summae
355 3622 570 3663 Theologicae
593 3630 689 3663 parte.
721 3623 885 3654 Vocabula
912 3633 1064 3663 personae
1093 3629 1124 3654 et
1145 3623 1248 3663 hypo-

2210 292 2399 318 CCLXXXVII

1327 351 1416 381 stasis
1440 352 1619 392 diligentius
1648 354 1796 394 expendit
1823 365 1877 395 qu.
1902 366 1944 394 n,
1975 362 2031 386 art.
2055 367 2090 386 111
2113 363 2143 387 et
2165 368 2196 387 1v
2220 359 2395 400 docetque:

1326 396 1501 426 Personam
1517 407 1615 437 super
1629 398 1826 439 hypostasim
1844 409 1907 430 non
1925 400 2055 438 addere,
2075 402 2138 431 nisi
2150 401 2395 434 determinatam

1327 445 1499 478 naturam,
1529 442 1650 472 scilicet
1672 444 1886 474 rationalem:
1913 445 2057 485 adeoque
2082 445 2163 475 idem
2188 455 2275 483 esse,
2305 449 2396 478 attri-

1325 484 1423 514 buere
1446 487 1615 525 propriam
1639 487 1837 527 hypostasim
1861 489 2023 519 humanae
2046 494 2186 519 naturae
2209 491 2240 520 in
2268 490 2396 522 Christo

1326 533 1356 558 et
1372 530 1542 568 propriam
1561 540 1759 570 personam:
1782 539 1813 562 et
1834 532 1867 562 in
1884 532 2105 563 Conciliorum
2124 534 2262 574 denique
2285 534 2396 565 defini-

1324 572 1475 611 tionibus,
1499 574 1616 614 quibus
1639 576 1825 606 Nestoriana
1847 577 1982 607 haeresis
2004 578 2246 616 condemnatur,
2266 579 2395 618 perinde

1324 616 1357 646 in
1381 616 1508 648 Christo
1532 618 1659 649 reiectas
1682 620 1743 659 legi
1766 621 1849 651 duas
1866 631 2044 661 personas,
2070 629 2165 663 atque
2188 622 2271 653 duas
2293 623 2395 663 hypo-

1323 666 1425 691 stases
1440 668 1494 692 aut
1509 662 1592 693 duas
1605 664 1836 695 subsistentias.
1861 665 1945 695 Hinc
1969 666 2157 706 opinionem
2179 666 2278 706 illam,
2296 677 2395 707 quam

1323 704 1356 734 in
1380 704 1621 737 Commentario
1645 708 1841 740 existimabat
1870 710 1972 740 notari
2002 710 2089 740 haud
2119 717 2266 751 oportere
2295 711 2394 742 veluti

1322 749 1527 787 haereticam,
1553 751 1650 782 reiicit
1665 752 1726 782 hoc
1742 753 1815 783 loco
1839 760 1992 794 tanquam
2011 764 2180 785 erroneam
2205 762 2236 786 et
2251 755 2393 786 inciden-
2410 755 2412 757 ’

1323 798 1384 823 tem
1409 795 1441 823 in
1466 795 1622 825 haeresim
1646 797 1790 827 Nestorii
1818 804 1849 828 et
1874 798 1906 827 in
1929 798 2087 829 haeresim
2117 800 2150 829 in
2177 799 2330 830 Conciliis
2352 800 2393 830 ab

1321 837 1468 868 Ecclesia
1491 839 1689 870 damnatam.

1387 884 1439 912 An
1456 892 1530 922 ergo
1546 883 1628 913 inter
1650 893 1717 914 sese
1739 884 1782 915 ita
1805 886 1978 924 pugnantia
2000 886 2077 917 haec
2097 887 2162 917 duo
2178 887 2248 918 loca
2265 887 2392 926 fuerint,

1321 931 1357 955 ut
1379 926 1475 956 ambo
1500 927 1574 957 divo
1594 927 1741 958 Thomae
1764 929 1890 959 attribui
1914 930 2032 969 pudeat
2054 941 2090 961 ac
2113 931 2199 971 prior
2217 931 2392 962 Commen-

1320 969 1389 999 tarii
1405 970 1496 1000 locus
1513 970 1723 1010 depravatrice
1747 982 1844 1003 manu
1867 973 1994 1004 vitiatus
2019 975 2079 1005 dici
2103 974 2235 1006 debeat?
2258 978 2302 1006 At
2317 986 2391 1006 sane

1320 1013 1426 1052 potuit
1440 1014 1594 1054 Aquinas,
1611 1015 1684 1046 loco
1707 1016 1740 1046 in
1764 1017 1862 1047 altero
1886 1018 2031 1057 opinioni
2055 1028 2148 1059 saepe
2164 1020 2264 1050 dictae
2280 1027 2391 1050 notam

1319 1057 1485 1087 haereseos
1500 1058 1635 1097 inurere,
1660 1060 1698 1090 ab
1716 1070 1815 1101 eaque
1838 1061 1992 1091 abstinere
2010 1062 2044 1092 in
2060 1063 2168 1100 altero,
2186 1064 2264 1104 quin
2281 1071 2392 1104 postea

1320 1102 1484 1132 excesserit
1508 1112 1543 1133 ac
1566 1103 1707 1142 partibus
1731 1105 1845 1144 egregii
1868 1105 2009 1145 theologi
2033 1106 2120 1146 prius
2142 1108 2285 1138 defuerit.
2311 1108 2390 1145 Qui-

1319 1144 1409 1175 nimo
1434 1146 1582 1184 dixerim,
1606 1148 1644 1177 ab
1668 1149 1822 1187 Angelico
1845 1149 2050 1189 Praeceptore
2077 1151 2127 1181 vel
2154 1151 2187 1181 in
2210 1152 2278 1191 ipsa
2301 1152 2390 1183 tertia

1319 1195 1406 1228 parte
1430 1189 1582 1221 Summae
1609 1191 1806 1231 theologicae
1839 1203 1905 1223 non
1928 1200 1994 1223 tam
2017 1194 2204 1234 opinionem
2227 1196 2315 1226 illam
2336 1207 2389 1226 ve—

1318 1233 1378 1263 luti
1400 1234 1557 1265 haeresim
1582 1235 1725 1266 Nestorii
1752 1237 1873 1275 notari,
1902 1247 2000 1278 quam
2028 1239 2135 1278 potius
2166 1249 2334 1270 erroneam
2359 1246 2390 1271 et

1319 1278 1509 1308 incidentem
1541 1280 1573 1309 in
1602 1280 1777 1311 haeresim:
1810 1291 1889 1322 quas
1919 1281 2029 1322 utique
2056 1292 2201 1313 censuras
2234 1290 2390 1325 notasque

1319 1329 1438 1352 norunt
1470 1323 1562 1363 periti
1594 1323 1735 1364 theologi
1759 1335 1777 1355 a
1798 1327 2017 1366 propositione
2039 1327 2200 1358 haeretica
2223 1328 2318 1368 longe
2341 1328 2388 1358 di-

1318 1376 1431 1397 versas·
1457 1367 1519 1398 Res
1542 1368 1619 1399 haec
1643 1375 1679 1399 ut
1701 1369 1886 1409 innotescat,
1911 1370 2005 1400 verba
2029 1371 2107 1410 eius,
2131 1382 2212 1412 quae
2236 1372 2390 1402 habentur

1318 1421 1372 1451 qu.
1397 1421 1464 1449 xvr,
1489 1419 1544 1443 art.
1562 1423 1573 1442 1
1596 1413 1776 1453 diligentius
1800 1414 1984 1445 excutienda
2008 1423 2173 1455 propono:
2202 1416 2293 1446 «Alii
2313 1426 2389 1446 con-

1320 1467 1335 1483 »
1358 1455 1475 1486 cedunt
1497 1456 1578 1487 hanc
1597 1458 1852 1498 propositionem
1875 1458 1988 1500 (Deus
2011 1465 2058 1490 est
2079 1460 2194 1502 homo)
2220 1470 2294 1491 cum
2309 1460 2388 1490 veri-

1319 1511 1333 1526 »
1357 1506 1419 1530 tate
1443 1500 1608 1542 utriusque
1638 1502 1784 1541 termini;
1815 1511 1989 1543 ponentes,
2024 1503 2188 1535 Christum
2220 1511 2250 1535 et
2277 1513 2389 1534 verum

1319 1556 1334 1571 »
1356 1544 1462 1574 Deum
1477 1554 1543 1576 esse
1559 1552 1589 1576 et
1603 1556 1715 1577 verum
1730 1547 1909 1578 hominem:
1926 1549 1981 1578 sed
2002 1554 2108 1578 tamen
2123 1549 2285 1579 veritatem
2301 1558 2390 1588 prae-

1318 1600 1332 1614 »
1356 1588 1520 1619 dicationis
1537 1600 1603 1620 non
1619 1591 1749 1622 salvant.
1774 1592 1893 1622 Dicunt
1915 1593 2012 1631 enim,
2037 1593 2127 1633 quod
2146 1593 2247 1623 homo
2268 1593 2389 1633 praedi-

1319 1644 1333 1658 »
1357 1639 1444 1662 catur
1460 1633 1498 1664 de
1514 1634 1584 1664 Deo
1608 1645 1664 1675 per
1686 1637 1860 1676 quamdam
1877 1636 2136 1667 coniunctionem
2151 1637 2202 1667 vel
2218 1637 2387 1677 dignitatis,

1318 1689 1332 1703 »
1359 1677 1409 1706 vel
1432 1678 1636 1717 auctoritatis,
1660 1680 1711 1709 vel
1734 1680 1830 1710 etiarn
1853 1681 2035 1719 affectionis,
2060 1688 2115 1712 aut
2133 1681 2385 1712 inhabitationis:

1318 1732 1332 1747 »
1356 1727 1386 1751 et
1406 1721 1450 1751 sic
1466 1723 1573 1762 posuit
1588 1724 1758 1755 Nestorius
1780 1725 1887 1755 Deum
1910 1726 2075 1756 hominem
2099 1736 2176 1764 esse,
2201 1733 2236 1756 ut
2252 1735 2308 1766 per
2325 1725 2388 1756 hoc

1317 1776 1332 1791 »
1354 1765 1434 1795 nihil
1449 1765 1536 1796 aliud
1551 1767 1753 1807 significetur,
1777 1779 1875 1809 quam
1898 1771 1987 1810 quod
2003 1770 2090 1800 Deus
2109 1777 2155 1801 est
2170 1770 2294 1800 homini
2311 1780 2386 1801 con-

1316 1820 1331 1835 »
1354 1808 1481 1839 iunctus
1504 1811 1558 1841 tali
1578 1812 1813 1851 coniunctione,
1838 1814 1925 1854 quod
1949 1814 2050 1844 homo
2073 1814 2263 1845 inhabitetur
2281 1825 2299 1845 a
2315 1815 2385 1845 Deo

1316 1865 1331 1879 ›
1355 1859 1386 1883 et
1408 1854 1536 1885 uniatur
1559 1855 1587 1886 ei
1603 1857 1781 1887 secundum
1804 1857 1951 1888 affectum
1974 1865 2005 1889 et
2027 1859 2204 1889 secundum
2221 1859 2386 1900 participa-

1315 1909 1331 1924 »
1354 1897 1476 1928 tionem
1499 1901 1692 1931 auctoritatis
1715 1908 1746 1931 et
1768 1901 1900 1932 honoris
1923 1902 2031 1933 divini.
2057 1904 2098 1933 Et
2121 1905 2153 1933 in
2177 1903 2311 1934 similem
2336 1913 2385 1934 er-

1316 1953 1330 1968 »
1354 1952 1460 1973 rorem
1485 1945 1631 1976 incidunt
1646 1945 1841 1986 quicumque
1858 1954 1985 1986 ponunt
2007 1947 2090 1978 duas
2110 1948 2309 1988 hypostases,
2333 1948 2385 1978 vel

1316 1998 1331 2013 ι·
1353 1986 1417 2017 duo
1432 1990 1596 2028 supposita
1610 1989 1644 2019 in
1654 1989 1800 2020 Christo:
1825 1990 1900 2031 quia
1919 2001 1982 2021 non
2003 1997 2050 2022 est
2062 1992 2216 2032 possibile
2234 1993 2383 2033 intelligi,

1315 2042 1330 2057 ›
1353 2032 1443 2071 quod
1466 2033 1606 2063 duorum
1629 2044 1711 2075 quae
1735 2041 1809 2065 sunt
1832 2036 2009 2066 secundum
2032 2036 2238 2076 suppositum
2255 2037 2306 2066 vel
2327 2037 2384 2077 hy-

1314 2087 1329 2102 »
1352 2076 1506 2115 postasim
1530 2077 1693 2117 distincta,
1721 2089 1824 2109 unum
1848 2080 1975 2120 proprie
1998 2081 2176 2120 predicetur
2204 2081 2242 2111 de
2266 2081 2383 2119 altero;

1314 2131 1329 2146 »
1352 2120 1407 2150 sed
1430 2121 1536 2151 solum
1560 2123 1737 2153 secundum
1760 2123 1922 2164 quandam
1945 2123 2143 2163 figurativam
2167 2125 2382 2163 locutionem,

1314 2175 1328 2190 »
1351 2163 1544 2205 inquantum
1566 2166 1599 2196 in
1619 2167 1728 2208 aliquo
1753 2168 2009 2207 coniunguntur;
2034 2176 2111 2209 puta
2127 2169 2152 2199 si
2170 2169 2310 2199 dicamus
2326 2169 2383 2199 Pe-

1314 2219 1328 2234 »
1351 2215 1437 2239 trum
1461 2219 1527 2240 esse
1549 2211 1712 2250 Ioannem,
1737 2212 1811 2252 quia
1826 2212 1943 2242 habent
1965 2213 2105 2253 aliquam
2124 2213 2384 2243 coniunctionem

1314 2264 1328 2279 »
1351 2253 1391 2283 ad
1405 2253 1551 2285 invicem.
1562 2267 1575 2281 »
1599 2255 1697 2294 Idem,
1713 2256 1802 2296 quod
1817 2256 1879 2286 hoc
1893 2256 1977 2294 loco,
1994 2257 2108 2296 legitur
2124 2257 2218 2288 etiam
2234 2257 2267 2287 in
2284 2257 2382 2288 Com-

1311 2298 1467 2328 mentario
1491 2307 1694 2330 momentum
1717 2300 1863 2330 rationis:
1895 2302 1971 2340 quia
2001 2311 2064 2331 non
2088 2306 2135 2332 est
2159 2302 2311 2341 possibile
2334 2303 2382 2332 in-

1311 2341 1426 2382 telligi,
1451 2344 1526 2382 quia
1551 2353 1614 2374 non
1639 2349 1686 2374 est
1709 2344 1918 2385 intelligibile.
1943 2345 2088 2386 Eamque
2108 2346 2240 2376 demum
2256 2345 2382 2386 opinio-

1310 2395 1396 2423 nem,
1421 2396 1519 2426 quam
1542 2387 1649 2418 iunior
1670 2395 1902 2419 commentator
1923 2396 2033 2420 notare
2061 2390 2254 2420 haereticam
2279 2390 2384 2420 noluit

1311 2430 1353 2459 ob
1369 2430 1526 2461 adsertam
1541 2432 1780 2463 substantialem
1796 2433 2065 2471 coniunctionem,
2089 2434 2161 2464 licet
2185 2435 2284 2464 modo
2300 2444 2382 2475 quo-

1310 2473 1398 2513 piam
1427 2485 1490 2505 non
1521 2477 1717 2517 intelligibili
1747 2477 1941 2517 expositam;
1971 2478 2070 2508 veluti
2099 2487 2268 2508 erroneam
2293 2478 2382 2508 theo-

1309 2518 1403 2557 logus
1427 2527 1595 2558 provectus
1618 2521 1732 2551 reiicit:
1757 2531 1861 2562 neque
1884 2528 1990 2552 tamen
2013 2529 2107 2553 vocat
2129 2532 2200 2552 eam
2223 2523 2380 2553 haeresim

1309 2562 1463 2600 Nestorii,
1489 2564 1543 2595 sed
1567 2565 1757 2596 incidentem
1778 2565 1812 2595 in
1828 2576 1966 2596 errorem
1990 2573 2045 2597 aut
2067 2567 2222 2597 haeresim
2244 2568 2379 2597 similem

1309 2606 1498 2638 Nestoriano
1523 2609 1642 2650 *iniquo
1673 2617 1867 2640 commento.
1898 2610 1984 2641 Bene
2007 2617 2038 2641 et
2061 2611 2182 2651 optime
2213 2611 2381 2642 cohaerent

1310 2660 1429 2682 omma.

1681 2734 1892 2772 CAPUT
1930 2736 2006 2772 III.

1307 2817 1347 2842 De
1365 2817 1543 2843 benedictione
1562 2819 1637 2852 panis
1651 2819 1818 2845 Eucharistici
1837 2825 1862 2845 et
1880 2820 1972 2851 calicis,
1992 2828 2024 2845 an
2043 2820 2098 2853 ipsa
2117 2820 2192 2845 fuerit
2210 2821 2376 2852 consecratio,

1380 2853 1514 2887 multiplex
1529 2854 1663 2879 doctorum
1677 2855 1773 2888 opinio.
1793 2855 1910 2880 Genuina
1930 2861 1956 2880 et
1969 2861 2090 2880 constans
2105 2856 2155 2880 divi
2165 2856 2283 2881 Thomae
2297 2856 2377 2889 Aqui-

1380 2888 1445 2913 natis
1471 2897 1554 2914 mens.
1578 2891 1763 2923 Aequivocatio
1781 2891 1877 2919 tollitur
1900 2891 1925 2915 in
1944 2891 2069 2916 vocabulo
2093 2891 2284 2916 benedictionis.
2304 2891 2376 2916 Chri-

1379 2924 1496 2957 stophori
1515 2925 1634 2950 Matthaei
1654 2926 1744 2951 Pfassii
1763 2926 1883 2959 opinatio.

1309 3006 1332 3036 l.
1355 2999 1566 3082 Thomam
1582 3014 1727 3038 nostrum
1751 3015 1886 3047 pergunt
1904 3008 2069 3038 adversarii
2087 3008 2283 3039 committere
2300 3019 2375 3039 cum

1433 3051 1554 3092 Synodi
1570 3052 1773 3082 Tridentinae
1789 3052 1942 3082 Patribus.
1967 3052 2113 3083 Pluribus
2134 3053 2167 3082 in
2186 3053 2264 3083 locis
2283 3053 2376 3084 docet

1307 3095 1360 3126 ille
1384 3095 1548 3127 Christum
1570 3096 1749 3126 Dominum
1772 3106 1839 3126 non
1862 3096 1924 3126 alio
1948 3097 2064 3134 modo,
2096 3106 2153 3127 nec
2181 3097 2250 3127 aliis
2273 3097 2374 3127 verbis

1307 3139 1501 3170 benedixisse
1524 3150 1640 3179 panem
1664 3147 1695 3170 et
1716 3140 1838 3177 vinum,
1863 3141 1942 3170 dum
1965 3141 2178 3171 Eucharistiae
2194 3141 2374 3171 Sacramen-

1307 3191 1378 3214 tum
1400 3183 1554 3221 instituit,
1583 3194 1681 3224 quam
1704 3184 1938 3214 consecratione
1967 3195 2003 3215 ac
2026 3185 2086 3215 illis
2118 3185 2228 3226 utique
2251 3185 2372 3215 verbis:

1306 3228 1381 3259 Hoc
1404 3234 1451 3259 est
1470 3227 1595 3268 Corpus
1613 3238 1728 3258 meum.
1748 3228 1873 3259 Docent
1894 3238 1969 3258 vero
1989 3229 2165 3260 Tridentini
2181 3230 2286 3259 Patres
2310 3239 2373 3259 ses-

1307 3272 1395 3302 sione
1419 3282 1489 3309 xm,
1522 3271 1622 3311 capite
1651 3283 1662 3302 1
1691 3273 1868 3303 institutum
1893 3283 1911 3302 a
1934 3273 2146 3313 Redemptore
2170 3280 2278 3303 nostro
2304 3273 2373 3303 Iesu

1307 3315 1434 3346 Christo
1462 3315 1495 3345 in
1518 3315 1631 3345 ultima
1654 3326 1752 3346 coena
1775 3316 2014 3347 Sacramentum
2037 3317 2269 3354 Eucharistiae,
2299 3327 2374 3347 cum

1299 3365 1375 3399 post
1392 3360 1491 3399 panis
1506 3360 1633 3399 vinique
1648 3360 1905 3398 benedictionem,
1923 3370 1956 3390 se
1973 3371 2068 3391 suum
2083 3361 2209 3400 Corpus
2225 3361 2373 3400 praebere

1305 3410 1336 3433 et
1351 3403 1545 3442 Sanguinem
1562 3403 1771 3434 disertissimis
1794 3404 1854 3434 illis
1880 3404 1981 3434 verbis
2006 3411 2135 3435 testatus
2152 3411 2212 3442 est,
2236 3404 2311 3435 Hoc
2326 3410 2374 3435 est

1308 3447 1434 3487 Corpus
1456 3457 1572 3477 meum.
1595 3447 1687 3477 Hanc
1711 3447 1830 3488 Synodi
1856 3448 2031 3478 doctrinam
2055 3449 2093 3478 ab
2111 3448 2279 3488 Aquinatis
2303 3449 2372 3488 opi—

1304 3491 1400 3521 nione
1420 3490 1653 3520 dissentientem
1677 3490 1779 3521 aiunt:
1805 3501 1830 3521 1.
1851 3492 1948 3528 Quod
1972 3502 1990 3521 a
2012 3492 2246 3522 consecratione
2263 3492 2371 3523 disn'n-

1304 3535 1411 3574 guitur
1426 3534 1618 3564 benedictio:
1645 3544 1674 3564 2.
1695 3535 1793 3571 Quod
1816 3536 2008 3566 consecratio
2027 3536 2087 3566 illis
2103 3536 2216 3574 verbis,
2235 3537 2310 3567 Hoc
2325 3542 2372 3567 est

1307 3579 1432 3618 Corpus
1455 3588 1570 3615 meum,
1596 3588 1614 3608 a
1631 3577 1757 3609 Christo
1777 3586 1901 3619 peracta
1918 3579 2078 3619 innuitur;
2097 3580 2159 3610 alio
2179 3590 2254 3611 vero
2271 3580 2373 3611 diver-

1305 3621 1488 3663 soqueritu
1512 3622 1700 3654 benedictio.
