2548 4192
2294 278 2401 304 CLXIII

915 542 1559 608 DISSERTATIO
1616 544 1698 605 X.

205 706 273 746 De
301 702 634 745 Commentario
670 702 820 743 sancti
853 700 1058 741 Thomae
1090 701 1137 740 in
1165 703 1358 751 quatuor
1391 700 1731 741 Sententiarum
1764 700 1905 739 libros
1939 699 2125 749 eiusque
2158 699 2402 739 editionum

285 770 566 821 integritate:
595 770 737 819 deque
766 768 856 809 alio
886 767 1218 809 Commentario
1246 767 1442 817 incepto,
1470 766 1544 816 qui
1571 766 1721 816 periit,
1740 767 1797 807 ab
1817 778 1872 806 eo
1894 765 1968 816 qui
1992 765 2140 805 editus
2168 768 2241 805 est
2265 766 2400 816 longe

285 838 482 878 diverso.

605 1232 815 1269 CAPUT
853 1232 880 1267 l.

206 1336 557 1385 De.fammenta‘i·io-sancti
571 1350 691 1376 Thomae
713 1350 740 1375 in
763 1355 874 1383 quatuor
896 1349 1086 1374 Sententiarum
1105 1347 1184 1372 libros
1208 1352 1280 1372 vete-

156 1389 160 1390 ’
202 1385 205 1387 ”
277 1394 338 1412 rum
355 1386 532 1413 testimonium
556 1394 586 1411 ac
604 1385 734 1411 iudicium.
753 1385 901 1410 Studiorum
921 1384 985 1409 ratio
1007 1384 1033 1409 in
1051 1383 1191 1408 Academia
1210 1382 1280 1407 Pari-

278 1422 365 1448 aienai.
385 1423 502 1455 Itemque
520 1423 623 1454 gradus,
638 1428 668 1446 ac
681 1428 740 1446 mos
759 1421 874 1446 invectus
892 1425 921 1445 ut
934 1419 1002 1445 Petri
1016 1419 1157 1444 Lombardi
1171 1419 1279 1443 Senten-

277 1457 329 1483 tiae
346 1458 552 1491 explanarentur.

208 1593 233 1625 1·
262 1604 272 1618 ,
504 1594 525 1625 μ
539 1586 608 1610 nter
624 1578 730 1619 Opera
746 1577 936 1617 theologica,
947 1587 1029 1618 quae
1048 1583 1174 1607 sanctus
1190 1576 1279 1607 Tho-

268 1601 381 1659 ,taff
423 1636 442 1653 τ
464 1618 503 1657 Μ
538 1634 607 1654 mas
629 1624 710 1654 bene
733 1622 835 1653 multa
855 1621 1060 1658 elucubravit,
1077 1621 1219 1662 primum
1235 1628 1279 1652 te-

286 1698 293 1707 „
323 1651 374 1705 ’ἐι
413 1648 473 1704 k-v‘.
503 1674 615 1709 ,snent
645 1667 775 1705 locum,
806 1666 959 1706 temporis
991 1665 1103 1696 ordine
1135 1672 1279 1704 servato,

510 1752 512 1754 ’
539 1757 647 1786 libros.
664 1756 712 1786 De
728 1755 789 1786 hoc
808 1765 904 1795 opere
919 1754 1127 1795 eiusdemque
1150 1761 1279 1784 auctore

452 1809 465 1818 ¹·
488 1799 693 1844 97.iudicium
715 1799 834 1839 accipe,
853 1799 943 1839 quod
958 1798 1125 1839 proferunt
1146 1805 1276 1828 veteres.

537 1844 744 1875 Ptolomaeus
761 1843 910 1874 Lucensis
923 1843 977 1874 lib.
988 1843 1075 1873 XXII
1090 1842 1212 1873 Histor.
1229 1852 1278 1872 ec-

208 1893 294 1931 cles„
317 1890 419 1931 capite
441 1898 494 1920 111
517 1888 561 1919 sic
583 1888 692 1918 habet:
716 1888 793 1918 Post
814 1887 874 1918 hoc
896 1885 991 1929 (post
1012 1887 1139 1917 traditas
1162 1896 1278 1927 nempe

208 1937 374 1972 Coloniae,
395 1933 449 1965 ubi
464 1933 565 1964 multo
584 1937 726 1972 tempore
739 1931 823 1973 fuit,
844 1941 945 1962 sacras
967 1929 1100 1974 litteras)
1115 1931 1203 1962 vadit
1216 1931 1277 1962 Pa-

207 1982 302 2015 risios
324 1979 480 2010 Thomas.
499 1978 669 2008 Annorum
684 1975 727 2006 25
745 1981 818 2006 erat
833 1985 905 2007 cum
922 1976 1066 2016 primum
1087 1977 1173 2006 venit
1186 1976 1277 2006 Pari-

205 2028 282 2064 sios,
302 2024 357 2056 ubi
371 2022 462 2064 infra
476 2022 679 2062 trigesimum
697 2030 820 2051 annum
835 2020 1018 2051 Sententias
1036 2019 1132 2061 legit,
1152 2025 1183 2050 et
1203 2030 1277 2051 con-

207 2075 336 2104 ventum
364 2069 397 2098 in
422 2066 583 2107 theologia
606 2066 674 2096 sive
701 2065 863 2095 licentiam
887 2065 1014 2104 recepit.
1042 2064 1140 2105 Infra
1169 2070 1276 2095 autem

204 2113 430 2156 magisterium
445 2115 586 2152 quatuor
604 2109 702 2140 libros
707 2108 795 2150 fecit
809 2118 909 2148 super
922 2108 1115 2146 Sententias,
1133 2109 1278 2140 videlicet

198 2161 357 2201 primum,
372 2155 559 2192 secundum,
580 2155 708 2185 tertium
726 2158 756 2183 et
770 2158 932 2194 quartum.
953 2153 1151 2191 involutum,
1163 2153 1278 2193 imple-

204 2211 359 2244 xumque,
375 2207 406 2231 et
420 2200 594 2230 obscurum
608 2199 734 2235 locum,
758 2197 847 2238 quod
870 2197 980 2228 attinet
1002 2198 1042 2228 ad
1057 2197 1157 2238 ipsius
1175 2198 1277 2238 Aqui-

205 2247 287 2279 natis
302 2252 438 2277 aetatem
453 2243 586 2284 eiusque
602 2241 754 2283 temporis
768 2241 852 2272 vices
866 2241 901 2272 in
913 2242 1085 2273 Academia
1099 2241 1276 2281 Parisiensi,

203 2290 335 2323 inferius
361 2289 567 2323 declaramus.

273 2332 438 2366 Guillelmi
461 2333 500 2363 de
523 2332 635 2362 Tocco
651 2330 685 2361 in
699 2329 788 2368 Vita,
812 2329 912 2370 capite
935 2341 988 2368 111,
1011 2341 1102 2361 num.
1126 2331 1175 2369 ι5,
1190 2331 1277 2370 apud

204 2378 352 2412 Bollandi
368 2377 626 2414 Continuatores,
643 2375 720 2406 haec
733 2375 828 2405 verba
844 2381 929 2412 sunt,
939 2375 1001 2405 hoc
1017 2375 1173 2414 elogium:
1191 2375 1276 2406 Scri-

200 2425 280 2466 psit,
300 2421 483 2463 inquientis,
504 2422 536 2451 in
560 2420 736 2451 bacellaria
756 2424 787 2449 et
806 2420 839 2449 in
850 2420 1013 2459 principio
1040 2420 1093 2450 sui
1124 2420 1275 2460 magiste-

207 2470 261 2506 rii,
285 2476 384 2508 super
406 2470 547 2506 quatuor
569 2464 668 2494 libros
686 2463 947 2493 Sententiarum:
969 2473 1049 2502 opus
1070 2464 1157 2504 stylo
1176 2464 1275 2494 diser-

207 2518 286 2549 tum,
311 2510 473 2542 intellectu
491 2507 711 2549 prqfundum,
731 2512 878 2547 apertum
903 2508 1118 2548 intelligentia
1139 2513 1170 2538 et
1186 2508 1277 2538 novis

206 2556 355 2588 articulis
386 2554 579 2585 dilatatum:
607 2552 652 2582 ad
673 2561 811 2592 quarum
844 2551 1145 2582 determinationum
1177 2553 1276 2582 ratio-

207 2611 323 2632 nem...
348 2599 509 2629 humanas
526 2597 688 2633 scientias,
703 2597 798 2636 quasi
810 2595 949 2626 ancillas
966 2595 1010 2626 ad
1024 2605 1131 2626 arcem
1148 2595 1277 2627 divinae

204 2644 392 2686 sapientiae,
411 2643 443 2672 in
459 2642 642 2681 obsequium
661 2639 808 2671 adduxit.
826 2640 948 2670 Vocem
962 2640 1060 2677 illam,
1077 2640 1275 2678 Bacellaria,

203 2689 343 2728 intellige
366 2685 583 2718 academicum
607 2694 721 2715 eorum
743 2684 889 2723 gradum,
908 2683 975 2725 qui,
1000 2694 1075 2714 cum
1097 2684 1276 2724 theologiae

204 2731 361 2766 candidati
378 2737 492 2768 essent,
511 2730 552 2760 ad
571 2728 791 2768 theologicum
806 2738 946 2766 cursum,
965 2728 1205 2759 Sententiarum
1226 2739 1275 2759 ex-

205 2776 398 2819 planatione,
422 2773 672 2816 percurrendum
694 2773 957 2804 admittebantur:
981 2773 1020 2803 de
1043 2783 1110 2814 quo
1133 2773 1214 2804 infra
1232 2773 1276 2804 la-

206 2822 287 2854 tiore
310 2820 443 2852 calamo.

273 2865 439 2896 Accedunt
468 2861 683 2903 probatissimi
713 2868 807 2893 testes
835 2861 898 2892 alii.
931 2861 1083 2892 Nicolaus
1111 2861 1275 2892 Trivetus:

207 2910 313 2950 Super
344 2909 443 2939 libros
465 2907 703 2938 Sententiarum
734 2911 894 2946 quatuor,
923 2906 1087 2946 inquiens,
1119 2907 1274 2946 scriptum

197 2953 294 2995 fecit.
318 2953 452 2983 loannes
475 2951 515 2981 de
539 2950 719 2982 Columna:
744 2950 878 2990 Scripsit
900 2960 999 2990 super
1015 2956 1156 2991 quatuor
1179 2951 1277 2981 libros

207 2997 468 3028 Sententiarum:
495 2996 548 3025 cui
570 2992 707 3037 (Operi)
732 3004 795 3024 non
827 2995 991 3025 invenitur
1018 2995 1125 3025 adhuc
1151 2996 1274 3032 simile,

208 3051 279 3072 cum
297 3040 413 3080 plures
435 3039 494 3070 alii
509 3044 586 3079 post
608 3049 680 3069 eum
703 3039 900 3078 scripserint.
924 3038 1188 3069 Bartholomaeus
1213 3039 1276 3069 Lo-

207 3084 353 3124 gotheta:
381 3083 530 3120 Quatuor
553 3083 650 3113 libros
665 3092 763 3123 super
785 3083 977 3113 Sententias.
1001 3083 1178 3113 Bernardus
1198 3083 1276 3114 Gui-

209 3128 322 3159 donis:
351 3127 486 3167 Scripsit
513 3128 608 3156 etiam
631 3136 729 3167 super
750 3132 891 3167 quatuor
918 3127 1016 3157 libros
1036 3127 1274 3158 Sententiarum

207 3173 327 3212 scripta
342 3176 498 3212 quatuor:
510 3171 654 3210 primum
674 3170 828 3208 videlicet,
845 3176 875 3201 et
892 3171 1079 3208 secundum,
1097 3177 1127 3202 et
1146 3173 1274 3202 tertium

209 3223 240 3248 et
262 3221 432 3257 quartum:
454 3224 535 3254 opus
556 3214 711 3254 siquidem
733 3215 820 3255 stylo
838 3215 1004 3251 disertum,
1025 3216 1187 3246 intellectu
1198 3226 1276 3255 pro-

199 3261 358 3303 fundum,
384 3259 598 3299 intelligentia
621 3258 746 3288 clarum
766 3264 797 3289 et
818 3260 908 3290 novis
926 3260 1074 3290 articulis
1094 3259 1275 3290 dilatatum.

275 3305 384 3335 Hocce
408 3302 723 3333 Commentariorum
746 3313 839 3342 opus,
854 3313 937 3343 quos
960 3303 993 3333 in
1017 3303 1193 3344 Gymnasio
1217 3314 1276 3334 no-

209 3356 274 3380 stro
297 3347 462 3379 Parisiensi
486 3346 612 3377 dictavit
630 3356 647 3376 e
666 3354 814 3386 suggestu
829 3347 1024 3387 proprioque
1048 3348 1130 3387 stylo
1149 3347 1182 3377 in
1202 3347 1276 3377 scri-

208 3400 259 3434 pta
285 3392 403 3431 redegit
426 3390 579 3431 Aquinas,
603 3400 702 3430 quam
716 3400 832 3430 magno
848 3390 1068 3420 florentissima
1081 3391 1114 3421 in
1128 3391 1183 3421 ina
1197 3393 1276 3421 Aca-

209 3437 314 3468 demia
336 3435 480 3466 habitum
504 3434 597 3465 fuerit
619 3434 652 3464 in
671 3434 783 3473 pretio,
803 3434 876 3464 satis
895 3441 1047 3464 testantur
1066 3435 1178 3473 elogia,
1194 3445 1276 3475 quae

208 3489 302 3513 testes
325 3479 455 3511 adhibiti
479 3478 654 3519 proferunt,
679 3478 869 3509 Guillelmus
890 3478 929 3508 de
948 3478 1068 3515 Tocco,
1085 3478 1218 3508 loannes
1237 3479 1276 3508 de

210 3525 384 3562 Columna,
407 3523 584 3554 Bernardus
608 3522 774 3553 Gnidonis.
801 3521 1027 3561 Bibliographi‚
1051 3532 1149 3562 quern
1171 3522 1276 3561 primo

209 3570 282 3600 loco
306 3568 574 3604 memoravimus,
603 3566 679 3597 haec
702 3566 832 3606 insuper
853 3566 947 3596 verba
971 3572 1044 3596 sunt
1067 3566 1139 3596 loco
1164 3566 1276 3596 citato:

213 3613 335 3645 Factus
357 3618 464 3644 autem
488 3612 706 3649 bacellareus,
731 3620 803 3641 cum
834 3611 986 3650 coepisset
1015 3610 1151 3651 legendo
1173 3609 1276 3650 effun-

1333 1227 1421 1264 dere,
1441 1236 1525 1267 quae
1540 1227 1761 1257 taciturnitate
1774 1225 2008 1256 deliberaverat
2026 1227 2188 1257 occultare
2195 1234 2209 1264 ‚·
2225 1228 2315 1258 Deus
2331 1233 2400 1259 tan-

1334 1276 1399 1302 tam
1424 1272 1454 1301 ei
1476 1270 1597 1312 infudit
1624 1271 1790 1301 scientiam
1821 1275 1852 1300 et
1875 1271 1907 1300 in
1931 1270 2023 1300 labiis
2046 1271 2115 1301 eius
2137 1276 2227 1302 tanta
2249 1272 2402 1303 divinitus

1335 1320 1382 1346 est
1404 1314 1509 1356 effusa
1532 1315 1698 1352 doctrina,
1724 1320 1760 1345 ut
1782 1323 1891 1344 omnes
1922 1315 2017 1345 etiam
2041 1316 2215 1355 magistros
2239 1316 2402 1347 videretur

1335 1359 1499 1397 excedere,
1525 1364 1554 1390 et
1578 1359 1726 1390 claritate
1747 1358 1915 1389 doctrinae
1935 1359 2098 1389 scholares
2109 1359 2188 1398 plus
2206 1361 2340 1391 caeteris
2358 1361 2402 1391 ad

1334 1413 1476 1434 amorem
1499 1404 1653 1434 scientiae
1669 1412 1860 1443 provocare.
1884 1403 1967 1433 Erat
1991 1403 2074 1433 enim
2099 1413 2196 1433 novos
2219 1405 2251 1433 in
2275 1414 2334 1434 sua
2358 1405 2401 1435 le-

1335 1449 1439 1478 ctione
1461 1457 1591 1478 movens
1613 1447 1779 1484 articulos,
1805 1457 1921 1478 novum
1946 1447 2073 1477 modum
2098 1452 2128 1477 et
2151 1447 2275 1478 clarum
2299 1448 2401 1479 deter-

1334 1492 1480 1523 minandi
1503 1493 1668 1522 inveniens
1690 1497 1721 1522 et
1741 1500 1842 1522 novas
1864 1491 2022 1522 reducens
2037 1492 2069 1521 in
2086 1491 2403 1523 determinationibus

1334 1538 1487 1567 rationes.
1511 1536 1655 1566 Laudem
1678 1545 1810 1566 omnem
1832 1536 1927 1566 verba
1950 1535 2086 1576 denique
2101 1542 2251 1576 superant
2268 1536 2402 1566 Alexan-

1334 1580 1382 1611 dri
1401 1581 1443 1611 IV
1462 1580 1588 1611 Summi
1611 1579 1783 1618 Pondficis,
1799 1589 1880 1620 quae
1899 1579 1932 1609 in
1955 1579 2074 1618 litteris,
2094 1589 2179 1610 anno
2204 1581 2298 1618 1256,
2315 1580 2366 1611 die
2383 1581 2398 1611 3

1334 1625 1455 1662 martii,
1479 1625 1519 1655 ad
1543 1624 1758 1655 Universitatis
1781 1623 1962 1654 Parisiensis
1986 1623 2218 1654 Cancellarium
2241 1624 2320 1655 datis
2347 1624 2402 1655 ha-

1334 1669 1466 1699 bentur:
1490 1668 1686 1699 Delectabile
1702 1674 1749 1699 est
1765 1668 1854 1699 nobis
1869 1668 1981 1698 auditu
1992 1669 2172 1708 percipere,
2189 1669 2274 1709 quod
2287 1669 2402 1700 dilecto

1323 1713 1400 1754 filio
1420 1712 1532 1754 fratri
1559 1713 1697 1743 nomae
1727 1712 1767 1743 de
1795 1713 1922 1753 Aquino
1955 1711 2088 1743 Ordinis
2116 1713 2399 1751 Praedicatorum‚

1334 1758 1404 1788 viro
1427 1758 1536 1797 utique
1559 1757 1723 1788 nobilitate
1740 1758 1872 1797 generis
1894 1762 1925 1787 et
1940 1766 2065 1787 morum
2090 1757 2255 1788 honestate
2277 1759 2400 1798 conspi-

1333 1811 1394 1832 cuo
1425 1811 1466 1832 ac
1495 1801 1681 1832 thesaurum
1715 1801 1864 1832 litteralis
1890 1802 2043 1831 scientiae
2067 1811 2132 1841 per
2162 1801 2225 1832 Dei
2255 1803 2398 1842 gratiam

1333 1850 1479 1876 assecuto
1502 1852 1560 1876 etc.
1595 1845 1686 1882 Quae
1709 1845 1776 1875 sine
1801 1845 1898 1875 dubio
1930 1855 2080 1885 magnam
2113 1845 2252 1876 nominis
2281 1846 2400 1876 famam

1332 1890 1570 1930 litterarumque
1594 1889 1739 1929 peritiam
1761 1889 2010 1920 luculentissime
2029 1889 2215 1930 significant,
2230 1900 2294 1931 qua
2313 1900 2400 1930 prae-

1333 1934 1516 1965 cedentibus
1547 1934 1636 1964 annis
1665 1933 1782 1973 legerat
1804 1933 1856 1964 ille
1879 1933 1913 1964 in
1934 1933 2100 1964 Parisiensi
2123 1933 2298 1975 Gymnasio
2327 1935 2400 1965 Ma-

1331 1979 1430 2020 gistri
1452 1978 1644 2016 Sententias,
1670 1987 1786 2019 easque
1809 1978 2036 2017 explanaverat.

1400 2023 1438 2053 11.
1463 2023 1555 2053 Hanc
1578 2022 1759 2062 praestitam
1786 2022 1911 2052 Parisiis
1942 2023 1980 2052 ab
2004 2021 2163 2063 Aquinate
2187 2032 2317 2063 operam
2341 2033 2400 2063 pro

1333 2067 1482 2107 dignitate
1505 2074 1541 2098 ut
1563 2066 1775 2104 illustremus,
1803 2066 1963 2106 vigentem
1986 2066 2166 2097 studiorum
2188 2067 2344 2097 rationem
2367 2067 2400 2097 in

1333 2111 1529 2142 nobilissima
1551 2111 1734 2148 Academia,
1758 2110 1904 2142 florentes
1928 2111 2022 2142 etiam
2042 2111 2165 2142 scholas
2180 2118 2312 2148 nostras,
2328 2121 2399 2142 can-

1333 2156 1515 2186 didatorum
1530 2165 1633 2186 sacrae
1651 2155 1830 2195 theologiae
1845 2155 1947 2185 varios
1966 2156 2092 2195 gradus,
2112 2162 2180 2186 orta
2194 2155 2331 2193 dissidia,
2347 2165 2398 2185 ea-

1332 2201 1471 2241 demque
1495 2199 1683 2240 composita,
1707 2199 1816 2239 paullo
1840 2199 1958 2230 fusiore
1977 2209 2118 2230 enarrare
2137 2199 2228 2230 liceat
2242 2209 2398 2230 sermone.

1331 2244 1509 2275 Ptolomaei
1533 2244 1685 2275 Lucensis
1703 2244 1797 2274 verba
1815 2243 1959 2283 superius
1983 2243 2075 2274 allata
2097 2243 2162 2273 iam
2181 2250 2305 2283 repeto:
2325 2244 2400 2274 Post

1331 2289 1400 2326 hoc,
1425 2288 1529 2329 inquit
1551 2288 1604 2318 ille
1627 2286 1814 2330 (postquam
1828 2287 1943 2318 scilicet
1966 2288 2066 2318 multo
2085 2293 2225 2327 tempore
2246 2288 2400 2318 Coloniae

1322 2332 1396 2373 fuit
1417 2331 1582 2374 Aquinas)
1606 2332 1694 2363 vadit
1715 2332 1868 2362 Parisios.
1891 2332 2060 2362 Annorum
2083 2331 2126 2362 25
2151 2337 2222 2362 erat
2244 2342 2316 2362 cum
2327 2333 2399 2372 pri-

1331 2387 1417 2407 mum
1435 2378 1520 2408 venit
1540 2377 1700 2413 Parisios,
1725 2376 1778 2406 ubi
1801 2375 1890 2416 infra
1909 2377 2110 2416 trigesimum
2127 2386 2248 2406 annum
2265 2376 2398 2407 Senten-

1332 2422 1395 2452 tias
1418 2421 1506 2461 legit.
1531 2420 1787 2451 Accuratioribus
1811 2420 2081 2460 chronographiae
2101 2420 2227 2451 calculis
2243 2430 2309 2451 non
2325 2430 2398 2451 con-

1332 2465 1472 2495 sentiunt
1496 2465 1570 2495 anni
1593 2464 1637 2494 illi
1661 2464 1769 2495 aetatis
1785 2464 1943 2502 Thomae,
1963 2474 2045 2505 quos
2069 2466 2209 2505 quinque
2232 2470 2262 2495 et
2285 2466 2400 2506 viginti

1332 2515 1478 2540 numerat
1499 2509 1713 2540 Ptolomaeus.
1739 2508 1871 2539 Carcere
1894 2519 2033 2549 namque
2049 2509 2192 2547 eductus,
2209 2519 2275 2550 quo
2291 2509 2399 2549 ipsum

1332 2553 1547 2584 fere·biennio
1571 2560 1699 2583 tenuere
1722 2553 1883 2583 inclusum
1905 2553 1974 2583 irati
1997 2553 2105 2583 fratres
2129 2553 2208 2590 eius,
2225 2560 2298 2593 post
2316 2553 2399 2583 Pari-

1332 2598 1439 2628 sinum
1467 2597 1539 2635 iter,
1564 2597 1736 2628 Coloniam
1766 2597 1882 2627 missus
1906 2604 1971 2636 est,
2002 2598 2061 2627 sub
2094 2597 2258 2637 disciplina
2280 2598 2399 2628 Alberti

1331 2642 1439 2681 Magni
1462 2642 1669 2672 erudiendus:
1694 2642 1783 2682 quod
1805 2641 1953 2672 accidisse
1977 2641 2106 2672 cadente
2129 2652 2179 2672 an.
2202 2651 2284 2681 1244
2308 2642 2400 2672 docet

1331 2686 1512 2724 Echardus,
1535 2686 1587 2717 vel
1610 2685 1706 2716 etiarn
1728 2685 1856 2726 incepto
1880 2696 1965 2716 anno
1995 2686 2180 2726 insequente
2209 2687 2287 2725 1245
2314 2686 2399 2716 haud

1330 2730 1392 2761 levi
1416 2730 1596 2761 coniectura
1618 2740 1678 2760 nos
1702 2730 1897 2760 confecimus
1921 2730 1954 2760 in
1977 2737 2084 2760 nostra
2101 2731 2248 2760 adversus
2267 2730 2398 2760 Benedi-

1332 2775 1454 2811 ctinum
1476 2774 1706 2805 monachatum
1724 2772 1792 2805 eius
1807 2774 2042 2805 Dissertatione.
2067 2774 2191 2804 Eodem
2210 2784 2294 2804 anno
2316 2775 2396 2813 1245

1332 2819 1412 2850 circa
1435 2829 1579 2850 mensem
1605 2819 1788 2856 octobrem,
1817 2829 1883 2859 quo
1913 2818 1979 2849 fieri
2002 2818 2182 2849 scholarum
2214 2818 2398 2849 instauratio

1332 2870 1548 2901 consueverat,
1568 2863 1703 2894 Parisios
1721 2863 1817 2900 venit,
1834 2863 2046 2902 theologicam
2063 2863 2238 2892 doctrinam
2254 2869 2398 2902 acceptu-

1331 2918 1385 2938 rus
1408 2908 1447 2938 ab
1472 2908 1586 2938 eodem
1609 2908 1750 2945 Alberto,
1775 2907 1830 2949 qui
1850 2907 1890 2937 ad
1908 2907 2077 2946 legendum
2094 2907 2274 2937 Sententias
2292 2907 2324 2936 in
2340 2907 2397 2936 Pa-

1331 2951 1452 2982 risiensi
1476 2952 1652 2993 Gymnasio
1671 2958 1781 2982 nostro
1797 2951 1975 2991 designatus
1999 2951 2109 2981 fuerat.
2135 2951 2305 2990 Completo
2325 2957 2399 2990 post

1331 2996 1504 3027 triennium
1527 3006 1631 3033 cursu,
1648 3003 1684 3026 ut
1701 2995 1798 3026 moris
1814 3002 1888 3033 erat,
1905 2995 2076 3026 Coloniam
2095 3005 2179 3025 anno
2204 2995 2284 3034 1248
2302 2996 2398 3025 ambo

1331 3040 1551 3079 remigravere:
1572 3050 1695 3070 novum
1709 3040 1752 3070 ibi
1772 3039 1913 3070 studium
1927 3040 2069 3078 generale
2085 3046 2225 3069 recturus
2239 3039 2397 3077 Albertus,

1331 3084 1387 3125 qui
1410 3085 1551 3114 lauream
1581 3084 1776 3114 doctoralem
1799 3083 2006 3114 parisiensem
2034 3090 2210 3123 receperat3
2233 3083 2266 3113 in
2295 3093 2398 3124 eoque

1331 3128 1585 3168 philosophiam,
1614 3138 1733 3159 sacram
1757 3128 1948 3167 Scripturam
1980 3134 2010 3158 et
2040 3127 2215 3158 Sententias
2244 3128 2302 3158 sub
2326 3127 2397 3167 ipso

1332 3172 1481 3212 magistro
1505 3173 1635 3203 Alberto
1666 3172 1886 3212 explanaturus
1910 3171 2063 3202 Thomas.
2095 3172 2191 3202 Hisce
2214 3172 2398 3202 muneribus

1331 3216 1387 3257 qui
1406 3216 1629 3255 fungebantur,
1652 3216 1802 3256 appellari
1820 3217 1976 3256 Magistri
1988 3216 2170 3246 studentum
2195 3216 2347 3253 solebant,
2363 3225 2397 3245 ac

1332 3261 1492 3297 Lectores,
1513 3260 1576 3290 sive
1594 3261 1719 3297 Biblici,
1736 3260 1800 3290 sive
1819 3260 1986 3297 Cursores,
2003 3260 2067 3290 sive
2087 3260 2265 3300 theologiae
2279 3260 2396 3290 Secun-

1331 3305 1427 3335 darii.
1451 3304 1538 3334 Haec
1561 3314 1636 3334 vero
1661 3304 1781 3334 diutina
1796 3311 1842 3334 est
1860 3304 1912 3334 illa
1931 3314 2031 3342 mora,
2052 3314 2150 3344 quam
2171 3304 2324 3334 Coloniae
2338 3311 2396 3334 tra-

1330 3348 1410 3378 xisse
1429 3347 1592 3378 Thomam
1615 3348 1745 3378 adnotat
1767 3348 1989 3386 Ptolomaeus,
2020 3348 2176 3387 praedicta
2204 3347 2319 3378 scilicet
2347 3357 2397 3377 ex-

1332 3392 1472 3432 plentem
1495 3402 1627 3422 munera
1649 3392 1690 3421 ad
1713 3402 1833 3422 annum
1857 3402 1957 3432 usque
1987 3393 2078 3422 1252.

1398 3436 1548 3474 Magnam
1575 3435 1643 3475 ipse
1672 3446 1746 3466 cum
1776 3435 1834 3465 sibi
1866 3436 1904 3465 de
1934 3435 2107 3465 litterarum
2137 3435 2246 3474 peritia
2278 3435 2397 3465 famam

1332 3485 1561 3518 comparasset,
1585 3479 1624 3508 ad
1657 3479 1771 3518 gradus
1803 3480 2029 3518 percurrendos
2052 3479 2085 3508 in
2113 3479 2284 3509 Academia
2312 3479 2396 3509 Pari-

1333 3522 1426 3552 siensi
1445 3522 1536 3552 illum
1555 3522 1738 3562 designavit,
1758 3523 1907 3562 magistro
1926 3523 2056 3553 Alberto
2075 3523 2247 3560 incentore,
2264 3524 2397 3554 Ioannes

1332 3566 1551 3596 Theutonicus
1566 3566 1726 3597 Generalis
1746 3567 1842 3597 totius
1862 3566 1990 3597 Ordinis
2009 3567 2164 3606 Magister.
2190 3568 2271 3598 Rem
2294 3574 2398 3598 narrat

1333 3610 1524 3641 Guillelmus
1541 3611 1580 3641 de
1594 3611 1720 3641 Tocco:
1742 3611 1818 3641 Post
1832 3611 1911 3642 haec
1925 3617 2031 3642 autem
2047 3621 2118 3642 cum
2125 3611 2242 3653 frater
2261 3613 2398 3643 Thomas
