2548 4192
953 262 1007 299 IN
1037 263 1076 299 S.
1097 263 1339 301 THOMAM
1366 263 1688 312 AQUINATEM

207 341 310 382 capite
325 349 436 378 chxn,
452 346 483 370 et
501 339 587 379 apud
603 340 783 370 Martinum
793 341 949 371 Polonum
964 341 997 370 in
1013 339 1174 379 chronico,
1192 342 1281 382 quod

208 386 242 416 in
265 393 387 415 annum
411 383 492 425 1278
517 384 709 423 perducitur.
734 385 859 415 Praeter
883 385 965 415 edita
981 385 1124 415 eiusdem
1140 386 1280 416 chronici

209 428 415 469 exemplaria,
441 427 564 458 codices
588 428 670 458 duos
693 439 768 459 mss.
794 430 958 459 consulere
981 430 1090 468 licuit,
1114 430 1170 470 qui
1197 430 1279 461 Con-

206 475 383 505 stantinum
401 479 432 503 et
445 472 573 503 Irenem
589 472 715 503 habent.
738 472 914 503 Historiam
931 473 1068 515 denique
1092 474 1184 505 refert
1206 476 1279 505 Pto-

207 519 351 548 lomaeus
383 517 556 554 Lucensis,
591 517 689 548 sancti
719 517 867 548 Thomae
902 518 1070 558 Aquinatis
1104 518 1279 559 discipulus

206 561 444 602 fidissimusque
468 561 574 591 socius
597 561 676 599 eius,
700 561 733 591 in
755 562 896 593 Historia
915 563 989 593 eccl.
1014 563 1095 593 libro
1114 562 1205 602 XIV,
1230 574 1278 594 ca-

205 606 271 646 pite
285 613 387 636 xxvn:
411 612 524 636 testem
555 605 628 636 citat
650 606 859 637 Richardum.
889 607 985 637 Hunc
1017 608 1223 638 Muratorius
1245 608 1278 638 in

207 649 400 691 praefatione
428 650 467 680 ad
499 659 581 690 opus
605 650 782 681 Ptolomaei
806 658 899 682 vocat
927 652 1118 683 monachum
1145 652 1278 683 Clunia-

205 703 353 726 censem:
376 695 508 735 eiusque
530 695 697 725 historiam
722 694 890 735 pollicetur
917 705 950 726 se
973 696 1036 726 luci
1060 696 1204 736 publicae
1225 697 1278 727 da-

205 746 326 770 turum.
343 739 456 770 Fidem
472 749 564 770 suam
579 739 721 770 liberavit
736 747 828 770 tomo
839 741 880 771 1v
897 740 978 770 inter
991 740 1202 782 Antiquitates
1220 742 1278 773 Ita-

205 783 266 814 liae
289 783 386 814 medii
402 784 481 822 aevi,
497 785 551 815 ubi
567 785 710 815 eiusdem
732 785 889 815 Richardi
906 785 1078 816 chronicon
1098 793 1180 817 extat
1195 786 1278 827 typis

205 828 343 858 editum:
369 838 435 859 non
464 829 623 869 integrum
647 829 685 859 ab
710 830 839 860 exordio
864 829 994 866 mundi,
1019 830 1073 860 sed
1097 831 1187 871 quod
1209 831 1278 861 reli-

205 881 310 913 quum
333 879 380 903 est
403 873 441 903 ab
465 873 600 914 imperio
619 872 725 904 Caroli
741 873 848 914 Magni
864 875 904 904 ad
923 883 1044 905 annum
1061 885 1162 916 usque
1184 876 1276 905 1162.

274 917 441 949 fflstorias
463 917 684 949 Romanorum
716 918 788 949 citat
811 926 938 950 sanctus
961 919 1122 950 Thomas:
1147 919 1278 950 fortasse

205 961 367 1002 Sigeberti
410 962 646 994 Gemblacensis
685 963 977 1004 chronographiam
1025 971 1080 994 aut
1123 964 1279 994 Richardi

207 1007 380 1037 chronicon
414 1008 452 1037 ab
484 1007 556 1047 ipso
581 1007 676 1037 etiam
699 1007 888 1038 Ptolomaeo
913 1008 1049 1039 Lucensi
1077 1007 1276 1038 defloratum.

207 1050 330 1087 Quidni
353 1051 448 1082 etiarn
471 1051 580 1091 legerit
609 1052 806 1082 Vincentium
826 1052 1097 1090 Bellovacensem,
1114 1052 1170 1093 qui
1193 1062 1278 1082 anno

206 1094 327 1125 circiter
351 1097 434 1135 1264
447 1095 512 1126 vita
535 1095 660 1126 mortali
682 1095 837 1135 migravit.
864 1097 1007 1138 Itemque
1023 1097 1203 1127 Martinum
1219 1097 1278 1126 Po-

207 1139 347 1169 Ionum?
370 1140 406 1170 In
429 1139 477 1170 his
501 1139 598 1170 Irene
621 1145 726 1170 mater
751 1140 956 1171 Constantini
978 1140 1103 1181 legitur,
1120 1150 1186 1170 non
1210 1141 1278 1171 He-

205 1183 299 1213 lena:
320 1182 401 1214 illud
424 1193 499 1223 ergo
523 1193 663 1222 nomen,
697 1194 763 1214 non
786 1185 872 1216 istud
901 1185 1025 1225 legebat
1062 1184 1279 1225 Scribebatque

204 1233 332 1257 sanctus
356 1228 511 1258 Thomas.
536 1229 634 1268 Apud
657 1228 862 1260 vincentium
886 1235 917 1260 et
935 1229 1160 1260 Ptolomaeum
1177 1230 1278 1270 Impe-

204 1271 324 1302 ratricis
333 1282 453 1302 nomen
471 1272 534 1303 hoc
548 1274 647 1303 modo
664 1273 818 1313 scriptum
834 1274 980 1311 occurrit,
990 1274 1141 1315 Hyrene.
1154 1273 1278 1304 Coniici

205 1315 347 1359 fortasse,
361 1323 486 1357 potat,
510 1326 548 1348 ex
570 1326 607 1347 ea
630 1318 732 1348 littera
758 1318 870 1349 initiali
893 1317 941 1356 H,
965 1318 1167 1349 occasionem
1191 1329 1278 1350 sum-

166 1374 174 1389 t
203 1359 304 1400 psisse
319 1360 484 1401 imperitos
495 1368 526 1392 et
535 1362 703 1393 oscitantes
718 1363 871 1402 librarios,
891 1369 928 1393 ut
942 1362 1081 1403 legerent
1099 1363 1280 1405 scriptoque

205 1405 393 1436 mandarent
414 1405 588 1444 Helenam,
614 1416 734 1437 nomen
757 1407 868 1448 utique
891 1407 988 1438 Irene
1010 1408 1128 1438 notius.

273 1449 472 1480 Coniecturis
496 1460 579 1491 opus
603 1461 668 1481 non
693 1459 748 1483 est.
774 1452 902 1482 Irenem
927 1452 1085 1492 scripsisse
1103 1451 1277 1491 Thomam,

206 1493 331 1524 codices
353 1504 429 1525 mss.
455 1494 614 1526 evincunt.
638 1495 716 1526 Mihi
741 1497 806 1527 duo
831 1503 956 1536 praesto
977 1496 1114 1527 fuerunt.
1130 1497 1218 1527 Alter
1233 1504 1279 1528 est

206 1546 298 1569 num.
332 1547 392 1580 ¹¹7
420 1539 454 1569 in
478 1539 598 1570 Veneta
626 1541 725 1571 sancti
752 1541 850 1572 Marci
879 1540 1083 1579 bibliotheca,
1113 1548 1278 1572 stemmate

204 1582 383 1614 cardinalis
407 1583 601 1615 Bessarionis
625 1592 772 1616 ornatus:
796 1586 851 1616 ubi
867 1586 1009 1626 Hyrene
1023 1586 1147 1626 legitur.
1168 1586 1279 1617 Codex

203 1626 283 1657 ulter
306 1634 353 1658 est
375 1628 569 1666 Brixiensis,
594 1638 693 1670 quem
716 1630 861 1670 superius
878 1630 1138 1668 memoravimus,
1159 1640 1278 1661 nomen

203 1670 319 1702 Irenes
345 1672 483 1710 habens,
507 1679 544 1703 ut
567 1673 646 1704 datis
670 1674 710 1704 ad
734 1684 786 1705 me
808 1675 917 1706 litteris
941 1674 1110 1705 admonuit
1132 1675 1279 1706 laudatus

204 1715 424 1757 Hieronymus
450 1717 603 1748 Verdura.
629 1718 753 1749 Similes
781 1719 860 1750 alios
890 1725 992 1750 extare
1023 1719 1146 1750 codices
1169 1719 1203 1749 in
1232 1718 1278 1750 bi-

204 1759 369 1791 bliothecis
393 1761 501 1792 nunus
525 1762 647 1794 dubito.

593 1881 793 1919 CAPUT
821 1883 913 1920 V11.

204 1984 329 2010 Veterum
352 1985 541 2012 haereticorum
564 1987 682 2018 nomina,
707 1996 774 2021 quae
797 1989 940 2014 deformata
963 1989 1083 2021 leguntur
1105 1989 1130 2014 in
1149 1989 1278 2022 aliquibus

203 2035 206 2036 ν
257 2021 338 2046 sancti
363 2021 483 2047 Thomae
501 2022 647 2055 Operibus,
673 2024 851 2049 emendantur.
871 2025 964 2049 Menda
983 2030 1055 2056 sunt,
1081 2032 1148 2057 quae
1173 2033 1278 2050 causam

257 2055 355 2081 habent
372 2057 535 2083 librariorum
554 2058 718 2091 imperitiam.
738 2059 825 2085 Codex
844 2068 909 2085 mss.
924 2068 1064 2094 expensus.

205 2164 230 2196 1,
252 2159 467 2240 Haereses,
491 2171 574 2202 quae
597 2162 630 2192 in
653 2163 793 2193 Ecclesia
817 2163 983 2194 christiana
1001 2169 1110 2194 ortum
1129 2163 1278 2202 habuere,

337 2212 476 2238 recenset
498 2213 625 2237 sanctus
650 2206 794 2237 Thomas
810 2217 907 2248 penes
931 2217 1043 2238 omnes
1063 2208 1095 2238 in
1112 2208 1176 2238 suis
1193 2207 1278 2248 Ope-

203 2254 292 2285 ribus
316 2265 352 2285 ac
375 2250 497 2281 refellit.
522 2252 713 2290 Auctorum,
738 2251 794 2292 qui
817 2262 869 2282 eas
893 2252 1089 2291 invexerunt,
1113 2252 1193 2283 adeo
1210 2262 1279 2283 cor-

202 2306 296 2339 rupta
320 2294 435 2329 alicubi
458 2302 630 2327 occurrunt
652 2296 800 2335 nomina,
824 2303 861 2327 ut
883 2296 1002 2327 mirum
1025 2297 1064 2327 sit
1087 2297 1193 2337 plures
1208 2297 1278 2337 plu-

203 2353 318 2384 resque
342 2340 443 2374 curari
467 2339 621 2371 editiones
644 2340 803 2381 potuisse,
829 2341 907 2382 quin
931 2341 996 2371 ulla
1020 2351 1094 2371 cura
1124 2341 1218 2372 fuerit
1241 2341 1279 2371 de

202 2387 344 2426 mendis,
368 2394 450 2427 quae
474 2394 548 2415 sane
572 2385 715 2415 enormia
738 2392 830 2423 sunt,
855 2385 1071 2416 emendandis.
1102 2385 1185 2416 Inter
1207 2386 1279 2416 Dis-

203 2432 388 2463 sertationes
421 2435 564 2468 nostras,
602 2439 684 2470 quae
714 2436 923 2460 numerantur
959 2430 1085 2470 triginta
1117 2440 1153 2460 ac
1183 2430 1279 2460 simul

201 2476 328 2507 iunctae
351 2473 491 2507 Venetiis
515 2473 701 2513 prodierunt
724 2484 809 2504 anno
832 2475 914 2516 1750
931 2475 1015 2514 apud
1037 2474 1081 2504 Io.
1104 2473 1279 2514 Baptistam

202 2520 360 2562 Pasquali,
383 2519 422 2550 de
443 2517 637 2548 eiuscemodi
658 2518 859 2558 sphalmatis,
876 2518 993 2559 quibus
1009 2518 1214 2558 Opusculum
1228 2519 1280 2549 De

203 2566 354 2596 articulis
366 2563 452 2606 fidei
471 2567 501 2593 et
520 2562 740 2593 Sacramentis
764 2569 1011 2603 conspurcatum
1031 2569 1086 2601 est,
1107 2563 1230 2602 egimus
1245 2563 1278 2593 in

202 2610 442 2640 Dissertatione
463 2606 558 2645 VIII,
584 2607 685 2647 capite
707 2617 740 2638 11.
765 2609 1001 2647 Argumentum
1023 2607 1119 2644 istud,
1144 2614 1180 2638 ut
1202 2607 1279 2638 haec

202 2653 320 2684 laboris
345 2652 444 2683 nostri
464 2661 535 2691 pars
554 2651 587 2681 in
604 2653 750 2692 praeviis
773 2652 869 2682 etiam
888 2651 1176 2689 Admonitionibus,
1196 2662 1278 2692 quae

201 2698 336 2738 singulis
355 2707 458 2728 novae
472 2696 619 2726 Thomae
635 2695 781 2736 Operum
798 2696 944 2726 editionis
954 2696 1173 2726 voluminibus
1190 2706 1278 2736 prae-

201 2742 383 2781 mittuntur,
406 2741 517 2772 locum
540 2740 664 2778 habeat,
680 2740 795 2771 iterum
812 2750 850 2771 eo
870 2740 1126 2780 pertractandum
1145 2740 1277 2770 consilio

204 2787 350 2825 adsumo,
374 2785 442 2827 quo
465 2785 563 2815 sancti
587 2785 735 2815 Thomae
752 2785 858 2826 Opera
874 2785 1086 2825 imposterum
1108 2792 1278 2825 expurgata

202 2831 255 2861 edi
278 2831 401 2871 possint
423 2840 460 2860 ac
483 2829 599 2859 menda
622 2829 675 2859 illa
691 2839 758 2860 non
773 2829 937 2870 Aquinati,
957 2830 1012 2860 sed
1031 2829 1163 2860 librariis
1182 2829 1277 2860 tribui

203 2875 328 2913 debere,
353 2874 523 2905 certissime
545 2874 732 2905 innotescat.
928 2873 931 2876 ⁴

271 2919 307 2949 In
334 2918 512 2959 Opusculo,
537 2918 625 2959 quod
649 2918 736 2948 iuxta
758 2925 896 2948 veterem
919 2918 1065 2948 ordinem
1093 2925 1278 2949 numeratur

207 2962 364 3000 Quintum
389 2961 422 2992 in
446 2963 592 2992 Romana
615 2963 674 2993 sub
690 2963 747 2993 Pio
764 2963 793 2993 V
810 2962 958 3000 editione,
983 2962 1047 3002 agit
1065 2962 1208 3003 Aquinas
1226 2963 1277 2993 De

202 3007 352 3037 articulis
371 3006 456 3047 fidei
479 3011 510 3036 et
536 3006 755 3037 Sacramentis
777 3007 951 3037 Ecclesiae.
982 3007 1135 3037 Haereses
1165 3006 1278 3037 refellit

204 3051 401 3081 orthodoxae
425 3050 586 3080 doctrinae
609 3051 752 3081 adversas
769 3060 943 3091 earumque
958 3056 1107 3081 auctores
1126 3058 1275 3082 recenset.

205 3095 241 3125 In
257 3095 442 3125 nominibus
458 3094 551 3124 foeda
570 3094 728 3136 irrepsisse
747 3095 923 3135 sphalmata
942 3095 1179 3125 adnotavimus:
1194 3105 1276 3135 quae

203 3138 238 3169 in
261 3139 427 3169 Parisiensi
452 3138 688 3179 opusculorum
712 3139 850 3169 editione
866 3148 950 3169 anno
973 3140 1054 3169 1656
1070 3139 1191 3169 detersa
1209 3139 1276 3169 fue-

204 3190 280 3214 runt
295 3183 401 3213 studio
422 3189 452 3213 et
471 3192 545 3213 cura
563 3183 651 3213 Petri
665 3184 813 3221 Pelican,
829 3184 929 3223 patria
946 3190 976 3214 et
991 3183 1188 3223 professione
1203 3193 1276 3214 car-

204 3229 364 3265 nutensis,
389 3226 519 3258 Ordinis
542 3226 807 3258 Praedicatorum.
831 3228 938 3258 Novas
962 3228 1075 3258 addere
1105 3237 1195 3258 curas
1218 3237 1275 3257 no-

202 3278 281 3303 stras
305 3272 405 3302 liceat.
421 3289 430 3293 -

273 3317 308 3346 In
332 3315 539 3356 Expositione
562 3315 656 3355 primi
676 3315 797 3345 articuli
820 3316 860 3346 de
878 3317 1034 3346 essentiae
1054 3315 1182 3345 divinae
1204 3317 1274 3345 uni-

203 3366 282 3398 tate,
303 3360 411 3390 tertius
431 3366 615 3390 numeratur
634 3369 719 3389 error
736 3360 1068 3399 Atropomonsitarum
1086 3360 1273 3398 ponentium

205 3415 306 3435 unum
330 3405 434 3434 Deum
443 3411 456 3441 ‚⁰
478 3403 534 3434 sed
556 3404 728 3434 dicentium
749 3413 820 3433 eum
838 3413 1025 3443 corporeum
1043 3409 1073 3433 et
1088 3403 1131 3432 ad
1146 3403 1273 3432 modum

204 3449 340 3479 humani
363 3449 507 3488 corporis
521 3447 717 3488 formatum.
743 3448 958 3477 Monstrosam
981 3447 1072 3477 reiice
1094 3453 1222 3476 vocem:
1239 3457 1274 3476 ac

206 3503 326 3533 repone
361 3492 770 3532 Anthropomorphitarum.
809 3491 994 3521 Genuinum
1026 3500 1145 3520 nomen
1182 3490 1276 3520 habet

205 3538 351 3578 Aquinas
376 3537 496 3574 1121122,
513 3547 543 3577 q.
568 3546 730 3574 eLxxxvm,
755 3542 810 3566 art.
830 3546 859 3565 v.
886 3548 901 3562 a
921 3535 956 3565 In
978 3534 1199 3566 collationibus
1214 3535 1273 3564 Pa-

209 3593 225 3608 >
248 3587 333 3612 trum
358 3579 498 3624 (collatio
518 3586 564 3611 est
583 3591 618 3619 x,
640 3581 741 3620 capite
763 3578 801 3622 v)
824 3579 947 3618 legitur,
974 3579 1063 3619 quod
1087 3578 1193 3608 Abbas
1219 3578 1273 3607 Se-

208 3637 225 3653 θ
244 3627 357 3666 rapion
381 3632 511 3666 propter
534 3624 767 3665 simplicitatem
790 3623 899 3654 incidit
922 3623 955 3653 in
979 3632 1116 3653 errorem
1134 3623 1274 3652 Anthro-

2266 281 2409 308 CCCXLV

1338 355 1353 370 x
1370 345 1668 384 pomorphitarum:
1681 345 1762 376 idest
1776 354 1900 383 eorum,
1911 345 1967 386 qui
1981 346 2088 376 Deum
2102 346 2216 377 habere
2229 347 2406 380 humanam

1339 400 1353 415 »
1376 387 1513 418 formam
1536 388 1774 421 arbitrabantur.
1796 401 1811 416 »
1840 390 1928 420 Idem
1957 398 2077 420 nornen
2104 390 2219 430 legitur
2241 393 2273 422 in
2303 394 2408 425 indice

1336 433 1513 463 universali
1531 434 1563 463 in
1587 435 1695 464 omnia
1715 434 1823 475 Opera
1846 434 1913 465 divi
1940 435 2079 465 Thomae
2096 435 2137 465 de
2154 436 2291 476 Aquino,
2309 445 2408 478 quem

1335 476 1536 507 concinnavit
1551 478 1661 508 Petrus
1676 479 1909 519 Bergomensis.
1925 473 2018 519 opus
2038 478 2071 509 in
2088 479 2193 509 lucem
2211 481 2329 520 prodiit
2343 482 2406 512 Bo-

1335 522 1453 551 noniae
1481 530 1566 552 anno
1605 524 1707 564 1475,
1730 524 1882 554 Basileae
1910 523 2013 564 1478,
2044 523 2180 554 Veneriis
2216 533 2320 566 1497,
2343 526 2406 557 Ro·

1335 574 1407 595 mae
1435 566 1528 604 1535,
1545 571 1576 597 et
1598 566 1714 597 iterum
1743 569 1824 609 1570
1849 578 1912 608 qua
1935 574 2009 598 utor
2032 567 2180 599 editione.

1401 610 1521 640 Contra
1551 618 1701 652 quartum
1733 612 1917 650 articulum,
1952 612 2008 653 qui
2025 613 2168 652 pertinet
2189 612 2234 643 ad
2257 612 2407 654 effectum

1333 655 1474 694 gratiae,
1486 664 1550 694 per
1571 665 1667 695 quam
1692 657 1875 698 vivificatur
1896 657 2042 688 Ecclesia
2066 667 2086 687 a
2109 657 2190 694 Deo,
2215 658 2404 698 excogitatas

1334 698 1426 729 refert
1448 698 1590 729 haereses
1614 700 1720 740 plures
1739 701 1899 742 Aquinas:
1929 715 1943 729 ι
1959 701 2023 731 Alii
2041 710 2116 731 vero
2137 700 2327 744 (inquiens),
2347 703 2404 743 qui

1335 754 1349 769 2
1372 743 1594 774 Passalonitae
1617 744 1774 783 dicuntur,
1792 745 1951 776 intantum
1974 745 2099 775 silentio
2123 746 2265 784 student,
2291 753 2328 777 ut
2350 757 2404 777 na-

1335 799 1350 813 »
1373 787 1459 818 ribus
1483 794 1513 817 et
1535 788 1623 818 labiis
1648 788 1782 828 digitum
1806 796 1978 830 apponant.
2002 789 2152 820 Passalos
2175 790 2404 830 enimgraece,

1336 843 1350 858 ιι
1373 832 1487 862 dicitur
1504 833 1620 872 palus:
1638 839 1669 863 et
1691 834 1840 871 ranchos,
1861 843 1966 864 nasus.
1986 845 2001 861 ³,
2029 834 2216 873 Legendum
2238 835 2402 866 Pelicanus

1322 875 1421 906 -iubet
1443 873 1580 919 ῥύγχος,
1608 878 1764 917 rynchos,
1788 878 1929 918 itemque
1959 875 2161 916 πάτταλος,
2180 880 2346 919 pattalos:
2368 890 2405 911 ac

1335 920 1478 958 demum,
1493 920 1836 966 Πατταλορυγκίται,
1852 922 2160 963 Pattalotynchitae.
2176 923 2299 966 Primae
2313 924 2399 955 vocis

1332 971 1415 995 recta
1439 965 1619 996 emendatio
1635 972 1699 996 est:
1720 975 1802 1006 quae
1826 973 2002 1007 sequuntur
2019 967 2226 998 correctiones
2243 969 2402 1006 duae,‘su—

1333 1007 1472 1048 perfluae
1496 1016 1579 1040 sunt.
1604 1010 1716 1040 Lexica
1740 1019 1878 1051 namque
1903 1017 1933 1041 et
1956 1010 2066 1042 Graeci
2092 1012 2258 1052 scriptores
2281 1019 2404 1043 utrum-

1333 1062 1397 1093 que
1420 1053 1537 1085 habent
1559 1054 1645 1084 iuxta
1667 1054 1792 1084 varium
1815 1055 2000 1093 dialectum,
2019 1056 2163 1095 pattalos
2186 1063 2216 1087 et
2235 1057 2402 1097 passales,

1332 1096 1632 1139 Pattalorynchitae
1655 1104 1686 1128 et
1708 1099 2023 1139 Passalorynchitae.
2048 1099 2180 1130 Sanctus
2203 1101 2402 1141 Augustinus

1333 1141 1452 1171 haeresi
1476 1152 1550 1172 Lxm
1573 1142 1616 1173 sic
1640 1142 1701 1172 ait:
1734 1156 1749 1171 ι
1770 1143 2074 1184 Passalorrnchitae
2096 1143 2255 1175 intantum
2278 1146 2403 1176 silentio

1336 1198 1351 1213 ν
1374 1186 1512 1224 student,
1538 1193 1574 1217 ut
1596 1186 1724 1217 naribus
1748 1194 1779 1218 et
1801 1188 1890 1217 labiis
1914 1187 1978 1217 suis
2002 1188 2137 1227 digitum
2165 1196 2339 1229 apponant,
2362 1200 2403 1220 ne

1336 1243 1350 1257 2·
1373 1229 1424 1260 vel
1446 1230 1549 1271 ipsam
1563 1231 1807 1262 taciturnitatem
1830 1242 1908 1262 voce
1931 1232 2130 1272 praeripiant,
2146 1234 2276 1274 quando
2299 1241 2402 1264 tacen-

1336 1287 1351 1302 »
1374 1275 1453 1305 dum
1476 1275 1534 1305 sibi
1559 1285 1625 1305 esse
1654 1275 1858 1314 arbitrantur,
1888 1277 1972 1306 unde
2000 1276 2095 1306 etiam
2123 1277 2183 1307 illis
2211 1284 2257 1308 est
2283 1287 2403 1309 nomen

1336 1331 1350 1346 »
1373 1319 1526 1357 inditum;
1551 1317 1728 1356 πάσσαλος
1754 1321 1840 1350 enim
1855 1330 1963 1360 graece
1980 1320 2093 1351 dicitur
2106 1322 2215 1361 palus,
2233 1329 2263 1352 et
2278 1319 2401 1367 ῥύγχος

1336 1375 1350 1390 »
1374 1373 1482 1394 nasus.
1500 1364 1568 1395 Cur
1590 1372 1698 1395 autem
1721 1375 1777 1405 per
1790 1366 1905 1405 palum
1926 1365 2061 1405 digitum
2084 1365 2257 1405 significare
2281 1370 2400 1397 malue-

1336 1419 1351 1435 »
1373 1408 1445 1446 rint,
1463 1419 1481 1438 a
1504 1409 1621 1449 quibus
1644 1409 1706 1440 hoc
1729 1419 1848 1440 nomen
1873 1409 2090 1449 compositum
2112 1417 2168 1449 est,
2185 1411 2307 1441 nescio:
2329 1421 2404 1441 cum

1336 1464 1350 1479 »
1373 1462 1483 1492 graece
1507 1460 1538 1484 et
1564 1452 1686 1484 dicatur
1712 1454 1834 1495 digitus
1861 1447 2056 1494 δάκτυλος,
2085 1461 2116 1485 et
2143 1455 2267 1495 possint
2294 1455 2404 1496 utique

1336 1509 1350 1523 »
1373 1497 1688 1538 Dactrlorynchitae
1701 1498 1806 1529 multo
1821 1499 1996 1529 evidentius
2011 1499 2197 1539 nuncupari.
2209 1511 2223 1526 ³>
2243 1499 2278 1529 In
2293 1501 2404 1539 Augu-

1333 1541 1417 1572 stino
1432 1542 1554 1582 legebat
1572 1542 1715 1583 Aquinas
1730 1544 1888 1583 rynchos:
1900 1543 2038 1583 imperiti
2054 1543 2170 1574 librarii
2185 1550 2403 1584 expresserunt

1334 1587 1482 1617 ranchos.
1506 1586 1614 1617 Fuerit
1638 1587 1732 1617 etiam
1755 1594 1908 1628 typorum
1931 1587 2098 1618 mendum.

1401 1630 1522 1661 Ibidem
1546 1630 1687 1662 decimus
1711 1641 1797 1662 error
1827 1639 1872 1662 est
1895 1633 2182 1662 Ariscianistarurn
2206 1629 2252 1674 (et
2280 1632 2314 1662 in
2337 1632 2404 1663 aliis

1333 1675 1524 1706 editionibus
1547 1676 1850 1718 Priscianistarum)
1870 1682 1900 1707 et
1919 1676 2013 1707 etiam
2030 1676 2331 1707 Mathematicorum
2355 1677 2404 1708 di-

1333 1721 1487 1757 centium,
1497 1720 1641 1750 homines
1652 1720 1815 1761 fatalibus
1828 1722 1929 1751 stellis
1938 1721 2105 1761 obligatos.
2116 1720 2271 1751 Mendum
2281 1728 2403 1752 utrum-

1331 1773 1395 1804 que
1419 1764 1549 1804 corrige,
1566 1764 1655 1805 quod
1670 1764 1794 1804 irrepsit
1816 1774 1875 1805 pro
1893 1774 1969 1795 vero
1985 1764 2116 1795 nomine
2139 1765 2399 1796 Priscillianista-

1332 1816 1425 1838 rum:
1443 1818 1525 1849 quos
1549 1809 1582 1838 in
1606 1809 1768 1849 IIispania
1792 1807 1849 1852 (ait
1871 1809 2068 1849 Augustinus
2091 1809 2211 1839 haeresi
2233 1807 2306 1851 Lxx)
2329 1811 2401 1840 Pri-

1331 1853 1500 1883 scillianus
1527 1854 1672 1884 instituit.
1699 1853 1766 1884 Cur
1789 1854 1884 1884 etiam
1915 1854 2136 1884 Mathematici
2168 1853 2242 1884 dicti
2265 1853 2400 1893 fuerint,

1332 1897 1426 1927 docet
1447 1897 1565 1927 ibidem
1589 1904 1714 1928 sanctus
1737 1898 1843 1928 Pater:
1877 1911 1891 1926 ι
1908 1899 2086 1928 Adstruunt
2108 1898 2203 1928 etiam
2222 1896 2401 1941 (inquiens)

1334 1953 1348 1968 »
1372 1941 1517 1972 fatalibus
1541 1941 1637 1972 stellis
1660 1942 1808 1973 homines
1824 1943 1999 1982 colligatos,
2015 1942 2187 1983 ipsumque
2211 1952 2327 1983 corpus
2343 1953 2401 1973 no—

1335 1998 1350 2013 »
1373 1992 1474 2016 strum
1498 1986 1675 2017 secundum
1691 1987 1861 2017 duodecim
1877 1987 1965 2027 signa
1989 1986 2065 2017 caeli
2082 1996 2148 2017 esse
2164 1987 2381 2027 compositum
2393 2010 2402 2026 ,

1334 2041 1349 2057 a>
1373 2030 1453 2061 sicut
1476 2030 1520 2068 hi,
1541 2030 1596 2071 qui
1619 2031 1840 2062 Mathematici
1862 2032 1959 2071 vulgo
1983 2031 2193 2071 appellantur,
2212 2031 2404 2062 constituen—

1335 2086 1350 2102 ι·
1373 2081 1418 2105 tes
1442 2074 1474 2105 in
1499 2075 1599 2115 capite
1624 2075 1763 2114 arietem,
1794 2083 1922 2106 taurum
1945 2076 1978 2106 in
2002 2075 2119 2106 cervice
2144 2082 2201 2106 etc.
2224 2088 2239 2103 >v
2271 2076 2318 2106 Ex
2342 2076 2404 2107 hoc

1333 2118 1421 2149 fonte
1445 2129 1502 2149 sua
1526 2119 1689 2150 hauriebat
1720 2127 1847 2150 sanctus
1876 2120 2030 2150 Thomas.
2057 2119 2254 2150 Germanum
2285 2130 2406 2150 nomen

1333 2163 1469 2194 occurrit
1484 2163 1565 2194 libro
1582 2164 1623 2194 111
1639 2164 1759 2195 Contra
1775 2171 1894 2204 gentes,
1913 2164 2014 2204 capite
2030 2174 2140 2202 Lxxxv,
2157 2174 2246 2194 num.
2270 2165 2317 2195 13:
2334 2165 2404 2195 Pri-

1332 2209 1542 2239 scillianistae
1564 2209 1746 2239 huiusmodi
1769 2210 1892 2239 erroris
1914 2210 2010 2239 etiam
2034 2209 2082 2238 rei
2097 2208 2250 2249 fuerunt,
2268 2214 2303 2239 ut
2326 2209 2403 2239 dici-

1334 2258 1389 2283 tur
1412 2253 1443 2283 in
1470 2251 1668 2295 (Augustini)
1688 2253 1769 2284 libro
1787 2254 1838 2283 De
1860 2253 2054 2283 haeresibus.
2075 2252 2120 2282 Ita
2143 2252 2259 2283 scilicet
2282 2253 2315 2283 in
2339 2253 2402 2283 edi-

1334 2297 1420 2327 tione
1444 2298 1590 2327 Romana
1613 2298 1672 2327 sub
1696 2297 1753 2327 Pio
1770 2298 1798 2328 V
1818 2304 1848 2328 et
1870 2298 1991 2328 Veneta
2009 2296 2170 2327 Dominici
2193 2297 2332 2327 Nicolini
2347 2307 2403 2328 an-

1333 2351 1376 2371 no
1399 2343 1491 2381 1593.
1513 2342 1547 2371 In
1563 2341 1665 2372 indice
1688 2341 1770 2372 Petri
1789 2342 1985 2381 Bergomatis
2001 2351 2030 2371 v.
2048 2341 2216 2378 Haeresis,
2239 2351 2327 2372 num.
2349 2343 2402 2382 96,

1334 2386 1482 2416 dicuntur
1503 2386 1752 2416 Priscianistae:
1777 2386 1867 2427 quod
1890 2393 1936 2416 est
1958 2385 2087 2423 indicio,
2112 2392 2167 2416 aut
2189 2385 2342 2426 imperitis
2364 2387 2401 2417 li-

1332 2430 1441 2460 brariis
1465 2436 1519 2460 aut
1542 2430 1747 2460 oscitantibus
1775 2430 1949 2471 typothetis
1972 2429 2068 2460 tribui
2096 2430 2251 2460 mendum
2279 2430 2401 2461 debere.

1332 2475 1410 2504 Prae
1441 2475 1587 2505 manibus
1616 2474 1718 2505 habeo
1747 2475 1903 2506 Venetam
1933 2475 2085 2504 Summae
2114 2475 2310 2515 theologicae
2340 2475 2403 2505 edi-

1333 2518 1454 2549 tionem
1487 2519 1560 2549 anni
1599 2520 1675 2549 1501
1705 2519 1737 2549 in
1761 2529 1825 2560 qua
1847 2519 2120 2556 Priscilianistae,
2148 2529 2214 2549 non
2247 2519 2404 2559 geminata

1332 2563 1434 2593 littera
1457 2563 1499 2601 L,
1524 2570 1703 2594 occurrunt.

1399 2607 1525 2638 Eodem
1547 2607 1580 2637 in
1604 2607 1676 2638 loco
1701 2607 1910 2638 duodecimus
1934 2613 2118 2638 numeratur
2141 2617 2237 2644 error,
2253 2617 2319 2647 quo
2342 2608 2402 2638 im-

1332 2651 1439 2692 plicati
1463 2651 1641 2682 referuntur
1661 2652 1976 2689 Texerarecochitae,
1995 2652 2075 2682 idest
2094 2651 2399 2690 Quartodecumani,

1332 2697 1388 2736 qui
1410 2696 1521 2727 dicunt
1542 2692 1784 2737 quartadecima
1815 2697 1894 2727 luna
1917 2697 2040 2727 Pascha
2064 2706 2132 2726 esse
2154 2696 2398 2734 celebrandum,

1331 2750 1530 2781 quocumque
1552 2741 1604 2771 die
1618 2742 1816 2781 septimanae
1838 2746 2031 2772 occurreret.
2052 2740 2132 2777 Quis
2148 2740 2340 2770 vocabulum
2358 2740 2400 2770 fe-

1331 2792 1379 2815 rat
1401 2785 1543 2825 opicum,
1563 2786 1731 2815 barbarum
1755 2782 2051 2825 deformatumque?
2070 2783 2226 2814 Haeretici
2249 2785 2398 2824 appellari

1331 2829 1447 2860 debent
1474 2829 1849 2867 Tessarescaedecatitae,
1873 2822 2294 2872 τεσσαρεσκαιδεκατίται,
2318 2828 2399 2859 idest

1334 2874 1629 2911 Quartodecimani.
1641 2874 1721 2904 Vide
1731 2874 1948 2914 Epiphaniam
1963 2873 2081 2903 haeresi
2095 2883 2112 2902 1.
2129 2883 2163 2903 ac
2179 2872 2396 2912 Augustinum

1330 2918 1450 2948 haeresi
1473 2929 1554 2949 xxrx.
1571 2919 1674 2949 Voces
1693 2918 1878 2948 huiusmodi
1898 2917 2138 2957 compendiariis
2158 2916 2287 2946 fortasse
2311 2917 2395 2947 notis

1331 2970 1468 2993 exaratas
1484 2963 1590 2993 minus
1610 2969 1691 2993 recte
1708 2969 1777 2993 tum
1791 2963 1904 3002 legere,
1921 2969 1990 2992 tum
2006 2961 2207 2992 transcribere
2223 2967 2396 3000 potuerunt

1330 3007 1437 3038 minus
1461 3007 1552 3047 periti
1575 3007 1700 3037 librarii.
1723 3007 1756 3036 In
1782 3007 1924 3046 catalogo
1944 3006 2184 3043 haereticorum,
2203 3015 2301 3045 quem
2320 3015 2394 3035 con-

1331 3051 1467 3082 cinnavit
1481 3052 1657 3082 Bernardus
1669 3051 1932 3090 Lutzenburgius,
1944 3050 2028 3080 edito
2043 3049 2198 3080 Coloniae
2209 3059 2293 3079 anno
2314 3051 2394 3090 1537

1331 3106 1405 3125 cum
1429 3096 1546 3126 mendo
1571 3096 1618 3125 bis
1640 3095 1754 3134 legitur
1775 3104 1838 3124 vox
1860 3095 1922 3132 illa,
1943 3094 2247 3130 Tesseradecatitae,
2265 3099 2296 3124 et
2324 3094 2395 3124 Tes-

1329 3139 1586 3170 seresdecaticae.
1604 3139 1758 3170 Mendosa
1781 3138 1906 3178 proprie
1930 3148 1996 3168 non
2016 3145 2061 3168 est
2083 3147 2156 3175 vox,
2176 3137 2395 3174 Quartodecu-

1330 3185 1434 3221 mani,
1459 3183 1513 3213 sed
1534 3183 1841 3221 Quartodecimanos
1856 3182 2019 3212 Thomam
2042 3182 2200 3222 scripsisse
2216 3182 2323 3212 nullus
2338 3182 2394 3212 du-

1330 3228 1504 3258 bitaverim.

1395 3272 1485 3301 Parte
1509 3271 1534 3301 11
1558 3272 1609 3301 De
1627 3271 1845 3302 Sacramentis
1862 3271 2028 3301 Ecclesiae
2049 3270 2129 3300 inter
2148 3279 2266 3300 errores
2285 3269 2392 3300 catho-

1328 3315 1406 3345 licae
1429 3315 1502 3345 fidei
1527 3315 1672 3345 dissonos
1696 3315 1817 3354 primus
1841 3322 2018 3345 recensetur
2041 3315 2315 3350 Solentianorum‚
2340 3315 2394 3353 qui

1328 3360 1527 3399 Baptismum
1554 3360 1585 3388 in
1605 3369 1689 3398 aqua
1710 3369 1771 3388 non
1796 3360 1963 3398 recipiunt,
1989 3359 2046 3388 sed
2068 3359 2169 3388 solum
2194 3358 2393 3397 Baptismum

1327 3403 1538 3443 spiritualem.
1555 3403 1719 3432 Absonam
1734 3412 1845 3432 vocem
1863 3403 1995 3442 spongia
2014 3402 2093 3432 dele.
2112 3401 2266 3432 Haeretici
2291 3401 2394 3432 dicen-

1329 3447 1360 3476 di
1385 3453 1458 3477 sunt
1483 3447 1664 3476 Seleuciam·
1687 3456 1742 3476 seu
1769 3446 1958 3483 Hermiani,
1985 3453 2020 3476 ut
2039 3446 2080 3475 ait
2105 3446 2302 3485 Augustinus
2322 3446 2393 3476 hae-

1328 3490 1387 3520 resi
1411 3501 1461 3520 mx
1483 3490 1523 3520 ab
1546 3490 1731 3520 auctoribus
1753 3490 1885 3520 Seleuco
1910 3490 1959 3520 vel
1973 3490 2130 3520 Hermia:
2148 3491 2203 3530 qui
2226 3491 2394 3521 elemento-

1328 3545 1400 3564 rum
1425 3535 1604 3571 materiam,
1622 3534 1661 3564 de
1683 3544 1745 3574 qua
1762 3533 1876 3575 factus
1899 3540 1945 3564 est
1961 3534 2110 3570 mundus,
2128 3544 2190 3564 non
2215 3544 2235 3564 a
2258 3534 2327 3564 Deo
2335 3534 2395 3575 fa-

1328 3584 1410 3608 ctam
1435 3578 1560 3615 dicunt,
1585 3578 1641 3608 sed
1663 3578 1732 3608 Deo
1758 3583 2006 3609 coaeternam...
2026 3578 2225 3618 Baptismum
2250 3579 2282 3608 in
2309 3589 2396 3619 aqua

1329 3632 1391 3652 non
1416 3623 1586 3662 accipiunt.
