2788 4204
87 495 98 506 ⁴¹
107 494 182 517 Codd.
192 501 233 516 -Ρτ
245 500 300 516 una.

86 649 96 657 ⁶
106 647 174 669 Enim
189 654 237 669 om.
251 655 274 669 Α.

86 674 109 685 '¹‘
125 674 161 696 Cf.
172 675 225 696 lect.
235 681 272 696 xv.

87 805 98 816 ⁸
107 805 184 827 Codd.
191 817 201 822 -
210 812 234 827 1²:
246 812 300 828 con-

88 832 185 853 veniunt
197 832 231 854 ad
240 833 287 854 inv.

85 915 97 926 ⁴
114 914 189 946 codd.
206 922 259 947 ..vg
274 921 300 947 q-

85 946 151 962 Μία
176 947 299 969 βΥΩΙιῚρΙα

86 967 174 995 ’.Ταῦθ’-

86 1024 97 1036 '
105 1030 148 1047 Αοτ
158 1025 183 1047 tn
197 1031 299 1048 sursum.

87 1076 97 1088 “
117 1076 287 1099 Deecendendo

85 1109 114 1124 ex
124 1103 202 1130 codd„
209 1109 285 1130 exem,

85 1129 126 1157 qui
145 1135 195 1151 om.
209 1130 285 1152 maio—

84 1161 160 1178 rem...
175 1162 267 1178 versus.

85 1181 97 1194 ¹*
104 1188 125 1204 ιη
135 1182 284 1210 syllogismo.

163 1397 187 1419 d.
202 1403 253 1419 -Ρε
268 1398 302 1419 ω

78 1425 149 1452 pata.

80 1709 93 1722 ‘⁸
105 1715 135 1733 a:
147 1710 248 1738 accep&-

79 1866 126 1890 ὀε
140 1867 197 1890 tuln.
206 1867 296 1899 accipi—

79 1895 120 1916 ur
145 1895 174 1916 ut
195 1893 256 1915 med:

80 1919 252 1943 descendendo.

76 2131 89 2143 ¹*
103 2130 196 2154 Codd.:
218 2130 292 2159 infra.

76 2163 92 2180 ο
106 2157 176 2180 habet
189 2158 231 2179 lac.

75 2188 88 2200 ⁴
100 2194 127 2210 a:
142 2188 218 2216 excup.

1122 248 1235 284 CAP.
1265 249 1426 296 XXXII,
1458 250 1608 287 LECT.
1638 251 1759 287 XLIII

387 326 420 363 5.
438 324 588 362 Deinde
608 337 697 362 cum
713 324 817 362 dicit:
837 325 973 373 Neque
986 325 1098 362 etiam
1116 337 1295 363 verorum
1312 334 1393 374 etc.‚

331 377 495 415 ostendit
527 378 633 426 quod
661 391 733 415 nec
761 378 1067 426 syllogismorum
1099 391 1280 415 verorum
1309 388 1396 417 sunt

331 431 467 468 eadem
480 431 688 480 principia,
711 438 874 480 quatuor
894 431 1113 468 rationibus.
1132 432 1304 478 Quarum
1319 433 1393 481 pri-

330 496 396 521 ma
411 484 603 521 *sumitur
630 497 675 521 ex
696 484 907 521 differentia
931 484 1206 533 principiorum
1220 486 1391 534 proprio-

330 549 433 583 rum;
461 537 566 574 unde
586 537 674 574 dicit
697 537 802 586 quod
827 549 945 586 neque
969 539 1080 574 etiam
1112 549 1290 574 verorum
1317 540 1393 587 syl-

330 590 579 640 logismorum
619 597 708 627 sunt
743 591 874 627 eadem
900 591 1102 639 principia.
1141 591 1392 629 Diversorum

331 643 433 680 enirn
450 645 470 664 ’¹²
493 655 678 691 generum
708 643 858 681 diversa
885 644 1070 693 principia
1098 652 1182 681 sunt
1204 645 1267 682 *ἢῆ
1298 646 1392 683 sicut

328 703 432 744 patet
451 696 556 745 quod
574 696 880 744 magnitudinum
894 696 907 718 ⁹
924 698 1108 747 principia
1136 706 1222 734 sunt
1239 707 1392 747 puncta,

329 761 580 787 numerorum
596 757 725 786 autem
744 751 922 797 unitates3
943 763 1042 800 quae
1062 763 1141 788 non
1161 752 1394 789 conveniunt

329 802 400 838 sibi
427 802 595 840 invicem
621 804 663 851 ³³²,
693 803 782 852 quia
815 804 976 841 unitates
1009 816 1088 841 non
1122 804 1265 841 habent
1291 806 1392 853 posi-

329 854 492 902 tionem,
512 863 652 904 puncta
679 869 773 893 vero
802 858 953 894 habent.
985 857 1024 894 Si
1053 865 1182 894 autem
1210 858 1393 907 principia

329 908 503 945 omnium
520 910 540 930 ²¹²
556 909 863 957 syllogismorum
884 910 1132 947 convenirent
1151 911 1199 947 ad
1214 911 1391 958 invicem,

328 973 484 999 necesse
514 969 612 998 esset
640 963 745 1011 quod
763 964 825 999 vel
845 964 1092 1000 convenirent
1109 964 1148 1000 in
1167 964 1309 1011 medio,
1330 966 1392 1002 vel

328 1026 479 1051 sursum
501 1016 521 1036 *
542 1015 786 1053 ascendendo
805 1029 940 1053 versus
968 1017 1152 1053 maiorem
1182 1017 1392 1054 extremita-

327 1073 417 1114 tem,
437 1068 500 1105 vel
521 1068 701 1105 deorsum
724 1068 993 1106 descendendo
1011 1070 1030 1090 ²¹⁸
1044 1081 1178 1106 versus
1193 1071 1391 1115 minorem,

328 1120 418 1169 quia
437 1121 476 1157 in
497 1121 723 1169 syllogismis
739 1123 759 1143 ’⁸
778 1134 935 1159 necesse
955 1130 1011 1159 est
1029 1122 1135 1170 quod
1162 1122 1312 1159 termini
1331 1123 1394 1159 vel

327 1181 569 1210 assumantur
582 1173 736 1210 interius
750 1176 812 1211 vel
828 1175 1000 1212 exterius.
1011 1174 1209 1211 -Interius
1225 1175 1392 1223 quidem,

327 1226 482 1275 quando
511 1227 804 1276 multiplicantur
832 1227 1038 1275 syllogismi
1067 1227 1116 1264 ad
1147 1228 1393 1275 probandum

324 1279 607 1328 propositiones
639 1280 823 1318 inductas.
858 1281 971 1316 Tunc
1004 1279 1107 1317 enim
1145 1292 1302 1317 necesse
1340 1288 1396 1317 est

325 1333 431 1381 quod
459 1332 692 1382 accipiantur
719 1333 859 1379 media,
887 1334 987 1381 'quae
1016 1341 1104 1370 sunt
1131 1333 1226 1370 inter
1244 1334 1393 1382 praedi-

324 1386 733 1434 eataffpropositionum
762 1394 799 1423 et
826 1386 1005 1423 subiecta.
1027 1388 1123 1423 Puta
1144 1387 1163 1408 ’¹‘
1193 1387 1229 1426 si.
1249 1387 1294 1423 sit
1312 1388 1394 1424 talis

323 1438 576 1486 syllogismus,
605 1451 717 1476 omne
744 1441 780 1475 B
806 1445 861 1476 est
885 1440 933 1485 A,
954 1452 1065 1477 omne
1088 1440 1122 1477 C
1146 1446 1200 1477 est
1223 1442 1270 1486 Β,
1299 1453 1393 1491 ergo

323 1502 436 1527 omne
465 1492 499 1528 C
513 1498 567 1528 est
583 1493 640 1537 A,·
668 1492 698 1529 si
718 1500 892 1541 oporteat
919 1493 1071 1541 probari
1091 1505 1203 1530 omne
1220 1495 1256 1529 B
1274 1499 1329 1530 est
1344 1495 1391 1541 A,

323 1551 474 1592 oportet
502 1557 697 1582 assumere
726 1545 881 1594 aliquod
909 1546 1081 1583 medium
1110 1546 1206 1584 inter
1229 1547 1260 1583 B
1290 1554 1327 1584 et
1345 1549 1391 1594 A,

321 1604 415 1645 puta
433 1599 481 1634 D.
503 1599 552 1636 Et
566 1599 736 1636 similiter
755 1599 785 1636 si
801 1599 938 1636 debeat
952 1599 1105 1647 probari
1121 1601 1257 1646 minor,
1279 1613 1392 1649 opor-

322 1657 376 1687 tet
394 1651 566 1699 accipere
581 1652 735 1701 aliquod
756 1652 928 1689 medium
947 1652 1043 1689 inter
1065 1654 1096 1689 C
1117 1660 1152 1689 et
1171 1654 1214 1700 B,
1234 1661 1326 1702 puta
1341 1655 1391 1690 E:

323 1710 360 1739 et
385 1702 439 1740 sic
467 1717 620 1754 semper
647 1705 798 1742 termini
823 1706 1043 1754 assumpti*
1062 1706 1216 1743 interius
1245 1707 1388 1743 haben-

323 1758 614 1795 tur.-Exterius
629 1766 758 1795 autern
782 1766 1038 1805 assumuntur,
1059 1760 1215 1807 quando
1234 1760 1296 1796 vel
1312 1772 1392 1797 ma-

322 1808 381 1845 ior
406 1811 621 1849 extremitas
649 1811 830 1860 accipitur
856 1819 899 1848 ut
926 1812 1098 1849 medium
1127 1813 1389 1859 ascendendo,

321 1862 385 1899 vel
400 1863 527 1901 minor
538 1866 558 1886 *⁵
569 1865 859 1903 descendendo:
874 1872 966 1913 puta
981 1865 1011 1902 si
1027 1867 1061 1902 A
1078 1866 1324 1903 concludatur
1343 1866 1390 1903 de

325 1915 356 1952 C
374 1928 444 1965 per
463 1919 506 1965 B,
528 1925 564 1954 et
582 1917 720 1955 iterum
747 1918 778 1954 C
800 1918 1047 1955 concludatur
1066 1918 1114 1955 de
1138 1920 1170 1955 B
1190 1932 1259 1968 per
1277 1921 1329 1964 A;
1352 1926 1388 1955 et

323 1967 376 2005 sic
394 1969 494 2007 inde.
518 1971 696 2008 Similiter
709 1978 717 1992 ¹
741 1971 855 2008 etiarn
870 1971 1089 2020 proceditur
1105 1971 1386 2018 descendendo,

323 2021 353 2058 si
373 2023 404 2058 B
424 2024 672 2061 concludatur
699 2024 747 2061 de
767 2025 796 2060 F
817 2037 886 2073 per
906 2025 948 2061 C.
971 2025 1140 2061 Necesse
1161 2033 1216 2062 est
1239 2037 1329 2073 ergo
1349 2025 1387 2062 in

322 2075 548 2124 syllogismis
592 2077 962 2114 communicantibus
999 2077 1038 2115 in
1074 2077 1286 2126 principiis,
1323 2078 1386 2115 vel

321 2129 427 2176 quod
446 2130 650 2178 accipiatur
677 2130 848 2167 medium
873 2130 986 2167 unius
1005 2131 1212 2179 syllogismi
1232 2143 1346 2180 supra
1367 2132 1386 2152 '¹‘

2437 255 2509 292 315

1452 336 1620 366 extrema
1642 329 1754 366 unius
1775 330 1795 351 ³³
1824 330 2030 378 syllogismi
2058 343 2172 380 supra
2190 333 2252 369 vel
2280 332 2375 369 infra
2391 334 2431 354 ⁸¹²*
2453 345 2512 370 ex-

1451 389 1572 418 trema
1591 382 1740 419 alterius
1760 383 1978 431 syllogismi.
2001 384 2076 421 Sed
2097 385 2170 421 hoc
2190 398 2268 422 non
2286 393 2412 434 potest
2431 399 2512 424 esse

1450 434 1488 471 in
1517 435 1631 471 rebus
1660 448 1822 484 quarum
1844 437 1864 457 ‘¹‘
1893 444 1980 473 sunt
2007 437 2190 486 principia
2226 438 2395 476 diversa:
2425 439 2514 488 quia

1449 495 1590 535 puncta
1608 500 1687 525 non
1705 497 1866 536 possunt
1885 489 2003 538 accipi
2023 503 2147 539 neque
2167 498 2208 527 ut
2227 491 2365 538 media,
2387 505 2512 541 neque

1449 548 1491 577 ut
1519 548 1686 578 extrema
1718 541 1756 578 in
1786 542 2010 590 syllogismis
2042 543 2081 580 in
2114 543 2250 592 quibus
2280 544 2514 582 concluditur

1450 593 1589 642 aliquid
1623 594 1670 630 de
1704 606 1887 642 numero;
1926 608 2051 644 neque
2088 596 2249 633 unitates
2277 598 2296 618 ²¹*
2328 597 2367 634 in
2401 599 2512 646 syllo-

1449 646 1578 694 gismis
1605 646 1644 683 in
1673 647 1810 695 quibus
1844 648 2079 685 concluditur
2100 649 2241 698 aliquid
2265 649 2313 687 de
2330 651 2350 671 ³³
2369 651 2512 698 magni-

1449 699 1653 737 tudinibus.
1676 700 1914 749 Relinquitur
1929 713 2017 749 ergo
2039 702 2144 750 quod
2158 715 2237 740 non
2254 711 2416 751 possunt
2430 716 2512 741 esse

1451 752 1587 789 eadem
1614 752 1798 801 principia
1827 754 2002 791 omniurn
2030 756 2351 803 syllogismorum.

1503 806 1539 842 6.
1570 805 1748 842 Secunda
1775 806 1869 843 ratio
1898 807 2052 856 ponitur
2078 808 2142 845 ibi:
2171 809 2246 846 Sed
2270 821 2389 857 neque
2412 821 2512 847 com-

1449 871 1620 895 munium
1630 859 1906 907 principiorum
1926 867 2008 906 etc.‚
2022 873 2119 908 quae
2135 862 2295 898 sumitur
2313 874 2359 898 ex
2377 862 2513 911 princi-

1449 911 1521 959 piis
1542 911 1829 957 communibus;
1851 919 1888 948 et
1902 912 1989 949 dicit
2001 914 2020 934 ²¹²
2040 915 2145 962 quod
2164 927 2242 951 non
2256 922 2416 963 possunt
2430 928 2512 952 esse

1449 964 1575 1012 aliqua
1589 964 1772 1013 principia
1789 965 2021 1011 communia,
2031 978 2076 1002 ex
2089 967 2226 1014 quibus
2242 968 2366 1004 solum
2382 968 2512 1005 omnia

1450 1017 1726 1064 syllogizentur,
1740 1017 1835 1053 sicut
1848 1017 1922 1053 hoc
1938 1026 1994 1054 est
2009 1019 2029 1039 ²⁸
2043 1019 2271 1068 principium
2292 1033 2511 1069 commune,

1449 1071 1509 1107 De
1528 1070 1690 1117 quolibet
1706 1075 1760 1106 est
1778 1070 1798 1091 ⁹⁵
1812 1071 2018 1118 affirmatio
2041 1072 2101 1108 vel
2119 1074 2268 1122 negatio
2275 1086 2288 1117 ;
2308 1075 2412 1122 quod
2430 1074 2511 1122 qui-

1450 1122 1540 1158 dem
1561 1122 1815 1159 communiter
1830 1130 1885 1159 est
1898 1135 2035 1160 verum
2052 1125 2071 1146 ‘¹‘
2086 1125 2125 1161 in
2145 1126 2251 1162 omni
2266 1138 2420 1174 genere;
2433 1139 2510 1164 non

1450 1181 1580 1211 tamen
1602 1181 1657 1210 est
1672 1174 1867 1223 possibile,
1884 1177 1989 1224 quod
2009 1188 2054 1212 ex
2077 1178 2165 1214 solis
2189 1178 2376 1227 aliquibus
2394 1180 2513 1216 taliter

1451 1227 1722 1264 communibus
1749 1228 1895 1276 possint
1914 1229 2044 1265 omnia
2065 1230 2291 1278 syllogizari:
2310 1232 2398 1280 quia
2412 1233 2432 1253 '¹‘
2450 1245 2511 1280 ge-

1450 1292 1540 1317 nera
1570 1280 1714 1317 entium
1743 1288 1829 1317 sunt
1861 1281 2027 1328 diversa,
2058 1290 2094 1318 et
2122 1283 2271 1320 diversa
2299 1292 2385 1321 sunt
2411 1285 2511 1333 prin-

1451 1333 1548 1382 cipia
1575 1346 1675 1383 quae
1704 1340 1790 1370 sunt
1818 1334 1942 1371 solum
1969 1335 2220 1383 quantitatum
2248 1337 2441 1386 principia,
2463 1339 2511 1375 ab

1448 1386 1506 1423 his
1534 1399 1632 1435 quae
1662 1387 1788 1423 solum
1817 1394 1902 1423 sunt
1929 1387 2113 1437 principia
2140 1389 2383 1437 qualitatum;
2413 1403 2511 1439 quae

1449 1447 1598 1488 oportet
1626 1452 1868 1476 coassumere
1892 1441 1912 1461 ³¹²
1939 1440 2129 1490 principiis
2165 1443 2434 1480 communibus
2463 1445 2511 1480 ad
2537 1452 2548 1463 ⁴

1449 1493 1756 1530 concludendum
1788 1493 1827 1529 in
1864 1493 2031 1541 qualibet
2067 1495 2236 1532 materia.
2275 1496 2372 1532 Puta
2406 1496 2436 1532 si
2472 1496 2511 1533 in

1448 1546 1717 1594 quantitatibus
1751 1553 1922 1595 oporteat
1955 1559 2001 1583 ex
2027 1547 2126 1584 dicto
2158 1547 2345 1597 principio
2365 1555 2378 1569 ’²
2408 1561 2511 1586 com-

1448 1599 1556 1635 muni
1570 1599 1801 1647 syllogizare,
1819 1607 1968 1647 oportet
1983 1600 2153 1648 accipere
2173 1601 2291 1649 quod,
2308 1614 2396 1639 eum
2415 1603 2510 1638 haec

1447 1652 1493 1688 sit
1521 1652 1623 1698 falsa,
1646 1657 1809 1700 punctus
1828 1658 1882 1688 est
1907 1652 2017 1698 linea,
2048 1661 2197 1702 oportet
2223 1654 2321 1691 hanc
2344 1667 2425 1691 esse
2444 1667 2510 1692 ve-

1450 1717 1544 1751 ram,
1559 1711 1722 1753 punctus
1747 1717 1821 1741 non
1842 1711 1896 1741 est
1918 1706 2026 1742 linea.
2057 1707 2105 1742 Et
2132 1706 2301 1743 similiter
2325 1707 2363 1744 in
2391 1708 2509 1757 quali-

1446 1758 1583 1795 tatibus
1621 1766 1770 1806 oportet
1808 1770 2056 1795 coassumere-
2080 1759 2100 1779 *
2133 1759 2275 1808 aliquid
2310 1761 2508 1809 proprium

1446 1810 1625 1859 qualitati.
1656 1811 1766 1848 Unde
1802 1811 2023 1860 relinquitur
2059 1813 2164 1860 quod
2200 1813 2434 1861 impossibile
2464 1814 2509 1850 sit

1446 1876 1528 1900 esse
1545 1865 1565 1885 '³‘
1586 1864 1722 1901 eadem
1737 1863 1921 1913 principia
1941 1864 2115 1901 omnium
2133 1865 2452 1913 syllogismorum.

1499 1929 1534 1964 7.
1565 1917 1735 1954 Tertiam
1764 1917 1948 1954 rationem
1976 1917 2084 1966 ponit
2111 1918 2179 1954 ibi:
2209 1919 2380 1967 Amplius
2401 1919 2508 1967 prin-

1444 1970 1540 2018 cipia
1569 1982 1642 2006 non
1672 1969 1787 2006 multo
1817 1977 1899 2017 etc.‚
1921 1983 2017 2019 quae
2047 1971 2206 2007 sumitur
2235 1984 2279 2008 ex
2313 1984 2508 2021 compara-

1443 2022 1545 2059 tione
1561 2023 1857 2071 praemissarum
1877 2024 1926 2060 ad
1942 2023 2224 2070 conclusiones;
2241 2031 2277 2060 et
2296 2024 2383 2062 dicit
2402 2025 2507 2073 quod

1442 2075 1626 2124 principia
1653 2088 1733 2112 non
1771 2082 1858 2112 sunt
1890 2076 2052 2112 multum
2080 2076 2260 2125 pauciora
2298 2078 2507 2114 conclusio-

1442 2129 1563 2165 nibus.
1586 2129 1683 2165 Sunt
1710 2128 1866 2177 quidem
1890 2129 2072 2177 pauciora
2091 2127 2119 2176 λ,
2140 2129 2240 2178 quia,
2261 2130 2438 2179 quamvis
2457 2131 2506 2167 ad

319 2182 601 2231 propositiones
624 2183 775 2220 alterius
794 2183 1017 2232 syllogismi;
1037 2185 1100 2221 vel
1119 2184 1351 2233 accipiantur
1366 2186 1386 2206 ’1‘
1413 2174 1416 2227 Ι
1440 2194 1560 2218 unam
1595 2181 1881 2218 conclusionem
1914 2182 2151 2219 inferendam
2190 2183 2266 2220 duo
2301 2183 2505 2232 principia,

317 2326 378 2352 terri
393 2327 442 2351 nisi
457 2334 487 2351 ex
505 2326 635 2359 principiis
654 2326 781 2359 oppositis
797 2332 822 2351 et
835 2326 1101 2358 incompossibilibus.
1120 2327 1189 2359 Ergo
1204 2327 1327 2360 principia
1340 2327 1387 2351 fal-

318 2370 410 2387 sorum
429 2362 650 2395 syllogismorum,
665 2369 696 2386 ex
710 2362 804 2394 quibus
823 2362 903 2386 falsae
922 2363 1103 2387 conclusiones
1119 2363 1254 2394 oppositae
1273 2362 1387 2387 inferun-

317 2402 368 2428 tur,
381 2403 443 2422 sunt
460 2397 580 2430 opposita
599 2402 624 2422 et
642 2397 964 2429 incompossibilia.-·Non
988 2406 1050 2430 ergo
1069 2398 1170 2422 videtur
1193 2398 1291 2430 integra
1310 2406 1387 2430 expo-

318 2434 386 2464 sitio,
407 2440 486 2465 quam
505 2432 531 2456 in
553 2433 698 2457 Comment.
720 2440 799 2464 super
817 2440 872 2464 cap.
890 2440 954 2457 xxxn
975 2433 1043 2466 (pag.
1059 2433 1120 2466 375)
1140 2434 1183 2457 dat
1206 2433 1290 2457 Waitz
1309 2433 1386 2457 huius

317 2469 367 2493 loci
385 2468 539 2493 Aristotelis.
560 2468 603 2492 Ait
627 2468 710 2492 enim:
727 2478 739 2490 «ι
761 2467 860 2492 Deinde
878 2475 911 2492 ne
930 2476 960 2493 ea
979 2469 1084 2500 quidem
1104 2476 1171 2500 quae
1195 2468 1258 2492 falsa
1277 2474 1338 2493 sunt
1356 2476 1386 2492 ex

319 2514 333 2527 ›
347 2504 442 2528 iisdem
461 2511 567 2536 semper
584 2503 714 2536 principiis
729 2504 785 2536 cogi
805 2508 930 2536 possunt:
945 2509 1005 2528 sunt
1019 2504 1088 2528 enim
1107 2504 1188 2536 ipsius
1207 2503 1323 2528 falsitatis
1338 2503 1386 2528 dif-

319 2549 332 2562 »
347 2539 481 2563 ferentiae:
501 2546 562 2563 nam
581 2538 630 2562 alia
648 2538 714 2563 falsa
733 2543 794 2562 sunt
812 2539 872 2571 quia
891 2544 991 2571 ponunt
1006 2539 1139 2568 contraria,
1154 2543 1182 2563 ut
1201 2539 1222 2563 si
1242 2539 1300 2571 quis
1321 2539 1387 2563 dicat

319 2584 333 2597 ι»
349 2574 471 2599 iustitiam
490 2582 549 2598 esse
567 2574 725 2604 iniustitiam,
737 2574 779 2598 vel
799 2574 824 2598 id
843 2574 915 2606 quod
933 2575 1042 2606 aequale
1056 2575 1088 2599 sit
1107 2582 1167 2599 esse
1179 2575 1262 2598 maius
1282 2575 1323 2598 vel
1338 2575 1386 2599 mi-

319 2620 332 2632 »
348 2617 397 2634 nus
404 2617 412 2640 ;
427 2609 484 2639 alia,
499 2610 560 2642 quia
578 2614 734 2634 connectunt
758 2617 824 2641 quae
843 2609 962 2642 coniungi
982 2615 1130 2642 nequeunt,
1152 2614 1181 2634 ut
1200 2610 1221 2634 si
1241 2609 1300 2641 quis
1320 2610 1386 2634 dicat

319 2655 332 2668 ›
346 2644 479 2669 hominem
499 2652 558 2669 esse
577 2652 684 2677 equum.
696 2654 709 2667 ›
719 2657 740 2662 —
749 2644 990 2669 Praetermittuntur
1001 2645 1081 2669 verba
1095 2643 1144 2670 Ἐκ
1158 2642 1184 2669 δὲ
1198 2646 1248 2669 τῶν
1266 2644 1385 2678 κειμένων

317 2678 376 2712 ὧδε,
391 2687 429 2705 ex
442 2679 540 2712 positis
558 2683 647 2705 autem
666 2680 712 2709 sic,
728 2687 830 2711 nempe,
848 2685 877 2704 ut
895 2688 917 2704 s.
931 2680 1048 2705 Thomas
1067 2685 1136 2705 recte
1155 2681 1269 2712 exponit:
1284 2685 1386 2712 oportet

318 2721 404 2741 autem
424 2715 578 2740 concludere
597 2715 633 2739 sic
649 2723 708 2740 esse
722 2722 752 2739 ex
766 2715 895 2747 aliquibus
909 2716 1046 2748 principiis,
1062 2716 1156 2748 quibus
1171 2715 1271 2747 positis,
1286 2715 1385 2747 praefa-

316 2755 359 2776 tae
377 2751 558 2775 conclusiones
572 2751 708 2783 oppositae
727 2755 883 2783 sequuntur:
905 2759 973 2783 quae
991 2751 1070 2776 verba
1085 2752 1243 2776 constituunt
1256 2751 1384 2775 minorem

317 2785 524 2816 ratiocinationis,
538 2787 607 2810 unde
621 2786 731 2810 dilucide
745 2786 862 2818 sequitur
881 2787 1020 2817 conclusio,
1036 2794 1102 2819 quae
1116 2791 1156 2811 est
1170 2786 1280 2818 ipsamet
1293 2786 1384 2816 thesis,

319 2821 351 2846 de
370 2821 515 2846 diversitate
537 2821 762 2854 principiorum.-
776 2821 827 2846 Sed
851 2822 937 2846 minus
962 2822 1039 2846 etiam
1058 2829 1138 2854 quam
1161 2821 1246 2846 Waltz
1270 2827 1384 2846 mentem

316 2857 462 2881 Aristotelis
478 2857 559 2889 attigit
572 2856 638 2881 alius
653 2861 748 2881 auctor.
768 2857 835 2881 Tres
855 2857 923 2881 enim
943 2858 1042 2889 primos
1060 2865 1153 2882 versus
1172 2857 1248 2881 huius
1268 2857 1383 2881 lectionis

319 2889 382 2924 (τὰς
395 2890 417 2915 δ’
429 2888 540 2921 αὗτᾶς...
554 2888 597 2916 καὶ
610 2889 691 2925 γὰρ...
709 2885 765 2916 εἶτα
780 2888 850 2926 οὗδὲ)
870 2892 947 2916 simul
962 2893 1146 2924 complectens,
1160 2892 1207 2917 ait:
1224 2902 1236 2915 κ
1249 2893 1300 2917 Les
1315 2893 1384 2924 prin-

317 2927 387 2959 cipes
406 2927 453 2951 des
472 2927 689 2951 demonstrations
708 2934 741 2951 ne
759 2927 888 2951 saut-aient
907 2928 961 2951 etre
980 2928 1018 2952 les
1033 2928 1133 2952 memes
1152 2935 1219 2960 pour
1236 2933 1332 2952 touteS.
1346 2928 1384 2952 Le

317 2961 411 2993 simple
428 2962 622 2986 raisonnement
640 2963 664 2986 le
678 2969 776 2994 prouve
796 2960 940 2996 (λογικῶς),
956 2963 1078 2995 puisqu'il
1092 2971 1109 2995 y
1123 2970 1137 2987 a
1152 2963 1197 2987 des
1217 2963 1384 2995 syllogismes

316 2997 385 3021 vrais
404 3001 430 3021 et
449 2997 495 3021 des
513 2997 679 3030 syllogismes
692 2997 759 3026 faux,
774 3002 800 3021 et
814 3005 865 3029 que
885 2997 937 3021 l¹on
956 3003 1018 3029 peut
1032 2998 1153 3022 conclure
1167 2998 1191 3022 le
1205 2999 1258 3022 vrai
1278 2999 1310 3022 de
1324 3006 1383 3030 pro-

316 3032 442 3064 positions
456 3031 567 3056 fausses.
582 3032 625 3056 On
639 3036 709 3064 peut,
724 3040 756 3056 en
770 3037 852 3062 outre,
866 3033 921 3056 s'en
940 3033 1092 3057 convaincre
1106 3033 1207 3065 d'apres
1223 3038 1279 3058 tout
1295 3041 1324 3058 ce
1338 3033 1383 3065 qui

316 3066 426 3099 precede
445 3064 488 3100 (ἐκ
507 3068 558 3092 τῶν
577 3065 712 3101 κειμένων)
725 3075 739 3090 ›>
754 3065 808 3099 (De
826 3067 853 3091 la
872 3067 978 3100 legique
996 3068 1143 3093 d’Aristote
1155 3075 1212 3100 par
1230 3069 1256 3092 J.
1269 3067 1383 3093 Barthe'-

317 3101 619 3162 lemynggint-Hilaire,
635 3101 712 3126 Tom.
728 3110 745 3133 1,
758 3102 899 3127 Deuxieme
912 3103 1000 3134 partie,
1014 3104 1081 3128 Sect.
1094 3111 1111 3134 1,
1124 3111 1183 3136 pag.
1200 3102 1296 3136 308-9.
1305 3118 1324 3122 —
1334 3104 1382 3127 Pa-

315 3145 351 3162 ns
374 3145 382 3161 1
453 3155 460 3162 .

370 3171 394 3206 θ)
415 3137 491 3197 Sicut
505 3174 584 3204 patet
602 3173 673 3205 quod
691 3172 907 3205 magnitudinum
922 3171 1047 3198 etc.-A:
1060 3174 1129 3199 sicut
1143 3176 1221 3205 patet
1236 3173 1307 3205 quod
1325 3180 1381 3197 ma-

315 3208 489 3241 gnitudinum
504 3207 642 3239 principia
656 3210 726 3239 puta
745 3214 917 3232 numerorum
941 3212 1004 3233 sunt
1022 3209 1150 3238 unitates,
1169 3216 1237 3240 quae
1244 3215 1252 3237 ;
1271 3208 1317 3233 ΒΟ
1336 3208 1382 3232 ha-

315 3243 378 3268 bent
396 3243 534 3267 lectionem
553 3243 583 3273 P,
596 3247 702 3275 excepto
721 3243 792 3275 quod
809 3243 867 3267 loco
886 3244 934 3267 τοῦ
952 3244 1015 3276 quia
1033 3251 1086 3268 non
1105 3244 1270 3273 conveniunt,
1286 3243 1382 3267 habent

316 3286 376 3303 cum
386 3279 417 3309 A,
432 3285 499 3311 quae
512 3285 563 3303 non
578 3278 752 3307 conventum,-
766 3278 800 3302 C:
816 3277 908 3311 (marg.
920 3279 959 3311 ut)
966 3282 1035 3310 puta
1046 3279 1190 3312 (coi-rigitur
1205 3279 1230 3302 in
1239 3281 1342 3310 puncta
1358 3283 1384 3302 et

315 3321 398 3346 marg.
411 3314 469 3338 add.
484 3313 720 3346 magnitudinum),
735 3319 905 3338 numerorum
920 3317 1009 3338 autem
1029 3314 1152 3344 unitates,
1165 3320 1233 3345 quae
1251 3321 1303 3337 non
1323 3318 1382 3344 etc.;

315 3349 352 3373 D:
366 3349 435 3374 sicut
442 3351 521 3381 patet
530 3355 582 3380 per
594 3348 698 3382 (corrig.
712 3348 738 3372 in
757 3347 839 3382 quod)
856 3349 1070 3382 magnitudinum
1085 3349 1222 3380 principia
1235 3351 1298 3373 sunt
1312 3351 1381 3379 puta

316 3384 418 3417 (corrig.
432 3384 457 3408 in
467 3383 590 3418 puncta),
605 3391 776 3412 numerorum
795 3386 884 3408 autem
900 3384 1023 3413 unitates,
1037 3391 1104 3416 quae
1121 3383 1295 3408 conveniunt.-
1309 3383 1381 3415 (cor-

315 3419 406 3452 rigitur
426 3427 447 3444 s.
463 3427 500 3444 m.
516 3427 603 3450 error,
623 3419 708 3443 addito
727 3418 811 3452 non);
830 3423 856 3443 et
878 3426 937 3443 cum
956 3427 982 3452 p.
997 3427 1032 3443 m.
1047 3419 1069 3443 D
1090 3419 1151 3451 legit
1169 3419 1199 3443 E.
1213 3432 1232 3437 -
1253 3419 1292 3442 G:
1311 3419 1380 3443 sicut

311 3458 390 3487 patet
398 3462 451 3487 per
465 3454 680 3488 magnitudinum
690 3454 834 3486 principia,
849 3460 916 3486 quae
934 3457 997 3478 sunt
1010 3457 1121 3485 puncta,
1142 3461 1313 3478 numerorum
1332 3461 1381 3477 au-

316 3493 367 3516 tem
387 3493 449 3515 sunt
468 3490 590 3520 unitates,
606 3496 673 3522 quae
692 3495 740 3514 etc.
746 3497 753 3520 ;
773 3490 812 3513 H:
826 3489 895 3514 sicut
907 3492 985 3521 patet
999 3496 1051 3521 per
1069 3489 1290 3522 magnitudinem,
1305 3489 1380 3514 cuius

310 3526 448 3558 principia
466 3528 530 3550 sunt
541 3528 652 3557 puncta,
668 3531 839 3549 numerorum
857 3527 945 3549 autem
965 3525 1087 3554 unitates,
1099 3531 1166 3556 quae
1171 3531 1180 3553 ‚¹
1194 3524 1311 3556 Kaputa
1326 3523 1380 3556 (ex-

315 3569 404 3594 pung.,
415 3566 440 3586 et
453 3568 535 3593 marg.
550 3561 622 3585 add.:
635 3560 703 3585 sicut
711 3562 797 3592 patet,
813 3563 842 3584 ut
856 3559 1070 3593 magnitudinum
1085 3559 1223 3591 principia
1237 3561 1300 3584 sunt
1309 3566 1379 3590 pun-

314 3597 382 3630 cta),
401 3603 574 3622 numerorum
596 3599 685 3621 autem
705 3595 828 3625 unitates,
848 3595 926 3628 quim
944 3595 979 3620 L:
998 3595 1066 3620 sicut
1083 3597 1147 3620 sunt
1160 3598 1230 3626 puta
1249 3594 1380 3626 (corrupte

1441 2334 1489 2358 pro
1504 2325 1627 2360 puncta),
1642 2333 1812 2351 numerorum
1827 2329 1915 2350 autem
1929 2326 2052 2354 unitates,
2067 2333 2148 2358 quae,·
2160 2326 2199 2350 M:
2216 2326 2284 2351 sicut
2298 2329 2376 2358 patet
2385 2334 2437 2358 per
2449 2334 2504 2351 ma-

1440 2362 1608 2394 gnitudinem
1629 2361 1730 2394 (corrig.
1750 2362 1776 2386 in
1794 2361 2021 2394 magnitudinum)
2032 2361 2176 2393 principia,
2187 2365 2257 2393 puta
2271 2369 2440 2387 numerorum
2457 2366 2506 2387 aut

1442 2397 1588 2426 unitatum,
1609 2404 1688 2428 quae,·
1708 2397 1745 2421 N:
1764 2396 1833 2421 sicut
1850 2400 1929 2428 patet
1943 2403 1994 2428 per
2013 2396 2121 2428 (corrig.
2141 2397 2166 2421 in
2185 2397 2270 2429 quod)
2290 2397 2504 2430 magnitudinum

1436 2433 1572 2464 principia
1591 2434 1654 2456 sunt
1668 2435 1737 2463 puta
1757 2430 1888 2464 (corrupte
1906 2439 1954 2463 pro
1975 2431 2102 2463 puncta),
2122 2439 2293 2456 numerorum
2312 2436 2360 2457 aut
2380 2433 2503 2462 unitatis,

1441 2474 1521 2499 quae,·
1540 2467 1578 2497 Q:
1598 2470 1628 2492 ut
1641 2470 1719 2499 patet
1732 2474 1785 2498 per
1799 2467 1864 2499 (leg.
1879 2467 1964 2499 quod)
1980 2467 2194 2499 magnitudinum
2206 2467 2342 2498 principia
2360 2471 2423 2492 sunt
2432 2475 2502 2499 pun-

1440 2506 1491 2531 cta,
1508 2509 1679 2527 numerorum
1694 2505 1782 2526 autem
1802 2502 1925 2530 unitates,
1939 2509 2006 2534 quae
2011 2509 2021 2531 ,·
2036 2502 2066 2526 S:
2081 2502 2149 2527 sicut
2158 2505 2228 2533 puta
2248 2501 2362 2534 (puncta)
2382 2510 2503 2527 numero-

1440 2546 1500 2562 rum
1519 2541 1568 2562 aut
1586 2537 1694 2569 (autem)
1715 2537 1844 2567 unitates,
1868 2544 1935 2569 quae
1941 2544 1950 2566 ;
1969 2537 2004 2561 T:
2025 2537 2088 2569 (om.
2102 2537 2186 2569 sicut)
2202 2540 2271 2568 puta
2290 2545 2459 2562 numerorum
2479 2541 2505 2562 et

1441 2573 1656 2606 magnitudinum
1671 2573 1808 2604 principia
1825 2575 1888 2597 sunt
1902 2576 2004 2604 puncta
2022 2575 2071 2597 aut
2090 2573 2211 2602 unitates,
2233 2580 2307 2604 quae.

1494 2608 1512 2640 ι)
1534 2609 1569 2632 Et
1587 2608 1625 2633 sic
1644 2608 1712 2632 inde.
1732 2608 1862 2632 Similiter
1878 2607 2279 2632 etc.—ABCDEGKLMNOST:
2295 2611 2321 2632 et
2334 2608 2373 2632 sic
2387 2608 2447 2632 inde
2462 2608 2501 2638 (B,

1439 2650 1543 2675 semper
1557 2643 1638 2675 inde).
1653 2643 1798 2671 Similiter;
1813 2643 1849 2673 Q:
1862 2646 1889 2667 et
1902 2643 1940 2667 sic
1959 2642 2037 2667 idem.
2057 2643 2202 2671 Similiter;
2216 2643 2253 2667 H:
2273 2646 2299 2667 et
2316 2643 2355 2667 sic
2373 2643 2502 2674 deinceps,

1441 2679 1571 2703 Similiter
1585 2679 1665 2703 etiam
1672 2686 1681 2707 ,·
1700 2679 1733 2703 P:
1754 2679 1790 2703 Et
1807 2678 1845 2703 sic
1862 2678 1993 2703 similiter.
2006 2690 2024 2697 —-
2038 2678 2075 2702 A:
2091 2678 2221 2702 Similiter
2238 2682 2326 2702 autem
2340 2686 2431 2709 proc.‚·
2451 2678 2505 2708 MQ

1440 2722 1492 2738 om.
1507 2714 1672 2738 etiam.*O:
1691 2713 1738 2738 sed
1755 2714 1780 2738 si
1791 2713 1816 2737 Β
1828 2718 1875 2738 etc.
1888 2728 1907 2732 —
1920 2713 2000 2737 Paulo
2019 2721 2097 2744 supra
2115 2714 2159 2744 (et
2177 2714 2215 2738 sic
2233 2714 2361 2745 semper),
2382 2721 2403 2738 s.
2417 2722 2452 2738 m.
2466 2714 2501 2737 C:

1439 2749 1474 2774 al.
1493 2749 1532 2774 sic
1549 2753 1638 2774 autem
1661 2756 1779 2780 semper,·
1798 2756 1820 2773 s.
1833 2756 1868 2772 m.
1889 2748 1950 2772 DK:
1975 2752 2001 2772 et
2024 2752 2087 2773 tunc
2104 2756 2219 2780 semper5
2238 2749 2261 2772 G
2281 2753 2319 2779 et,
2343 2753 2371 2773 ut
2393 2748 2500 2778 videtur,

1439 2793 1464 2817 p.
1479 2792 1514 2809 m.
1530 2784 1612 2808 CDK:
1632 2787 1658 2809 et
1675 2791 1735 2809 cum
1754 2787 1816 2808 sunt
1834 2791 1951 2815 semper,·
1969 2784 2000 2808 S:
2016 2787 2085 2814 puta
2105 2784 2143 2807 E.-
2160 2787 2222 2808 sunt
2240 2791 2352 2815 semper.

1493 2820 1517 2851 κ)
1541 2820 1670 2851 Oporteat
1688 2827 1726 2844 ex
1744 2819 1815 2844 dicto
1828 2819 1964 2850 principio
1983 2819 2104 2843 eta—A:
2123 2826 2161 2843 ex
2176 2819 2240 2843 dato
2248 2819 2391 2850 principio.
2402 2819 2498 2843 -ACD

1438 2855 1640 2880 EGKLMNST:
1655 2855 1790 2886 principio
1806 2855 1886 2879 etiam
1901 2854 2039 2887 sy‘llogiz.;
2054 2854 2077 2878 H
2092 2861 2145 2878 om.
2159 2854 2292 2878 communi
2296 2861 2305 2881 ,-
2320 2854 2358 2883 Q:
2378 2861 2415 2878 ex
2428 2854 2499 2878 dicto

1439 2890 1518 2915 modo
1531 2890 1726 2923 syllogizare-
1736 2890 1798 2914 OT:
1811 2893 1916 2921 oportet
1924 2896 2059 2913 assumere
2063 2897 2072 2918 ,·
2082 2894 2107 2913 et
2122 2889 2145 2913 O
2160 2897 2213 2913 om.
2224 2896 2280 2920 seq.
2289 2889 2353 2913 haec
2358 2896 2366 2917 ,¹
2380 2888 2416 2918 Q:
2430 2889 2501 2920 quod

1438 2926 1503 2950 haec
1520 2926 1556 2950 sit
1567 2926 1656 2959 falsa,
1677 2925 1777 2949 omisso
1795 2932 1862 2954 cum,
1882 2932 1929 2956 pro
1948 2932 2000 2956 quo
2019 2924 2106 2956 plures
2126 2924 2200 2948 codd.
2219 2923 2313 2948 habent
2331 2922 2365 2948 cd
2382 2924 2498 2955 (causa)

1439 2966 1557 2993 corrupte
1576 2969 1623 2992 pro
1641 2960 1681 2985 οἳ.

1491 2995 1518 3028 λ)
1535 2996 1605 3021 Sunt
1619 2996 1723 3028 quidem
1738 2995 1877 3027 pauciora,
1891 2994 1953 3027 quia
1967 2999 2014 3018 etc.
2024 3008 2042 3012 —-
2051 2994 2147 3018 Codd.:
2166 2997 2193 3018 et
2205 2993 2270 3018 dicit
2283 2993 2354 3025 quod
2363 2993 2500 3025 principia

1438 3039 1490 3056 non
1509 3034 1572 3056 sunt
1590 3032 1673 3056 multo
1689 3031 1731 3062 (C,
1747 3030 1841 3062 multa)
1856 3030 1988 3061 pauciora
2000 3029 2216 3054 conclusionibus.
2233 3029 2302 3053 Sunt
2314 3029 2418 3060 quidem
2427 3036 2499 3060 pau-

1437 3066 1511 3091 ciora
1531 3065 1583 3100 (C,
1603 3074 1656 3091 om.
1671 3066 1762 3091 concl..·
1777 3066 1847 3090 Sunt
1864 3065 1969 3097 quidem
1984 3064 2116 3096 pauciora
2122 3071 2130 3093 ,·
2149 3065 2195 3088 sed
2213 3064 2421 3089 conclusionibus
2439 3064 2497 3088 add.

1438 3102 1539 3134 marg.),
1552 3101 1615 3133 quia
1629 3101 1749 3133 quamvis
1762 3101 1800 3125 ad
1813 3107 1892 3124 unam
1907 3099 2096 3125 conclusionem
2112 3099 2276 3132 inferendam
2291 3099 2343 3123 duo
2353 3099 2496 3130 principia,

1438 3136 1506 3161 idest
1525 3136 1593 3161 duae
1607 3136 1804 3168 propositiones
1823 3135 1996 3167 requirantur
2015 3132 2106 3167 (AGS,
2125 3134 2323 3167 requiruntur),
2344 3137 2431 3158 tamen
2451 3133 2497 3165 (A,

1436 3179 1510 3201 cum,·
1528 3172 1562 3201 E,
1583 3171 1661 3200 dum;
1679 3171 1702 3195 K
1721 3175 1779 3195 ante
1798 3174 1885 3194 tamen
1905 3178 1986 3202 marg.
2001 3170 2058 3194 add.
2076 3177 2151 3199 cum;
2170 3170 2206 3199 O,
2225 3170 2272 3194 sed
2290 3172 2377 3194 tamen
2383 3177 2392 3198 ,·
2408 3169 2431 3193 D
2451 3169 2498 3193 du-

1437 3206 1495 3230 bius
1515 3214 1547 3230 an
1565 3209 1653 3230 tamen
1672 3206 1713 3230 vel
1731 3205 1801 3237 cum)
1822 3212 1875 3229 una
1890 3204 2021 3230 conclusio
2040 3212 2091 3229 non
2111 3205 2278 3229 concluditur
2297 3204 2337 3236 (E,
2355 3204 2497 3228 concluda-

1437 3244 1497 3269 tur‚·
1511 3242 1532 3265 B
1544 3249 1596 3265 om.
1610 3241 1742 3266 conclusio
1757 3247 1808 3264 non
1821 3240 1913 3272 concl.)
1929 3239 2080 3264 immediate
2095 3240 2146 3264 nisi
2157 3247 2195 3264 ex
2209 3239 2318 3268 duabus,
2330 3239 2378 3263 sed
2393 3237 2430 3271 (Q
2442 3246 2496 3263 om.

1436 3276 1497 3308 sed)
1518 3283 1571 3300 una
1582 3276 1767 3308 propositione
1773 3278 1864 3307 potest
1881 3275 1940 3307 quis
1954 3275 2001 3299 uti.
2016 3275 2206 3299 Conservamus
2221 3275 2347 3306 integram
2361 3275 2497 3298 lectionem

1435 3312 1549 3336 Pianam.
1562 3325 1581 3329 —
1595 3311 1661 3335 Infra
1675 3311 1753 3341 (Non
1767 3310 1879 3342 tamen),
1901 3310 1977 3334 Plana
1992 3317 2051 3334 cum
2065 3310 2138 3334 codd.
2154 3310 2227 3342 legit:
2246 3312 2308 3334 sunt
2322 3310 2404 3333 multo
2413 3309 2497 3340 plura

1433 3346 1569 3378 principia
1574 3353 1583 3375 ‚⁴
1602 3346 1648 3370 sed
1667 3346 1803 3370 Caietanus
1822 3346 1848 3369 in
1866 3345 1934 3369 hunc
1957 3345 2043 3369 locum
2066 3345 2242 3369 animadvertit
2261 3345 2331 3376 quod
2350 3345 2383 3369 ita
2401 3344 2496 3368 habent

1436 3381 1498 3406 libri
1517 3381 1665 3406 incorrecti.
1684 3381 1724 3405 En
1743 3381 1868 3412 integram
1881 3380 1993 3404 Caietani
2012 3380 2205 3411 expositionem,
2225 3387 2292 3412 quae
2310 3380 2387 3404 etiam
2406 3379 2438 3403 ad
2451 3379 2495 3404 de-

1436 3417 1581 3441 clarandam
1599 3416 1664 3440 hanc
1687 3416 1787 3440 tertiam
1806 3416 1931 3440 rationem
1950 3415 2062 3439 inservit.
2082 3424 2096 3438 «
2111 3415 2152 3439 Ad
2171 3414 2324 3439 evidentiam
2343 3419 2429 3439 autem
2447 3421 2496 3439 nu-

1438 3462 1450 3474 »
1465 3452 1529 3476 meri
1548 3452 1744 3484 principiorum,
1765 3450 1899 3475 sciendum
1917 3455 1970 3480 est,
1991 3450 2061 3482 quod
2080 3450 2207 3482 quaedam
2225 3449 2415 3482 propositiones
2433 3454 2496 3474 sunt

1437 3496 1450 3509 a>
1466 3487 1589 3519 principia
1606 3491 1714 3516 tantum,
1734 3486 1861 3518 quaedam
1879 3485 2058 3509 conclusiones
2076 3490 2185 3515 tantum,
2204 3485 2332 3517 quaedam
2351 3484 2495 3509 conclusio-

1437 3531 1450 3545 »
1466 3530 1513 3546 nes
1532 3527 1558 3546 et
1571 3521 1701 3554 principia.
1720 3521 1822 3545 Primae
1840 3527 1953 3552 namque
1971 3520 2160 3552 propositiones
2179 3520 2301 3552 principia
2319 3524 2379 3544 sunt
2398 3524 2423 3544 et
2441 3527 2494 3544 non

1437 3568 1448 3580 ›
1464 3557 1661 3587 conclusiones,
1685 3556 1757 3581 aliter
1783 3556 1882 3588 priores
1905 3555 2050 3586 haberent,
2072 3555 2178 3580 ultimae
2203 3560 2289 3580 autem
2314 3555 2494 3580 conclusiones

1436 3603 1448 3615 ι
1465 3598 1491 3617 et
1509 3600 1560 3617 non
1579 3592 1714 3625 principia,
1734 3591 1805 3616 aliter
1823 3590 1979 3624 posteriores
2002 3590 2139 3621 haberent,
2158 3590 2259 3615 mediae
2277 3595 2364 3615 autem
2382 3595 2407 3615 et
2425 3590 2494 3622 prin-

2543 347 2550 354 ·
2566 352 2592 367 L:
2613 347 2742 375 utriusque.

2541 372 2563 383 V*
2577 372 2651 394 Codd.
2661 380 2692 395 -P
2707 380 2756 395 om.

2541 399 2578 419 vel
2593 399 2669 428 infra.
2691 407 2707 421 u
2734 405 2757 422 et

2542 431 2564 450 p.
2575 431 2607 446 m.
2618 432 2632 447 u
2643 426 2696 448 hab.
2713 427 2756 448 lac.

2541 452 2551 462 ⁸
2561 458 2588 473 L:
2603 453 2695 480 quibus.

2542 606 2550 613 ‘
2573 611 2640 630 Auno
2660 612 2708 627 om.
2726 606 2756 628 de

2540 636 2637 653 numero
2645 648 2650 653 .
2658 648 2663 652 .
2675 648 2680 653 .
2707 633 2754 654 ali—

2540 657 2597 684 quid
2607 665 2617 683 ‚·
2630 659 2659 680 al.
2676 660 2755 681 codd-t

2541 685 2691 720 neque-etiam
2697 686 2755 708 unit.

2567 716 2593 731 o:
2608 717 2641 732 m.

2542 922 2550 929 ·
2564 927 2598 946 Λο,
2606 929 2611 942 :
2630 923 2741 945 ostendit.

2539 1031 2550 1041 ⁴⁸
2564 1031 2609 1052 Est
2622 1038 2650 1053 ex
2669 1033 2740 1055 codd.

2541 1084 2548 1093 ⁶
2562 1083 2607 1104 Est
2615 1091 2663 1106 om.
2674 1086 2753 1113 codd„

2540 1116 2588 1131 cxc.
2603 1117 2658 1133 Λιω,
2671 1123 2681 1128 -
2694 1118 2752 1135 seo:

2539 1138 2638 1164 negatio
2659 1144 2725 1160 vera.

2539 1163 2550 1174 ⁴⁸
2558 1169 2580 1184 o:
2596 1166 2633 1184 est
2644 1165 2752 1192 meditatu

2540 1195 2587 1211 non
2601 1194 2671 1212 recte.

2540 1238 2548 1245 ·
2562 1243 2590 1258 a:
2605 1238 2676 1265 quod.

2569 1458 2583 1473 Α
2603 1459 2650 1474 non
2673 1458 2751 1476 recte:

2539 1484 2690 1501 eoas-sumere
2718 1483 2751 1506 (s.

2539 1511 2570 1526 m.
2579 1509 2706 1533 assumere)
2713 1513 2751 1529 ex.

2637 1565 2652 1581 χ

2537 1772 2547 1780 ·
2560 1776 2590 1791 so
2597 1778 2602 1792 z
2618 1777 2747 1794 assumere.

2535 1881 2546 1891 ⁸
2568 1887 2582 1901 ο
2604 1882 2669 1908 ponit
2695 1888 2749 1904 esse

2536 1911 2590 1934 post
2604 1908 2692 1935 syllog.
