2548 4192
174 246 210 270 Vl

175 306 310 358 nulla
346 322 561 371 usquam
599 320 678 352 res
717 299 893 363 latere,
934 305 983 346 et
1019 310 1218 344 summa
1256 286 1461 353 iustitia,
1511 303 1666 351 quam
1704 300 1897 350 pravus
1937 298 2203 359 nunquam
2243 280 2353 333 vin-

177 397 291 429 cere
329 374 491 444 possit
527 371 752 436 affectus,
792 367 1015 432 ideoque
1053 362 1229 414 Deum
1258 379 1362 410 non
1388 356 1556 408 solum
1595 370 2008 429 veracem-esse,
2049 349 2145 429 sed
2185 371 2352 419 ipsam

176 447 325 499 etiarn
362 444 622 496 veritatem
660 439 756 492 falli
797 449 846 489 et
881 435 1050 488 fallere
1090 430 1327 483 nesciam.
1366 428 1449 479 Ex
1479 445 1584 493 quo
1617 442 1866 489 consequ1
1897 441 2236 500 perspicuum
2259 434 2352 492 est,

176 528 229 569 ut
266 517 485 568 humana
521 512 645 564 ratio
690 507 1036 578 plenissimam
1075 502 1238 554 verbo
1277 499 1381 551 Dei
1422 497 1580 549 fidem
1626 506 1780 561 atque
1828 503 2352 573 auctoritatem-con-

176 587 316 639 ciliet.
346 619 414 624 -—
447 582 605 636 Simili
645 579 802 632 modo
842 576 967 629 ratio
1007 573 1252 639 declarat,
1297 567 1649 636 evangelicam
1690 564 1979 643 doctrlnam
2029 564 2352 645 mirabilibus

176 655 482 725 quibusdam
520 651 690 720 signis,
728 661 985 715 tamquam
1025 643 1173 696 certis
1200 652 1367 693 certae
1398 637 1620 690 veritatis
1646 646 1998 715 argumentis,
2030 636 2113 687 vel
2143 636 2211 688 ab
2238 657 2353 706 ipsa

175 727 368 795 origine
408 723 691 776 emicuisse:
729 731 881 786 atque
902 717 1021 769 ideo
1044 733 1244 780 omneS,
1285 711 1371 778 qui
1400 707 1692 776 Evangelio
1724 706 1884 759 fidem
1914 706 2221 777 adiungunt,
2244 729 2351 761 non

173 809 361 849 temere
399 794 702 861 adiungere,
751 802 1009 856 tamquam
1049 785 1227 837 doctas
1266 781 1463 834 fabulas
1506 789 1714 858 secutos
1754 777 2002 845 (II.Petr.
2026 779 2067 859 I,
2095 782 2212 859 ro),
2253 780 2349 833 sed

172 865 450 919 rationabili
489 883 698 932 prorsus
738 856 991 927 obsequio
1031 852 1427 930 intelligentiam·
1450 862 1500 902 et
1538 849 1784 929 ludimum
1824 850 2225 930 suum-divmae
2265 873 2349 904 su-

173 938 358 989 biicere
396 933 687 987 auctoritati.
731 931 859 984 Illud
897 940 1066 982 autem
1105 946 1208 978 non
1248 924 1457 976 minor¹s
1496 932 1644 990 pretu
1686 941 1801 972 esse
1842 921 2162 990 intelllgitur,
2203 924 2350 991 quod

171 1008 294 1060 ratio
333 1007 382 1058 in
420 1004 693 1074 perspicuo
732 1012 913 1072 ponat,
951 997 1238 1051 Ecclesiam
1277 1016 1307 1047 a
1345 992 1555 1047 Christo
1596 992 1875 1044 institutam
1915 995 1997 1063 (ut
2035 993 2208 1046 statuit
2242 994 2351 1046 Va-

172 1079 334 1130 ticana
371 1076 639 1145 Synodus)
678 1074 734 1126 ob
770 1092 921 1125 suam
957 1067 1310 1122 admirabilem
1337 1065 1778 1133 propagationem,
1819 1065 2067 1118 eximiam
2095 1067 2349 1118 sanctita-

172 1158 266 1200 tem
294 1157 344 1199 et
368 1148 694 1199 inexaustam
723 1145 778 1196 in
806 1142 1037 1195 omnibus
1065 1140 1208 1192 bonis
1230 1136 1626 1206 fecunditatem,
1657 1135 1716 1187 ob
1736 1135 2045 1190 catholicam
2074 1139 2349 1207 unitatem,

171 1220 509 1285 invictamque
544 1215 898 1282 stabilitatem,
946 1231 1190 1280 magnum
1229 1207 1487 1277 quoddam
1525 1216 1575 1258 et
1598 1215 1906 1274 perpetuum
1954 1229 2063 1261 esse
2099 1210 2349 1261 motivum

170 1289 539 1355 credibilitatzs,
578 1296 627 1339 et
660 1287 866 1338 divinae
902 1304 1028 1336 suae
1064 1281 1334 1350 legationis
1358 1279 1703 1331 testimonium
1743 1279 2112 1348 irrefragabile
2131 1280 2347 1350 (Const.

170 1360 341 1428 dogm.
364 1359 428 1411 de
450 1358 579 1410 Fide
602 1357 741 1425 cath.,
764 1377 870 1424 cap.
897 1358 975 1425 3.).
1881 1422 1890 1431 ⁶

273 1428 602 1482 Solidissimis
640 1428 706 1480 ita
742 1426 919 1496 positis
958 1423 1313 1490 fundamenti5‚
1335 1433 1619 1491 perpetuus
1661 1433 1711 1474 et
1749 1422 2018 1491 multiplex
2055 1423 2229 1476 adhuc
2269 1444 2348 1476 re-

169 1501 378 1568 quiritur
400 1499 753 1568 philosophiae
776 1518 911 1565 usus,
934 1508 987 1548 ut
1023 1516 1167 1548 sacra
1187 1494 1483 1563 Theologia
1510 1505 1761 1561 naturam,
1784 1494 2034 1563 habitum,
2058 1495 2349 1564 ingenium-

168 1592 267 1639 que
306 1591 455 1622 verae
494 1570 729 1622 scientiae
769 1568 1009 1636 suscipiat
1045 1578 1198 1634 atque
1238 1565 1426 1617 induat.
1463 1565 1518 1617 In
1549 1565 1645 1617 hac
1675 1566 1812 1617 enim
1843 1566 2166 1620 nobilissima
2196 1567 2348 1620 disci-

165 1642 413 1710 plinarum
452 1661 765 1709 magnopere
806 1659 1015 1691 necesse
1056 1649 1145 1705 est,
1168 1649 1222 1689 ut
1242 1637 1430 1689 multae
1459 1657 1519 1689 ac
1556 1636 1794 1689 diversae
1825 1638 2124 1691 caelestium
2156 1638 2347 1691 doctri-

166 1733 341 1764 narum
379 1723 546 1780 partes
567 1712 615 1763 in
637 1731 793 1763 unum
830 1710 982 1762 veluti
1023 1729 1210 1777 corpus
1233 1708 1554 1777 colligantur,
1577 1720 1631 1760 ut
1656 1708 1761 1760 suis
1801 1730 2044 1779 quaeque
2072 1710 2200 1762 locis
2222 1730 2346 1762 con·

165 1783 425 1834 venienter
463 1782 755 1851 dispositae,
778 1793 827 1833 et
852 1802 913 1833 ex
933 1780 1153 1850 propriis
1179 1779 1443 1849 principiis
1483 1779 1747 1832 derivatae
1778 1792 1902 1849 apto
1943 1781 2074 1834 inter
2112 1802 2168 1833 se
2209 1802 2346 1834 nexu

166 1853 487 1921 cohaereant,
518 1853 725 1905 demum
764 1864 817 1904 ut
855 1873 1034 1904 omnes
1074 1863 1123 1903 et
1160 1851 1392 1920 singulae
1433 1851 1538 1904 suis
1579 1851 1744 1920 iisque
1785 1852 1986 1906 invictis
2025 1853 2347 1921 argumentis

166 1924 749 1976 confirmentur.—Nec
788 1923 984 1976 silentio
1023 1923 1416 1992 praetereunda,
1443 1934 1531 1975 aut
1570 1923 1764 1975 minimi
1804 1923 2043 1977 facienda
2082 1936 2161 1977 est
2194 1945 2348 1978 accu-

164 1995 316 2046 ratior
352 1995 432 2046 illa
468 2006 619 2063 atque
658 1995 865 2046 uberior
902 2015 1085 2062 rerum,
1109 2015 1241 2062 quae
1282 1995 1579 2063 creduntur,
1603 1994 1850 2064 cognitio,
1873 2007 1924 2048 et
1963 1996 2196 2066 ipsorum
2223 1996 2347 2049 fidei

164 2065 531 2134 mysteriorum,
554 2066 725 2134 quoad
766 2066 871 2118 fieri
897 2077 1081 2135 potest,
1103 2066 1364 2134 aliquanto
1396 2066 1617 2118 lucidior
1657 2067 2007 2136 intelligentia,
2030 2088 2188 2136 quam
2228 2068 2348 2120 Au-

162 2136 391 2204 gustinus
429 2137 612 2204 aliique
650 2137 824 2189 Patres
865 2149 913 2189 et
951 2138 1219 2190 laudarunt
1258 2150 1309 2190 et
1346 2138 1553 2206 assequi
1581 2138 1906 2206 studuerunt,
1929 2160 2194 2208 quamque
2235 2139 2351 2208 ipsa

163 2207 410 2258 Vaticana
447 2207 691 2276 Synodus
712 2208 953 2278 (Constit.
977 2209 1052 2261 cit.
1076 2230 1183 2278 cap.
1206 2212 1282 2279 4),
1304 2209 1766 2262 fructuosissimam
1790 2230 1904 2262 esse
1941 2210 2187 2264 decrevit.
2209 2211 2346 2263 Eam

162 2277 412 2345 siquidem
451 2279 795 2347 cognitionem
844 2292 893 2332 et
939 2280 1322 2349 intelligentiam
1363 2281 1566 2350 plenius
1607 2293 1657 2333 et
1695 2281 1891 2334 facilius
1932 2293 2070 2334 certe
2115 2282 2181 2334 illi
2223 2303 2348 2335 con-

161 2359 411 2416 secuntur,
442 2350 526 2417 qui
566 2370 680 2402 cum
719 2350 1001 2420 integritate
1050 2352 1181 2404 vitae
1223 2351 1453 2420 fideique
1497 2352 1670 2405 studio
1714 2353 1981 2421 ingenium
2022 2353 2349 2423 coniungunt

160 2419 525 2487 philosophicis
564 2421 838 2489 disciplinis
879 2423 1173 2491 expolitum,
1205 2424 1509 2492 praesertim
1550 2445 1668 2476 cum
1697 2425 1883 2477 eadem
1923 2425 2175 2494 Synodus
2199 2425 2348 2478 Vati-

164 2510 289 2541 cana
327 2490 523 2559 doceat,
546 2491 796 2544 eiusmodi
835 2514 1095 2547 sacrorum
1126 2495 1432 2564 dogmatum
1473 2495 1861 2564 intelligentiam
1893 2505 2002 2549 tum
2041 2517 2107 2548 ex
2145 2517 2345 2565 eorum,

164 2581 294 2627 quae
330 2561 642 2614 naturaliter
674 2574 1056 2634 cognoscuntur,
1078 2566 1325 2634 analogia
1331 2587 1355 2634 ,·
1385 2576 1493 2619 tum
1514 2588 1539 2619 e
1563 2569 1918 2635 mysteriorum
1944 2569 2174 2636 ipsorum
2204 2588 2346 2621 nexu

163 2632 298 2683 inter
329 2652 382 2683 se
418 2641 467 2684 et
499 2653 611 2685 cum
631 2634 748 2702 fine
783 2635 1004 2688 hominis
1042 2637 1217 2689 ultimo
1256 2638 1360 2707 peti
1405 2649 1651 2707 oportere
1691 2639 1894 2710 (Ibid.).

266 2702 533 2755 Postremo
573 2704 671 2756 hoc
711 2726 919 2774 quoque
958 2707 1024 2759 ad
1064 2708 1358 2778 disciplinas
1397 2710 1790 2779 philosophicas
1830 2710 2077 2779 pertinet,
2104 2711 2348 2764 veritates

164 2772 399 2825 divinitus
438 2775 643 2827 traditas
682 2776 916 2845 religiose
965 2780 1115 2848 tueri,
1147 2792 1196 2832 et
1235 2781 1291 2833 iis
1332 2781 1418 2849 qui
1469 2802 1780 2851 oppugnare
1821 2782 2049 2835 audeant
2093 2782 2345 2835 resistere.

164 2843 339 2912 Quam
378 2845 443 2896 ad
483 2866 609 2913 rem,
640 2867 826 2915 magna
865 2861 939 2900 est
976 2850 1334 2920 philosophiae
1375 2853 1505 2921 laus,
1533 2853 1679 2921 quod
1721 2853 1842 2905 fidei
1883 2854 2343 2923 propugnaculum

163 2934 220 2965 ac
258 2915 410 2967 veluti
450 2916 650 2996 firmum
681 2918 936 2987 religionis
976 2922 1345 2975 munimentum
1377 2924 1641 2977 habeatur.
1662 2924 1770 2976 Est
1805 2925 2025 2994 quidem,
2047 2925 2180 2978 sicut
2219 2925 2341 2979 Cle-

163 3004 306 3036 mens
344 2986 728 3041 Alexandrlnus
767 3000 987 3060 testatur,
1012 3001 1110 3059 per
1142 3014 1195 3045 se
1222 2995 1454 3064 perfecta
1494 3005 1544 3048 et
1579 2996 1782 3048 nullius
1820 2997 2005 3064 indiga
2045 2997 2344 3050 Servatoris

164 3055 408 3134 doctrina,
430 3078 542 3110 cum
578 3060 649 3110 sit
681 3060 793 3112 Dei
824 3062 990 3114 virtus
1027 3073 1076 3115 et
1108 3067 1375 3132 sapientia.
1406 3067 1673 3120 Accedens
1702 3076 1875 3121 autem
1885 3086 2083 3135 graeca
2112 3068 2342 3136 philoso-

154 3125 286 3191 phia
314 3129 572 3180 veritatem
604 3138 705 3182 non
720 3131 865 3199 facit
889 3136 1216 3200 potentiorem
1223 3156 1246 3203 ,·
1274 3138 1370 3190 sed
1383 3159 1498 3191 cum
1536 3139 1725 3191 debiles
1754 3139 1955 3208 ffciat
1988 3139 2341 3207 sophistarum

164 3196 413 3276 adversus
450 3219 559 3251 eam
588 3205 1066 3274 argumentationes,
1088 3216 1137 3258 et
1160 3209 1428 3275 propulset
1453 3210 1661 3263 dolosas
1690 3211 1947 3264 adversus
1975 3212 2242 3264 veritatem
2263 3212 2342 3264 in·

162 3266 340 3347 sidzas,
361 3269 508 3348 dieta
535 3280 610 3322 est
643 3273 820 3324 vineae
857 3283 978 3341 apta
1015 3286 1152 3344 sepes
1190 3288 1239 3330 et
1272 3280 1446 3333 vallus
1485 3281 1701 3351 (Strom,
1734 3282 1866 3351 lib.I,
1890 3303 1929 3335 c.
1954 3285 2066 3353 20).
2097 3283 2342 3335 Profecto

163 3349 290 3389 Slcut
326 3359 510 3392 1n1m1cl
550 3342 779 3395 catholici
820 3346 1054 3415 nominis,
1076 3348 1325 3402 adversus
1351 3352 1655 3421 religionem
1695 3354 1990 3423 pugnaturi,
2013 3354 2230 3407 bellicos
2250 3374 2341 3422 ap·

164 3419 364 3485 paratus
394 3411 695 3480 plerumque
734 3435 763 3466 a
792 3415 1150 3486 philosophica
1189 3421 1383 3474 ratione
1414 3436 1724 3495 mutuantur,
1748 3425 1815 3478 ita
1844 3425 2135 3479 divinarum
2175 3424 2340 3477 scien-

163 3487 340 3530 t1arum
378 3480 674 3536 defensores
712 3485 857 3553 plura
887 3508 913 3539 e
944 3489 1302 3559 philosophiae
1341 3514 1480 3561 penu
1521 3496 1857 3565 depromunt,
1885 3497 2076 3566 quibus
2116 3496 2344 3549 revelata

165 3546 406 3616 dogmata
442 3552 641 3605 valeant
677 3576 1020 3626 propugnare.
1050 3561 1238 3629 Neque
1279 3564 1608 3619 mediocriter
1647 3567 1695 3620 in
1737 3589 1800 3620 eo
1842 3569 2158 3638 triumphare
2208 3567 2342 3620 fides
