2788 4204
318 221 391 257 126

315 307 348 331 et
363 306 474 330 motus
491 306 523 330 et
535 296 726 329 mutationis
738 296 898 328 rationem
911 293 1008 326 habet
1025 293 1151 325 diversa
1163 290 1379 334 respiciendo,

317 345 450 391 quando
474 345 596 378 scilicet
615 356 654 377 ex
673 355 748 376 vera
767 345 801 376 in
821 354 878 386 per
897 353 931 374 se
950 341 1074 380 falsam,
1098 339 1150 372 vel
1170 351 1187 372 e
1208 349 1379 378 converso,

316 396 391 439 quis
415 403 520 427 mutat
543 394 754 437 opinionem3
779 390 977 436 quandoque
1001 397 1110 422 autem
1139 387 1244 420 solam
1275 395 1380 419 muta-

317 445 443 476 tionem
467 443 629 481 imitatur,
654 439 786 485 quando
810 439 932 471 scilicet
956 437 1076 480 absque
1094 436 1305 479 praeopinata
1328 446 1381 467 ve-

317 493 411 524 ritate
434 492 539 534 ipsam
562 489 676 522 falsam
695 487 832 521 offendit
856 486 929 530 quis
951 486 1161 528 opinionem;
1181 483 1380 527 quandoque

317 552 396 573 vero
413 549 523 572 motus
540 538 685 581 undique
702 537 862 570 rationem
880 532 1187 579 possidet‚›quando
1204 532 1327 565 scilicet
1342 543 1381 564 ex

317 601 393 622 vera
409 588 623 621 affirmatione
640 587 673 618 in
690 585 803 618 falsam
821 585 903 617 circa
919 583 1006 616 idern
1027 582 1180 615 contrarii
1197 581 1379 614 affirmatio-

318 649 395 670 nem
418 637 541 669 transit.
564 635 653 674 Quia
672 643 782 666 tamen
802 633 907 676 prima
923 640 960 664 ut
983 632 1056 675 quis
1080 630 1208 663 fallatur
1227 629 1316 662 radix
1332 637 1382 662 est

319 685 486 729 oppositio
510 682 734 716 affirmationis
751 690 782 714 et
799 680 998 724 negationiS,
1015 679 1133 712 merito
1151 690 1188 711 ea
1205 679 1238 711 in
1262 677 1381 722 quibus

319 733 426 777 primo
439 740 488 764 est
500 730 634 770 fallacia,
650 730 735 762 sicut
747 729 966 772 generationis
980 727 1138 760 terminos
1152 727 1278 770 opponi
1291 725 1380 759 dixit.

389 790 436 812 12.
457 778 509 812 Ad
533 777 670 811 dubium
699 776 845 810 secundo
874 776 950 808 loco
982 774 1160 808 adductum
1189 774 1262 808 dico
1292 773 1382 818 quod

318 837 470 873 peccatur
485 827 527 859 ibi
545 825 727 859 secundum
743 825 1050 869 aequivocationem
1074 823 1161 856 illius
1178 823 1308 856 termini
1327 829 1383 867 per

317 876 451 920 sefalsa,
470 887 526 908 seu
539 882 595 919 per
609 886 639 908 se
656 885 738 908 vera.
756 874 886 918 Opinio
908 874 996 906 enirn
1013 882 1044 905 et
1061 871 1209 905 similiter
1230 872 1382 904 enuncia-

318 926 365 958 tio
381 933 489 968 potest
505 923 567 957 dici
584 922 756 967 dupliciter
773 934 831 966 per
850 934 884 955 se
901 933 976 954 vera
992 933 1048 954 seu
1066 920 1154 953 falsa.
1173 920 1251 953 Uno
1268 918 1382 959 modo,

318 974 351 1006 in
375 974 492 1016 seipsa,
509 973 593 1005 sicut
617 980 693 1004 sunt
708 983 824 1004 omnes
843 982 938 1004 verae
963 969 1145 1003 secundum
1169 968 1243 1002 illos
1263 967 1382 1001 modos

318 1022 498 1066 perseitatis
530 1021 586 1065 qui
617 1029 849 1053 enumerantur
878 1020 892 1052 I
921 1019 1143 1058 Posteriorum,
1176 1026 1208 1050 et
1236 1016 1383 1049 similiter

317 1072 415 1105 falsae
431 1071 613 1104 secundum
628 1070 771 1104 illosmet
787 1070 921 1110 modos,
939 1078 992 1110 ut,
1013 1070 1096 1102 homo
1120 1080 1180 1102 non
1199 1074 1240 1101 est
1255 1067 1381 1101 animal.

318 1124 359 1156 Et
383 1122 447 1155 hoc
469 1121 570 1154 modo
595 1133 663 1154 non
688 1122 845 1165 accipitur
868 1122 901 1153 in
926 1120 986 1153 hac
1010 1120 1122 1164 regula
1146 1119 1185 1152 de
1210 1119 1383 1152 contrarie-

318 1180 382 1204 tate
411 1171 607 1215 opinionum
627 1179 659 1203 et
675 1171 947 1203 enunciationum
967 1170 1082 1213 opinio
1102 1180 1160 1213 per
1179 1180 1213 1201 se
1229 1179 1305 1201 vera
1329 1176 1385 1200 aut

317 1219 406 1260 falsa,
430 1228 467 1252 ut
486 1218 658 1252 efficaciter
675 1219 816 1252 obiectio
834 1217 972 1252 adducta
988 1217 1162 1251 concludit.
1181 1217 1215 1250 Si
1239 1217 1328 1249 enim
1344 1216 1384 1250 ad

319 1269 580 1301 contrarietatem
593 1269 791 1311 opinionum
807 1267 871 1300 hoc
883 1267 1065 1310 exigeretur
1082 1277 1150 1298 non
1167 1274 1302 1309 possent
1314 1276 1384 1297 esse

319 1318 493 1360 opiniones
528 1317 706 1349 contrariae
737 1317 770 1348 in
799 1317 933 1348 materia
964 1315 1186 1358 contingenti:
1215 1313 1305 1358 quod
1336 1322 1385 1346 est

318 1365 538 1398 falsissimum.
553 1365 628 1398 Alio
652 1364 754 1398 modo
770 1373 879 1408 potest
895 1364 958 1397 dici
976 1364 1091 1407 opinio
1112 1364 1180 1395 sive
1197 1363 1384 1395 enunciatio

318 1426 377 1458 per
393 1426 427 1447 se
442 1426 518 1447 vera
536 1422 591 1447 aut
607 1413 685 1446 falsa
701 1422 850 1456 respectu
871 1424 949 1445 suae
966 1413 1149 1456 oppositae.
1167 1412 1230 1444 Per
1251 1422 1285 1443 se
1308 1421 1385 1443 vera

320 1463 453 1507 quidem
469 1471 616 1507 respectu
634 1474 711 1495 suae
732 1461 840 1501 falsae,
857 1470 889 1494 et
905 1473 963 1505 per
978 1473 1012 1493 se
1029 1460 1108 1493 falsa
1132 1467 1281 1503 respectu
1307 1470 1384 1492 suae

318 1523 423 1544 verae.
442 1512 482 1544 Et
497 1520 575 1544 tunc
590 1509 672 1543 nihil
688 1509 775 1542 aliud
791 1518 840 1542 est
856 1509 974 1549 dicere,
991 1517 1040 1541 est
1056 1519 1114 1552 per
1129 1519 1164 1540 se
1179 1519 1256 1540 vera
1276 1518 1384 1550 respe-

320 1568 372 1592 ctu
393 1559 490 1599 illius,
509 1560 572 1592 nisi
588 1557 678 1603 quod
693 1558 819 1590 ratione
840 1558 891 1590 sui
915 1566 948 1590 et
962 1568 1030 1590 non
1050 1556 1180 1589 alterius
1200 1555 1386 1589 verificatur

319 1619 359 1640 ex
373 1606 509 1640 falsitate
528 1607 624 1640 illius.
643 1607 683 1639 Et
700 1605 848 1638 similiter
865 1617 940 1638 cum
955 1604 1084 1645 dicitur,
1104 1613 1153 1638 est
1176 1615 1234 1648 per
1253 1615 1287 1637 se
1306 1603 1385 1637 falsa

318 1665 468 1699 respectu
485 1655 582 1695 illius,
600 1653 779 1687 intenditur
803 1653 893 1698 quod
912 1655 1038 1687 ratione
1054 1654 1105 1686 sui
1122 1662 1154 1686 et
1169 1665 1238 1686 non
1254 1652 1384 1686 alterius

319 1703 506 1737 falsificatur
536 1716 575 1737 ex
603 1703 690 1736 illius
718 1704 864 1736 veritate.
892 1703 994 1736 Verbi
1017 1703 1138 1746 gratia3
1162 1703 1255 1735 istius
1278 1713 1384 1742 verae,

320 1752 451 1786 Socrates
475 1753 591 1792 currit,
616 1763 685 1785 non
708 1761 758 1785 est
780 1763 838 1796 per
861 1763 896 1785 se
920 1751 1014 1791 falsa,
1040 1751 1171 1785 Socrates
1193 1751 1283 1791 sedet,
1309 1751 1385 1795 quia

319 1800 439 1834 falsitas
455 1802 525 1833 eius
540 1811 610 1834 non
633 1800 820 1834 immediate
841 1801 989 1844 sequitur
1005 1811 1044 1833 ex
1060 1799 1124 1840 illa,
1149 1799 1206 1833 sed
1222 1799 1384 1833 mediante

319 1850 380 1882 ista
408 1849 469 1882 alia
491 1848 582 1889 falsa,
607 1848 738 1882 Socrates
761 1860 822 1882 non
845 1849 956 1888 currit,
981 1859 1064 1892 quae
1089 1856 1138 1880 est
1161 1859 1219 1891 per
1243 1859 1276 1880 se
1298 1847 1385 1880 illius

319 1897 409 1938 falsa,
426 1899 502 1942 quia
518 1898 643 1931 ratione
660 1898 710 1930 sui
724 1906 755 1930 et
770 1909 839 1930 non
855 1908 914 1941 per
929 1896 1063 1941 aliquod
1079 1896 1226 1930 medium
1243 1908 1283 1929 ex
1299 1895 1385 1929 illius

319 1948 454 1980 veritate
481 1946 678 1986 falsificatur,
695 1955 731 1978 ut
755 1955 853 1990 patet.
871 1946 911 1978 Et
930 1945 1079 1978 similiter
1098 1946 1190 1978 istius
1206 1944 1315 1985 falsae,
1335 1944 1386 1978 So-

320 2002 413 2030 crates
437 2002 477 2029 est
503 1995 691 2040 quadrupes,
716 2006 785 2027 non
814 2003 863 2027 est
894 2006 952 2038 per
981 2006 1015 2027 se
1041 2005 1118 2027 vera
1149 1995 1227 2034 ista,
1255 1993 1386 2027 Socrates

320 2051 362 2077 est
388 2044 482 2089 bipes,
508 2045 584 2088 quia
606 2055 676 2076 non
700 2055 758 2087 per
781 2044 923 2087 seipsam
946 2043 1065 2076 veritas
1090 2043 1183 2075 istius
1214 2041 1303 2075 illam
1327 2041 1385 2074 fal-

321 2094 444 2134 sificat,
469 2093 526 2127 sed
556 2093 719 2126 mediante
755 2094 833 2133 ista,
866 2093 997 2126 Socrates
1031 2104 1092 2126 non
1127 2099 1167 2126 est
1196 2092 1385 2136 quadrupes,

321 2154 404 2187 quae
420 2151 469 2175 est
485 2154 542 2186 per
558 2154 592 2175 se
608 2154 684 2175 vera
700 2150 849 2186 respectu
867 2141 969 2174 illius:
987 2150 1122 2185 propter
1137 2141 1279 2184 seipsam
1298 2140 1387 2172 enirn

320 2191 457 2224 falsitate
473 2191 567 2223 istius
586 2189 781 2230 verificatur,
798 2198 835 2222 ut
851 2189 891 2222 de
915 2201 950 2222 se
974 2198 1071 2233 patet.
1089 2190 1130 2222 Et
1154 2189 1217 2222 hoc
1241 2187 1386 2221 secundo

321 2239 423 2273 modo
451 2240 575 2272 utimur
602 2240 671 2271 istis
700 2239 848 2272 terminis
880 2237 1044 2271 tradentes
1072 2237 1219 2281 regulam
1248 2237 1288 2270 de
1313 2248 1387 2270 con-

322 2289 483 2321 trarietate
508 2288 705 2332 opinionum
729 2297 762 2320 et
785 2287 1065 2321 enunciationum.
1098 2287 1268 2320 Invenitur
1291 2286 1389 2330 siqui-

323 2337 397 2370 dem
414 2338 459 2370 sic
475 2336 700 2370 universaliter
715 2348 792 2370 vera
815 2337 849 2368 in
873 2336 965 2368 omni
989 2336 1123 2368 materia
1140 2334 1253 2378 regula
1276 2333 1387 2368 dicens

323 2386 423 2430 quod,
439 2398 515 2419 vera
531 2394 563 2419 et
579 2387 648 2419 eius
666 2397 724 2429 per
739 2397 773 2418 se
790 2384 880 2424 falsa,
897 2393 929 2417 et
945 2383 1023 2417 falsa
1040 2393 1072 2417 et
1087 2385 1158 2417 eius
1177 2395 1235 2428 per
1251 2395 1285 2416 se
1301 2394 1388 2423 vera,

324 2444 400 2468 sunt
424 2435 613 2467 contrariae.
646 2433 743 2466 Unde
768 2442 857 2477 patet
879 2433 1052 2477 responsio
1082 2432 1122 2466 ad
1151 2432 1388 2472 obiectionem,

324 2484 400 2527 quia
424 2482 572 2526 procedit
602 2481 792 2525 accipiendo
817 2481 851 2525 ly
870 2488 925 2526 per
947 2492 976 2514 se
998 2492 1089 2522 vera,
1119 2490 1150 2514 et
1173 2488 1230 2526 per
1258 2492 1288 2514 se
1302 2481 1389 2525 falsa

325 2532 433 2575 primo
449 2530 562 2564 modo.

396 2591 444 2623 13.
461 2579 514 2613 Ad
530 2579 686 2612 ultimum
702 2578 840 2612 dubium
857 2578 974 2611 dicitur
998 2578 1098 2622 quod,
1116 2579 1192 2623 quia
1216 2579 1299 2612 inter
1322 2579 1391 2622 opi-

325 2630 441 2662 niones
466 2628 505 2662 ad
521 2640 555 2661 se
572 2628 713 2661 invicem
737 2627 936 2671 pertinentes
956 2626 1046 2660 nulla
1069 2626 1130 2659 alia
1149 2635 1198 2659 est
1222 2627 1390 2671 oppositio

325 2679 389 2711 nisi
413 2678 634 2717 contrarietas,
658 2685 790 2710 coactus
815 2675 875 2708 fuit
898 2675 1091 2709 Aristoteles
1116 2675 1251 2719 (volens
1280 2676 1391 2708 termi-

326 2727 377 2759 nis
401 2725 595 2770 specialibus
615 2725 680 2770 uti)
696 2725 802 2758 dicere
827 2724 916 2769 quod
942 2735 1008 2757 una
1032 2733 1081 2757 est
1103 2724 1207 2767 magis
1232 2724 1392 2756 contraria

327 2786 426 2819 quam
451 2774 560 2814 altera,
584 2775 753 2806 insinuans
778 2772 912 2817 quidem
943 2771 1034 2816 quod
1057 2781 1194 2816 utraque
1222 2772 1393 2804 contrarie-

327 2823 400 2856 tatis
441 2823 688 2866 oppositionem
721 2821 818 2854 habet
846 2829 996 2864 respectu
1027 2819 1115 2853 illius
1144 2831 1250 2853 verae.
1280 2820 1393 2853 Deter—

327 2872 431 2904 minat
453 2880 563 2904 tamen
588 2869 774 2903 immediate
799 2869 889 2914 quod
913 2877 1041 2902 tantum
1066 2880 1131 2901 una
1154 2879 1285 2909 earum,
1311 2867 1394 2901 scili-

329 2929 379 2953 cet
395 2920 579 2963 negationis
594 2919 721 2963 opinio,
733 2919 894 2951 contraria
907 2926 956 2950 est
972 2916 1180 2950 affirmationi
1193 2928 1298 2950 verae.
1313 2916 1394 2950 Sub-

329 2969 375 3002 dit
399 2969 502 3001 enim:
526 2968 726 3012 Manifestum
745 2974 786 3001 est
800 2967 944 3011 quoniam
967 2966 1036 3000 haec
1051 2966 1204 3000 contraria
1223 2967 1287 2999 crit.
1313 2966 1392 2999 Duo

329 3029 407 3061 ergo
424 3017 515 3057 dixit,
532 3026 564 3050 et
589 3016 679 3061 quod
699 3026 848 3060 utraque,
868 3025 935 3049 tam
959 3015 1082 3048 scilicet
1098 3016 1229 3058 negatio
1245 3014 1392 3048 eiusdem

330 3077 428 3111 quam
444 3065 617 3098 affirmatio
637 3065 801 3105 contrarii,
826 3065 1041 3097 contrariatur
1060 3062 1268 3096 affirmationi
1287 3074 1392 3103 verae,

329 3123 361 3147 et
377 3113 466 3158 quod
482 3125 548 3147 una
566 3122 695 3147 tantum
712 3125 837 3152 earum,
854 3113 985 3156 negatio
1002 3112 1135 3151 scilicet,
1153 3120 1202 3144 est
1222 3113 1392 3145 contraria.

330 3163 371 3196 Et
394 3172 559 3207 utrunque
583 3171 631 3195 est
654 3173 779 3195 verum.
810 3161 895 3195 Illud
919 3161 1071 3205 quidem,
1095 3161 1189 3205 quia,
1209 3169 1246 3193 ut
1269 3159 1393 3194 dictum

330 3221 389 3252 est,
414 3212 526 3245 ambae
551 3212 792 3245 contrarietates
822 3211 1033 3254 oppositione
1066 3218 1178 3243 contra
1206 3208 1393 3243 affirmatio-

330 3271 406 3293 nem
431 3260 632 3300 moliuntur;
661 3259 718 3292 sed
742 3258 946 3298 difformiter,
972 3260 1047 3303 quia
1072 3259 1186 3302 opinio
1210 3258 1393 3301 negationis

331 3310 438 3352 primo
462 3318 494 3342 et
518 3320 576 3352 per
591 3320 626 3342 se
643 3309 868 3348 contrariatur,
891 3307 1116 3349 affirmationis
1136 3318 1215 3340 vero
1241 3306 1394 3339 contrarii

332 3358 446 3401 opinio
469 3357 663 3390 secundario
687 3365 719 3390 et
742 3368 800 3401 per
830 3356 999 3397 accidens,
1028 3356 1111 3390 idest
1135 3367 1192 3400 per
1216 3355 1319 3396 aliud,
1346 3366 1394 3388 ra-

331 3406 420 3438 tione
438 3406 559 3439 scilicet
578 3407 747 3449 negativae
768 3406 946 3450 opinioniS,
963 3413 999 3438 ut
1015 3404 1213 3438 declaratum
1230 3413 1293 3437 est:
1312 3404 1396 3437 sicut

333 3454 429 3486 etiam
454 3455 486 3486 in
503 3454 702 3487 naturalibus
726 3453 800 3487 albo
826 3454 1063 3486 contrariantur
1086 3461 1118 3486 et
1141 3453 1273 3496 nigrum
1295 3461 1327 3485 et
1343 3463 1395 3485 ru-

332 3500 439 3542 brum,
463 3502 519 3535 sed
543 3502 623 3536 illud
647 3503 765 3546 primo,
789 3502 853 3535 hoc
881 3501 1061 3542 reductive,
1089 3510 1126 3534 ut
1149 3501 1314 3534 reducitur
1336 3501 1395 3534 sci-

332 3548 409 3582 licet
433 3550 472 3583 ad
495 3552 626 3594 nigrum
650 3551 729 3584 illud
754 3550 956 3590 inducendo,
979 3559 1016 3583 ut
1043 3550 1160 3583 dicitur
1187 3550 1219 3583 V
1242 3550 1394 3594 Physicor.

1066 217 1185 252 PERI
1216 213 1562 250 HERMENEIAS
1591 213 1686 249 LIB.
1717 213 1749 249 II

1436 290 1626 323 Secundum
1643 298 1753 322 autern
1770 288 1894 322 dictum
1910 288 2100 332 simpliciter
2120 299 2236 321 verum
2259 296 2318 328 est,
2343 289 2500 332 quoniam

1435 341 1625 384 simpliciter
1648 341 1808 373 contraria
1831 351 1899 373 non
1923 348 2000 372 sunt
2022 340 2085 372 nisi
2107 348 2249 372 extrema
2273 340 2370 372 unius
2394 339 2501 372 latitu-

1436 388 1531 429 dinis,
1549 400 1632 432 quae
1652 389 1793 421 maxime
1818 388 1953 428 distant3
1969 397 2112 421 extrema
2131 396 2240 420 autem
2261 388 2358 420 unius
2382 387 2502 421 distan-

1435 439 1497 471 tiae
1514 449 1583 470 non
1596 446 1672 470 sunt
1688 438 1751 470 nisi
1765 437 1842 470 duo.
1861 438 1902 470 Et
1917 437 1992 470 ideo
2010 449 2086 470 cum
2102 439 2185 470 inter
2202 438 2402 481 pertinentes
2414 436 2454 470 ad
2467 449 2502 470 se

1436 487 1577 519 invicem
1591 487 1766 530 opiniones
1783 497 1888 519 unum
1901 495 2083 519 extremum
2102 495 2210 519 teneat
2230 485 2403 518 affirmatio
2415 497 2502 526 vera,

1436 535 1599 579 reliquum
1616 536 1673 567 uni
1690 543 1817 568 tanturn
1841 534 1939 568 falsae
1959 534 2103 568 dandum
2123 543 2181 575 est,
2206 534 2251 567 illi
2275 534 2397 567 scilicet
2419 546 2502 578 quae

1436 585 1578 617 maxime
1599 595 1616 616 a
1633 595 1708 617 vera
1725 584 1831 617 distat.
1857 584 1951 616 Hanc
1975 593 2086 617 autem
2106 584 2292 627 negativam
2309 584 2502 627 opinionem

1437 647 1508 668 esse
1524 634 1699 679 probatum
1723 643 1780 667 est.
1807 635 1897 667 Haec
1919 635 2018 677 igitur
2041 646 2106 667 una
2125 643 2253 667 tantum
2271 635 2431 667 contraria
2454 642 2503 667 est

1437 684 1494 724 illi,
1508 683 1699 727 simpliciter
1714 682 1894 727 loquendo.
1914 683 2070 716 Caeterae
2083 683 2171 715 enim
2188 684 2360 727 oppositae
2377 684 2502 716 ratione

1437 734 1531 766 istius
1549 733 1797 771 contradantur,
1821 740 1858 763 ut
1882 731 1922 764 de
1949 731 2067 764 mediis
2091 731 2214 764 dictum
2238 740 2295 764 est.
2319 733 2399 766 Non
2423 743 2502 775 ergo

1437 782 1495 814 uni
1519 780 1613 824 plura
1637 781 1797 813 contraria
1822 780 1948 823 posuit,
1972 791 2033 812 nec
2049 779 2089 812 de
2109 781 2333 813 contrarietate
2349 780 2436 824 large
2453 780 2502 813 lo-

1438 837 1560 873 quutus
1584 838 1650 868 est,
1675 837 1712 861 ut
1735 827 1921 861 obiiciendo
1946 827 2121 860 dicebatur.

1508 888 1556 920 14.
1567 877 1696 910 Deinde
1710 888 1786 909 cum
1800 876 1887 909 dicit:
1901 876 2045 920 Amplius
2056 876 2082 909 si
2094 877 2183 909 etiam
2195 885 2268 916 etc.‚
2278 877 2394 920 probat
2406 876 2504 918 idem,

1438 928 1560 962 scilicet
1583 926 1674 971 quod
1698 925 1906 959 affirmationi
1931 926 2091 958 contraria
2115 934 2164 958 est
2186 926 2318 969 negatio
2346 925 2504 966 eiusdem,

1438 986 1470 1010 et
1493 987 1562 1009 non
1578 975 1751 1008 affirmatio
1768 974 1919 1007 contrarii
1944 974 2087 1007 secunda
2110 976 2247 1014 ratione,
2267 973 2394 1006 dicens:
2416 974 2450 1007 Si
2471 975 2506 1006 in

1438 1025 1508 1058 aliis
1525 1025 1667 1057 materiis
1684 1032 1816 1067 oportet
1840 1024 2014 1067 opiniones
2038 1035 2072 1057 se
2097 1022 2214 1056 habere
2236 1022 2394 1062 similiter,
2410 1022 2505 1063 idest,

1439 1073 1556 1107 eodem
1580 1072 1700 1113 modo,
1725 1073 1768 1105 ita
1793 1071 1883 1116 quod
1908 1073 2086 1105 contrariae
2111 1073 2144 1105 in
2168 1072 2238 1105 aliis
2262 1072 2405 1104 materiis
2429 1080 2506 1104 sunt

1439 1122 1611 1156 affirmatio
1627 1130 1660 1155 et
1682 1122 1814 1164 negatio
1839 1120 2004 1161 eiusdem;
2021 1130 2053 1154 et
2076 1121 2152 1161 hoc,
2174 1120 2297 1153 scilicet
2313 1119 2404 1164 quod
2423 1119 2504 1153 dixi-

1439 1183 1512 1204 mus
1530 1170 1569 1204 de
1586 1170 1664 1203 boni
1678 1178 1710 1203 et
1719 1169 1796 1202 mali
1814 1169 2037 1213 opinionibuS,
2049 1168 2178 1202 videtur
2191 1181 2261 1202 esse
2273 1168 2357 1202 bene
2370 1168 2505 1208 dictum,

1440 1219 1530 1264 quod
1554 1218 1676 1252 scilicet
1710 1219 1870 1251 contraria
1902 1217 2110 1251 affirmationi
2138 1217 2216 1251 boni
2245 1229 2314 1251 non
2342 1226 2392 1250 est
2419 1216 2504 1250 affir-

1439 1269 1540 1302 matio
1557 1267 1646 1307 mali,
1663 1267 1720 1300 sed
1736 1267 1867 1310 negatio
1884 1266 1972 1300 boni.
1998 1267 2039 1300 Et
2055 1266 2172 1310 probat
2194 1266 2278 1299 hanc
2300 1277 2506 1309 consequen-

1439 1319 1519 1351 tiam
1542 1316 1703 1350 subdens:
1727 1316 1794 1348 Aut
1817 1316 1895 1348 enim
1918 1315 2044 1359 ubique,
2065 1315 2167 1355 idest,
2187 1316 2221 1347 in
2245 1316 2337 1348 omni
2360 1315 2507 1355 materia,

1440 1378 1478 1399 ea
1501 1377 1584 1410 quae
1608 1373 1657 1398 est
1681 1363 1948 1397 contradictionis
1966 1363 2064 1397 altera
2087 1375 2161 1408 pars
2186 1363 2348 1397 censenda
2363 1373 2412 1397 est
2428 1375 2506 1396 con-

1440 1415 1536 1447 traria
1559 1425 1636 1446 suae
1660 1412 1879 1453 affirmationi,
1903 1421 1959 1446 aut
1975 1424 2150 1457 nusquam,
2174 1412 2268 1452 idest,
2292 1421 2348 1445 aut
2364 1413 2397 1445 in
2416 1411 2507 1445 nulla

1439 1463 1583 1496 materia.
1610 1461 1645 1494 Si
1661 1462 1749 1494 enim
1773 1470 1821 1494 est
1842 1472 1908 1494 una
1932 1473 1981 1494 ars
2005 1461 2164 1505 generalis
2182 1461 2361 1505 accipiendi
2381 1469 2508 1494 contra-

1439 1513 1521 1544 riam
1537 1510 1741 1554 opinionem,
1765 1518 1896 1553 oportet
1920 1509 2011 1554 quod
2026 1510 2148 1554 ubique
2164 1519 2196 1543 et
2213 1511 2246 1543 in
2263 1511 2354 1543 omni
2370 1510 2506 1543 materia

1440 1571 1508 1593 uno
1532 1568 1565 1592 et
1587 1557 1706 1591 eodem
1733 1557 1836 1591 modo
1853 1558 2030 1602 accipiatur
2047 1559 2207 1591 contraria
2223 1559 2347 1602 opinio.
2369 1558 2411 1591 Et
2427 1569 2506 1590 con-

1439 1615 1625 1652 sequenter,
1643 1606 1670 1639 si
1695 1607 1729 1638 in
1757 1605 1865 1649 aliqua
1892 1606 2026 1638 materia
2049 1606 2182 1649 negatio
2212 1605 2360 1639 eiusdem
2388 1605 2428 1638 de
2451 1616 2507 1638 eo·

1440 1656 1515 1690 dem
1539 1655 1747 1689 affirmationi
1774 1663 1823 1687 est
1846 1655 2018 1694 contraria,
2039 1655 2073 1687 in
2097 1655 2189 1687 omni
2212 1655 2346 1687 materia
2373 1654 2506 1698 negatio

1440 1704 1587 1737 eiusdem
1608 1703 1647 1737 de
1671 1703 1789 1736 eodem
1810 1704 1970 1736 contraria
1993 1703 2053 1736 erit
2070 1702 2289 1735 affirmationi.
2306 1701 2435 1735 Deinde
2458 1702 2506 1735 in-

1440 1752 1578 1786 tendens
1598 1751 1793 1785 concludere
1810 1763 1828 1784 a
1843 1753 2008 1796 positione
2035 1751 2273 1791 antecedentis,
2297 1750 2435 1784 affirmat
2454 1761 2508 1783 an—

1440 1800 1592 1834 tecedens
1609 1812 1648 1833 ex
1667 1812 1726 1833 sua
1747 1811 1854 1840 causa,
1871 1799 1982 1833 dicens
2002 1799 2091 1844 quod
2115 1799 2187 1832 illae
2211 1799 2364 1832 materiae
2388 1797 2507 1843 quibus

1440 1861 1509 1882 non
1537 1850 1622 1882 inest
1651 1849 1869 1888 contrarium,
1900 1857 1937 1882 ut
1960 1848 2141 1881 substantia
2165 1856 2197 1881 et
2228 1848 2406 1892 quantitas,
2432 1848 2505 1892 qui-

1441 1898 1518 1938 bus,
1533 1906 1570 1931 ut
1585 1898 1618 1930 in
1634 1897 1884 1931 Praedicamentis
1903 1896 2038 1937 dicitur,
2062 1895 2144 1929 nihil
2160 1905 2210 1929 est
2226 1891 2437 1929 contrarium.
2454 1896 2507 1928 De

1441 1946 1492 1980 his
1515 1945 1648 1991 quidem
1671 1954 1720 1978 est
1743 1957 1801 1989 per
1824 1957 1858 1978 se
1882 1944 1961 1978 falsa
1985 1957 2033 1986 ea,
2057 1956 2140 1989 quae
2165 1953 2214 1978 est
2237 1945 2387 1989 opinioni
2410 1954 2508 1977 verae

1442 1995 1595 2040 opposita
1612 1993 1873 2034 contradictorie,
1890 2002 1927 2026 ut
1949 1994 2006 2038 qui
2030 2002 2123 2038 putat
2146 1993 2329 2033 hominem,
2345 2000 2424 2036 puta
2446 1992 2507 2025 So-

1442 2053 1562 2078 cratem
1578 2054 1647 2076 non
1663 2054 1734 2076 esse
1758 2042 1945 2082 hominem,
1966 2053 2024 2086 per
2038 2054 2073 2075 se
2090 2041 2190 2075 falsus
2206 2050 2255 2075 est
2273 2049 2422 2085 respectu
2443 2051 2506 2084 pu-

1441 2092 1551 2131 tantis,
1569 2092 1738 2125 Socratem
1755 2102 1825 2124 esse
1845 2090 2025 2124 hominem.
2043 2090 2171 2124 Deinde
2187 2089 2380 2123 affirmando
2396 2090 2507 2134 ipsum

1442 2140 1636 2174 antecedens
1659 2139 1849 2180 formaliter,
1866 2139 1985 2173 directe
2010 2138 2175 2173 concludit
2195 2139 2357 2172 intentum
2381 2149 2399 2171 a
2418 2138 2508 2182 posi-

1442 2189 1532 2222 tione
1556 2188 1775 2222 antecedentis
1792 2188 1832 2222 ad
1849 2189 2050 2232 positionem
2070 2187 2301 2232 consequentis
2322 2186 2451 2220 dicens:
2476 2185 2509 2220 Si

1442 2249 1509 2281 ergo
1532 2237 1597 2278 hae,
1622 2237 1755 2278 scilicet,
1772 2236 1944 2271 affirmatio
1961 2246 1993 2271 et
2016 2237 2147 2280 negatio
2171 2237 2205 2269 in
2229 2236 2362 2269 materia
2379 2243 2508 2268 carente

1444 2287 1618 2326 contrario,
1634 2294 1711 2319 sunt
1727 2286 1918 2326 contrariae,
1942 2295 1975 2319 et
1997 2296 2113 2319 omnes
2133 2284 2214 2318 aliae
2235 2283 2508 2317 contradictiones

1444 2335 1622 2368 contrariae
1647 2334 1827 2368 censendae
1851 2343 1936 2367 sunt.

1514 2394 1562 2426 15.
1576 2383 1704 2417 Deinde
1720 2395 1795 2416 cum
1811 2383 1899 2416 dicit:
1908 2383 2052 2427 Amplius
2063 2382 2201 2416 similiter
2212 2389 2285 2421 etc.‚
2294 2380 2410 2425 probat
2422 2379 2509 2413 idem

1443 2436 1536 2468 tertia
1552 2436 1689 2474 ratione,
1707 2445 1790 2478 quae
1807 2434 1878 2467 talis
1895 2442 1961 2468 est:
1983 2434 2036 2467 Sic
2053 2445 2087 2467 se
2103 2433 2223 2467 habent
2243 2433 2324 2466 istae
2339 2431 2423 2465 duae
2439 2431 2510 2476 opi-

1444 2485 1560 2517 niones
1577 2483 1616 2516 de
1629 2483 1729 2523 bono,
1742 2483 1875 2523 scilicet,
1892 2483 2018 2516 bonum
2034 2491 2083 2516 est
2098 2482 2236 2523 bonum,
2249 2489 2290 2521 et,
2299 2480 2425 2514 bonum
2441 2486 2510 2515 non

1445 2542 1494 2567 est
1517 2532 1653 2572 bonum,
1677 2533 1762 2565 sicut
1785 2543 1820 2565 se
1836 2531 1956 2564 habent
1972 2532 2051 2564 istae
2075 2530 2159 2564 duae
2183 2530 2224 2564 de
2247 2541 2316 2562 non
2332 2529 2434 2569 bono,
2450 2528 2510 2561 sci-

1445 2582 1531 2623 licet,
1547 2593 1615 2615 non
1631 2581 1757 2614 bonum
1780 2593 1849 2615 non
1872 2590 1921 2614 est
1943 2580 2080 2620 bonurn,
2097 2587 2139 2620 et,
2158 2589 2227 2612 non
2243 2579 2369 2612 bonurn
2389 2586 2438 2610 est
2452 2576 2510 2610 bo-

1446 2642 1538 2664 num.
1556 2629 1741 2674 Utrobique
1760 2631 1848 2663 enim
1872 2629 2015 2663 salvatur
2038 2628 2207 2672 oppositio
2231 2625 2508 2663 contradictionis.

1447 2679 1488 2712 Et
1503 2679 1627 2722 prImae
1644 2679 1814 2722 utriusque
1838 2677 2090 2710 combinationis
2115 2684 2191 2708 sunt
2210 2686 2323 2714 verae,
2347 2673 2510 2709 secundae

1447 2735 1557 2760 autem
1580 2726 1687 2759 falsae.
1717 2726 1813 2759 Unde
1829 2735 2019 2770 proponens
2035 2724 2119 2757 hanc
2138 2724 2296 2756 maiorem
2321 2721 2430 2766 quoad
2446 2722 2510 2767 pri-

1446 2787 1517 2808 mas
1532 2786 1624 2808 veras
1645 2775 1815 2819 utriusque
1845 2773 2097 2807 combinationis
2121 2773 2179 2804 ait:
2204 2771 2347 2806 Similiter
2374 2781 2403 2804 se
2425 2770 2512 2805 habet

1447 2824 1544 2869 opinio
1568 2823 1648 2864 boni,
1672 2825 1816 2868 quoniam
1840 2823 1951 2856 bonum
1974 2828 2032 2863 est,
2057 2827 2083 2854 et
2106 2831 2167 2853 non
2190 2820 2259 2854 boni
2284 2819 2428 2864 quoniam
2450 2829 2512 2852 non

1447 2879 1488 2907 est
1511 2872 1631 2906 bonum.
1656 2873 1696 2906 Et
1712 2872 1822 2906 subdit
1843 2870 1952 2916 quoad
1969 2870 2128 2904 secundas
2146 2870 2315 2913 utriusque
2338 2867 2451 2902 falsas:
2471 2867 2513 2901 Et

1446 2928 1535 2966 super
1557 2921 1611 2954 has
1641 2921 1756 2964 opinio
1773 2920 1843 2954 boni
1864 2920 2008 2964 quoniam
2031 2931 2092 2953 non
2115 2926 2156 2953 est
2174 2919 2296 2959 bonum,
2314 2924 2341 2952 et
2363 2929 2423 2951 non
2443 2916 2514 2951 boni

1446 2971 1654 3015 quoniamest
1677 2969 1798 3003 bonum.
1823 2969 1913 3002 Haec
1937 2977 1987 3002 est
2009 2969 2124 3001 maior.
2150 2967 2215 3002 Sed
2245 2967 2291 3000 illi
2314 2977 2410 3001 verae
2440 2965 2512 3010 opi-

1447 3020 1539 3052 nioni
1563 3018 1603 3052 de
1626 3029 1695 3051 non
1718 3017 1819 3058 bono,
1829 3017 1962 3057 scilicet,
1981 3028 2049 3050 non
2065 3017 2190 3050 bonum
2213 3027 2282 3050 non
2306 3024 2355 3050 est
2374 3015 2512 3056 bonurn,

1449 3069 1607 3101 contraria
1631 3079 1699 3101 non
1723 3075 1787 3107 est,
1811 3077 1879 3099 non
1907 3065 2032 3099 bonum
2057 3074 2106 3099 est
2129 3065 2271 3106 malum,
2302 3075 2363 3098 nec
2386 3063 2512 3097 bonum

1448 3128 1516 3150 non
1539 3125 1589 3149 est
1611 3115 1746 3156 malum,
1763 3127 1847 3160 quae
1871 3123 1948 3147 sunt
1972 3114 2012 3148 de
2038 3113 2224 3159 praedicato
2248 3113 2430 3153 contrario,
2454 3110 2512 3145 sed

1448 3165 1512 3206 illa,
1535 3175 1605 3198 non
1620 3163 1746 3197 bonum
1762 3171 1811 3196 est
1827 3162 1964 3202 bonum,
1987 3174 2070 3207 quae
2087 3171 2136 3196 est
2151 3163 2222 3195 eius
2242 3160 2512 3200 contradictoria;

1448 3225 1527 3258 ergo
1551 3222 1583 3246 et
1610 3212 1656 3246 illi
1671 3223 1767 3246 verae
1791 3211 1941 3255 opinioni
1966 3211 2005 3245 de
2029 3211 2134 3252 bono,
2162 3210 2295 3249 scilicet,
2319 3209 2445 3242 bonum
2463 3215 2512 3241 est

1448 3262 1584 3303 bonum,
1609 3262 1769 3295 contraria
1792 3261 1853 3294 erit
1875 3271 1934 3293 sua
1950 3259 2211 3300 contradictoria,
2230 3258 2362 3299 scilicet,
2385 3257 2511 3290 bonum

1448 3323 1517 3344 non
1540 3318 1588 3344 est
1611 3309 1756 3350 bonurn,
1781 3318 1813 3342 et
1836 3320 1904 3342 non
1928 3309 2101 3343 affirmatio
2125 3309 2288 3348 contrarii,
2306 3306 2438 3346 scilicet,
2453 3304 2511 3338 bo-

1449 3371 1530 3392 num
1553 3366 1602 3392 est
1624 3357 1758 3391 malum.
1784 3357 1881 3391 Unde
1905 3357 2015 3391 subdit
2037 3358 2200 3390 minorem
2225 3355 2444 3400 supradictam
2467 3352 2512 3386 di—

1450 3417 1541 3441 cens:
1557 3408 1611 3441 Illi
1633 3418 1699 3451 ergo
1721 3418 1809 3441 verae
1831 3407 1964 3452 opinioni
1985 3418 2046 3440 non
2069 3406 2149 3447 boni,
2165 3416 2243 3451 quae
2260 3411 2301 3438 est
2316 3403 2426 3437 dicens
2442 3411 2512 3445 quo-

1449 3457 1533 3489 niam
1556 3455 1678 3489 scilicet
1701 3467 1761 3489 non
1786 3455 1896 3489 bonum
1912 3466 1972 3488 non
1992 3460 2034 3488 est
2049 3454 2170 3495 bonum,
2186 3463 2264 3498 quae
2286 3458 2327 3486 est
2349 3450 2510 3485 contraria.

1449 3505 1528 3538 Non
1552 3504 1640 3537 enim
1656 3512 1705 3537 est
1722 3503 1782 3537 sibi
1800 3505 1960 3537 contraria
1983 3515 2021 3536 ea
2044 3503 2170 3547 opinio,
2183 3513 2266 3546 quae
2282 3500 2360 3534 dicit
2374 3497 2511 3532 affirma-

1451 3554 1536 3585 tivae
1560 3552 1781 3596 praedicatum
1798 3552 2015 3592 contrarium,
2035 3550 2171 3590 scilicet,
2193 3547 2283 3593 quod
2299 3558 2367 3580 non
2387 3546 2512 3580 bonurn
