2788 4204
52 479 62 488 ⁶
73 478 136 499 Lect.
148 477 261 505 praeced„

50 510 73 525 n.
85 510 105 527 7.

51 799 203 821 Ammonius.

148 835 165 851 α

52 1331 96 1351 ’.ιι
111 1330 210 1351 videtur.

52 1382 113 1404 nin
120 1388 200 1413 marga
196 1382 263 1410 ,quia

52 1411 89 1430 est
101 1415 178 1437 quast.

54 1490 97 1508 Ἀε
109 1487 243 1508 subiectum.

52 1702 61 1710 ·
72 1700 146 1722 Codd.
160 1712 170 1716 -
185 1706 220 1721 a:
241 1702 265 1721 et

52 1727 116 1748 dicit.

51 1755 60 1763 '¹
71 1759 96 1774 n:
112 1753 228 1774 dicuntur.

54 1968 62 1977 ”
74 1974 99 1989 n:
111 1969 198 1995 potest.
240 1998 243 2001 Ι

286 243 338 278 24

289 313 376 349 bum
406 325 428 349 a
457 313 622 358 nomine,
656 312 694 349 in
722 313 797 348 hoc
825 312 963 348 scilicet
996 311 1099 359 quod
1129 310 1216 346 dicit
1248 308 1353 358 quod

289 366 550 415 consignificat
575 372 728 413 tempus.
747 365 915 401 .Dictum
946 372 1001 400 est
1029 363 1130 399 enim
1162 363 1200 398 in
1221 362 1352 398 defini—

288 418 390 455 tione
419 419 583 455 nominis
623 418 727 466 quod
761 430 903 454 nornen
933 416 1115 463 significat
1149 415 1229 451 sine
1258 422 1352 451 tem-

287 484 382 520 pore
401 472 459 508 *.—
472 472 648 508 Secunda
667 483 759 508 vero
779 470 960 519 particula
990 476 1054 514 est,
1070 480 1139 516 per
1163 480 1279 516 quam
1300 468 1353 505 di-

290 524 485 572 stinguitur
503 526 666 561 verbum
695 524 742 559 ab
772 523 953 568 oratione,
984 521 1123 557 scilicet
1151 533 1239 557 cum
1265 521 1352 558 dici-

290 585 365 614 tur:
401 578 515 613 Cuius
536 589 630 625 pars
658 576 750 612 nihil
777 581 884 612 extra
912 574 1111 623 significat.

347 632 380 667 3.
403 630 478 666 Sed
499 642 584 665 cum
606 630 679 665 hoc
700 628 812 665 etiarn
827 627 995 676 positum
1011 626 1057 663 sit
1075 626 1113 662 in
1134 626 1353 663 definitione

291 682 465 729 nominis,
482 682 631 718 videtur
650 682 723 717 hoc
744 680 919 718 debuisse
934 679 1191 728 praetermitti,
1209 679 1304 716 sicut
1319 686 1355 716 et

292 735 396 784 quod
416 735 557 771 dictum
587 742 652 780 est,
672 746 751 770 vox
776 734 1027 783 significativa
1047 733 1098 769 ad
1117 732 1313 780 placitum.
1328 753 1353 759 -

290 787 351 824 Ad
372 787 474 835 quod
494 787 699 836 respondet
713 787 943 824 Ammonius
958 792 975 807 α
991 786 1092 835 quod
1110 785 1147 822 in
1168 785 1354 822 definitio-

290 853 338 877 ne
354 840 518 876 nominis
533 841 607 877 hoc
625 840 793 889 positum
811 849 877 888 est,
893 847 935 876 ut
950 839 1196 887 distinguatur
1211 851 1355 875 nomen

291 893 338 929 ab
355 893 598 941 orationibus,
620 905 718 942 quae
739 900 1023 943 componuntur
1051 905 1096 929 ex
1122 892 1354 938 nominibus;

290 953 331 981 ut
355 958 442 982 cum
463 946 613 994 dicitur,
643 948 755 984 homo
775 953 830 984 est
850 946 1003 984 animal.
1035 945 1135 992 Quia
1153 958 1248 983 vero
1270 953 1357 981 sunt

291 998 403 1034 etiam
433 1000 622 1047 quaedam
652 1001 842 1038 orationes
871 1012 969 1049 quae
999 1006 1283 1048 componuntur
1311 1011 1357 1034 ex

289 1050 428 1097 verbis;
449 1059 490 1088 ut
510 1065 598 1090 cum
619 1053 764 1101 dicitur,
785 1054 982 1091 ambulare
1001 1058 1055 1089 est
1071 1052 1231 1097 moveri,
1252 1059 1294 1088 ut
1308 1052 1356 1088 ab

290 1103 347 1140 his
363 1104 610 1153 distinguatur
623 1108 799 1154 verbum,
810 1106 976 1156 oportuit
989 1106 1065 1142 hoc
1080 1106 1193 1142 etiam
1209 1105 1247 1141 in
1264 1104 1356 1142 defi-

290 1156 432 1194 nitione
446 1159 554 1196 verbi
574 1159 708 1197 iterari.
722 1181 745 1188 -
757 1162 887 1197 Potest
907 1159 1019 1196 etiam
1040 1159 1145 1195 aliter
1162 1158 1233 1195 dici
1253 1158 1358 1207 quod

291 1210 379 1258 quia
392 1212 557 1248 verbum
572 1213 752 1262 importat
769 1213 1100 1262 compositionem,
1121 1212 1159 1248 in
1179 1224 1255 1260 qua
1273 1223 1358 1260 per-

290 1263 414 1300 ficitur
442 1265 561 1301 oratio
590 1269 727 1304 verum
742 1268 804 1303 vel
824 1267 961 1303 falsum
990 1265 1217 1313 significans,
1238 1264 1357 1300 maio—

290 1328 373 1352 rem
385 1318 689 1356 convenientiam
700 1319 900 1357 videbatur
909 1320 929 1341 *
938 1319 1102 1356 verbum
1112 1318 1254 1354 habere
1270 1330 1358 1354 cum

292 1369 474 1418 oratione,
504 1373 610 1420 quasi
633 1374 652 1394 *
680 1373 870 1421 quaedam
897 1385 986 1421 pars
1012 1371 1196 1420 formalis
1228 1370 1356 1418 ipsius,

292 1434 408 1470 quam
428 1436 583 1473 nornen,
605 1426 709 1474 quod
738 1434 794 1462 est
821 1425 1011 1474 quaedam
1039 1436 1126 1472 pars
1155 1423 1359 1460 materialis

292 1482 328 1512 et
347 1476 555 1514 subiectiva
581 1479 602 1499 '¹‘
630 1479 826 1524 orationis;
848 1486 884 1515 et
901 1478 989 1515 ideo
1010 1476 1176 1526 oportuit
1194 1476 1330 1513 iterari.

343 1541 380 1576 4.
412 1530 541 1567 Tertia
559 1544 652 1568 vero
685 1532 868 1580 particula
897 1539 963 1579 est,
993 1543 1062 1579 per
1094 1541 1210 1578 quam
1231 1529 1358 1567 distin-

291 1582 415 1629 guitur
441 1584 605 1620 verbum
633 1597 711 1621 non
740 1586 866 1621 solum
895 1597 917 1621 a
945 1583 1117 1630 nomine,
1148 1582 1216 1620 sed
1245 1582 1358 1619 etiam

291 1647 313 1670 a
339 1635 535 1683 participio
565 1637 669 1686 quod
703 1637 886 1685 significat
915 1649 1003 1674 cum
1031 1644 1226 1685 tempore;
1255 1637 1359 1674 unde

291 1687 379 1724 dicit
395 1688 432 1724 *ε
461 1690 512 1725 Et
533 1695 587 1726 est
601 1702 747 1739 semper
771 1703 915 1736 eorum,
936 1702 1033 1739 quae
1051 1690 1096 1726 de
1114 1690 1232 1727 altero
1245 1702 1359 1738 prae-

289 1741 462 1777 dicantur
482 1742 501 1763 *
520 1748 619 1789 nota,
636 1743 732 1780 idest
752 1744 919 1792 signum:
937 1743 1025 1792 quia
1044 1743 1184 1780 scilicet
1202 1743 1359 1780 nomina

291 1801 327 1830 et
353 1794 548 1843 participia
581 1804 741 1844 possunt
773 1797 866 1846 poni
900 1809 946 1833 ex
977 1804 1083 1845 parte
1121 1796 1278 1833 subiecti
1322 1804 1359 1833 et

288 1847 513 1928 praedilpati,
535 1849 602 1886 sed
621 1851 784 1887 verbum
805 1862 958 1899 semper
983 1857 1038 1886 est
1061 1862 1106 1886 ex
1124 1857 1231 1898 parte
1249 1862 1358 1898 prae-

291 1899 401 1937 dicati

349 1954 380 1989 5.
404 1953 480 1990 Sed
499 1955 573 1991 hoc
591 1955 771 1993 videtur*
785 1956 926 1993 habere
946 1955 1161 1992 instantiam
1177 1955 1215 1992 in
1229 1955 1357 1992 verbis

262 2019 272 2025 ⁷·
291 2005 464 2043 infinitivi
493 2008 610 2055 modi,
632 2021 730 2057 quae
756 2009 947 2046 interdum
966 2015 1161 2057 ponuntur
1189 2021 1234 2045 ex
1251 2015 1358 2057 parte

54 2228 101 2248 'At
119 2227 143 2248 in
169 2227 266 2253 vulgari

54 2253 173 2274 latinitate
193 2253 264 2274 susti-

55 2282 111 2300 nent
124 2283 166 2300 010.

54 2307 63 2316 ·
75 2312 94 2327 c:
103 2306 265 2327 adiectionem.

53 2386 62 2394 ·
74 2390 154 2406 mrem
162 2385 265 2412 aliquam

54 2413 82 2432 ut
97 2411 266 2432 subsistentem.

292 2058 460 2104 subiecti;
489 2068 531 2097 ut
559 2074 647 2098 cum
677 2061 827 2109 dicitur,
857 2062 1054 2099 ambulare
1081 2067 1136 2098 est
1165 2062 1356 2098 moveri.-

293 2111 369 2148 Sed
403 2111 608 2150 dicendum
637 2122 693 2151 est
733 2115 839 2164 quod
869 2115 989 2152 verba
1025 2114 1199 2152 infinitivi
1233 2115 1357 2162 modi,

292 2165 446 2213 quando
461 2166 500 2203 in
515 2167 684 2204 subiecto
700 2175 905 2216 ponuntur,
922 2169 1063 2205 habent
1081 2168 1162 2205 vim
1179 2168 1357 2205 nominis:

290 2218 393 2254 unde
423 2226 458 2255 et
485 2219 523 2257 in
542 2232 678 2267 graeco
705 2228 741 2258 et
768 2221 806 2258 in
824 2221 970 2269 vulgari
991 2221 1103 2258 latina
1131 2221 1322 2258 locutione
1340 2222 1361 2243 '¹³

293 2271 499 2320 suscipiunt
510 2273 743 2311 additionem
754 2274 1023 2312 *articulorum
1038 2274 1133 2311 sicut
1144 2282 1180 2311 et
1189 2274 1357 2311 nomina.

294 2324 412 2361 Cuius
446 2326 539 2362 ratio
574 2334 629 2363 est
666 2327 754 2376 quia
785 2327 983 2377 proprium
1017 2327 1181 2364 nominis
1210 2335 1282 2374 est,
1317 2335 1359 2364 ut

294 2377 477 2424 significet
505 2391 586 2415 rern
606 2379 772 2429 aliquam
801 2380 908 2430 quasi
926 2393 996 2430 per
1014 2393 1054 2418 se
1079 2380 1302 2418 existentem
1319 2381 1355 2427 *3

292 2430 491 2490 proprium
521 2439 648 2469 autem
667 2433 776 2470 verbi
805 2441 870 2479 est,
891 2442 932 2471 ut
959 2434 1143 2482 significet
1168 2434 1358 2471 actionem

292 2483 355 2519 vel
383 2484 613 2531 passionem.
644 2486 773 2522 Potest
795 2494 922 2523 autern
952 2487 1048 2523 actio
1078 2486 1278 2534 significari
1297 2487 1357 2524 tri-

292 2535 456 2584 pliciter:
494 2550 572 2574 uno
606 2538 742 2586 modo,
776 2551 845 2587 per
873 2552 913 2576 se
941 2539 979 2576 in
1013 2540 1217 2588 abstracto,
1255 2541 1360 2576 velut

350 2645 379 2679 α)
398 2646 443 2671 Ad
460 2647 532 2679 quod
550 2647 691 2679 respondet
705 2647 861 2673 Ammonius
875 2652 922 2672 etc.
939 2648 1147 2681 Responsionem
1161 2649 1294 2674 Ammonii
1309 2656 1363 2673 am—

294 2682 414 2714 plectitur
426 2682 557 2712 Boethius,
568 2683 619 2715 Op.
631 2682 671 2707 cit.
681 2682 697 2714 ξ
711 2682 752 2707 De
766 2683 844 2708 verbo
860 2691 917 2716 pag.
935 2683 993 2714 313,
1008 2684 1054 2708 sed
1067 2683 1237 2708 Ammonium
1250 2692 1302 2708 non
1316 2691 1364 2708 no—

295 2717 383 2742 minat.
402 2718 501 2742 Auctor
519 2722 604 2742 autem
624 2718 672 2742 iste
691 2719 897 2750 responsionem,
917 2726 984 2751 quae
998 2719 1038 2743 hic
1054 2727 1067 2743 8
1086 2727 1107 2743 s.
1118 2719 1221 2744 Thomu
1235 2719 1362 2749 recitatur,

295 2752 383 2777 tribuit
402 2752 560 2785 Porphyrio,
581 2753 621 2777 cui
641 2753 791 2779 subscribit:
813 2763 824 2775 ι
837 2754 877 2778 Ad
896 2753 961 2779 118110
980 2753 1154 2779 difficultatem
1177 2753 1362 2787 porphyricum

297 2798 310 2810 ι
326 2787 389 2812 illud
409 2788 525 2812 dicamus
545 2788 671 2821 quasdam
691 2796 749 2814 esse
767 2789 897 2814 orationes
917 2797 947 2814 ex
965 2789 1051 2814 verbis
1070 2789 1236 2822 compositas,
1252 2797 1363 2822 quarum

297 2833 310 2846 »
327 2822 508 2855 significativae
527 2828 588 2848 sunt
607 2828 700 2857 partes,
721 2824 778 2857 ipsa
792 2824 897 2857 inquam
912 2825 990 2849 verba
1005 2832 1034 2849 ex
1049 2824 1143 2857 quibus
1158 2824 1287 2849 orationes
1302 2832 1362 2849 con-

298 2869 310 2881 »
327 2858 436 2888 sistunt,
456 2866 503 2883 ceu
522 2867 583 2884 cum
607 2859 676 2888 dico,
696 2860 832 2884 ambulare
851 2863 890 2884 est
908 2859 1016 2885 moveri.
1042 2860 1160 2892 Namque
1183 2859 1320 2884 ambulare
1339 2863 1363 2884 et

298 2904 311 2917 »
328 2894 428 2918 moveri
447 2898 472 2918 et
490 2897 543 2923 est,
563 2902 623 2919 cum
649 2894 728 2919 totius
748 2899 834 2928 partes
854 2894 905 2919 sint
923 2894 1059 2926 orationis,
1086 2893 1251 2927 significativa
1269 2902 1317 2927 per
1334 2902 1364 2919 se

299 2939 311 2952 »
328 2934 389 2953 sunt
407 2929 471 2962 ipsa.
491 2929 560 2961 Ergo
579 2934 608 2954 ut
627 2930 658 2954 ab
678 2929 703 2954 id
721 2937 804 2962 genus
823 2930 982 2955 orationibus
996 2930 1074 2955 verba
1094 2934 1248 2960 secerneret,
1267 2930 1362 2962 quibus

299 2974 311 2987 ³
327 2969 413 2996 partes
432 2965 495 2989 aliae
513 2965 585 2989 verbi
603 2964 727 2989 finitionis
746 2965 914 2995 conveniunt,
934 2973 992 2995 vox,
1006 2966 1121 2998 inquam,
1135 2964 1312 2998 significativa,
1332 2973 1362 2990 ex

299 3009 312 3022 a»
328 3000 481 3032 composim,
496 3005 600 3032 tempus
615 2999 803 3032 adsignificans,
814 3001 898 3033 ipsam
909 3000 1054 3026 necessario
1064 3001 1105 3025 vel
1118 3000 1167 3025 hoc
1178 3001 1234 3025 loco
1245 3000 1363 3025 differen-

299 3034 389 3059 ›tiam
401 3035 521 3059 adiecit.»
509 3035 631 3069 ›(1n1ib.
643 3035 797 3060 Periherm.
816 3040 878 3060 sect.
890 3036 1047 3065 lDewrbo,
1062 3035 1120 3068 §m
1132 3036 1176 3060 sol.
1187 3043 1211 3068 7,
1219 3036 1267 3060 col.
1280 3035 1314 3070 3).
1325 3036 1363 3061 De

297 3069 337 3093 his
351 3069 411 3094 nihil
426 3069 502 3095 habet
516 3070 540 3095 b.
551 3071 673 3095 Albertus
686 3071 771 3103 Magn.
786 3071 812 3095 in
826 3071 835 3095 1
850 3071 912 3096 Peri
923 3071 1097 3100 hermeneia,
1113 3075 1183 3095 11801.
1195 3071 1234 3105 ΙΙΙ,
1245 3078 1300 3111 cup.
1310 3078 1338 3095 11.
1344 3085 1363 3090 -

298 3105 368 3129 Haec
387 3110 473 3129 autem
493 3111 555 3129 noto
574 3110 603 3130 ut
622 3105 805 3130 animadvertat
830 3107 910 3131 lector
928 3106 994 3131 118110
1012 3106 1144 3130 Ammonii
1162 3102 1361 3139 responsionem

299 3140 379 3164 fuisse
394 3148 408 3164 a
423 3145 511 3164 sancto
530 3140 632 3165 Thoma
647 3148 676 3165 ex
690 3141 747 3173 ipso
758 3141 889 3165 Ammonii
905 3141 1097 3166 Commentario
1113 3142 1285 3174 desumptam.
1299 3141 1364 3165 Vul-

299 3180 355 3206 gata
374 3175 470 3208 quippe
489 3183 569 3208 penes
585 3177 724 3200 nonnullos
740 3177 865 3201 sententia
880 3176 927 3201 fuit
941 3176 1104 3201 Scholasticis
1120 3184 1171 3201 non
1185 3184 1277 3200 verum
1291 3184 1364 3208 grae-

298 3218 412 3242 cumque
426 3210 591 3235 Aristotelem
606 3211 757 3242 innotuisse,
776 3212 823 3236 sed
841 3211 957 3236 fictitium
977 3216 1053 3244 atque
1073 3212 1247 3244 depravatum,
1267 3219 1362 3244 nempe

299 3245 443 3276 arabicum5
462 3245 556 3278 vixque
571 3254 599 3270 80
619 3253 650 3270 110
665 3246 706 3271 vix
720 3247 826 3279 quidem
842 3246 1013 3279 excipiebatur
1032 3255 1052 3271 s.
1063 3246 1193 3271 Thomas:
1213 3247 1245 3271 de
1259 3254 1313 3279 quo
1327 3251 1363 3271 ta-

299 3288 358 3304 men
379 3285 466 3305 nostra
485 3286 566 3305 aetate
585 3281 720 3313 aequiores
740 3282 815 3306 critici
832 3282 918 3307 verius
938 3282 1131 3314 sapientiusque
1150 3282 1294 3306 iudicarunt
1312 3279 1361 3315 (Cf.

298 3315 427 3346 Jourdain,
447 3316 607 3341 Recherches
625 3316 749 3349 critiques
763 3324 810 3342 sur
827 3316 896 3350 l'cige
911 3320 936 3342 et
950 3317 1073 3350 l'origine
1086 3317 1131 3342 des
1145 3317 1311 3342 traductions
1324 3317 1363 3341 la-

301 3350 366 3375 tinas
386 3351 529 3376 d'Aristote
548 3356 595 3376 etc.
615 3351 686 3376 Paris
710 3350 795 3387 1819).
815 3353 840 3377 S.
851 3353 947 3377 Doctor
961 3353 1056 3377 nedum
1071 3353 1204 3377 versiones
1218 3352 1363 3377 Aristotelis

301 3392 331 3409 ex
350 3386 446 3416 graecis
466 3386 655 3426 exemplaribus
670 3386 771 3417 habuit,
792 3388 845 3417 sed,
861 3392 889 3412 ut
904 3395 952 3420 ego
967 3387 1091 3418 existimo,
1107 3395 1196 3419 graeca
1211 3387 1364 3420 exemplaria

302 3419 357 3451 ipsa
376 3421 436 3452 legit
456 3420 496 3454 (08
515 3422 584 3446 enim
604 3430 655 3446 non
675 3422 848 3454 infrequenter
862 3423 934 3453 citat,
954 3427 980 3447 et
995 3423 1026 3447 ad
1041 3431 1130 3452 eorum
1146 3424 1183 3448 10
1175 3423 1281 3447 tionem
1296 3427 1365 3447 tanta

301 3454 392 3479 fiducia
411 3456 569 3489 veritateque
588 3457 701 3487 recurrit,
722 3462 749 3481 ut
769 3458 863 3482 mirum
883 3466 991 3490 prorsus
1009 3463 1077 3483 esset
1092 3458 1113 3482 si
1128 3457 1184 3491 ipse
1198 3465 1303 3490 graecae
1318 3457 1364 3482 lin-

302 3497 368 3520 guae
383 3490 473 3514 suisset
488 3491 594 3515 omnino
610 3491 738 3525 ignarus);
755 3493 871 3524 quinimo
887 3497 1121 3517 commentatorum
1137 3493 1284 3524 sententias,
1299 3500 1364 3525 quas

302 3525 406 3555 profert,
423 3533 474 3549 non
494 3534 523 3550 ex
542 3526 702 3551 citationibus
721 3527 839 3559 aliorum,
859 3529 905 3553 sed
927 3535 956 3552 ex
971 3528 1085 3553 fontibus
1101 3528 1184 3553 haurit
1202 3533 1227 3553 et
1246 3528 1366 3561 expendit

302 3559 334 3582 nd
354 3565 466 3584 mentem
487 3565 569 3585 textus
588 3562 750 3586 Aristotelici.

1068 233 1187 268 PERI
1217 231 1563 267 HERMENEIAS
1603 231 1696 267 LIB.
1728 232 1742 266 I

1407 309 1597 357 quaedam
1627 322 1704 356 reS,
1735 317 1771 346 et
1799 309 1852 346 sic
1886 310 2115 358 significatur
2142 324 2212 360 per
2239 324 2401 357 nomen;
2434 319 2476 348 ut

1408 375 1495 398 curn
1526 363 1659 399 dicitur
1677 363 1697 383 '¹‘
1715 364 1824 410 actio,
1848 364 1998 412 passio,
2028 365 2245 411 ambulatio,
2280 377 2411 401 cursus
2441 373 2476 401 et

1407 415 1557 461 similia;
1579 415 1652 452 alio
1673 416 1804 464 modo,
1820 429 1890 465 per
1909 417 2071 454 modum
2092 418 2260 465 actionis,
2276 426 2318 454 ut
2337 417 2477 454 scilicet

1408 475 1463 505 est
1491 469 1688 516 egrediens
1708 480 1730 504 a
1758 470 1965 506 substantia
1998 478 2035 507 et
2062 471 2262 508 inhaerens
2289 471 2322 507 ei
2354 478 2396 506 ut
2415 483 2475 508 su-

1407 520 1543 568 biecto,
1575 529 1610 558 et
1638 522 1691 558 sic
1710 522 1941 570 significatur
1966 535 2036 571 per
2053 524 2173 560 verba
2202 524 2364 560 aliorum
2393 536 2475 560 mo-

1409 573 1558 621 dorum,
1581 587 1679 623 quae
1708 576 1959 613 attribuuntur
1986 577 2210 624 praedicatis
2229 578 2259 614 *.
2283 577 2360 614 Sed
2389 577 2477 626 quia

1409 626 1522 664 etiam
1551 628 1632 676 ipse
1659 640 1861 676 processus
1888 630 1950 665 vel
1980 628 2212 666 inhaerentia
2232 630 2388 667 actionis
2407 643 2476 679 po-

1407 686 1479 716 test
1506 681 1741 728 apprehendi
1770 682 1817 717 ab
1847 682 2036 718 intellectu
2065 690 2102 719 et
2129 682 2329 730 significari
2357 691 2398 720 ut
2418 696 2477 720 res

1409 733 1621 781 quaedam,
1659 733 1748 770 inde
1792 741 1848 770 est
1886 734 1991 783 quod
2028 735 2110 783 ipsa
2145 737 2265 772 verba
2301 736 2476 773 infinitivi

1408 785 1527 832 modi,
1549 798 1647 834 quae
1665 785 1876 833 significant
1893 787 2017 835 ipsam
2032 787 2306 825 inhaerentiam
2321 788 2477 826 actionis

1409 838 1458 875 ad
1486 838 1717 885 subiectum,
1752 847 1913 887 possunt
1945 839 2064 888 accipi
2092 847 2134 876 ut
2159 841 2297 888 verba,
2333 841 2478 878 ratione

1410 891 1671 938 concretionis,
1690 899 1726 928 et
1739 900 1781 929 ut
1799 892 1957 929 nomina
1970 900 2086 941 prout
2104 893 2315 940 significant
2334 894 2441 943 quasi
2459 895 2480 915 *

1410 957 1469 981 res
1498 944 1697 993 quasdam.

1464 999 1499 1034 6.
1512 999 1641 1034 Potest
1661 997 1774 1034 etiam
1795 997 1906 1034 obiici
1929 998 1976 1035 de
1996 999 2070 1034 hoc
2083 998 2217 1046 *quod
2237 998 2351 1035 etiam
2360 999 2480 1036 verba

1411 1050 1572 1087 aliorum
1593 1051 1800 1088 modorum
1819 1050 1998 1098 videntur
2017 1050 2221 1100 aliquando
2250 1051 2288 1088 in
2309 1051 2478 1089 subiecto

1410 1104 1520 1152 poni;
1548 1111 1597 1140 ,ut
1630 1117 1718 1141 curn
1753 1103 1903 1151 dicitur,
1938 1116 2052 1141 curro
2090 1110 2144 1142 est
2173 1106 2343 1142 verbum.
2359 1125 2383 1132 -
2401 1105 2479 1142 Sed

1413 1157 1618 1194 dicendum
1638 1164 1694 1194 est
1717 1157 1822 1205 quod
1845 1157 1884 1194 in
1907 1157 1970 1193 tali
1998 1157 2201 1204 locutione,
2222 1158 2297 1194 hoc
2315 1158 2480 1195 verbum

1412 1222 1543 1256 curro,
1578 1222 1656 1246 non
1691 1210 1851 1246 sumitur
1879 1210 2100 1257 formaliter,
2130 1210 2343 1247 secundum
2377 1211 2482 1260 quod

1413 1263 1493 1300 eius
1522 1263 1743 1311 significatio
1773 1263 1932 1300 refertur
1959 1263 2008 1300 ad
2036 1275 2134 1311 rem,
2172 1263 2240 1300 sed
2268 1263 2481 1300 secundum

1413 1317 1518 1366 quod
1546 1316 1789 1357 materialiter
1822 1316 2006 1364 significat
2038 1316 2160 1365 ipsam
2189 1319 2347 1365 vocem,
2384 1329 2482 1367 quae

1413 1369 1593 1418 accipitur
1625 1376 1668 1406 ut
1700 1382 1759 1406 res
1794 1369 1996 1428 quaedam.
2032 1370 2081 1405 Et
2113 1369 2201 1406 ideo
2236 1377 2315 1419 tam
2342 1370 2481 1417 verba,

1413 1435 1530 1472 quam
1559 1434 1694 1458 omnes
1723 1422 1903 1459 orationis
1928 1430 2068 1481 partes,
2098 1422 2253 1481 quando
2286 1430 2483 1471 ponuntur

1412 1475 1667 1520 materialiter,
1697 1482 1899 1511 sumuntur
1926 1475 1965 1512 in
1992 1475 2031 1512 vi
2059 1475 2275 1512 nominum

1467 1541 1502 1578 7.
1533 1527 1683 1564 Deinde
1703 1539 1791 1564 cum
1821 1527 1924 1564 dicit·
1953 1529 2049 1564 Dico
2068 1539 2159 1564 vero
2187 1528 2367 1576 quoniam
2395 1517 2483 1565 con-

1411 1582 1602 1632 significat
1633 1587 1702 1617 etc.
1694 1608 1715 1627 .,
1751 1580 1905 1629 exponit
1933 1580 2196 1618 definitionem
2223 1580 2401 1629 positam.
2432 1581 2482 1621 Et

1411 1636 1555 1684 primo,
1587 1641 1772 1683 quantum
1791 1633 1842 1670 ad
1860 1633 1935 1676 hoc
1963 1633 2069 1683 quod
2097 1632 2240 1670 dixerat
2268 1633 2374 1683 quod
2396 1644 2484 1671 con-

1411 1689 1601 1738 significat
1620 1692 1780 1735 tempus,·
1808 1687 1989 1734 secundo,
2012 1694 2198 1736 quantum
2217 1685 2267 1724 ad
2285 1686 2361 1723 hoc
2379 1685 2485 1736 quod

2504 371 2579 391 'ABCE
2609 371 2718 392 omittunt

2503 402 2552 417 cum
2561 396 2654 418 dicitur.

2504 586 2512 594 ·
2522 590 2588 606 Acus:
2597 585 2717 612 personis.

2507 900 2515 909 ²
2528 899 2604 927 Quaen*
2614 899 2718 922 excodd.

2507 1006 2517 1015 '¹
2536 1011 2550 1026 8
2579 1005 2664 1028 omittit
2691 1005 2724 1027 de

2509 1032 2559 1054 hoc.

1413 1742 1556 1780 dixerat
1584 1744 1689 1790 quod
1709 1748 1764 1777 est
1783 1746 1871 1777 nota
1891 1752 2026 1777 eorum
2056 1751 2154 1789 quae
2175 1739 2223 1777 de
2243 1739 2360 1776 altero
2374 1751 2484 1789 prae·
2522 1783 2531 1792 “

1413 1795 1604 1842 dicantur,
1643 1806 1731 1834 cum
1761 1793 1865 1830 dicit:
1894 1795 1946 1830 Et
1975 1805 2123 1841 semper
2150 1799 2205 1830 est
2230 1800 2299 1830 etc.
2340 1793 2483 1830 Secun-

1413 1849 1503 1886 dam
1518 1856 1646 1887 autem
1660 1846 1884 1899 particulam
1898 1852 1924 1894 7,
1951 1846 2109 1883 scilicet:
2139 1846 2254 1883 Cuius
2278 1845 2485 1894 nulla‘pars

1412 1908 1521 1939 extra
1539 1902 1738 1951 significat,
1760 1913 1838 1938 non
1867 1900 2031 1949 exponit,
2053 1900 2142 1949 quia
2169 1911 2284 1948 supra
2313 1899 2484 1948 exposita

1413 1963 1469 1992 est
1495 1955 1535 1993 in
1562 1962 1719 1993 tractatu
1751 1953 1928 1991 nominis.
1949 1953 1970 1974 *
1992 1952 2160 2001 Exponit
2193 1964 2282 2000 ergo
2312 1951 2482 2001 primum

1412 2008 1517 2057 quod
1553 2010 1718 2046 verbum
1752 2006 2011 2055 consignificat
2041 2013 2211 2055 tempus,
2248 2017 2319 2054 per
2356 2016 2483 2043 exem-

1411 2062 1531 2110 plum,
1552 2062 1641 2111 quia
1667 2061 1845 2100 videlicet
1872 2071 2014 2105 cursus,
2045 2059 2133 2119 quia
2161 2057 2346 2107 significat
2369 2057 2483 2096 actio-

1412 2127 1503 2151 nem
1531 2127 1610 2152 non
1637 2127 1707 2164 per
1734 2114 1897 2152 modum
1925 2112 2099 2159 actionis,
2129 2112 2198 2150 sed
2225 2123 2295 2160 per
2319 2111 2485 2151 modum

1413 2168 1466 2204 rei
1493 2180 1563 2217 per
1595 2181 1636 2205 se
1670 2167 1876 2214 existentis,
1913 2178 1991 2203 non
2021 2165 2280 2214 consignificat
2313 2171 2482 2214 tempus,

1414 2234 1460 2258 eo
1481 2221 1587 2270 quod
1602 2229 1658 2258 est
1676 2234 1820 2259 nomen
1833 2221 1863 2257 *.
1890 2221 2013 2257 Curro
2027 2231 2122 2257 vero
2144 2231 2232 2257 cum
2252 2216 2298 2255 sit
2316 2219 2520 2257 verbum'

1413 2274 1628 2322 significans
1663 2275 1869 2321 actionem,
1905 2273 2164 2321 consignificat
2190 2279 2360 2331 tempus,
2395 2271 2525 2332 01118

1412 2327 1612 2376 proprium
1641 2335 1697 2365 est
1723 2335 1852 2364 motus
1871 2334 2045 2376 tempore
2071 2324 2294 2372 mensurari;
2315 2324 2483 2363 actiones

1414 2388 1542 2418 autern
1570 2381 1682 2418 nobis
1710 2388 1823 2418 notae
1852 2387 1939 2417 sunt
1966 2379 2004 2417 in
2028 2386 2214 2438 tempore.
2243 2377 2399 2417 Dictum
2427 2385 2484 2416 est

1414 2441 1543 2471 autem
1562 2447 1676 2483 supra
1689 2435 1710 2456 '²
1738 2433 1843 2493 quod
1872 2432 2176 2480 consignificare
2181 2439 2333 2480 tempus
2358 2438 2414 2469 est
2437 2430 2484 2468 si—

1414 2487 1594 2535 gnificare
1622 2487 1763 2537 aliquid
1797 2487 1835 2524 in
1863 2494 2036 2535 tempore
2065 2492 2340 2534 mensuratum.
2370 2484 2482 2525 Unde

1415 2540 1518 2577 aliud
1546 2547 1603 2577 est
1629 2540 1839 2607 significare
1861 2547 2019 2593 tempus
2046 2537 2310 2588 principaliter,
2330 2545 2373 2575 ut
2399 2549 2482 2578 rem

1471 2648 1496 2683 β)
1521 2649 1632 2674 Verbum
1648 2656 1751 2681 semper
1769 2651 1808 2673 est
1828 2647 1860 2682 (Α
1879 2647 1974 2672 omittit
1991 2645 2040 2682 est)
2060 2655 2098 2672 ex
2110 2651 2193 2680 parte
2202 2647 2365 2680 praedicati.
2379 2648 2407 2672 ld
2421 2655 2482 2681 pro-

1416 2684 1492 2708 batur
1505 2684 1569 2708 infra
1583 2692 1608 2708 n.
1615 2683 1640 2708 8.
1651 2698 1663 2702 -
1672 2685 1701 2708 Β.
1711 2684 1834 2708 Albertus
1849 2683 1934 2715 Magn.
1945 2683 1996 2715 Op.
2006 2687 2032 2707 et
2046 2682 2089 2707 lib.
2100 2683 2140 2708 cit.
2155 2687 2227 2708 11801.
2242 2683 2260 2713 1,
2270 2690 2326 2715 cap.
2335 2690 2373 2713 m,
2384 2683 2481 2716 inquit:

1417 2728 1430 2742 ε
1446 2719 1549 2744 Nomen
1563 2722 1603 2744 est
1617 2718 1650 2744 de
1663 2726 1714 2751 quo
1729 2719 1903 2747 renunciatur-‚-
1917 2718 2023 2742 verbum
2038 2720 2127 2743 autem
2146 2721 2186 2743 est
2199 2719 2272 2751 quod
2286 2718 2318 2743 de
2330 2718 2385 2743 alio
2398 2725 2481 2744 enun-

1417 2764 1430 2777 ›
1446 2754 1542 2780 effatur.
1556 2754 1633 2784 Quod
1650 2758 1690 2778 est
1702 2753 1840 2786 praecipue
1852 2753 2018 2778 manifestum
2030 2753 2057 2777 in
2070 2753 2157 2778 verbis
2171 2753 2310 2784 adiecfivis,
2326 2758 2355 2778 ut
2369 2761 2430 2778 cum
2444 2753 2483 2779 di-

1418 2799 1430 2812 »
1447 2789 1524 2814 citur:
1540 2790 1636 2814 Petrus
1647 2788 1730 2814 docet.
1745 2789 1779 2814 Et
1792 2789 1815 2814 si
1829 2788 1970 2818 obiiciatur,
1976 2788 2150 2821 prosequitur
2157 2788 2282 2814 Albertus
2296 2788 2330 2814 ib.
2340 2791 2419 2814 tract.
2431 2788 2480 2819 111,

1417 2833 1431 2847 ι
1446 2831 1504 2857 cap.
1524 2832 1541 2855 1,
1556 2824 1628 2857 quod
1641 2823 1751 2849 verbum
1771 2831 1823 2849 non
1842 2831 1946 2856 semper
1965 2828 2004 2848 est
2023 2823 2197 2856 praedicatum
2212 2824 2284 2857 quod
2299 2824 2331 2848 de
2349 2823 2430 2848 altero
2444 2823 2482 2850 di-

1417 2868 1431 2883 »
1447 2860 1525 2890 citur,
1545 2860 1591 2884 sed
1611 2864 1639 2884 ut
1657 2859 1806 2892 frequenter
1825 2859 2003 2892 praedicantur
2026 2859 2144 2890 nomina,
2164 2863 2194 2883 ut
2211 2859 2289 2884 homo
2308 2862 2348 2884 est
2365 2858 2482 2889 animal,

1417 2904 1431 2918 »
1447 2895 1540 2920 Sortes
1558 2897 1597 2920 est
1615 2894 1734 2925 hornam,
1753 2894 1827 2920 facile
1845 2899 1886 2919 est
1904 2894 2019 2919 solvere:
2040 2894 2100 2926 quia
2123 2894 2299 2927 praedicatum
2318 2899 2358 2919 est
2377 2894 2482 2927 duplex,

1417 2939 1431 2954 ιι
1447 2930 1544 2955 scilicet
1557 2929 1696 2955 materiale
1709 2933 1736 2954 et
1743 2930 1896 2964 formale.-
1907 2929 2031 2954 Formale
2040 2929 2146 2962 quidem
2156 2934 2197 2954 est
2211 2930 2283 2963 quod
2296 2929 2362 2954 intra
2376 2936 2406 2954 se
2419 2937 2482 2955 con-

1417 2975 1432 2989 »
1447 2965 1507 2998 cipit
1524 2965 1635 2990 formam
1650 2972 1729 2998 quam
1743 2969 1876 2998 retorquet
1894 2965 1926 2989 ad
1945 2965 2055 2989 alterum
2073 2964 2114 2989 cui
2133 2965 2213 2995 inest,
2230 2969 2256 2990 et
2275 2965 2307 2990 de
2325 2972 2379 2998 quo
2397 2967 2481 2997 081111

1417 3010 1431 3025 »
1448 3001 1480 3026 de
1498 3000 1629 3031 subiecto;
1648 3000 1710 3025 11800
1729 3005 1815 3025 autern
1830 3000 1912 3025 forma
1926 3007 1978 3024 non
1991 3004 2032 3024 est
2050 2999 2099 3024 nisi
2117 3000 2288 3032 compositio:
2302 3004 2328 3024 01
2345 2999 2412 3024 118ηο
2429 2999 2482 3025 for-

1418 3045 1431 3060 »
1447 3043 1517 3061 mam
1537 3035 1643 3060 verbum
1664 3034 1726 3069 (per
1744 3035 1793 3060 hoc
1812 3036 1884 3069 quod
1902 3034 2008 3060 alterius
2027 3034 2077 3069 est)
2096 3035 2122 3060 in
2137 3043 2166 3060 ee
2180 3035 2298 3069 concipit.
2314 3035 2347 3060 Et
2360 3034 2419 3060 ideo
2437 3042 2482 3060 eo-

1417 3081 1431 3096 »
1447 3072 1501 3096 lum
1515 3071 1624 3096 verbum
1644 3070 1818 3103 praedicatum
1833 3070 1940 3096 formale
1959 3074 2007 3095 est.
2022 3071 2079 3096 Hoc
2098 3075 2185 3095 autem
2203 3070 2327 3103 probatur
2345 3070 2480 3104 amplo·
2496 3082 2499 3088 ·

1417 3116 1432 3131 »
1447 3106 1507 3140 01118
1526 3114 1586 3131 011111
1606 3106 1704 3136 dicitur,
1722 3105 1800 3131 homo
1814 3106 1907 3135 currit,
1923 3113 2017 3130 sensus
2032 3110 2079 3136 est,
2089 3105 2167 3131 homo
2180 3109 2220 3131 est
2233 3112 2351 3134 currens,
2362 3109 2395 3130 ut'
2402 3105 2481 3147 pmi-

1417 3152 1431 3166 »
1447 3142 1542 3174 cipium
1557 3141 1590 3166 sit
1608 3148 1650 3166 res
1663 3125 1734 3165 vei-bi
1749 3141 1892 3173 praedicata
1911 3140 2102 3170 materialiter5
2116 3141 2202 3174 ipsum
2217 3145 2304 3166 autem
2324 3141 2395 3173 quod
2414 3139 2480 3171 dico,

1417 3187 1431 3201 »
1446 3180 1493 3206 est,
1515 3177 1585 3210 quod
1605 3181 1644 3201 est
1663 3181 1723 3200 nota
1742 3177 1945 3209 compositionis,
1960 3176 2070 3201 formam
2087 3176 2146 3201 dicit
2160 3183 2212 3208 qua
2226 3183 2268 3202 res
2282 3175 2354 3201 verbi
2372 3175 2482 3200 refer-tur

1417 3222 1431 3236 ι»
1447 3212 1478 3238 ad
1498 3211 1657 3242 subiectum,
1681 3211 1747 3236 sicut
1770 3211 1905 3236 inhaerens
1934 3211 1996 3243 sibi,
2019 3211 2060 3236 vel
2080 3211 2178 3244 aliquid
2200 3210 2270 3242 eius,
2294 3215 2320 3236 et
2337 3214 2367 3236 ut
2384 3209 2480 3244 aliquid

1417 3257 1430 3272 ι
1447 3247 1518 3280 quod
1538 3247 1569 3271 de
1588 3246 1645 3279 ipso
1665 3246 1711 3276 sit;
1730 3246 1789 3271 talis
1808 3251 1894 3272 autem
1918 3246 2001 3272 forma
2020 3254 2072 3271 non
2092 3250 2132 3271 est
2150 3250 2274 3280 concepta
2291 3245 2319 3271 in
2337 3243 2480 3279 8188160810

1417 3292 1431 3307 »
1447 3281 1585 3307 nominis»
1606 3280 1870 3314 (Opp.tom.1,pag.
1887 3281 1945 3313 ²54
1961 3282 2081 3314 Lugduni
2104 3279 2191 3315 1651).

1468 3317 1495 3351 γ)
1507 3317 1656 3342 Secundam
1672 3320 1759 3342 autem
1772 3316 1935 3349 particulam
1946 3322 1994 3343 etc.
2005 3317 2075 3342 Haec
2090 3317 2166 3342 lectio
2180 3320 2221 3342 est
2233 3315 2262 3342 P.
2276 3320 2302 3341 et
2315 3315 2391 3340 codd.
2400 3313 2454 3340 DE.
2459 3327 2480 3333 -

1415 3354 1460 3378 AC
1478 3353 1573 3377 habent
1592 3352 1712 3378 tertiam.
1733 3353 1779 3376 sed
1798 3360 1884 3377 errore
1904 3353 1979 3386 plane
2003 3352 2148 3378 manifesto.
2168 3351 2235 3376 Tres
2260 3350 2330 3376 enim
2348 3353 2409 3375 sunt
2421 3355 2478 3382 pnr-

1415 3394 1454 3413 tes
1474 3388 1504 3412 ab
1524 3387 1660 3412 Aristotele
1679 3387 1815 3412 ordinatim
1834 3387 1933 3420 positae
1951 3388 1976 3412 in
1996 3386 2142 3412 definitione
2159 3386 2245 3418 verbi,
2269 3390 2299 3410 ut
2316 3385 2342 3410 in
2360 3388 2428 3409 textu
2441 3383 2478 3408 vi-

1416 3424 1476 3448 dere
1501 3428 1554 3454 est,
1579 3430 1686 3455 nempe,
1717 3430 1738 3447 ¹.
1757 3422 1828 3455 quod
1850 3422 2034 3456 consignificat
2058 3425 2175 3454 temptem
2195 3419 2218 3447 π’.
2237 3420 2310 3454 quod
2333 3419 2390 3446 eius
2410 3425 2479 3451 pars

1415 3461 1540 3491 separata
1555 3465 1606 3483 non
1625 3458 1772 3491 signficat;
1789 3457 1811 3482 3.
1827 3458 1897 3490 quod
1916 3461 1955 3483 est
1969 3464 2071 3490 semper
2085 3460 2149 3482 nota
2162 3463 2252 3482 eorum
2267 3461 2334 3488 quae
2347 3453 2380 3481 de
2393 3454 2479 3479 altero

1411 3493 1643 3526 praedicantura-
1623 3493 1732 3517 —Porro
1751 3492 1861 3525 primam
1877 3497 1902 3517 et
1915 3493 2015 3518 tertiam
2031 3490 2130 3533 purtem
2228 3490 2247 3515 't
2258 3489 2416 3518 Aristoteles,
2432 3488 2479 3512 sed

1415 3529 1557 3554 secundam
1577 3536 1628 3553 non
1647 3527 1763 3560 exponit,
1783 3527 1842 3560 quia
1857 3535 1935 3560 supra
1950 3527 2064 3561 exposta
2077 3531 2117 3552 est
2130 3526 2156 3552 in
2170 3529 2276 3551 naemu
2292 3525 2323 3549 de
2336 3523 2448 3548 nomine.
2458 3536 2477 3542 -

1416 3564 1497 3597 Magis
1516 3563 1593 3588 etiam
1611 3570 1718 3587 erronee
1742 3562 1802 3595 legit
1824 3563 1858 3587 Β.
1884 3562 1979 3588 deinde
2002 3569 2062 3588 cum
2087 3561 2165 3589 dicit:
2189 3560 2225 3586 Et
2242 3562 2282 3585 est
2304 3565 2406 3591 semper
2430 3561 2478 3584 etc.

2511 1962 2519 1972 ·
2527 1961 2668 1991 recept-ec.
2674 1962 2724 1984 11.8.

2530 2229 2571 2247 tc:
2580 2224 2724 2253 eoquodm

2509 2256 2605 2278 nom,
2612 2256 2724 2273 mm-

2509 2266 2634 2306 siml-at
2663 2279 2721 2299 tem

2510 2435 2722 2464 ‘Lem-preecmq.
