2788 4204
325 259 395 295 168

79 351 165 373 mem.
179 357 208 377 iv,
224 356 277 377 Μ.
318 344 415 373 esset
434 337 531 373 bene
551 335 842 373 determinatum
862 335 1032 384 superius
1051 335 1071 355 '³
1090 334 1179 382 quid
1201 341 1255 370 est
1272 333 1379 370 scire.

317 389 471 426 Dictum
501 397 556 425 est
585 389 685 426 enim
714 388 817 436 quod
845 389 941 425 scire
969 395 1024 424 est
1055 399 1209 425 causam
1238 386 1295 422 rei
1321 398 1380 422 co-

316 454 510 491 gnoscere.
541 443 589 479 Et
607 442 693 478 ideo
723 448 917 478 ostensum
938 449 992 477 est
1015 442 1119 488 quod
1149 447 1298 490 oportet
1317 438 1380 476 de-

317 495 643 540 monstrationem,
665 506 762 543 quae
782 495 867 531 facit
886 494 991 539 scire,
1014 506 1058 531 ex
1078 495 1266 542 prioribus
1292 492 1380 529 sim-

316 548 459 596 pliciter
484 548 702 596 procedere.
734 547 773 584 Si
802 556 929 584 autem
959 548 1251 594 demonstratio,
1280 559 1380 586 nunc

318 613 363 638 ex
389 601 577 649 prioribus
605 601 839 649 simpliciter,
870 614 970 638 nunc
999 615 1044 638 ex
1071 602 1260 651 prioribus
1287 614 1381 649 quo-

80 693 92 704 ,
171 669 188 686 η
317 654 365 692 ad
394 666 464 690 nos
482 654 705 701 procederet
723 660 754 699 '⁷;
775 662 966 703 oporteret
985 655 1098 692 etiam
1118 655 1222 703 quod
1240 657 1259 677 *
1285 656 1382 692 scire

82 692 292 740 sffi‘i‘idktici'rins'm
318 719 396 744 non
424 707 547 743 solum
577 715 674 743 esset
702 719 857 744 causam
877 707 930 744 rei
960 720 1200 756 cognoscere,
1227 708 1294 745 sed
1314 709 1379 745 du-

177 771 190 795 o
310 760 458 808 pliciter
482 759 688 796 dicereturo
704 760 792 808 quia
818 769 916 797 esset
940 761 1052 798 etiam
1069 762 1264 810 quoddam
1285 762 1379 798 scire

316 825 385 861 per
402 812 622 860 posteriora.
643 815 721 850 Aut
749 826 837 862 ergo
867 815 1055 863 oportebit
1083 815 1136 851 sic
1159 815 1295 861 dicere,
1317 823 1380 851 aut

316 865 503 913 oportebit
531 865 656 903 dicere
684 867 788 914 quod
821 868 935 904 altera
963 868 1246 914 demonstratio,
1281 881 1379 916 quae

78 934 289 980 :132quaepr0m
314 919 356 954 fit
373 919 452 954 *ex
484 919 594 956 nobis
627 920 847 967 notioribus,
878 934 956 958 non
989 921 1034 958 sit
1065 921 1281 970 simpliciter
1315 922 1378 958 de-

315 971 549 1008 monstratio.

372 1025 403 1060 5.
431 1024 489 1060 Ex
509 1024 567 1061 his
591 1033 719 1063 autem
734 1027 754 1048 *
782 1035 939 1076 apparet
966 1040 1082 1075 quare
1099 1028 1146 1049 ⁹*
1165 1028 1378 1065 dialecticus

314 1077 551 1124 syllogismus
564 1079 583 1100 *
602 1086 726 1127 potest
746 1092 828 1116 esse
849 1080 1047 1118 circularis.
1077 1081 1253 1118 Procedit
1277 1081 1378 1118 enim

315 1141 360 1166 ex
377 1130 648 1178 probabilibus.
679 1133 894 1170 Probabilia
918 1141 1044 1171 autern
1074 1134 1259 1181 dicuntur,
1280 1147 1378 1183 quae

314 1190 400 1219 sunt
427 1184 547 1231 magis
576 1194 665 1222 nota
691 1187 753 1223 vel
782 1187 1012 1235 sapientibus
1039 1188 1101 1224 vel
1128 1188 1308 1236 pluribus.
1331 1189 1379 1224 Et

315 1235 366 1272 sic
404 1236 618 1275 dialecticus
649 1239 885 1287 syllogismus
922 1240 1093 1289 procedit
1121 1253 1166 1277 ex
1193 1241 1251 1277 his
1279 1253 1377 1289 quae

315 1297 400 1325 sunt
432 1290 552 1337 magis
571 1292 591 1310 “
611 1292 721 1329 nobis
754 1300 853 1330 nota.
891 1293 1082 1340 Contingit
1113 1301 1240 1330 autem
1275 1294 1377 1331 idem

315 1354 397 1378 esse
426 1343 546 1390 magis
575 1351 611 1380 et
637 1345 763 1382 minus
797 1353 932 1383 notum
961 1346 1088 1394 quoad
1123 1346 1310 1392 diversos;
1343 1355 1379 1384 et

313 1394 399 1432 ideo
420 1395 509 1432 nihil
536 1397 712 1445 prohibet
739 1399 1000 1446 syllogismum
1030 1399 1266 1436 dialecticum
1294 1400 1377 1436 fieri

315 1448 532 1486 circularem
549 1451 579 1486 ⁴⁵.
613 1450 690 1487 Sed
718 1451 990 1489 demonstratio
1018 1452 1061 1488 fit
1089 1465 1135 1489 ex
1167 1452 1377 1489 notioribus

314 1501 545 1549 simpliciter;
577 1511 613 1539 et
630 1503 728 1550 ideo,
744 1512 785 1541 ut
804 1505 945 1542 dictum
967 1512 1032 1552 est,
1053 1517 1132 1542 non
1150 1513 1274 1553 potest
1294 1506 1377 1542 fieri

314 1554 584 1591 demonstratio
614 1556 812 1594 circularis.

367 1608 402 1643 6.
425 1608 641 1645 Secundam
670 1610 855 1647 rationem
884 1610 990 1658 ponit
1010 1610 1060 1647 ibi
1078 1611 1114 1647 *t
1135 1611 1284 1647 Accidit
1308 1623 1375 1647 au-

311 1666 383 1696 tem
414 1668 495 1697 etc.:
516 1673 614 1710 quae
633 1662 653 1682 *
671 1663 753 1700 talis
781 1671 847 1701 est.
869 1663 909 1700 Si
937 1663 1208 1701 demonstratio
1237 1664 1284 1700 sit
1308 1664 1375 1700 cir-

313 1714 458 1759 cularis,
475 1714 642 1762 sequitur
660 1717 764 1764 quod
784 1716 822 1753 in
841 1717 1164 1754 demonstratione
1191 1718 1374 1766 probetur

312 1765 413 1803 idem
428 1779 498 1815 per
516 1767 636 1814 idem;
656 1777 698 1806 ut
712 1770 742 1807 si
757 1769 929 1808 dicamus
947 1771 983 1806 *ε
1005 1771 1047 1807 Si
1063 1776 1117 1807 est
1128 1771 1210 1816 hoc,
1226 1776 1279 1807 est
1291 1771 1372 1807 hoc.

181 1836 188 1851 ι
313 1819 375 1856 Sic
394 1828 522 1857 autem
541 1821 647 1859 facile
673 1831 727 1860 est
746 1822 895 1860 cuilibet
923 1824 1184 1861 demonstrare
1210 1823 1339 1860 omnia
1353 1830 1372 1860 ¹.

313 1873 399 1910 Hoc
434 1874 535 1911 enim
563 1875 700 1923 poterit
740 1876 862 1914 facere
904 1877 1059 1925 quilibet
1080 1878 1117 1923 ⁸²,
1147 1884 1225 1913 tarn
1254 1876 1375 1913 sciens

78 1025 179 1072 J-Codde
188 1042 287 1064 επεν-ἕο.

78 1091 86 1099 ”
97 1063 227 1116 difflezrtapg.
234 1095 256 1110 n.
264 1096 287 1114 4.

68 1301 86 1314 -·
103 1300 179 1330 Codd.
194 1301 250 1331 (exc.
266 1302 288 1325 N)

76 1330 152 1348 omitt.
166 1332 253 1353 magis.

75 1460 84 1467 ⁹
94 1465 113 1479 1:
137 1458 287 1479 circulariter

76 1488 98 1506 et
113 1484 143 1505 ita
158 1484 224 1505 infra.

75 1617 84 1626 '
94 1621 153 1637 acio:
161 1615 230 1642 ponit
236 1621 285 1636 cum

74 1642 142 1663 dicit:
156 1647 206 1662 acc.

75 1670 84 1677 ·
92 1668 167 1690 Codd.
174 1679 183 1683 -
195 1674 214 1689 r:
222 1668 285 1688 ratio

76 1698 98 1716 et
112 1694 187 1716 omitt.
202 1700 271 1721 quae.

74 1775 83 1783 ·
94 1779 123 1794 ao
132 1781 136 1795 ε
152 1773 226 1794 dicas.

73 1884 82 1892 ²
93 1882 194 1910 Quilibet
199 1888 246 1903 om.
255 1889 284 1904 m.

365 2040 392 2075 η)
414 2041 444 2066 Si
462 2045 551 2067 autem
571 2043 798 2068 demonstratio...
818 2044 907 2076 quoad
931 2052 978 2070 nos
998 2045 1163 2076 procederet.
1191 2042 1295 2069 Veram‘
1312 2044 1377 2069 hanc

311 2077 446 2101 lectionem
466 2077 599 2109 proferunt
617 2079 691 2103 codd.
707 2078 780 2111 (exe.
790 2079 849 2113 BC)
869 2085 894 2104 et
908 2087 965 2104 eam
980 2080 1057 2104 habet
1075 2080 1151 2105 etiam
1171 2080 1248 2104 editio
1262 2080 1377 2104 Pitana.—

311 2112 393 2136 Codd.
408 2112 451 2136 BC
470 2113 587 2137 mendosi
607 2113 648 2138 hic
667 2119 734 2145 sunt,
747 2114 780 2139 ita
799 2119 827 2139 ut
846 2115 920 2139 lectio
939 2123 1018 2147 quam
1037 2115 1157 2140 exhibent
1175 2123 1226 2140 non
1246 2115 1279 2140 sit
1297 2115 1377 2140 facilis

311 2147 447 2171 intellectu.
477 2148 540 2172 Cod.
553 2146 589 2172 B:
614 2149 638 2173 si
661 2153 749 2175 autem
776 2150 968 2176 demonstratio
991 2158 1060 2175 nunc
1078 2158 1115 2175 ex
1128 2151 1266 2182 prioribus
1289 2151 1378 2183 quoad

311 2189 359 2207 nos
370 2182 537 2214 procederet,
552 2188 687 2216 oporteret
705 2190 761 2215 etc.,
781 2186 880 2210 omisso
895 2187 974 2211 altero
997 2186 1124 2217 membro,
1145 2194 1214 2211 nunc
1227 2193 1264 2211 ex
1275 2186 1378 2219 priori-

312 2218 359 2242 bus
377 2217 545 2250 simpliciter,
566 2220 711 2244 necessario
730 2221 762 2245 ad
781 2221 959 2253 integrandum
979 2229 1085 2245 sensum
1105 2221 1262 2253 praemissae
1290 2221 1377 2246 condi-

311 2253 395 2282 tionis,
411 2261 440 2277 ex
460 2261 510 2285 qua
529 2254 636 2279 infertur
650 2256 859 2287 conditionatum,
875 2260 1010 2288 oporteret
1028 2257 1100 2288 quod
1117 2257 1184 2282 scire
1200 2257 1301 2282 ete-c
1315 2265 1377 2282 vero

311 2288 394 2320 magis
413 2288 489 2312 etiam
510 2291 650 2314 mendosus
669 2296 722 2315 est:
742 2295 847 2323 oportet
865 2292 1116 2317 demonstrationem
1132 2299 1199 2324 quae
1210 2292 1283 2326 facit
1301 2293 1376 2322 scire,

310 2330 348 2347 ex
363 2323 499 2354 prioribus
513 2324 668 2357 simpliciter
678 2327 833 2358 procedere,
849 2335 918 2352 nunc
936 2335 973 2352 ex
987 2327 1124 2359 prioribus
1142 2327 1232 2360 quoad
1250 2335 1297 2353 nos
1310 2335 1376 2360 pro-

311 2358 423 2387 cederet,
443 2363 547 2390 oportet
565 2365 621 2390 etc.,
641 2365 666 2385 et
684 2361 778 2387 omittit
796 2363 891 2387 nedum
917 2363 1064 2387 membrum
1083 2363 1266 2395 propositionis
1290 2364 1376 2388 condi-

310 2393 418 2423 tionalis,
438 2395 483 2418 sed
503 2395 579 2419 etiam
594 2396 738 2421 subiectum
750 2397 832 2429 ipsius
852 2398 1013 2427 conditionis,
1029 2398 1060 2422 Si
1073 2402 1162 2423 autem
1177 2398 1376 2424 demonstratio.

311 2428 444 2458 Quaedam
463 2430 623 2462 corriguntur
643 2432 691 2456 alia
709 2440 796 2463 manu,
812 2438 867 2457 tum
887 2433 1043 2458 correctione
1061 2433 1214 2458 interlineari
1235 2439 1290 2458 tum
1309 2442 1376 2458 mar-

309 2463 399 2523 {iggiz
419 2472 486 2496 quae
504 2470 591 2490 tamen
610 2471 705 2491 textum
721 2468 858 2492 confusum
872 2468 1174 2501 relinquunt.·-Oportet
1192 2469 1282 2502 legunt
1300 2469 1376 2494 etiam

363 2532 387 2568 θ)
408 2534 462 2559 Sed
481 2535 622 2566 dupliciter
640 2536 780 2562 diceretur.
793 2552 814 2557 —
828 2538 875 2562 Est
893 2538 968 2563 lectio
986 2538 1103 2563 omnium
1127 2539 1258 2570 codicum;
1278 2540 1310 2565 P:
1329 2541 1377 2565 sed

311 2568 444 2594 diceretur
457 2570 529 2602 quod
546 2574 613 2596 esset
631 2572 711 2596 etiam
731 2573 864 2604 quoddam
879 2574 946 2599 scire
959 2581 1012 2605 per
1025 2575 1178 2605 posteriora
1198 2572 1246 2610 (Ο,
1261 2583 1312 2607 per
1326 2583 1376 2607 po-

309 2604 621 2637 sterius).-Adverbium
641 2607 788 2639 dupliciter,
808 2609 878 2640 quod
897 2609 993 2633 habent
1016 2609 1125 2639 codices,
1149 2614 1189 2634 est
1208 2618 1237 2635 ex
1255 2611 1376 2635 versione

310 2639 387 2664 latina
405 2644 489 2664 textus
507 2640 665 2671 Aristotelis;
684 2642 710 2666 in
729 2650 820 2675 graeco
839 2642 934 2668 διττόν.

364 2673 382 2708 ι)
410 2675 456 2700 Sic
479 2679 567 2700 autem
586 2677 670 2710 facile
688 2681 727 2702 est
751 2678 856 2703 cuilibet
881 2679 1064 2704 demonstrare
1087 2679 1185 2704 omnia.
1211 2680 1375 2706 Codd.—BO

311 2716 370 2733 cum
384 2710 461 2734 Plana
476 2711 575 2743 legunt:
595 2712 633 2737 sic
646 2716 735 2738 autem
748 2714 832 2747 facile
845 2717 884 2739 est
897 2714 996 2739 circulo
1015 2714 1199 2740 demonstrare
1213 2716 1311 2740 omnia.
1325 2716 1374 2740 Alii

311 2744 420 2775 codices,
441 2745 462 2769 N
489 2751 602 2778 excepto,
623 2748 724 2779 legunt:
747 2749 786 2774 sic
803 2753 892 2774 autem
911 2749 995 2783 facile
1013 2753 1052 2774 est
1070 2749 1174 2774 cuilibet
1193 2750 1376 2776 demonstrare

311 2780 408 2805 omnia.
429 2780 500 2810 Quae
524 2782 598 2806 codd.
621 2783 697 2807 lectio
716 2784 798 2816 magis
817 2784 955 2809 cohaerere
973 2784 1075 2809 videtur
1093 2792 1151 2809 cum
1177 2785 1217 2809 his
1236 2793 1303 2818 quae
1328 2786 1376 2810 im-

310 2815 422 2840 mediate
446 2816 586 2841 adduntur:
606 2818 655 2843 hoc
678 2818 747 2843 enim
767 2825 814 2844 etc.
836 2819 911 2844 Ratio
929 2820 997 2844 enim
1017 2820 1144 2852 assignata
1156 2821 1264 2845 suadere
1275 2821 1377 2846 videtur

311 2850 393 2881 magis
408 2858 467 2875 esse
482 2852 621 2883 legendum
635 2853 742 2879 cuilibet
754 2861 833 2886 quam
848 2854 955 2880 circulo.
970 2855 1033 2879 Cod.
1044 2855 1069 2882 N,
1078 2859 1207 2888 utrunque
1220 2856 1375 2881 vocabulum

310 2885 405 2909 omittit
423 2894 451 2910 ac
470 2887 543 2918 legit:
562 2888 600 2912 sic
617 2892 706 2913 autem
720 2889 804 2922 facile
817 2893 857 2915 est
875 2890 1058 2915 demonstrare
1071 2891 1169 2915 omnia.
1189 2891 1221 2915 Et
1234 2890 1297 2916 haec
1311 2891 1376 2916 forte

309 2927 370 2945 vera
389 2925 428 2945 est
446 2922 533 2952 lectio;
553 2928 621 2948 certe
640 2928 679 2948 est
698 2925 838 2957 expeditior
856 2930 882 2950 et
900 2925 1058 2950 conformior
1074 2926 1151 2950 textui
1170 2933 1276 2957 graeco:
1296 2924 1375 2952 Οὕτω

309 2952 336 2978 δὲ
355 2951 439 2980 πάντα
459 2953 546 2990 ῥᾴδιον
564 2956 652 2987 δεῖξαι.
672 2959 727 2984 lmo
746 2959 810 2984 infra
828 2960 884 2992 ipse
903 2968 924 2985 s.
939 2960 1056 2985 Thomas
1070 2961 1188 2985 eamdem
1203 2969 1261 2986 cum
1276 2961 1375 2986 Aristo—

309 2991 359 3015 tele
383 2992 535 3016 sententiam
554 2998 674 3026 repetens
699 2994 745 3020 ait:
765 2995 802 3020 Et
820 2995 859 3020 ita
877 2996 932 3020 leve
949 2996 1003 3021 erit
1021 2996 1204 3021 demonstrare
1222 2997 1325 3026 omnia,
1346 3000 1375 3022 ut

310 3025 410 3050 dictum
429 3030 482 3051 est:
499 3025 579 3053 Οὕτω
597 3026 624 3052 δὲ
643 3025 727 3054 πάντα
746 3028 825 3060 δεῖξαι
845 3027 941 3064 ῥᾴδιον.

363 3060 388 3095 κ)
408 3061 570 3087 Huiusmodi
589 3071 655 3097 ergo
678 3065 798 3099 reflexio.
824 3066 859 3090 lta
883 3066 957 3090 codd.
979 3066 1228 3092 ABCDEGILMOR
1251 3071 1277 3091 et
1295 3066 1374 3099 bene,

309 3100 338 3120 ut
356 3101 425 3128 patet
443 3104 472 3122 ex
491 3098 573 3130 ipsius
592 3106 716 3131 processu
733 3100 864 3125 orationis.
883 3101 961 3126 Pinna
974 3106 1000 3125 et
1018 3102 1092 3126 codd.
1111 3101 1374 3132 HKNQST:'huius-

310 3131 382 3156 modi
405 3135 493 3157 autem
514 3134 663 3168 reflexim-
677 3135 758 3159 Codd.
782 3136 1029 3167 BCDEGKMQST:
1052 3137 1107 3162 εἰνε
1123 3137 1180 3169 fiat
1198 3140 1262 3169 post
1281 3138 1373 3166 multa,

309 3165 363 3191 sive
376 3170 440 3198 post
453 3174 551 3199 pauca,
571 3169 690 3202 quamvis
708 3169 734 3194 in
749 3171 804 3195 cod.
825 3171 847 3195 D
861 3175 925 3203 post
940 3172 1021 3196 semel
1041 3177 1066 3197 et
1084 3172 1176 3196 iterum
1195 3172 1335 3202 corrigatur
1348 3172 1374 3197 in

304 3208 364 3232 per.
388 3202 486 3227 Deinde
509 3208 593 3228 textus
612 3205 757 3230 Aristotelis
779 3205 855 3230 habet
874 3213 940 3238 per:
963 3204 1003 3231 διὰ
1028 3205 1135 3232 πολλῶν
1158 3204 1173 3239 ἢ
1195 3206 1227 3231 δι’
1242 3203 1374 3241 ὀλίγων.-

309 3236 442 3262 Praeterea
455 3245 548 3263 omnes
568 3239 648 3264 nostri
668 3240 768 3265 codices
787 3241 908 3266 omittunt
926 3242 1085 3272 immediate,
1105 3249 1157 3267 non
1177 3242 1274 3276 differt,
1289 3250 1318 3268 ac
1338 3243 1373 3267 le-

309 3276 385 3302 gunt:
404 3273 459 3297 siue
470 3273 526 3306 fiat
538 3281 592 3306 per
609 3275 699 3308 (post)
713 3277 804 3304 multa,
824 3277 879 3302 εἰνε
892 3284 945 3308 per
957 3278 1040 3309 (post)
1054 3284 1152 3309 pauca,
1168 3285 1214 3303 nec
1228 3277 1371 3311 (BHLNO,

309 3306 388 3336 nihil‚·
406 3308 446 3336 M,
466 3308 529 3343 non)
550 3309 640 3342 differt
658 3310 691 3335 de
704 3311 800 3342 paucis
818 3315 844 3336 et
862 3312 895 3337 de
910 3312 1105 3338 duobus.—Sed
1118 3320 1169 3337 non
1183 3313 1285 3338 videtur
1298 3313 1373 3338 lectio

308 3341 459 3373 adoptanda.
479 3344 537 3368 Duo
556 3344 625 3370 enim
644 3345 704 3370 dicit
722 3354 743 3370 s.
759 3346 889 3376 Thomas,
909 3348 1005 3373 scilicet
1022 3352 1059 3378 ιο,
1079 3356 1130 3372 non
1150 3348 1234 3373 differt
1245 3353 1371 3380 quantum

308 3376 342 3416 ad
358 3377 411 3402 vim
424 3380 617 3410 argumentandi
637 3381 707 3412 quod
726 3381 829 3406 reflexio
847 3381 891 3407 fiat
909 3390 955 3416 per
973 3384 1070 3408 multos
1089 3388 1134 3408 aut
1151 3391 1198 3416 per
1211 3390 1308 3416 paucos
1322 3388 1372 3408 ter-

309 3418 407 3442 minos;
434 3415 468 3443 2⁹,
487 3422 572 3447 neque
591 3415 675 3440 differt
698 3417 767 3448 quod
787 3416 830 3442 fiat
848 3417 924 3442 etiam
950 3418 982 3443 de
1000 3418 1101 3443 duobus
1125 3418 1249 3443 terminis.
1273 3418 1372 3444 Textus

308 3452 415 3476 graecus
441 3454 466 3473 et
488 3450 574 3474 versio
593 3456 680 3475 nostra
700 3451 775 3476 latina
795 3452 907 3478 habent:
933 3449 963 3478 τὸ
988 3450 1032 3487 μὲν
1051 3451 1100 3487 γὰρ
1119 3451 1160 3478 διὰ
1179 3452 1286 3478 πολλῶν
1305 3451 1320 3486 ἢ
1339 3452 1371 3478 δι’

310 3477 403 3515 ὀλίγων
423 3478 595 3518 ἀνακάμπτειν
614 3482 691 3519 φάναι
710 3483 783 3511 οὐδὲν
801 3486 926 3521 διαφέρεις
946 3489 978 3513 ad
993 3488 1058 3513 hanc
1073 3488 1182 3520 primam
1195 3493 1294 3521 partem
1313 3496 1371 3522 per-

309 3516 389 3541 tinent
406 3518 492 3549 verba,
507 3519 572 3544 nihil
586 3520 689 3554 differt:
702 3529 762 3554 pars
777 3527 862 3547 autem
876 3528 962 3547 autem
978 3523 1056 3548 altera
1071 3528 1139 3548 caret
1151 3524 1245 3554 verbis,
1260 3531 1307 3549 nec
1319 3523 1348 3549 dt
1359 3537 1371 3543 ·

302 3551 368 3583 sert,
388 3553 427 3576 vel
448 3553 514 3578 nihil
532 3554 560 3578 di
581 3558 638 3583 ert,
657 3556 697 3580 vel
718 3564 768 3581 non
789 3557 879 3590 differt
898 3558 971 3582 codd.
983 3576 989 3587 ,
1014 3562 1038 3583 et
1058 3558 1208 3591 simpliciter
1226 3559 1318 3590 habet,
1353 3558 1371 3583 ι’

311 3582 404 3619 ὀλίγων
423 3586 450 3610 δ’
469 3585 483 3619 ἢ
503 3587 584 3619 ὃυοιν;
608 3597 660 3621 per
682 3598 784 3622 paucos
807 3596 855 3616 aut
874 3599 927 3624 per
946 3593 1012 3618 duos
1030 3593 1163 3618 terminos.
1188 3594 1276 3619 Lectio
1294 3593 1370 3626 igitur

905 255 1290 292 POSTERIORUM
1316 255 1745 293 ANALYTICORUM
1773 256 1867 292 LIB.
1899 257 1912 292 I

1437 345 1552 382 quarn
1582 333 1769 381 ignorans.
1791 335 1840 371 Et
1858 334 1912 371 sic
1938 347 2006 383 per
2031 335 2394 372 demonstrationem
2423 348 2501 372 non

1436 387 1638 435 acquiritur
1656 388 1676 408 ’¹‘
1694 387 1867 424 scientia:
1888 388 1992 436 quod
2018 396 2073 425 est
2092 396 2221 425 contra
2241 388 2500 426 definitionem
2527 397 2742 446 gpgzafflggggg

1437 439 1780 478 demonstrationis.
1801 441 1893 477 Non
1913 453 2002 488 ergo
2021 449 2146 490 potest
2165 454 2246 478 esse
2267 442 2501 479 demonstra·
2527 439 2740 504 ggcggth-fiqssgfi

1435 492 1486 528 tio
1509 493 1706 531 circularis.
1726 494 1933 531 Veritatem
1953 502 2080 531 autem
2100 495 2246 543 primae
2267 507 2501 544 consequen-
2529 482 2742 556 ffioffssgdbgprgj

1435 545 1507 582 tiae
1527 547 1602 583 hoc
1621 547 1740 584 modo
1755 548 1775 579 *
1800 547 1973 584 ostendit.
1995 547 2124 584 Primo
2151 548 2264 595 enim,
2286 548 2374 585 dicit
2396 548 2501 597 quod
2528 535 2732 604 {ccigrgtga-ij

1436 599 1678 636 manifestum
1699 607 1753 637 est
1767 600 1871 648 quod
1891 600 2026 637 accidit
2034 601 2065 648 *,
2082 601 2251 638 circulari
2266 602 2500 639 demonstra·
2527 609 2544 655 ξι
2545 598 2628 660 3334·
2628 598 2741 656 “133²st

1435 652 1537 688 tione
1565 653 1682 699 facta,
1715 653 1790 689 hoc
1818 653 1922 700 quod
1949 653 2054 701 prius
2087 654 2229 691 dictum
2259 663 2333 702 est,
2363 654 2501 691 scilicet
2608 651 2612 656 ’
2721 651 2726 656 ’

1435 705 1540 753 quod
1559 705 1662 741 idem
1677 706 1860 753 probetur
1877 718 1947 754 per
1965 706 2079 753 idem,
2100 707 2131 744 si
2150 708 2233 755 quis
2248 709 2268 729 '¹‘
2287 715 2413 744 sumat
2426 715 2499 744 tres
2527 708 2744 763 {ig3d5·32;,?2¹{

1434 757 1628 795 terminos.
1659 758 1924 795 Refiexionem
1951 761 2114 796 autern*
2141 761 2224 797 fieri
2251 773 2320 809 p.er
2347 762 2498 807 multos,
2527 751 2700 810 tfigfgfi·,„,m'·

1435 819 1498 847 aut
1512 823 1581 859 per
1593 823 1738 859 paucos
1753 811 1935 847 terminos
1947 812 1967 832 *
1985 812 2075 848 nihil
2095 813 2219 849 differt
2234 814 2421 859 (nominat
2435 826 2499 850 au-
2527 822 2683 870 goffgmm
2710 829 2739 845 ex

1434 871 1511 900 tem
1531 864 1876 913 hic*reflex1'onem
1890 877 2125 913 processum,
2139 866 2203 913 qui
2221 867 2264 903 fit
2282 867 2322 903 in
2341 866 2499 903 demon·
2527 865 2742 898 ·H1·c'omitt-m-

1434 917 1610 954 stratione
1649 917 1816 954 circulari
1844 930 1867 954 a
1893 918 2077 967 principio
2111 919 2159 956 ad
2195 919 2478 956 conclusionem
2490 949 2499 967 ,

1434 978 1469 1007 et
1505 970 1641 1007 iterum
1670 984 1693 1008 a
1721 971 1963 1008 conclusione
2001 972 2048 1009 ad
2076 971 2303 1021 principium
2312 974 2338 1019 );
2361 972 2499 1009 Huius-

1433 1024 1539 1061 modi
1568 1036 1657 1072 ergo
1687 1024 1870 1061 reflexio*
1898 1033 2083 1073 quantum
2116 1026 2163 1063 ad
2191 1026 2272 1062 vim
2301 1037 2499 1073 argumen-
2625 1061 2640 1078 χ

1432 1077 1547 1124 tandi,
1568 1077 1648 1114 sive
1675 1078 1742 1114 fiat
1769 1090 1839 1126 per
1857 1079 1996 1125 multa,
2026 1078 2106 1115 sive
2132 1079 2237 1128 per*
2264 1091 2400 1127 pauca,
2421 1091 2500 1116 non
2526 1090 2740 1118 ὀπτωμένη·

1433 1130 1567 1168 differt.
1607 1131 1691 1168 Nec
1727 1130 1851 1168 differt
1887 1131 1935 1168 de
1968 1131 2119 1180 paucis,
2149 1140 2213 1169 aut
2250 1131 2297 1169 de
2335 1132 2498 1169 duobus.

1433 1184 1580 1221 Eadem
1601 1184 1703 1220 enim
1722 1184 1840 1221 virtus
1859 1185 2040 1232 arguendi
2060 1193 2125 1231 est,
2147 1185 2177 1221 si
2192 1185 2276 1233 quis
2295 1185 2347 1222 sic
2366 1197 2498 1234 proce-

1433 1237 1497 1274 dat
1511 1238 1548 1274 ἐ
1569 1237 1611 1274 Si
1627 1243 1681 1273 est
1692 1237 1739 1283 A,
1761 1243 1815 1274 εει
1830 1239 1876 1283 Β,
1899 1246 1934 1274 et
1951 1238 1986 1274 si
2002 1243 2057 1274 est
2071 1240 2117 1285 B,
2138 1244 2192 1275 est
2214 1239 2254 1284 C,
2277 1245 2313 1274 et
2330 1238 2364 1274 si
2380 1244 2434 1275 εει
2456 1239 2497 1284 C,
2525 1244 2740 1294 ἂγε-ἑυνα·

1431 1296 1485 1326 εει
1500 1291 1552 1334 1),·
1573 1298 1608 1327 et
1627 1290 1762 1326 iterum
1792 1290 1959 1327 reflectat
1972 1289 1985 1311 λ
2000 1290 2146 1328 dicens:
2173 1291 2216 1328 Si
2232 1297 2286 1327 est
2301 1292 2351 1337 D,
2377 1297 2432 1328 est
2453 1292 2496 1337 C,
2616 1287 2649 1324 λ’

1432 1351 1469 1380 et
1486 1343 1520 1379 si
1536 1349 1591 1380 εει
1612 1344 1653 1389 C,
1674 1349 1728 1380 est
1743 1345 1789 1389 B,
1820 1351 1856 1380 et
1873 1344 1907 1380 si
1923 1350 1978 1380 εει
1994 1345 2039 1390 Β,
2061 1350 2115 1380 εει
2130 1345 2186 1389 Α,·
2214 1343 2309 1381 sicut
2327 1343 2358 1380 si
2372 1343 2497 1380 statim

1431 1409 1453 1433 a
1471 1396 1657 1445 principio
1678 1396 1886 1433 reflecteret
1914 1397 2059 1434 dicens:
2085 1397 2127 1433 Si
2148 1403 2202 1434 εει
2217 1398 2265 1443 A,
2282 1403 2338 1434 est
2348 1398 2394 1443 Β,
2413 1405 2448 1433 et
2465 1397 2500 1433 si

1431 1455 1485 1486 est
1495 1451 1541 1496 B,
1557 1454 1611 1490 εει
1622 1450 1670 1486 A.
1690 1449 1790 1486 Dicit
1808 1457 1936 1487 autern
1954 1462 2024 1499 per
2042 1450 2139 1487 duos
2158 1450 2352 1498 terminos,
2374 1462 2462 1487 cum
2476 1450 2498 1471 ³¹⁶
2523 1456 2674 1511 ffffiffl
2697 1459 2742 1483 et»-

1431 1514 1545 1550 supra
1564 1501 1696 1538 dixerit
1712 1502 1748 1548 ³³,
1778 1502 1896 1539 tribus
1915 1503 2085 1540 terminis
2102 1503 2245 1552 positis,
2266 1503 2355 1552 quia
2373 1503 2412 1540 in
2431 1503 2496 1541 de·
2521 1499 2688 1550 *immffn
2702 1518 2742 1540 αι·-

1430 1555 1619 1602 ductione,
1639 1566 1756 1603 quarn
1776 1555 1885 1592 faciet
1906 1556 1936 1603 ¹⁸,
1956 1563 2081 1593 utetur
2099 1556 2206 1593 tertio
2235 1556 2410 1604 termino,
2430 1556 2496 1605 qui
2522 1544 2724 1600 fgssiyssrfm

1430 1608 1475 1645 sit
1502 1607 1605 1644 idem
1634 1619 1722 1644 cum
1750 1607 1888 1657 primo.
2400 1651 2406 1654 .

1482 1661 1642 1708 Deinde,
1664 1673 1751 1698 cum
1772 1660 1876 1698 dicit:
1902 1662 1997 1698 Cum
2013 1662 2111 1698 enim
2127 1669 2210 1709 etc.,
2225 1662 2405 1712 proponit
2422 1662 2496 1706 for-

1429 1727 1534 1752 mam
1554 1714 1841 1763 argumentandi
1854 1714 1893 1751 in
1907 1714 2024 1751 tribus
2039 1715 2207 1752 terminis
2220 1721 2250 1763 ¹⁴,
2267 1716 2342 1753 hoc
2361 1715 2496 1753 modo:
2622 1726 2641 1753 μ

1429 1768 1472 1804 Si
1486 1768 1534 1804 εἰι
1549 1769 1597 1814 A,
1623 1775 1677 1805 est
1701 1769 1756 1812 B,·
1775 1775 1812 1804 et
1838 1767 1873 1804 si
1899 1773 1955 1804 est
1978 1769 2024 1814 B,
2046 1773 2100 1805 est
2121 1769 2171 1813 C,·
2194 1780 2289 1819 ergo
2315 1769 2351 1806 si
2371 1774 2426 1806 εει
2447 1769 2495 1816 A,

1430 1833 1475 1858 ex
1503 1821 1723 1858 necessitate
1751 1826 1806 1857 εει
1836 1821 1876 1857 C.

1483 1874 1646 1920 Deinde,
1669 1885 1757 1911 curn
1777 1873 1881 1911 dicit:
1903 1874 1945 1910 Si
1966 1874 2083 1923 igitur
2101 1885 2187 1911 cum
2207 1874 2255 1911 sit
2270 1875 2307 1911 A
2326 1882 2409 1922 etc.,
2429 1886 2499 1924 per

1431 2043 1505 2068 codd.
1524 2043 1651 2073 BHLNO,
1667 2043 1740 2074 nihil,
1758 2043 1799 2068 vel
1819 2043 1896 2068 etiam
1911 2050 1962 2069 non
1977 2044 2017 2074 M,
2037 2044 2156 2068 sustineri
2170 2048 2257 2076 potest
2275 2051 2306 2069 ex
2325 2045 2408 2077 prima
2426 2051 2498 2078 pane

1430 2084 1513 2103 textus
1528 2078 1688 2110 aristotelici,
1707 2078 1766 2111 quia
1785 2078 1941 2111 subintelligi
1960 2083 2071 2111 possunt
2089 2079 2223 2111 sequentia
2242 2086 2288 2104 nec
2307 2079 2397 2113 differt
2415 2080 2441 2105 in
2455 2088 2498 2106 se—

1431 2115 1515 2139 cunda
1530 2119 1619 2147 parte,·
1642 2114 1689 2138 sed
1708 2114 1783 2138 lectio
1801 2114 1910 2138 aliorum
1930 2114 2004 2138 codd.
2020 2121 2067 2139 nec
2085 2113 2190 2148 differt,
2206 2114 2262 2139 sine
2274 2115 2437 2147 praecedenti
2460 2116 2497 2142 le

1431 2149 1514 2174 ctione
1533 2149 1612 2174 Piana
1626 2156 1677 2174 non
1691 2149 1794 2183 differt,
1809 2150 1865 2179 vel,
1879 2149 1946 2174 nihi!
1963 2149 2054 2183 differt
2066 2149 2181 2182 adoptari
2195 2157 2247 2174 non
2266 2154 2354 2182 potest
2373 2151 2434 2183 quia
2453 2156 2496 2177 su-

1431 2192 1554 2217 spensam
1565 2189 1590 2209 et
1599 2185 1738 2209 obscuram
1748 2185 1830 2210 reddit
1839 2184 1950 2217 primam
1965 2190 2073 2217 partem,
2083 2192 2151 2217 quae
2163 2190 2246 2210 esset:
2257 2185 2419 2211 Huiusmodi

1431 2220 1543 2254 reflexio
1561 2223 1688 2252 quantum
1703 2220 1741 2245 ad
1755 2220 1807 2245 vim
1826 2220 2036 2253 argumentandi
2045 2238 2051 2248 ,
2069 2220 2125 2245 εένε
2135 2221 2192 2253 fiat
2203 2227 2256 2253 per
2275 2221 2359 2246 multa
2376 2221 2432 2247 εὶνε
2445 2229 2499 2255 per

1426 2262 1524 2287 pauca.
1545 2255 1652 2280 Retineo
1671 2263 1734 2287 ergo
1752 2255 1857 2280 Pianam
1868 2274 1875 2286 ‚
1899 2255 1972 2280 cuius
1991 2255 2086 2286 verba,
2110 2263 2157 2281 nec
2175 2255 2283 2290 differt,
2307 2256 2338 2281 ab
2359 2257 2498 2283 Aristotele

1430 2290 1607 2315 subintellecta
1626 2298 1657 2315 ex
1675 2290 1756 2324 prima
1777 2295 1865 2323 parte,
1891 2290 2007 2323 explicite
2025 2291 2127 2323 posita,
2153 2291 2330 2324 perspicuitati
2355 2293 2497 2318 sententiae

1431 2326 1601 2351 conferunt-
1611 2326 1674 2351 Cod.
1687 2327 1723 2350 B:
1741 2326 1798 2351 sive
1809 2326 1864 2359 flat
1877 2329 1942 2358 post
1960 2326 2044 2351 multa
2057 2326 2112 2351 εἰνε
2124 2330 2190 2358 post
2201 2334 2294 2359 pauca
2309 2327 2375 2352 nihil
2392 2327 2499 2362 differt:

1430 2361 1522 2386 eadem
1541 2361 1609 2386 enim
1625 2366 1673 2386 etc.
1691 2362 1726 2386 At
1739 2361 1765 2386 in
1783 2361 1899 2393 margine
1916 2366 1977 2394 post
1995 2361 2113 2392 verbum,
2132 2361 2231 2395 differt,
2249 2362 2340 2387 eadem
2359 2370 2437 2388 manu
2451 2363 2498 2388 ad·-

1430 2397 1511 2421 ditur:
1532 2396 1565 2421 de
1577 2397 1674 2429 paucis
1687 2397 1742 2422 sive
1761 2397 1794 2422 de
1812 2397 1923 2422 duobus.
1942 2397 2000 2427 Qua
2019 2397 2176 2422 correctione
2194 2397 2287 2430 posita,
2307 2397 2382 2423 huius
2401 2398 2497 2424 codici·

1431 2432 1518 2463 lectio,
1538 2437 1578 2457 est
1595 2432 1671 2456 lectio
1689 2432 1798 2457 aliorum
1812 2432 1956 2457 codd.-R:
1975 2432 2031 2457 είνε
2041 2433 2098 2466 fiat
2110 2439 2163 2465 per
2178 2433 2276 2458 multos
2293 2433 2348 2458 sive
2361 2440 2414 2466 per
2426 2439 2496 2466 pau—

1429 2474 1475 2492 cos
1493 2467 1636 2496 terminos,
1665 2474 1716 2493 non
1732 2467 1840 2502 differt5
1864 2472 1890 2492 et
1911 2467 2014 2498 omittit,
2039 2475 2086 2493 nec
2105 2467 2196 2502 differt
2219 2469 2253 2493 de
2274 2468 2372 2500 paucis
2395 2472 2444 2495 aut
2465 2469 2499 2495 de

1431 2503 1541 2527 duobus.

1483 2537 1512 2572 λ)
1528 2538 1564 2563 Et
1573 2538 1669 2563 iterum
1682 2539 1800 2572 reflectat
1813 2543 1861 2563 etc.
1874 2538 1923 2563 Est
1933 2538 2008 2563 lectio
2020 2538 2093 2563 codd.
2106 2538 2336 2569 ABCDEGlLOR,
2346 2546 2425 2572 quam
2435 2539 2498 2564 ado—

1430 2577 1534 2605 ptamus
1553 2578 1609 2598 tum
1627 2578 1734 2606 propter
1752 2574 1827 2598 codd.
1840 2573 2030 2604 auctoritatem,
2055 2578 2110 2598 tum
2129 2573 2207 2598 etiam
2225 2574 2285 2606 quia
2303 2582 2318 2598 a
2337 2574 2497 2606 praemissis,
2525 2589 2531 2594 -

1429 2608 1453 2633 si
1466 2608 1524 2641 quis
1537 2609 1678 2640 procedat,
1697 2608 1843 2641 requIritur.
1862 2609 1943 2634 Codd.
1957 2616 2020 2633 vero
2034 2608 2124 2633 KNST
2138 2609 2255 2641 legendo,
2275 2609 2393 2643 reflectit,
2413 2609 2496 2641 magis

1430 2651 1489 2667 cum
1508 2643 1651 2676 praecitatis
1671 2643 1827 2668 conveniunt
1850 2651 1929 2676 quam
1948 2651 2007 2668 cum
2021 2643 2111 2673 Pinna,
2131 2644 2296 2678 reflectatur,
2317 2651 2383 2676 quae
2401 2651 2449 2677 pro
2467 2651 2498 2669 se

1429 2678 1507 2703 habet
1532 2679 1606 2703 codd.
1631 2679 1830 2704 HM.·—Omnes
1849 2683 1935 2703 autem
1960 2678 2044 2709 codd„
2058 2685 2111 2703 exc.
2130 2679 2164 2710 M,
2183 2679 2306 2703 omittunt
2323 2679 2497 2710 ἀέσαι-Ως

1430 2713 1582 2747 reflectitur.
1591 2728 1611 2732 —
1620 2713 1687 2738 Infra
1700 2714 1794 2739 AELO
1809 2714 1905 2745 legunt,
1920 2714 2078 2748 reflecteret,-
2092 2714 2121 2744 C,
2136 2714 2267 2748 rqtectat:
2279 2714 2335 2744 DG,
2351 2715 2497 2749 reflectunt&

1430 2748 1564 2778 lKNQST,
1583 2749 1707 2782 reflecti&
1724 2749 1780 2779 ΒΜ,
1800 2749 1965 2783 νεβεειαιιιη
1984 2749 2016 2778 Η,
2036 2749 2228 2790 reflecteretun
2247 2749 2300 2779 PR,
2320 2749 2472 2784 reflectitur.

1429 2782 1902 2878 „11033¹22Ti:2⁸151‘5ss¹35'5„22⁶12
1915 2784 2498 2852 affinfiffizssttssissstssssssssffza‘z

1430 2861 1489 2878 nem
1529 2861 1622 2879 ianam.

1482 2889 1514 2914 Si
1522 2889 1558 2914 sit
1567 2888 1596 2922 (Ι,
1606 2889 1630 2914 εἰ
1642 2888 1692 2924 εει)
1701 2890 1734 2918 Α,
1744 2893 1784 2915 εει
1793 2890 1830 2919 Β,-
1839 2893 1866 2915 ει
1879 2889 1917 2922 (ει
1925 2889 2010 2921 omitt.
2018 2890 2318 2925 ABDGHKLMORST)
2327 2891 2351 2916 εἰ
2363 2893 2405 2916 εει
2413 2890 2446 2920 Β,
2455 2893 2496 2916 εει

1431 2924 1465 2953 C‚·
1474 2931 1539 2957 ergo
1548 2924 1572 2949 si
1580 2928 1619 2950 est
1627 2926 1660 2954 A,
1674 2928 1715 2950 εει
1731 2925 1868 2950 Ε-κΡυωι
1882 2925 1913 2950 Si
1926 2925 2022 2950 Petrus
2033 2929 2074 2951 est
2087 2925 2173 2955 homo,
2186 2926 2336 2951 estanimal
2349 2926 2496 2956 rationales

1428 2964 1461 2990 et,
1472 2959 1504 2984 Si
1512 2959 1607 2985 Petrus
1621 2963 1661 2985 est
1673 2960 1775 2985 animal
1788 2960 1927 2990 rationale,
1942 2964 1982 2986 εει
1994 2961 2102 2986 risibilis
2106 2967 2116 2990 ;
2128 2968 2202 2994 ergo,
2212 2961 2236 2986 si
2244 2962 2341 2987 Petrus
2353 2962 2394 2987 εει
2406 2961 2494 2991 homo,

1428 2997 1468 3020 est
1485 2995 1601 3020 risibilis.
1617 2995 1644 3020 In
1663 2995 1713 3020 hoc
1731 2996 1895 3029 syllogismo,
1910 2996 2011 3020 tertium
2025 2996 2070 3028 (Si
2087 2996 2183 3022 Petrus
2200 3000 2241 3022 εει
2255 2997 2341 3030 homo,
2354 3000 2396 3022 εει
2406 2996 2493 3022 ritib}-

1427 3029 1472 3062 lis)
1491 3034 1596 3055 eatenus
1616 3030 1732 3063 sequitur
1749 3031 1781 3055 ad
1800 3031 1913 3064 primum
1932 3031 1977 3063 (Si
1994 3031 2089 3057 Petrus
2106 3035 2146 3057 est
2163 3032 2250 3062 homo,
2264 3035 2309 3058 est
2329 3032 2432 3057 aui-td
2448 3038 2493 3057 ra·

1428 3065 1546 3098 tionale),
1561 3071 1688 3098 quatenus
1707 3066 1823 3099 sequitur
1841 3067 1873 3091 ad
1891 3067 2035 3092 secundum
2053 3067 2098 3098 (Si
2116 3067 2211 3093 Petrus
2228 3071 2270 3093 εει
2290 3067 2392 3093 animat
2409 3067 2493 3093 ratic>

1428 3101 1504 3129 nale,
1531 3104 1570 3126 εει
1589 3101 1720 3133 risibilis).
1745 3101 1894 3126 Generatim
1913 3102 1982 3128 enim
2000 3110 2092 3128 verum
2115 3107 2155 3128 est
2170 3103 2241 3136 quod
2266 3103 2370 3136 quando
2388 3102 2492 3128 tertium

1427 3135 1543 3168 sequitur
1556 3136 1588 3161 ad
1602 3137 1745 3161 secundum
1759 3142 1887 3169 quatenus
1902 3138 2045 3162 secundum
2058 3138 2174 3171 sequitur
2186 3138 2218 3163 ad
2228 3138 2354 3171 primum;
2372 3144 2492 3164 neceam

1426 3170 1465 3195 rio
1483 3171 1515 3195 ad
1540 3171 1654 3204 primum
1678 3172 1794 3204 sequitur
1811 3173 1923 3197 tertium.
1944 3173 2018 3198 Ratio
2037 3178 2078 3198 eet
2095 3173 2156 3206 quia
2178 3173 2305 3207 quidquid
2324 3173 2442 3206 sequitu·
2458 3173 2492 3198 td

1427 3213 1591 3239 consequens
1607 3207 1720 3239 legitime
1732 3208 1840 3239 illatum,
1851 3208 1967 3241 sequitur
1980 3209 2012 3233 ad
2027 3209 2181 3234 antecedens
2196 3209 2313 3234 eiusdem
2327 3215 2376 3234 con

1426 3241 1467 3266 tis.
1481 3242 1636 3267 Admittatur
1654 3242 1731 3274 igitur
1749 3243 1879 3268 circularis
1899 3243 2091 3275 demonstratio,
2106 3249 2132 3269 et
2147 3243 2195 3269 hac
2212 3244 2239 3269 in
2257 3243 2395 3278 hypothesi
2412 3242 2492 3268 habo-

1427 3276 1494 3301 bitur
1512 3285 1625 3310 sequens
1643 3277 1760 3303 reflexio:
1781 3278 1812 3303 Si
1830 3278 1926 3304 Petrus
1942 3282 1983 3304 est
1999 3279 2087 3308 homo,
2105 3282 2146 3304 est
2164 3278 2284 3309 risibilis,-
2302 3283 2336 3310 et,
2350 3278 2383 3304 Sa·
2395 3277 2492 3304 Petrus

1425 3315 1465 3337 εει
1483 3312 1591 3338 risibilis
1608 3316 1648 3338 εει
1664 3313 1766 3338 animal
1789 3313 1933 3343 rationa1e‚·
1951 3318 1990 3345 et,
2007 3314 2040 3339 Si
2057 3314 2152 3340 Petrus
2170 3317 2211 3340 εει
2228 3314 2314 3344 homo,
2333 3316 2374 3339 εει
2389 3312 2490 3338 animal

1426 3347 1566 3373 rationale.
1586 3348 1658 3373 Patet
1671 3349 1742 3381 quod
1754 3349 1780 3373 in
1794 3348 1843 3374 hoc
1862 3350 1976 3374 secundo
1994 3349 2148 3383 syllogismo
2163 3349 2267 3375 tertium
2281 3349 2326 3382 (Si
2342 3349 2438 3374 sttnu
2450 3351 2492 3373 εει

1425 3382 1511 3412 homo,
1525 3386 1564 3409 est
1582 3383 1683 3409 animal
1701 3384 1850 3416 rationale)
1869 3385 1986 3417 sequitur
2004 3385 2036 3410 nd
2054 3384 2176 3418 primum,
2191 3385 2258 3410 sicut
2272 3385 2304 3410 nd
2323 3390 2401 3409 suurn
2419 3383 2489 3416 prin-

1425 3418 1520 3450 cipium
1539 3418 1584 3449 (Si
1601 3418 1697 3444 Petrus
1714 3422 1754 3444 εει
1772 3420 1858 3448 homo,
1873 3423 1914 3445 εει
1927 3419 2059 3452 risibilis),
2080 3419 2142 3453 quia
2160 3420 2278 3453 sequitur
2294 3419 2327 3444 ad
2345 3418 2489 3444 secundum

1423 3452 1468 3484 (Si
1481 3453 1577 3478 Petrus
1590 3457 1630 3479 εει
1647 3454 1763 3483 risibilis,
1777 3458 1819 3480 εει
1835 3455 1938 3480 animal
1952 3455 2105 3486 rationale).
2119 3455 2170 3480 Sed
2184 3455 2210 3480 in
2228 3454 2306 3487 priori
2325 3453 2488 3488 syllogismo,

1424 3488 1455 3513 Si
1473 3489 1568 3514 Petrus
1581 3492 1620 3514 εει
1636 3489 1722 3518 homo,
1736 3493 1776 3515 εει
1789 3489 1905 3519 risibilis,
1918 3490 2078 3523 sequebatur
2090 3490 2130 3520 ad,
2146 3489 2178 3515 Si
2189 3490 2285 3515 Petrus
2297 3491 2338 3514 εει
2350 3488 2436 3517 homo,
2449 3491 2489 3513 εει

1423 3524 1524 3549 animal
1542 3524 1683 3550 rationale.
1702 3525 1780 3557 Ergo,
1794 3525 1825 3549 Si
1839 3525 1935 3550 Petrus
1952 3528 1992 3550 εει
2009 3525 2095 3554 homo,
2108 3528 2148 3550 εει
2167 3524 2270 3550 animat
2285 3523 2427 3554 rationale,
2446 3531 2487 3548 se-

1423 3558 1510 3591 quitur
1528 3559 1567 3590 ad,
1583 3559 1614 3584 Si
1627 3559 1723 3585 Petrus
1740 3563 1780 3585 εει
1797 3560 1884 3590 homo,
1903 3563 1943 3586 εει
1960 3560 2062 3585 animal
2079 3559 2211 3585 rationale
2223 3566 2325 3592 nempe,
2339 3563 2369 3583 ut
2382 3559 2487 3583 conclu-

1423 3594 1490 3618 ditur
1504 3594 1540 3623 ,in
1558 3593 1610 3619 fine
1633 3594 1710 3620 huius
1733 3594 1848 3620 numeri:
1869 3595 1901 3620 Si
1918 3598 1959 3620 εει
1974 3595 1999 3620 A
2017 3597 2058 3620 εει
2073 3595 2106 3620 Α.
2131 3594 2208 3625 Quod
2233 3599 2273 3619 est
2289 3594 2399 3627 probare
2418 3594 2489 3619 idem
