2548 4192
154 1378 159 1380 *
200 1354 332 1398 ‘optime
364 1362 495 1385 noverat
523 1354 595 1385 1116;

936 257 990 293 IN
1022 257 1060 293 S.
1082 257 1324 293 THOMAM
1351 257 1675 304 AQUINATEM

207 338 392 369 Silvestrum
414 337 565 367 Maurum
588 336 719 366 consule
742 335 911 375 prooemio
926 336 958 366 in
981 343 1054 366 octo
1078 335 1175 365 libros
1201 335 1282 375 topi-

207 392 331 414 corum.
355 382 448 412 Hanc
471 387 570 411 artem
590 380 822 410 contentiosam
845 390 956 410 censor
980 380 1006 410 si
1029 379 1102 410 velit
1127 380 1165 409 ab
1182 379 1282 420 Aqui-

206 434 278 458 nate
302 426 336 456 in
359 426 467 465 Opera
489 435 548 454 sua
570 424 749 464 theologica
780 424 954 462 invectam,
979 431 1048 455 toto
1074 431 1154 454 errat
1178 424 1281 462 ostio,

206 480 305 511 seque
329 469 539 500 deridendum
559 469 718 508 propinat.
744 469 954 506 Quaestiones
979 468 1090 499 excitat
1112 468 1164 498 ille
1185 468 1282 507 pluri-

205 525 286 552 mas,
307 524 387 554 quas
402 513 511 553 ipsum
534 520 759 553 argumentum
778 513 822 543 rei
839 513 877 543 de
894 523 959 553 qua
974 513 1076 553 agitur
1091 512 1282 552 suppeditat,

205 568 328 600 quaeve
353 557 652 588 circumferebantur
682 564 737 588 aut
764 564 908 587 veterum
935 564 990 588 aut
1013 557 1187 587 recentium
1210 556 1282 587 scri-

206 610 338 643 ptorum
362 601 531 642 opiniones
565 602 790 641 exposcebant:
816 601 977 631 rationum
1000 601 1095 631 etiarn
1119 608 1283 631 momenta

206 654 327 685 versat,
359 656 442 687 quae
470 646 502 676 in
531 653 701 686 utramque
724 653 846 685 partem
870 645 1077 676 afferebantur
1107 653 1161 676 aut
1184 645 1283 675 afferri

206 701 302 732 posse
325 701 384 731 pro
409 700 469 720 suo
493 697 624 720 noverat
643 690 760 730 ingenii
775 690 931 720 acumine.
958 690 993 720 ln
1008 690 1077 729 ipsa
1093 700 1167 720 vero
1188 689 1283 720 disse-

206 735 296 766 rendi
319 734 446 765 solertia
469 742 524 765 aut
547 735 749 765 contentione
774 734 852 765 sistit
875 742 1072 775 numquam:
1097 734 1215 774 positas
1237 734 1282 764 di-

207 779 292 810 rimit
316 779 517 820 quaestiones
542 786 573 809 et
587 779 727 819 propria,
743 789 825 820 quae
842 779 990 809 dicuntur
1004 779 1076 809 loca
1094 778 1282 818 theologica,

207 824 248 855 ad
271 824 399 854 easdem
423 823 613 854 dirimendas
637 823 773 854 adhibet.
798 823 1039 863 Philosophicas
1062 822 1219 854 doctrinas
1243 823 1283 852 ad

206 867 442 898 inserviendum
475 867 624 898 nobiliori
659 868 837 908 theologiae
867 869 1017 898 advocat:
1052 867 1283 907 scriptoresque

206 912 384 953 petulantes
413 912 543 950 refellit,
573 912 637 942 sive
665 913 721 953 qui
749 912 904 943 haeresim
932 912 1144 952 procuderant
1175 918 1284 942 contra

207 956 281 987 fidei
311 957 461 997 dogmata
491 957 555 987 sive
585 957 642 997 qui
671 957 911 997 philosophiam
941 956 1090 987 adhibent
1121 962 1156 986 ut
1186 954 1284 985 fidem

209 1001 410 1032 christianam
428 1001 625 1031 labefactent.

275 1046 364 1076 Haec
386 1045 505 1085 passim
528 1046 567 1075 ab
582 1044 741 1085 Aquinate
764 1051 904 1075 servatur
924 1044 1114 1076 methodus:
1140 1043 1196 1083 qui
1210 1053 1282 1074 cum

208 1091 365 1130 copiosior
398 1094 428 1119 et
452 1090 619 1120 nervosior
642 1094 743 1126 esset,
778 1098 840 1118 non
865 1088 969 1119 solum
999 1093 1056 1118 aut
1085 1088 1204 1118 rationi
1226 1092 1284 1117 aut

208 1134 393 1164 auctoritati
414 1133 554 1174 confidit,
579 1133 636 1163 sed
659 1134 746 1163 omni
770 1132 863 1163 modo
879 1137 1132 1173 argumentatur
1147 1136 1176 1161 et
1190 1141 1283 1162 accu-

206 1183 280 1213 rate
303 1187 345 1208 ex
367 1178 455 1207 omni
478 1178 547 1208 loco
570 1177 708 1215 disserit,
732 1177 981 1217 testimoniisque
1003 1177 1101 1207 simul
1124 1185 1163 1206 ac
1186 1176 1284 1205 ratio-

209 1222 301 1252 nibus
323 1222 508 1262 conquisitis
530 1221 687 1262 disputat,
711 1228 747 1252 ut
770 1221 931 1252 verissime
954 1221 1158 1251 observatum
1172 1230 1191 1249 a
1207 1219 1284 1249 Mel-

209 1265 316 1297 chiore
340 1265 432 1296 Cano
457 1265 592 1306 legimus
615 1266 696 1296 libro
712 1266 781 1304 ΧΠ,
806 1265 906 1305 capite
923 1276 964 1296 xi.
990 1265 1065 1315 Quo
1081 1274 1156 1294 vero
1176 1270 1284 1294 aucto-

208 1309 293 1349 11155,
317 1320 398 1352 quo
409 1309 504 1343 etiam
526 1310 600 1341 loco
624 1310 770 1340 habenda
793 1317 874 1340 esset
897 1309 976 1340 ratio
1000 1309 1032 1339 111
1048 1319 1080 1339 16
1094 1308 1284 1348 theologica,

629 1355 715 1385 unde
744 1354 778 1384 in
802 1354 936 1385 Summa
969 1354 1141 1384 adversum
1172 1358 1285 1394 gentes

208 1399 390 1450 theologiae
413 1400 578 1441 negotium
598 1398 734 1440 confecit
753 1400 889 1437 ratione,
904 1400 979 1439 quia
996 1398 1184 1438 Scripturae
1200 1398 1284 1428 testi-

210 1444 318 1474 monia
341 1443 429 1484 apud
455 1453 510 1475 eas
534 1444 584 1475 vel
606 1443 746 1474 secundo
771 1443 822 1474 vel
843 1444 933 1474 nullo
965 1444 1060 1474 etiam
1085 1443 1154 1472 loco
1176 1447 1283 1472 sunt...

209 1494 242 1519 at
263 1489 296 1518 in
320 1487 456 1519 Summa
479 1489 659 1529 theologiae
682 1489 859 1518 auctoritas
874 1487 953 1529 sere
978 1488 1096 1517 rationi
1105 1491 1286 1526 praeparat

207 1531 389 1572 hominem,
419 1534 503 1563 ratio
536 1532 684 1573 deinceps
712 1532 756 1563 ad
785 1533 978 1563 intellectum
1010 1532 1286 1572 cognitionemque

202 1577 364 1618 perducit.
389 1577 463 1615 Qua
486 1577 607 1607 diversa
629 1576 741 1617 utique
764 1577 936 1614 methodo,
961 1576 1072 1607 eadem
1094 1575 1167 1606 licet
1190 1575 1229 1605 de
1253 1585 1285 1605 re

209 1621 364 1652 disserens
388 1629 497 1653 contra
521 1621 724 1652 Manichaeos
745 1628 775 1652 et
794 1628 904 1652 contra
921 1620 1119 1661 Pelagianos,
1140 1630 1217 1650 usus
1237 1627 1284 1650 est

208 1666 420 1707 Augustinus.
446 1666 615 1703 Quantum
637 1675 712 1696 vero
733 1665 870 1707 denique
887 1665 1003 1706 cuique
1025 1664 1231 1695 tribuendum
1247 1664 1286 1694 sit

209 1710 400 1752 quaestioni,
410 1721 470 1751 pro
487 1720 619 1741 munere
635 1710 860 1740 absolutissimi
875 1709 1026 1750 theologi,
1043 1708 1286 1748 intelligendum

209 1755 338 1796 praebet
348 1755 492 1796 Aquinas
505 1754 539 1785 in
555 1754 798 1792 obiectionibus,
818 1764 903 1795 quae
915 1754 1020 1794 primo
1034 1754 1108 1784 loco
1125 1752 1286 1783 instruun-

210 1806 262 1830 tur
285 1806 316 1831 et
339 1799 373 1830 in
396 1799 590 1839 argumentis
614 1799 802 1850 prolusoriis
821 1808 903 1839 quae
919 1798 1100 1839 sequiorem
1116 1803 1224 1827 tenent
1239 1797 1286 1827 lo-

190 1841 308 1881 cum?
331 1844 416 1885 quod
442 1843 627 1883 praesertim
655 1844 686 1873 in
715 1842 872 1893 Operibus
899 1843 1068 1883 disputatis
1101 1841 1232 1893 copiose
1257 1849 1287 1872 et

209 1886 453 1929 diligentissime
468 1887 572 1929 secit,·
595 1897 700 1928 neque
723 1887 810 1918 enirn
837 1887 907 1927 ipsa
930 1887 1042 1925 veritas
1067 1887 1140 1917 satis
1164 1887 1287 1916 elucere

209 1930 244 1963 in
267 1931 481 1972 disputatione
504 1939 625 1982 potest;
649 1931 709 1962 nisi
734 1942 771 1962 ex
795 1939 929 1972 utraque
953 1939 1041 1972 parte
1062 1931 1143 1962 facta
1158 1930 1199 1961 sit
1214 1941 1287 1961 cau-

211 1986 320 2007 sarum
343 1976 549 2017 comparatio.

275 2021 364 2052 Num
373 2031 448 2052 vero
465 2022 600 2061 topicam
618 2020 680 2051 late
696 2027 859 2061 sumptam
875 2031 934 2061 pro
950 2020 1128 2057 dialectica,
1141 2029 1287 2050 omnem—

212 2075 275 2108 que
300 2065 470 2096 disserendi
494 2065 656 2096 solertiam
678 2065 712 2095 in
735 2065 889 2105 Angelico
913 2065 1052 2096 Doctore
1080 2064 1288 2104 reprehendat

211 2119 324 2141 censor
347 2107 549 2151 anonymus?
573 2110 672 2146 Quod
687 2109 713 2140 si
729 2109 908 2150 theologica
924 2109 1055 2140 facultas
1071 2109 1160 2139 omni
1177 2109 1288 2139 debeat

210 2154 283 2185 artis
308 2154 486 2185 dialecticae
509 2154 667 2194 praesidio
691 2154 830 2191 destitui,
855 2153 992 2204 perinde
1010 2153 1102 2184 fuerit
1125 2164 1161 2184 ac
1185 2152 1288 2192 ipsam

211 2205 348 2229 evertere
363 2198 575 2238 theologicam
597 2198 789 2229 facultatem.
813 2199 926 2239 Neque
943 2197 1029 2228 601111
1044 2197 1180 2238 propriis
1197 2197 1288 2227 disci-

210 2242 316 2283 plinae
340 2253 415 2273 suae
446 2242 608 2283 principiis
632 2242 699 2280 uti,
733 2253 837 2283 neque
861 2242 934 2273 fidei
962 2243 1112 2282 dogmata
1144 2243 1289 2272 decenter

212 2297 385 2328 exponere,
409 2297 514 2328 neque
537 2287 618 2318 tueri
642 2287 753 2317 eadem
776 2287 944 2318 adversum
972 2287 1184 2317 heterodoxos
1207 2286 1290 2317 valet

211 2331 392 2372 theologus,
410 2332 466 2373 qui
490 2331 529 2362 sit
555 2331 732 2362 dialecticae
751 2332 852 2362 rudis:
869 2342 888 2362 a
902 2342 967 2372 qua
985 2331 1101 2362 scilicet
1117 2330 1288 2368 dividendi,

212 2374 401 2415 definiendi,
425 2376 632 2407 ratiocinandi
655 2377 772 2407 modus
797 2376 958 2416 accipitur,
984 2383 1079 2416 atque
1103 2375 1153 2405 via
1184 2382 1288 2405 osten-

212 2419 296 2451 ditur
319 2421 596 2461 quemadmodum
627 2420 772 2451 hostium
795 2428 876 2451 artes
899 2427 929 2450 et
953 2419 1092 2450 fallaciae
1121 2419 1289 2450 diluendae

212 2463 274 2495 sint
298 2474 334 2495 ac
363 2465 585 2495 exsufflandae.
625 2465 774 2504 Topicam
805 2464 961 2504 priorem,
989 2474 1072 2504 quae
1102 2474 1289 2494 communes

214 2508 385 2539 disserendi
408 2509 498 2540 locos
528 2516 727 2539 consectatur
749 2519 784 2539 ac
809 2509 842 2539 in
868 2509 938 2539 solo
965 2507 1106 2538 consistit
1129 2508 1288 2548 litigandi,

214 2559 270 2584 aut
294 2553 518 2594 propugnandi
547 2553 731 2584 utrumlibet
754 2552 878 2591 officio,
905 2552 930 2583 si
954 2552 1114 2593 quispiam
1137 2552 1289 2593 Aquinati

214 2596 377 2636 attribuat,
401 2605 456 2628 aut
479 2597 546 2628 eius
569 2607 667 2637 opera
690 2597 835 2628 salutavit
858 2607 1038 2648 numquam
1061 2603 1115 2627 aut
1138 2607 1216 2627 sano
1241 2607 1289 2627 ca-

213 2641 278 2682 pite
302 2649 393 2672 caret.
422 2642 474 2672 Ad
497 2641 642 2682 peritiam
668 2642 734 2672 eius
764 2641 898 2681 pertinet
927 2642 1030 2682 topica
1060 2641 1174 2671 altera:
1200 2641 1289 2671 cuius

215 2693 280 2724 est,
304 2686 383 2731 quid
407 2697 444 2717 ex
466 2696 598 2727 quoque
632 2696 830 2727 consequens
855 2685 893 2716 sit
918 2693 948 2716 et
971 2693 1222 2716 consentaneum
1245 2685 1289 2715 vi-

215 2730 299 2767 dere,
325 2738 360 2761 ut
383 2730 427 2762 ait
449 2730 612 2761 Petavius·
637 2740 779 2770 separare
796 2730 961 2768 disiuncta,
979 2730 1127 2770 copulata
1148 2729 1288 2770 iungere,

216 2774 364 2812 dividere,
389 2774 528 2813 definire,
553 2774 740 2812 ratiocinari,
766 2785 800 2805 ac
824 2774 909 2805 viam
933 2781 963 2805 et
987 2773 1132 2805 ordinem
1153 2784 1227 2804 611111
1245 2774 1289 2804 di-

216 2819 334 2856 scendi,
350 2827 422 2850 tum
436 2819 571 2850 docendi
587 2818 805 2862 praescribere.
831 2819 922 2856 Quae
938 2818 1048 2859 utique
1064 2820 1184 2855 omnia,
1201 2823 1289 2849 certa

216 2868 246 2893 et
269 2865 450 2894 necessaria
474 2869 549 2894 sunt
573 2865 785 2894 instrumenta
808 2863 990 2894 doctrinae:
1013 2863 1126 2903 quibus
1148 2863 1290 2893 destituti

217 2907 249 2937 in
274 2908 381 2938 varios
404 2907 549 2938 incidunt
570 2917 713 2945 errores,
738 2918 797 2938 nec
817 2918 901 2945 eum,
918 2917 1012 2948 quem
1036 2908 1096 2938 sibi
1114 2917 1289 2947 proposue-

217 2956 295 2981 runt
318 2951 436 2982 laboris
459 2957 489 2982 et
513 2952 690 2982 industriae
721 2962 874 2989 cursum,
899 2957 995 2992 atque
1018 2952 1139 2982 exitum
1172 2957 1288 2982 tenent.

217 2995 287 3025 Hac
311 2994 350 3025 de
373 3005 406 3026 re
429 2995 633 3026 disserentem
656 2995 777 3036 egregie
801 2996 906 3026 virum
921 2995 1142 3035 gravissimum
1159 2996 1290 3026 consule

218 3038 252 3068 in
274 3038 515 3080 Prologomenis
547 3039 581 3069 in
605 3050 688 3079 opus
712 3040 932 3081 theologicum
951 3039 1051 3080 capite
1074 3050 1116 3079 tv,
1133 3050 1224 3070 num.
1252 3050 1289 3070 10

219 3089 250 3114 et
273 3093 360 3123 seqq.

287 3127 325 3157 11.
350 3128 424 3157 Pars
449 3127 544 3157 altera
570 3137 718 3158 censurae
738 3129 850 3159 inanes
860 3128 975 3168 plures
990 3133 1019 3158 et
1033 3137 1291 3168 supervacaneas

219 3172 420 3212 quaestiones
453 3178 561 3209 notat,
585 3181 667 3211 quae
690 3171 723 3202 in
747 3172 906 3212 Operibus
939 3173 1087 3202 Thomae
1119 3182 1290 3202 numerum

221 3215 370 3246 excedant
398 3215 525 3245 utilium
548 3222 579 3246 et
603 3215 828 3255 proficuarum.
859 3216 1025 3246 instaurari
1049 3224 1128 3256 puto
1152 3224 1290 3246 veterem

221 3259 409 3290 cantilenam
432 3259 571 3296 Erasmi,
596 3259 652 3299 qui
675 3259 755 3290 inter
783 3260 992 3291 enarrationes
1016 3260 1049 3290 in
1073 3267 1168 3299 caput
1187 3271 1196 3289 1
1215 3260 1290 3299 Epi-

221 3303 319 3334 stolae
339 3304 350 3334 I
376 3304 416 3334 ad
432 3303 643 3334 Timotheum
658 3304 789 3343 longam
808 3304 882 3335 texit
896 3304 1149 3344 disputationum
1166 3303 1288 3353 seriem,

215 3358 300 3398 quas
325 3347 428 3378 futiles
454 3355 484 3378 et
507 3348 652 3384 5050055,
676 3358 711 3377 56
735 3358 816 3387 pene
830 3348 943 3387 impias
959 3355 1060 3378 vocat.
1087 3347 1154 3378 Cur
1176 3347 1290 3387 gravis-

221 3392 316 3423 simas
339 3391 502 3432 apologias
517 3392 683 3422 adornatas
708 3391 897 3429 dissimulas,
914 3401 996 3431 quae
1016 3391 1184 3422 conflatam
1199 3391 1290 3421 scho-

219 3436 344 3467 lasticae
358 3436 536 3476 theologiae
551 3435 702 3465 invidiam
715 3435 828 3475 procul
842 3433 964 3466 arcent?
987 3449 1000 3463 ιι
1019 3435 1184 3472 Quorsum
1206 3435 1291 3464 enim

224 3493 239 3508 »
262 3479 444 3522 (inquiebat
462 3478 640 3520 Erasmus)
665 3479 773 3510 attinet
796 3479 962 3515 decertare,
987 3486 1067 3519 quot
1089 3478 1193 3508 modis
1213 3479 1290 3509 acci-

225 3537 240 3552 »
262 3525 366 3566 piatur
388 3531 571 3564 peccatum:
605 3523 737 3563 privatio
761 3523 923 3553 dumtaxat
946 3523 1003 3560 sit,
1032 3533 1072 3552 an
1098 3523 1223 3552 macula
1244 3522 1291 3552 in-

225 3581 240 3596 »
262 3569 392 3599 haerens
416 3566 561 3599 animae?
589 3568 661 3598 Hoc
684 3567 792 3607 potius
815 3574 885 3607 agat
908 3567 1096 3607 theologus,
1121 3573 1157 3596 ut
1179 3576 1291 3596 omnes

225 3623 241 3639 ²
263 3612 411 3644 horreant
426 3613 613 3653 oderintque
629 3618 805 3652 peccatum.
825 3611 917 3642 Totis
933 3610 1065 3642 saeculis
1081 3610 1290 3650 disputamus,

2257 270 2410 295 CCCXXIll

1339 349 1356 364 ›
1377 347 1417 367 an
1431 337 1530 377 gratia
1545 347 1609 377 qua
1624 337 1711 367 Deus
1727 346 1787 366 nos
1797 335 1897 376 diligit
1911 346 1947 366 ac
1962 335 2055 367 trahit
2070 342 2101 366 et
2110 346 2174 376 qua
2188 347 2246 367 nos
2260 338 2351 368 illum
2365 338 2410 368 vi-

1340 394 1355 409 »
1378 382 1483 412 cissim
1497 381 1670 421 diligimus,
1681 381 1792 411 eadem
1807 380 1846 411 sit
1860 380 1967 420 gratia,
1979 388 2009 411 et
2019 391 2059 410 an
2070 380 2108 410 sit
2124 381 2242 421 aliquid
2259 390 2409 421 creatum,

1340 438 1353 451 »
1377 436 1417 455 an
1442 423 1634 456 increatum?
1660 425 1741 456 Illud
1757 425 1864 465 potius
1888 435 2020 465 agamus
2036 424 2123 465 puris
2139 425 2294 464 precibus,
2319 426 2413 456 inno-

1340 482 1355 497 »
1378 470 1478 500 centia
1493 470 1584 508 vitae,
1602 469 1662 510 piis
1687 469 1785 507 factis,
1810 477 1846 500 ut
1869 479 1908 500 eo
1932 479 2064 500 munere
2079 479 2138 499 nos
2153 469 2298 509 dignetur
2312 470 2408 501 Deus.

1340 526 1354 540 ι
1377 514 1596 554 Ι)1315111511101·
1619 514 1685 544 5106
1700 513 1773 552 fine,
1798 514 1876 554 quid
1900 513 2071 554 distinguat
2092 514 2218 544 Patrem
2242 523 2260 543 a
2283 514 2364 544 Filio
2381 521 2411 545 et

1340 571 1354 585 »
1378 566 1550 599 utrumque
1573 569 1592 589 a
1615 558 1731 598 Spiritu
1757 565 1883 596 sancto,
1908 568 1956 588 res
1981 568 2022 588 an
2045 558 2173 588 relatio:
2204 565 2234 588 et
2257 560 2313 599 qui
2336 568 2410 588 con-

1340 615 1354 630 »
1378 602 1478 640 515151,
1504 610 1564 633 1165
1588 602 1665 640 11161,
1690 612 1831 643 quorum
1855 603 1962 633 nullus
1986 602 2025 633 sit
2048 602 2104 643 qui
2132 602 2227 640 alius,
2252 613 2327 633 cum
2350 603 2412 633 sint

1340 659 1353 673 »
1377 657 1442 678 una
1464 645 1615 678 essentia?
1640 647 1769 684 Quanto
1794 647 1893 687 magis
1918 647 1958 677 ad
1982 657 2050 677 rem
2072 646 2206 687 pertinet
2228 647 2290 677 hoc
2306 647 2411 677 modis

1341 704 1354 719 2
1378 691 1527 722 omnibus
1551 702 1661 732 agere,
1694 698 1730 722 ut
1753 691 1930 722 ternionem
1955 691 2067 729 illum,
2098 691 2187 721 cuius
2215 691 2411 722 maiestatem

1341 748 1354 763 ιν
1378 736 1507 767 56101511
1523 735 1569 766 fas
1585 746 1651 766 non
1665 743 1722 772 est,
1738 735 1788 775 pie
1804 743 1973 776 sancteque
1990 735 2134 766 colamus
2153 742 2184 766 et
2197 736 2378 766 adoremus.
2393 748 2406 762 ν

1406 781 1498 811 Hanc
1514 781 1567 810 ille
1583 779 1817 820 querimoniam
1840 779 2023 820 longissime
2047 780 2147 810 ducit:
2172 787 2242 810 tum
2258 779 2410 820 plurimas

1337 824 1412 855 alias
1442 825 1475 854 id
1502 835 1602 865 genus
1631 823 1859 863 disputationes
1887 825 2076 854 accumulat.
2100 825 2140 855 V.
2161 835 2190 864 g.
2219 835 2287 854 «an
2311 824 2411 864 possit

1340 881 1354 895 ›
1377 869 1465 899 Deus
1480 876 1551 899 actu
1565 867 1724 899 infinitum
1751 869 1927 898 secundum
1944 878 2075 898 omnem
2091 868 2322 899 dimensionem
2337 879 2410 908 pro-

1341 925 1354 939 »
1378 914 1501 943 ducere.
1527 916 1579 943 An
1602 912 1741 952 potuerit
1763 912 1849 942 hunc
1873 912 2052 950 mundum,
2081 912 2176 943 etiam
2198 914 2237 943 ab
2261 920 2409 950 aeterno,

1341 969 1354 982 ι
1378 957 1544 988 meliorem
1567 956 1667 986 facere
1690 966 1788 996 quam
1813 955 1892 986 fecit.
1918 959 1969 986 An
1993 956 2092 996 possit
2110 957 2284 996 producere
2307 957 2410 987 homi-

1340 1013 1355 1027 »
1378 1011 1463 1038 nem,
1488 1001 1544 1042 qui
1567 1010 1696 1040 peccare
1720 1000 1810 1030 nullo
1834 1000 1934 1030 modo
1958 1008 2062 1041 queat.
2089 1003 2138 1031 An
2162 1001 2297 1031 revelare
2311 1001 2412 1041 possit

1340 1056 1355 1070 »
1378 1045 1471 1076 alicui
1501 1055 1598 1075 suum
1629 1044 1775 1075 futurum
1804 1051 1970 1083 peccatum
1999 1051 2054 1075 aut
2081 1045 2327 1076 damnationem.
2358 1048 2410 1076 An

1342 1101 1356 1115 2»
1378 1089 1479 1129 possit
1493 1090 1579 1120 Deus
1594 1088 1702 1129 aliquo
1718 1088 1972 1128 praedicamento
1988 1089 2149 1119 contineri.
2161 1092 2212 1119 An
2223 1096 2411 1128 potestatem

1341 1146 1355 1160 ι
1380 1133 1504 1164 61650111
1527 1133 1628 1172 possit
1652 1132 1887 1163 communicare
1911 1140 2078 1163 creaturae.
2095 1135 2147 1163 An
2170 1134 2327 1173 quaelibet
2342 1144 2410 1174 per-

1342 1191 1356 1205 »
1379 1188 1458 1208 sona
1489 1177 1594 1207 divina
1624 1176 1724 1216 possit
1756 1176 1931 1217 quamlibet
1959 1184 2104 1207 naturam
2134 1187 2312 1216 assumere,
2344 1188 2410 1218 quo

1342 1235 1356 1250 »
1379 1222 1479 1258 modo
1508 1222 1650 1252 Verbum
1677 1221 1852 1251 humanam
1880 1221 2058 1261 assumpsit.
2090 1223 2142 1251 An
2169 1228 2230 1252 tres
2258 1232 2410 1262 personae

1342 1279 1357 1294 1>
1379 1266 1503 1306 possint
1526 1265 1622 1296 simul
1645 1266 1790 1295 eamdem
1814 1272 1959 1295 naturam
1982 1275 2150 1295 assumere.
2180 1268 2231 1296 An
2254 1267 2349 1296 Deus‘
2364 1277 2411 1297 as-

1342 1324 1357 1339 »
1380 1310 1550 1350 sumpserit
1563 1309 1763 1340 individuum
1779 1309 1969 1346 humanum,
1986 1320 2025 1339 an
2041 1309 2188 1349 speciem.
2208 1312 2260 1340 An
2274 1310 2306 1340 in
2323 1321 2411 1341 men-

1343 1368 1356 1383 »
1380 1363 1410 1386 16
1435 1354 1540 1385 divina
1559 1354 1620 1385 sint
1636 1354 1784 1384 omnium
1807 1364 1913 1384 rerum
1936 1354 2038 1384 ideae:
2065 1361 2095 1384 et
2117 1353 2188 1384 illae
2204 1354 2355 1394 practicae
2372 1365 2411 1385 ne

1342 1413 1357 1428 >›
1380 1400 1452 1437 sint,
1469 1409 1510 1429 an
1533 1398 1752 1439 speculativae.
1777 1401 1829 1428 An
1852 1408 2004 1428 numerus
2028 1408 2235 1437 personarum
2251 1399 2283 1428 in
2300 1399 2411 1429 divinis

1343 1457 1357 1472 »
1379 1444 1532 1484 pertineat
1555 1444 1596 1473 ad
1619 1442 1836 1480 substantiam,
1862 1453 1902 1472 an
1925 1442 2120 1473 relationem.
2145 1445 2197 1472 An
2215 1453 2271 1482 per
2290 1442 2411 1473 relatio-

1342 1502 1356 1516 »
1380 1499 1454 1519 nem
1479 1487 1712 1527 distinguantur
1739 1494 1770 1518 et
1797 1487 2037 1517 constituantur.
2068 1490 2118 1517 An
2142 1487 2232 1517 Pater
2259 1487 2413 1526 producat

1342 1546 1356 1560 ›
1380 1533 1498 1564 Filium
1521 1539 1551 1562 et
1574 1531 1727 1572 Spiritum
1756 1539 1902 1562 sanctum
1929 1531 2048 1562 ratione
2071 1531 2262 1569 intellectus,
2294 1541 2333 1561 an
2357 1541 2413 1561 vo-

1342 1590 1356 1604 »
1378 1577 1517 1608 luntatis.
1544 1577 1622 1607 Item
1646 1586 1686 1606 an
1710 1575 1830 1606 ratione
1854 1575 2015 1613 essentiae,
2040 1585 2080 1605 an
2104 1575 2260 1614 attributi;
2289 1583 2412 1606 natura-

1343 1636 1357 1650 »
1379 1622 1459 1658 liter,
1485 1631 1525 1651 an
1538 1621 1653 1651 libere.
1679 1623 1730 1650 An
1753 1620 1887 1659 Spiritus
1906 1627 2032 1650 sanctus
2055 1620 2229 1660 procedens
2246 1617 2368 1650 a'Patre
2384 1626 2415 1650 et

1343 1679 1356 1694 ›
1380 1666 1473 1702 Filio,
1497 1666 1536 1695 ab
1561 1675 1627 1695 uno
1652 1664 1807 1704 principio
1832 1664 2058 1704 proficiscatur,
2083 1674 2123 1694 an
2139 1674 2157 1694 a
2173 1665 2300 1694 duobus
2324 1671 2410 1694 etc.»

1340 1712 1428 1741 Haec
1451 1710 1613 1740 Erasmus.
1634 1709 1864 1746 Quaestionem
1879 1709 1984 1746 aliam,
2009 1709 2095 1738 haud
2111 1708 2263 1747 ineptam,
2287 1708 2414 1739 addide-

1340 1755 1401 1786 rim
1425 1762 1500 1795 eg0:
1525 1761 1634 1784 utrum
1658 1760 1746 1783 sutor
1769 1753 1965 1783 transiliverit
1988 1753 2070 1783 ultra
2094 1750 2275 1792 crepidam?

1408 1800 1553 1830 Prostant
1580 1797 1766 1828 huiusmodi
1798 1797 2037 1837 disceptationes
2068 1797 2248 1837 similesque
2271 1796 2304 1827 in
2328 1796 2414 1836 Ope-

1341 1844 1428 1875 ribus
1452 1843 1514 1873 divi
1537 1842 1694 1873 Thomae.
1723 1842 1841 1872 Futiles
1865 1842 1920 1872 tibi
1944 1852 1979 1872 ac
2003 1851 2250 1881 supervacaneae
2273 1851 2309 1872 ac
2333 1851 2413 1881 pene

1341 1888 1457 1928 impiae
1480 1887 1641 1918 videntur:
1667 1894 1698 1917 at
1721 1893 1802 1916 certe
1825 1886 1922 1917 futilis
1942 1896 1978 1916 ea
2001 1886 2079 1916 ratio
2105 1892 2161 1923 est,
2185 1896 2248 1926 qua
2273 1885 2414 1925 primum

1342 1934 1494 1964 Erasmus
1518 1931 1616 1962 utitur
1639 1931 1679 1961 ad
1703 1930 1867 1961 subtilium
1890 1930 1923 1960 id
1946 1940 2046 1970 genus
2069 1929 2334 1969 disceptationum
2354 1930 2413 1960 ele-

1342 1978 1493 2008 vandum.
1509 1989 1523 2004 11
1536 1975 1637 2006 Nam*
1630 1975 1742 2006 iccirco
1761 1975 1920 2025 improbat
1939 1973 2049 2025 (verba
2059 1979 2135 2005 sunt
2150 1974 2274 2004 Petavii
2287 1975 2319 2004 in
2334 1974 2414 2004 Pro-

1346 2035 1359 2049 »
1384 2023 1500 2072 legom.
1507 2022 1649 2061 capitev,
1665 2030 1753 2050 num.
1766 2018 1813 2061 6).
1829 2019 1904 2060 quia
1918 2019 2014 2049 satius
2025 2018 2064 2048 sit
2074 2019 2153 2048 bene
2167 2018 2414 2059 innocenterque

1346 2079 1360 2093 »
1383 2066 1497 2102 vivere,
1514 2075 1611 2106 quam
1635 2071 1724 2095 acute
1748 2064 1820 2095 talia
1835 2071 1978 2094 tractare.
2003 2063 2109 2093 Deum
2133 2062 2184 2102 pie
2207 2062 2414 2103 religioseque

1346 2123 1360 2138 »
1384 2111 1497 2147 601616,
1520 2119 1616 2150 quam
1639 2109 1678 2139 de
1703 2108 1770 2139 eius
1796 2115 1918 2145 natura,
1943 2107 2086 2147 personis
2107 2117 2142 2137 ac
2169 2106 2412 2147 proprietatibus

1347 2168 1360 2183 »
1384 2155 1473 2186 anxie
1488 2163 1646 2195 quaerere.
1659 2153 1739 2190 Quis
1755 2153 1816 2183 hoc
1833 2149 1943 2192 negat?
1957 2151 2056 2192 Atqui
2072 2158 2107 2182 ut
2121 2151 2174 2181 ille
2190 2151 2412 2191 praeferendus

1347 2213 1361 2227 ι
1385 2199 1423 2230 511
1440 2198 1599 2229 doctrinae
1619 2197 1728 2228 studiis
1753 2207 1882 2227 morum
1902 2196 2047 2236 vitaeque
2076 2196 2195 2234 cultus;
2219 2205 2285 2225 non
2308 2203 2414 2226 tamen

1347 2257 1360 2271 ι
1384 2243 1565 2274 11511105οἀ5
1579 2242 1720 2282 vitioque
1737 2241 1884 2271 vertenda
1908 2240 1965 2271 ista
1981 2247 2064 2278 sunt,
2087 2240 2141 2270 sed
2165 2249 2260 2270 suum
2283 2249 2414 2280 quoque

1347 2301 1360 2315 »
1383 2296 1511 2327 tempus
1535 2297 1570 2317 ac
1594 2287 1702 2316 locum
1719 2285 1915 2315 laudabiliter
1929 2291 2119 2324 occupant...
2136 2286 2183 2314 Ac
2205 2283 2230 2314 si
2245 2294 2319 2313 sana
2335 2290 2414 2314 esset

1347 2345 1361 2360 s
1384 2330 1614 2372 argumentatio
1629 2330 1717 2367 haec,
1733 2329 1838 2360 liceret
1853 2329 1938 2359 idem
1955 2329 1994 2358 de
2010 2328 2099 2358 omni
2116 2328 2230 2358 artium
2246 2338 2280 2358 ac
2300 2327 2413 2358 doctri-

1347 2389 1360 2403 »
1384 2386 1498 2406 narum
1526 2384 1639 2415 genere
1661 2374 1858 2405 concludere.
1883 2373 2010 2404 Etenim
2034 2372 2085 2403 cui
2109 2382 2174 2402 non
2204 2372 2335 2402 istarum
2363 2372 2414 2402 vel

1347 2434 1361 2448 »
1384 2419 1627 2461 perfectissimae
1650 2418 1782 2448 minima
1805 2418 1874 2448 laus
1907 2417 2030 2448 virtutis
2053 2415 2230 2447 antecellit?
2254 2416 2349 2447 Vides
2373 2416 2413 2446 ad

1347 2477 1361 2491 »
1385 2475 1467 2506 quae
1491 2471 1632 2494 monstra
1648 2462 1842 2494 ratiocinatio
1858 2462 1916 2492 ista
1932 2461 2089 2500 dimanet,
2111 2461 2136 2491 si
2159 2461 2248 2502 quod
2271 2460 2414 2499 intendit,

1348 2522 1361 2536 ι·
1385 2509 1417 2539 10
1446 2519 1512 2539 000
1536 2507 1581 2538 1111
1604 2517 1717 2548 genere
1742 2517 1929 2537 concessum
1954 2506 2083 2536 fuerit.»

1413 2554 1464 2584 111.
1488 2555 1531 2583 At
1563 2551 1643 2582 illud
1676 2551 1962 2591 disceptationum,
1986 2560 2123 2591 quarum
2156 2549 2249 2579 series
2282 2549 2413 2588 texitur,

1344 2608 1444 2638 genus
1476 2597 1604 2627 irrident
1633 2596 1784 2626 Erasmus
1817 2602 1847 2626 et
1880 2593 2257 2636 Symmistae.1rrideant
2289 2600 2415 2633 oportet

1345 2642 1492 2683 antiquos
1518 2641 1612 2671 etiam
1635 2641 1751 2678 Patres,
1767 2639 1986 2676 Athanasium,
2002 2638 2165 2676 Basilium,
2186 2637 2412 2677 Epiphanium,

1345 2687 1457 2717 ambos
1480 2685 1662 2726 Gregorios,
1687 2683 1856 2725 Cyrfflum,
1873 2684 2126 2720 Theodoretum,
2142 2682 2317 2712 Maximum
2332 2682 2413 2712 Mar-

1345 2739 1464 2772 tyrem‚
1492 2729 1698 2768 Nemesium,
1723 2728 1901 2766 Hilarium,
1925 2727 2153 2764 Ambrosium,
2176 2726 2412 2776 Augustinum,

1345 2775 1601 2816 Hieronymum,
1625 2773 1849 2814 Fulgentium‚
1875 2779 2012 2803 caeteros
2036 2781 2166 2808 01111165,
2191 2770 2246 2811 qui
2274 2770 2413 2800 multum

1345 2827 1552 2859 accurateque
1571 2817 1771 2858 quaestiones
1791 2817 1830 2847 ad
1848 2816 1997 2847 invidiam
2018 2816 2172 2846 traductas
2192 2821 2412 2854 petractarunt.

1344 2866 1454 2904 Agunt
1476 2863 1520 2894 illi
1545 2862 1665 2903 quippe
1687 2862 1726 2892 de
1757 2867 1887 2898 natura,
1915 2861 1954 2891 de
1977 2860 2152 2900 hypostasi,
2183 2859 2221 2888 de
2247 2868 2408 2898 persona,

1344 2909 1383 2939 de
1407 2909 1564 2944 essentia,
1598 2907 1637 2937 de
1660 2907 1834 2943 relatione,
1868 2905 1907 2936 de
1930 2904 2050 2945 agendi
2066 2903 2242 2943 principio,
2272 2903 2311 2932 de
2340 2902 2411 2932 sub-

1344 2954 1475 2989 stantia,
1500 2952 1539 2982 de
1563 2950 1785 2987 accidentibus,
1814 2957 1848 2980 ut
1867 2948 2013 2990 mysteria
2032 2947 2179 2977 divinitus
2198 2946 2331 2976 revelata
2353 2956 2412 2986 pro

1345 2997 1481 3027 modulo
1502 2995 1614 3026 mentis
1634 2995 1792 3025 humanae
1807 3000 1975 3034 exponant,
1992 2991 2179 3022 Trinitatem
2193 3000 2411 3030 personarum,

1345 3041 1440 3071 Verbi
1463 3040 1522 3071 Dei
1548 3038 1818 3076 Incarnationem,
1843 3037 1959 3068 realem
1990 3036 2023 3066 in
2047 3034 2242 3066 Eucharistia
2269 3044 2412 3074 praesen-

1344 3085 1422 3116 tiam
1445 3095 1480 3114 ac
1504 3083 1626 3114 similia.

1414 3128 1544 3160 Utilitati
1569 3127 1655 3158 haud
1678 3125 1808 3167 quidem
1836 3124 2000 3162 modicae,
2024 3133 2122 3164 quam
2151 3122 2254 3153 sobria
2279 3132 2412 3172 5611111-

1345 3174 1422 3203 dens
1446 3173 1526 3212 parit
1545 3170 1730 3202 huiusmodi
1749 3169 1973 3210 quaestionum
1989 3167 2198 3208 pertractatio,
2220 3166 2410 3197 necessitatis

1345 3227 1472 3247 causam
1496 3216 1684 3246 addiderunt
1703 3214 1915 3245 cavillationes
1936 3212 2214 3248 heterodoxorum,
2238 3210 2293 3251 qui
2317 3210 2409 3240 sicuti

1344 3261 1376 3290 in
1401 3260 1575 3290 Ecclesiam
1598 3269 1696 3289 novas
1720 3258 1919 3299 quaestiones
1951 3257 2144 3292 intulerunt,
2168 3255 2210 3285 ita
2235 3265 2300 3284 non
2323 3254 2412 3284 aliter

1345 3304 1452 3344 repelli
1476 3304 1514 3334 ab
1538 3303 1723 3334 orthodoxis
1738 3308 1922 3342 potuerunt,
1940 3301 1998 3331 nisi
2015 3309 2171 3330 novarum
2186 3298 2411 3339 quaestionum

1346 3347 1546 3379 enodatione.
1568 3347 1655 3384 Quid
1679 3357 1738 3386 ego
1762 3355 2023 3382 commemorem,
2043 3354 2123 3384 quae
2148 3343 2273 3373 saeculo
2297 3342 2409 3383 quinto

1346 3399 1433 3422 mota
1457 3398 1531 3422 sunt
1558 3390 1685 3421 dissidia
1716 3391 1754 3420 116
1782 3391 1873 3420 ousia
1904 3394 1934 3419 et
1963 3388 2153 3429 hypostasi?
2182 3386 2357 3417 Sabelliana
2380 3392 2411 3416 et

1346 3436 1461 3467 Ariana
1485 3442 1664 3465 commenta
1689 3434 1798 3471 fecere,
1818 3441 1854 3464 ut
1872 3433 2016 3463 subtilius
2040 3438 2275 3472 pertractaretur
2299 3431 2338 3461 de
2363 3440 2410 3461 es-

1344 3481 1460 3516 sentia,
1485 3479 1525 3509 de
1542 3488 1695 3519 persona,
1716 3478 1755 3508 de
1780 3478 1945 3508 relatione.
1966 3476 2194 3516 Apollinarem,
2215 3475 2410 3525 Nestorium,

1346 3523 1565 3564 Eutychetem,
1591 3522 1842 3572 Monophysitas,
1867 3520 2091 3552 Monothelitas
2119 3519 2305 3560 perdomare
2338 3518 2409 3559 quis

1346 3567 1519 3608 potuisset,
1545 3566 1603 3597 nisi
1628 3565 1862 3606 diligentissime
1894 3572 2033 3595 versatus
2066 3564 2098 3594 in
2123 3563 2409 3604 disputationibus,

1346 3622 1427 3653 quae
1451 3617 1601 3642 naturam
1627 3617 1785 3651 spectant,
1817 3610 2029 3647 individuum,
2055 3609 2263 3649 suppositum,
2288 3617 2410 3648 compo-
