2548 4192
2264 329 2395 355 CCXXIX

807 588 1448 654 DISSERTATIO
1504 591 1772 654 XVIII.

192 761 259 801 De
288 760 531 811 opusculis
551 762 608 801 ad
626 761 845 801 Ioannem
865 762 1206 803 vercellensem
1224 763 1492 814 Magistrum
1512 763 1780 804 Generalem
1800 763 1980 805 Ordinis
2005 764 2380 814 Praedicatorum,

272 831 330 871 ad
357 831 592 872 Lectorem
628 836 866 881 venetum,
899 834 956 874 ad
990 835 1226 874 Lectorem
1261 835 1554 875 vesontinum
1568 865 1580 883 ,
1616 836 1674 874 ad
1710 835 2008 885 Reginaldum
2036 837 2355 878 'Privernatem
2369 852 2382 879 ε

272 905 414 955 deque
443 905 657 945 Auctoris
685 906 952 954 eruditione,
981 906 1210 947 soliditate
1238 907 1406 957 ingenii
1434 909 1479 946 et
1508 907 1677 957 optima
1704 907 1822 947 crisi.

591 1317 789 1355 CAPUT
825 1318 851 1354 Ι.

185 1413 334 1439 Genuinum
353 1413 433 1439 sancti
451 1412 570 1439 Thomae
588 1414 751 1447 Opusculum
769 1413 912 1438 ostenditur
932 1413 1078 1446 Responsio
1097 1414 1129 1438 de
1147 1413 1258 1439 articulis

258 1449 360 1474 duobus
379 1454 404 1474 et
427 1449 603 1482 quadraginta.
622 1449 790 1482 Supposititia
813 1450 892 1474 altera
911 1454 950 1474 est
969 1450 1000 1474 de
1023 1449 1134 1474 articulis
1153 1454 1257 1474 centum

257 1489 283 1510 et
300 1489 368 1510 octo.
386 1484 590 1510 Prudentissima
613 1485 748 1518 Aquinatis
774 1484 964 1510 animadversio
983 1484 1049 1509 circa
1072 1484 1170 1516 iudicia,
1190 1492 1257 1517 quae

256 1519 289 1544 de
313 1520 527 1554 philosophorum
546 1520 645 1553 placitis
664 1520 724 1545 ferri
743 1520 838 1545 debent
862 1520 894 1544 ad
912 1519 971 1544 fidei
990 1519 1131 1544 doctrinam
1151 1528 1256 1553 compa-

253 1555 324 1580 ratis.
343 1555 469 1589 Exempla
487 1555 628 1581 afferuntur
646 1556 678 1580 de
702 1555 809 1588 Angelis
828 1555 958 1580 caelorum
983 1555 1141 1586 motos-ibus,
1167 1555 1254 1587 deque

255 1591 387 1616 caelorum
410 1592 496 1616 anima
515 1596 541 1616 et
563 1592 621 1616 loco
646 1590 745 1616 inferni.
766 1590 866 1615 Ricardi
891 1590 999 1615 Simonii
1018 1590 1255 1616 animadversiones

254 1626 413 1652 refelluntur.

481 1728 504 1759 μ
517 1726 538 1745 n
562 1715 700 1746 editione
715 1714 861 1755 Operum
884 1714 982 1745 sancti
996 1714 1153 1753 Thomae,
1170 1725 1252 1755 quae

270 1770 283 1789 ι’,
310 1785 311 1788 ,
328 1776 338 1782 -
394 1768 419 1786 *¹-
446 1775 450 1784 =
467 1772 479 1779 «
516 1761 639 1790 Romae
661 1759 750 1789 iussu
773 1759 820 1789 Pii
835 1759 864 1790 V
880 1758 1006 1789 Summi
1020 1758 1181 1789 Pontificis
1198 1769 1252 1789 an-

288 1790 339 1833 be·
438 1803 449 1833 ἰ
480 1805 505 1843 a-'s
516 1814 559 1834 no
579 1804 661 1845 1570
681 1809 787 1834 curata
803 1809 859 1840 est,
874 1802 1078 1843 Opusculum
1094 1803 1253 1840 Quartum

262 1845 305 1888 ,⁷
311 1841 333 1864 9
346 1853 351 1867 ¹
391 1833 413 1877 l
418 1844 441 1872 ἰ
454 1852 464 1859 ⁸
475 1864 501 1884 v
514 1847 704 1885 inscrib1tur,
714 1847 765 1877 De
774 1847 898 1878 duobus
906 1848 1090 1887 praeceptis
1105 1848 1251 1878 caritatis

257 1924 271 1933 ν
390 1875 503 1978 {eq}
515 1897 545 1922 et
561 1892 668 1922 decem
693 1891 775 1932 legis
792 1892 995 1931 praeceptis:
1013 1891 1184 1929 Quintum,
1201 1892 1252 1922 De

252 1902 662 1973 125)articulis
674 1935 760 1976 fidei
778 1940 809 1965 et
833 1935 1052 1966 Sacramentis
1071 1935 1253 1966 Ecclesiae:

514 1979 656 2018 Sextum,
672 1979 840 2020 Expositio
854 1989 953 2020 super
968 1979 1155 2020 Symbolum
1165 1980 1250 2020 Apo-

182 2025 356 2057 stolorum:
374 2022 565 2063 Septimum,
580 2024 748 2064 Expositio
764 2024 920 2054 orationis
935 2024 1143 2055 Dominicae:
1158 2024 1251 2055 Octa-

181 2079 272 2107 vum,
287 2068 454 2108 Expositio
476 2077 576 2108 super
597 2068 791 2099 salutatione
813 2068 981 2109 Angelica.
1005 2068 1053 2098 De
1069 2067 1118 2098 his
1141 2068 1252 2099 latiore

183 2113 305 2147 calamo
325 2118 356 2142 et
374 2111 519 2142 uberiore
534 2119 665 2143 tractatu
690 2112 812 2151 egimus
835 2112 868 2142 in
884 2111 1111 2142 Dissertatione
1130 2118 1251 2143 octava.

181 2158 217 2188 In
227 2157 339 2188 eadem
348 2156 495 2187 Romana
505 2156 643 2187 editione
658 2163 835 2197 sequuntur
844 2156 1009 2196 opuscula
1023 2156 1100 2195 duo,
1117 2157 1251 2187 Nonum

180 2208 211 2232 et
226 2200 408 2239 Decimum,
421 2201 536 2231 Fratri
550 2200 691 2232 Iohanni
712 2200 903 2231 Vercellensi
917 2201 1081 2241 Magistro
1099 2200 1252 2231 Generali

183 2245 317 2277 Ordinis
329 2244 595 2276 Praedicatorum
611 2251 803 2285 nuncupata.
822 2244 1003 2275 inscribitur
1018 2245 1171 2284 primum,
1189 2245 1251 2276 Re-

177 2291 306 2331 sponsio
329 2289 538 2320 defarticulis
561 2298 650 2328 cvm,
673 2290 808 2329 sumptis
831 2299 873 2319 ex
895 2299 991 2329 opere
1013 2289 1102 2320 Petri
1123 2290 1164 2320 de
1191 2290 1251 2320 Ta-

177 2334 343 2366 rantasia:
365 2333 510 2372 alterum,
526 2334 702 2374 Responsio
725 2333 765 2364 de
787 2333 941 2364 articulis*
956 2342 1032 2364 1211.

246 2378 339 2409 Istius
363 2377 477 2408 diserta
499 2378 621 2408 mentio
645 2378 731 2418 apud
754 2384 873 2408 veteres
897 2387 1010 2408 omnes
1032 2377 1250 2408 nomenclato-

178 2433 239 2461 res,
262 2422 488 2453 Ptolomaeum
506 2423 695 2460 Lucensem,
710 2422 907 2452 Bernardum
932 2421 1101 2460 Guidonis‚
1118 2421 1251 2452 Bartho-

179 2467 344 2497 lomaeum
366 2466 600 2506 Logothetam,
628 2466 800 2497 Nicolaum
823 2465 1009 2504 Trivetum,
1035 2463 1251 2496 loannem·de

178 2510 352 2549 Columna,
369 2510 563 2550 Pignonum,
579 2510 847 2548 Valleoletanum,
869 2516 1014 2540 sanctum
1038 2510 1250 2540 Antoninum.

179 2554 341 2586 Articulos
366 2554 586 2595 quadraginta
612 2560 696 2592 tres,
725 2554 841 2595 quibus
866 2554 1063 2594 responderit
1090 2554 1250 2595 Aquinas,

178 2605 326 2630 numerat
347 2598 525 2629 Bernardus
547 2599 721 2637 Guidonis‚
747 2598 937 2638 Logotheta,
962 2598 1197 2629 Valleoletanus
1222 2604 1252 2629 et

178 2653 204 2674 s.
230 2643 432 2674 Antoninus:
465 2643 546 2674 duos
578 2649 608 2674 et
638 2644 874 2684 quinquaginta
910 2642 1095 2683 Pignonus,
1131 2649 1251 2673 errante

179 2687 247 2718 sine
269 2687 368 2718 dubio
392 2687 535 2718 notario:
561 2688 643 2718 duos
657 2697 732 2718 vero
748 2692 778 2718 et
799 2686 1020 2728 quadraginta
1043 2687 1126 2717 edita
1141 2687 1251 2717 omnia

181 2731 336 2772 exempla.
361 2731 448 2768 Quid
479 2738 661 2772 exposceret
682 2731 831 2771 Magister
860 2731 1040 2770 Generalis,
1066 2741 1132 2772 quo
1156 2731 1252 2762 etiam

179 2782 324 2816 tempore
347 2776 463 2806 litteras
488 2777 555 2807 eius
579 2786 654 2807 cum
677 2775 815 2806 articulis
836 2775 989 2816 acceperit
1007 2775 1161 2816 Aquinas,
1178 2786 1251 2816 pro-

178 2820 354 2861 positisque
379 2820 453 2850 san's
475 2820 716 2861 quaestionibus
739 2819 864 2859 fecerit,
888 2819 987 2860 aperit
1010 2819 1079 2860 ipse
1100 2819 1134 2850 in
1158 2820 1250 2850 Prae-

177 2864 312 2895 fatione:
340 2877 355 2892 ι
372 2864 568 2895 Paternitatis
591 2871 722 2902 vestrae,
741 2865 898 2904 inquiens,
916 2864 1032 2894 litteras
1039 2863 1135 2904 feria
1153 2874 1250 2904 quar-

181 2920 196 2936 »
218 2913 252 2939 ta
274 2913 351 2938 ante
372 2908 496 2939 Pascha
521 2909 635 2949 recepi,
659 2909 738 2939 dum
762 2908 932 2939 Missarum
952 2908 1108 2938 solemnia
1124 2918 1250 2948 ageren-

182 2964 198 2979 ι
220 2957 290 2990 tur,
319 2952 439 2982 multos
471 2953 627 2984 articulos
659 2952 827 2983 interclusa
859 2952 1009 2983 schedula
1033 2953 1248 2984 continentes:

181 3008 197 3023 2>
219 2995 335 3038 quibus
359 2995 490 3035 singulis
509 2997 588 3027 mihi
606 2996 866 3036 respondendum
881 2996 1088 3027 mandabatis.
1105 2997 1248 3037 Respon-

183 3052 198 3067 »
221 3038 319 3069 sionis
335 3038 439 3070 forma
451 3046 564 3079 taxata,
575 3051 617 3071 an
633 3041 754 3071 scilicet
767 3040 878 3071 Sancti
891 3042 956 3071 sint
971 3041 1060 3071 illius
1073 3042 1250 3072 sententiae

183 3095 199 3110 2·
222 3083 273 3114 vel
298 3084 466 3123 opinionis,
483 3094 579 3124 quam
605 3086 744 3115 continet
766 3085 942 3122 articulus;
961 3090 992 3115 et
1011 3086 1040 3115 si
1054 3085 1166 3116 Sancti
1185 3087 1250 3117 sint

184 3140 200 3155 >›
223 3127 274 3158 vel
296 3137 360 3157 non
384 3127 473 3158 illius
499 3129 676 3159 sententiae
699 3129 749 3160 vel
771 3129 946 3169 opinionis,
971 3138 1067 3169 quam
1090 3131 1250 3161 articulus

184 3184 200 3199 2
223 3172 372 3208 continet,
398 3181 441 3201 an
467 3181 528 3212 ego
551 3172 640 3202 illius
662 3173 821 3212 opinionis
839 3173 889 3204 vel
902 3174 1080 3204 sententiae
1097 3172 1172 3214 (sim
1169 3173 1204 3215 )·
1219 3180 1249 3205 et

183 3228 199 3243 »
221 3216 250 3246 si
273 3225 336 3245 non
359 3216 431 3253 sim,
455 3225 498 3246 an
523 3215 731 3246 tolerabiliter
753 3217 817 3247 dici
833 3218 946 3257 possit.
962 3217 1088 3254 Quibus
1112 3218 1247 3248 articulis

182 3272 198 3287 >
221 3259 327 3289 statim
349 3260 495 3299 sequenti
518 3259 571 3290 die
595 3260 772 3290 secundum
795 3260 934 3291 formam
950 3271 969 3291 a
984 3261 1076 3292 vobis
1089 3262 1247 3300 traditam,

182 3316 198 3331 ιν
221 3303 446 3343 praetermissis
470 3303 537 3333 aliis
559 3303 833 3354 occupationibus,
857 3305 1035 3335 secundum
1057 3305 1147 3346 quod
1168 3306 1248 3336 mihi

183 3359 198 3375 ι
221 3347 371 3385 occurrit,
393 3347 584 3387 respondere
608 3347 764 3378 curavi.»
797 3348 908 3378 Petrus
930 3348 1068 3379 Pellican
1097 3349 1248 3380 admonet

179 3391 385 3432 Opusculurn
404 3391 490 3422 istud
509 3401 596 3421 anno
620 3401 697 3432 1271
725 3391 912 3422 adnotatum
937 3402 1004 3422 esse
1018 3393 1052 3422 in
1069 3393 1177 3423 codice
1193 3393 1247 3424 Vi-

180 3436 319 3466 ctorino:
343 3445 409 3476 quo
433 3445 518 3466 anno
543 3445 668 3465 sacrum
690 3435 809 3466 Pascha
832 3435 942 3466 incidit
966 3435 1000 3466 in
1019 3436 1104 3466 diem
1127 3437 1143 3466 5
1166 3437 1247 3476 apri-

177 3479 227 3510 lis.
250 3479 366 3510 Adhuc
388 3479 512 3510 Parisiis
536 3479 781 3510 Saniacobaeam
804 3478 947 3509 scholam
969 3480 1095 3519 regebat
1113 3490 1137 3510 s,
1158 3480 1246 3510 Tho-

178 3533 258 3563 mas,
284 3524 340 3564 qui
365 3524 480 3554 eodem
504 3533 589 3554 anno
615 3523 655 3553 ad
678 3522 776 3553 finem
797 3529 944 3562 vergente
962 3523 995 3553 in
1015 3523 1136 3554 Italiam
1154 3524 1246 3554 remi—

178 3567 287 3607 gravit.

246 3611 283 3642 11.
308 3611 512 3652 Opusculum
536 3611 680 3650 alterum,
706 3611 811 3651 primo
835 3611 909 3641 loco
934 3618 1166 3650 memoratum,
1191 3621 1244 3641 ve-

178 3660 284 3686 terum
307 3665 404 3687 nemo
429 3662 582 3688 recenset:
606 3666 673 3697 quo
697 3655 823 3686 silentio
847 3655 1001 3686 invictum
1016 3655 1245 3696 suppositionis

1315 1323 1539 1356 argumentum
1563 1316 1642 1348 effici
1668 1316 1863 1358 frequentius
1888 1317 2119 1348 adnotavimus.
2142 1317 2208 1349 Cur
2224 1319 2310 1349 enim
2331 1320 2380 1350 Io-

1314 1371 1411 1391 annes
1435 1361 1640 1392 Vercellensis
1665 1361 1866 1401 proposuerit
1891 1361 2037 1392 Thomae
2060 1368 2203 1402 sumptas
2227 1373 2268 1393 ex
2285 1374 2382 1404 opere

1313 1405 1402 1436 Petri
1422 1405 1463 1436 de
1495 1406 1688 1436 Tarantasia
1711 1406 1911 1446 quaestiones
1937 1404 2165 1446 explanandas?
2194 1406 2261 1437 Cur
2291 1414 2380 1438 mota

1313 1449 1411 1480 dubia
1433 1459 1500 1480 non
1525 1449 1669 1480 solvisset
1683 1449 1751 1489 ipse
1775 1447 1907 1480 Petrus?
1926 1450 2070 1480 Thomas
2093 1460 2178 1480 anno
2210 1460 2291 1492 1274
2315 1452 2379 1482 vita

1313 1494 1475 1534 migravit:
1500 1493 1591 1535 eique
1616 1494 1743 1524 duobus
1769 1494 1858 1524 annis
1884 1501 1914 1525 et
1939 1494 2061 1535 aliquot
2083 1494 2245 1525 mensibus
2273 1505 2380 1535 super-

1313 1545 1374 1569 stes
1398 1538 1458 1569 fuit
1485 1538 1606 1576 Petrus,
1631 1548 1716 1568 anno
1746 1547 1827 1580 1272
1852 1538 1969 1569 electus
1987 1538 2126 1569 Antistes
2146 1539 2379 1579 Lugdunensis,

1312 1592 1396 1612 anno
1420 1582 1606 1623 insequente
1635 1583 1715 1623 1273
1739 1581 1773 1612 in
1797 1582 1967 1622 collegium
1990 1582 2208 1613 Cardinalium
2231 1583 2378 1623 adscitus,

1311 1627 1351 1656 ad
1375 1627 1548 1657 Summum
1571 1626 1795 1657 Pontificatum
1819 1633 1944 1657 evectus
1969 1637 2054 1657 anno
2084 1628 2165 1668 1276
2190 1627 2240 1657 die
2267 1637 2303 1658 21
2333 1628 2378 1658 ia-

1311 1671 1412 1701 nuarii
1437 1677 1568 1701 vocatus
1594 1670 1796 1701 Innocentius
1821 1671 1860 1709 V,
1887 1671 2064 1712 eodemque
2086 1681 2171 1701 anno
2196 1671 2246 1702 die
2270 1681 2309 1702 22
2330 1672 2378 1702 iu-

1309 1714 1354 1744 nii
1369 1715 1511 1745 denatus.
1530 1714 1608 1745 Post
1628 1714 1753 1745 obitum
1768 1714 1932 1755 utriusque
1947 1715 1979 1745 in
1998 1715 2104 1746 lucem
2117 1715 2271 1755 prodiisse
2287 1716 2378 1756 Opu-

1309 1759 1436 1789 sculum
1457 1758 1543 1789 haud
1567 1758 1674 1798 inepta
1698 1758 1878 1789 coniectura
1892 1759 2011 1799 colligit
2028 1759 2199 1790 Echardus.
2215 1760 2263 1790 De
2283 1761 2376 1791 Petro

1308 1802 1541 1833 Tarantasiensi
1563 1802 1742 1842 diligentius
1767 1803 1864 1843 egisse
1887 1803 2010 1834 videtur
2032 1804 2178 1834 laudatus
2201 1804 2375 1844 Echardus,

1308 1857 1407 1887 quam
1430 1846 1579 1878 monachi
1603 1857 1627 1877 s.
1652 1846 1754 1878 Mauri
1777 1847 1810 1877 in
1832 1847 1933 1878 Gallia
1959 1847 2133 1878 christiana.

1375 1891 1427 1922 111.
1452 1890 1737 1922 Prudentissimam
1761 1891 1873 1922 referre
1897 1891 1988 1922 liceat
2015 1892 2113 1922 sancti
2137 1892 2284 1923 Thomae
2309 1892 2375 1923 ani-

1308 1935 1572 1974 madversionem,
1598 1945 1679 1976 quae
1694 1935 1833 1975 genuino
1851 1936 2011 1976 superiore
2027 1936 2060 1966 in
2081 1935 2248 1976 Opusculo
2264 1936 2377 1976 legitur

1307 1979 1341 2009 in
1365 1979 1561 2010 Praefatione
1590 1979 1670 2010 circa
1694 1979 1825 2017 iudicia,
1851 1990 1932 2021 quae
1958 1980 1996 2010 de
2022 1980 2143 2020 placitis
2166 1980 2376 2021 philosopho-

1307 2034 1391 2062 rum,
1417 2024 1457 2054 ad
1479 2023 1553 2054 fidei
1578 2023 1755 2054 doctrinam
1779 2023 1984 2064 comparatis,
2010 2024 2081 2054 ferri
2106 2024 2249 2055 debeant.
2274 2025 2377 2056 Verba

1308 2074 1397 2099 sunt:
1425 2081 1439 2096 «
1462 2068 1666 2108 Respondere
1695 2068 1816 2099 curavi:
1840 2068 1903 2099 hoc
1933 2074 2039 2099 tamen
2067 2068 2100 2098 in
2125 2068 2280 2109 principio
2303 2079 2376 2109 pro-

1310 2125 1325 2140 »
1348 2118 1481 2150 testanS,
1506 2112 1595 2153 quod
1618 2112 1723 2152 plures
1748 2112 1866 2143 horum
1889 2113 2100 2143 articulorum
2118 2113 2158 2143 ad
2173 2112 2246 2143 fidei
2263 2113 2376 2143 doctri-

1310 2169 1324 2184 »
1347 2167 1423 2187 nam
1446 2166 1513 2187 non
1536 2156 1709 2196 pertinent,
1735 2156 1791 2187 sed
1813 2156 1913 2196 magis
1941 2157 1981 2186 ad
2006 2157 2274 2197 philosophorum
2299 2157 2376 2197 dog-

1309 2214 1323 2229 »
1347 2207 1441 2231 mata.
1467 2201 1609 2231 Multum
1633 2206 1739 2231 autem
1765 2206 1872 2238 nocet,
1897 2201 1976 2231 talia
2002 2210 2085 2241 quae
2103 2200 2146 2231 ad
2162 2202 2297 2241 pietatis
2320 2201 2375 2231 do-

1308 2258 1323 2273 »
1346 2246 1483 2276 ctrinam
1508 2255 1570 2275 non
1594 2250 1755 2285 spectant,
1783 2245 1834 2275 vel
1863 2254 2009 2276 asserere
2036 2245 2087 2275 vel
2117 2255 2257 2285 negare,
2282 2246 2376 2285 quasi

1308 2302 1323 2317 »
1344 2290 1542 2329 pertinentia
1565 2289 1609 2319 ad
1630 2298 1757 2319 sacram
1773 2289 1962 2319 doctrinam.
1978 2288 2061 2319 Dicit
2075 2288 2161 2319 enim
2175 2289 2374 2329 Augustinus

1309 2346 1323 2361 »
1346 2333 1378 2363 in
1402 2333 1431 2364 V
1448 2332 1650 2364 Confession.
1667 2331 1782 2374 (capite
1797 2331 1846 2375 v):
1866 2333 1947 2363 Cum
1965 2333 2064 2364 audio
2086 2333 2295 2363 christianum
2312 2334 2373 2364 ali-

1307 2390 1322 2404 »
1345 2387 1471 2417 quem...
1497 2378 1558 2407 ista
1581 2375 1712 2419 (scilicet
1734 2387 1815 2417 quae
1838 2376 2023 2417 philosophi
2050 2377 2088 2407 de
2110 2377 2209 2416 caelo,
2225 2384 2281 2408 aut
2302 2377 2373 2408 stel-

1307 2433 1322 2448 ι
1344 2421 1382 2451 lis
1406 2428 1437 2451 et
1459 2421 1498 2451 de
1521 2420 1597 2451 solis
1621 2427 1652 2451 et
1673 2421 1768 2451 lunae
1791 2421 1932 2452 motibus
1949 2419 2111 2464 dixerunt)
2136 2422 2325 2452 nescientem
2342 2427 2373 2452 et

1308 2478 1323 2493 a>
1345 2465 1437 2496 aliud
1452 2475 1517 2505 pro
1540 2465 1607 2495 alio
1628 2466 1833 2503 sentientem,
1852 2466 2017 2505 patienter
2040 2467 2167 2496 intueor
2189 2467 2371 2506 opinantem

1308 2522 1323 2538 »
1345 2510 1523 2540 hominem:
1553 2509 1682 2540 necilli
1713 2509 1820 2540 obesse
1852 2510 1960 2548 video,
1995 2519 2066 2540 cum
2091 2510 2130 2540 de
2153 2515 2201 2547 te,
2234 2511 2373 2540 Domine

1307 2567 1322 2582 2>
1347 2553 1485 2584 Creator
1506 2554 1660 2591 omnium,
1686 2563 1749 2584 non
1774 2554 1885 2584 credat
1908 2554 2055 2595 indigna,
2079 2555 2108 2584 si
2120 2553 2215 2594 forte
2237 2555 2318 2585 situs
2341 2560 2372 2585 et

1308 2611 1322 2626 »
1345 2598 1471 2628 habitus
1501 2603 1672 2629 creaturae
1702 2598 1879 2638 corporalis
1909 2599 2046 2639 ignoret.
2075 2597 2170 2629 Obest
2192 2604 2318 2636 autem,
2342 2599 2372 2629 si

1308 2656 1323 2670 2>
1344 2643 1424 2673 haec
1445 2642 1490 2673 ad
1512 2643 1612 2682 ipsam
1631 2643 1764 2682 pietatis
1781 2642 1959 2673 doctrinam
1970 2644 2136 2683 pertinere
2149 2643 2325 2673 arbitretur
2341 2648 2372 2673 et

1308 2700 1323 2715 »
1340 2687 1542 2727 pertinacius
1558 2686 1730 2727 affirmare
1744 2687 1863 2717 audeat
1878 2687 1963 2727 quod
1986 2688 2126 2728 ignorat.
2148 2687 2246 2724 Quod
2264 2693 2371 2717 autem

1307 2744 1322 2759 »
1345 2730 1429 2761 obsit
1455 2730 1635 2762 manifestat
1656 2731 1854 2771 Augustinus
1877 2731 1910 2761 in
1934 2731 1946 2761 I
1970 2741 2064 2771 super
2087 2731 2236 2761 Genesim
2259 2731 2299 2760 ad
2321 2731 2371 2761 lit-

1307 2788 1322 2804 »
1345 2781 1444 2806 teram
1468 2773 1583 2817 (capite
1605 2785 1667 2814 x1x,
1691 2785 1781 2806 num.
1802 2773 1867 2817 39);
1896 2776 2002 2815 Turpe
2025 2781 2081 2813 est,
2099 2775 2212 2815 inquit,
2229 2776 2323 2805 nimis
2339 2779 2370 2805 et

1307 2833 1322 2848 ι»
1338 2821 1570 2860 perniciosum,
1595 2830 1635 2850 ac
1657 2821 1798 2850 maxime
1821 2820 1997 2850 cavendum
2021 2825 2057 2850 ut
2082 2819 2310 2857 Christianum,
2331 2819 2372 2849 de

1307 2878 1322 2893 >›
1344 2865 1394 2894 his
1417 2864 1512 2895 rebus
1539 2865 1633 2904 quasi
1663 2864 1837 2895 secundum
1871 2864 2062 2894 christianas
2092 2863 2217 2893 litteras
2239 2863 2368 2903 loquen-

1306 2922 1322 2937 »
1344 2914 1424 2946 tem,
1450 2909 1495 2939 ita
1518 2908 1661 2939 delirare
1690 2908 1819 2949 quilibet
1842 2908 1979 2949 infidelis
2009 2907 2122 2938 audiat
2144 2912 2193 2944 ut,
2218 2907 2368 2947 quemad-

1306 2966 1321 2981 »
1343 2953 1472 2983 modum
1495 2953 1624 2990 dicitur,
1650 2957 1713 2983 toto
1737 2953 1825 2983 caelo
1848 2952 2002 2982 aberrare
2030 2952 2242 2991 conspiciens,
2267 2952 2367 2981 risum

1307 3010 1322 3025 »
1344 3002 1453 3028 tenere
1476 2998 1532 3028 vix
1548 2998 1661 3037 possit.
1686 2997 1730 3027 Et
1752 3006 1815 3027 non
1846 3002 1910 3027 tam
1935 2996 2099 3026 molestum
2123 3000 2186 3032 est,
2211 2995 2296 3035 quod
2318 3005 2368 3025 er-

1307 3055 1321 3070 »
1342 3051 1423 3082 rans
1446 3042 1539 3071 homo
1563 3042 1731 3072 videatur:
1760 3040 1817 3071 sed
1839 3039 1924 3081 quod
1945 3044 2093 3070 auctores
2123 3040 2225 3069 nostri
2247 3039 2287 3069 ab
2310 3040 2366 3076 eis,

1307 3099 1321 3114 »
1343 3086 1398 3126 qui
1410 3085 1503 3126 foris
1525 3090 1611 3123 sunt,
1636 3085 1715 3115 talia
1738 3085 1874 3116 sensisse
1896 3083 2085 3121 creduntur‚·
2104 3088 2134 3113 et
2157 3093 2228 3113 cum
2248 3093 2368 3124 magno

1307 3144 1321 3158 »
1344 3139 1454 3160 eorum
1479 3130 1596 3166 exitio,
1626 3129 1666 3159 de
1687 3138 1822 3169 quorum
1853 3128 1958 3159 salute
1979 3128 2179 3168 satagimus,
2204 3132 2367 3168 tamquam

1305 3187 1320 3202 >
1343 3173 1462 3204 indocti
1485 3173 1764 3213 reprehenduntur
1787 3178 1818 3203 et
1839 3177 2047 3212 respuuntur.
2072 3171 2165 3202 Unde
2188 3171 2267 3201 mihi
2281 3171 2367 3201 vide-

1305 3231 1320 3246 >
1342 3224 1394 3248 tur
1415 3217 1514 3248 tutius
1538 3227 1620 3255 esse,
1644 3223 1680 3247 ut
1702 3217 1778 3247 haec
1800 3226 1881 3257 quae
1901 3215 2084 3256 philosophi
2101 3225 2287 3246 communes
2304 3213 2369 3256 (vel

1305 3275 1319 3289 »
1343 3259 1568 3303 communiter)
1585 3267 1759 3297 senserunt,
1780 3267 1810 3290 et
1832 3266 1957 3290 nostrae
1980 3258 2052 3290 fidei
2075 3270 2142 3289 non
2170 3265 2365 3299 repugnant,

1305 3318 1319 3333 »
1342 3315 1446 3345 neque
1466 3304 1509 3335 sic
1525 3314 1592 3335 esse
1607 3305 1771 3334 asserenda
1791 3310 1827 3334 ut
1845 3304 1994 3344 dogmata
2009 3303 2093 3342 fidei,
2107 3303 2180 3334 licet
2195 3302 2365 3342 aliquando

1305 3361 1319 3376 ›
1342 3349 1401 3379 sub
1433 3348 1564 3378 nomine
1597 3348 1865 3388 philosophorum
1894 3347 2152 3378 introducantur.
2187 3356 2291 3386 neque
2321 3346 2365 3376 sic

1305 3406 1319 3420 »
1342 3402 1408 3423 esse
1432 3392 1594 3431 neganda,
1625 3398 1788 3432 tamquam
1811 3391 1889 3422 fidei
1907 3391 2080 3429 contraria,
2108 3400 2148 3420 ne
2172 3390 2364 3429 sapientibus

1304 3449 1318 3463 »
1341 3436 1436 3466 huius
1459 3435 1572 3466 mundi
1595 3435 1818 3466 contemnendi
1842 3434 2017 3465 doctrinam
2040 3433 2112 3464 fidei
2137 3433 2259 3464 occasio
2276 3444 2363 3474 prae-

1304 3492 1318 3507 »
1341 3480 1460 3510 beatur.
1481 3491 1496 3506 »

1368 3523 1421 3554 IV.
1446 3522 1544 3560 Quod
1567 3522 1646 3552 alios
1676 3522 1784 3559 docet,
1813 3521 1934 3561 egregie
1958 3521 2026 3561 ipse
2053 3527 2188 3561 praestat
2209 3521 2363 3562 Aquinas.

1300 3568 1382 3597 Rem
1406 3573 1603 3606 perspectam
1626 3566 1718 3604 facio,
1743 3566 1900 3606 aliquibus
1924 3565 1957 3595 in
1980 3565 2123 3595 medium
2141 3565 2241 3595 anatis
2260 3575 2364 3596 exem-

1300 3610 1370 3651 plis.
1390 3611 1443 3641 Ad
1464 3610 1604 3660 Angelos
1628 3610 1788 3640 caelorum
1810 3616 1950 3640 motores
1974 3609 2130 3649 pertinent
2152 3609 2273 3639 articuli
2292 3609 2364 3649 plu-

1300 3665 1359 3694 res,
1383 3665 1465 3696 quos
1489 3654 1621 3685 minime
1643 3653 1828 3685 reiiciendos
1853 3659 1957 3684 censet
1979 3653 2100 3684 Doctor
2114 3653 2295 3693 Angelicus:
2311 3664 2364 3684 ve-

1580 3763 1601 3787 X
