2788 4204
0 2855 13 2966 agr—vm·
0 2782 5 2796 ν·

19 1216 21 1218 “
65 1211 131 1228 lom
141 1205 211 1228 enlm
225 1207 281 1228 anl-

11 1406 14 1410 ’
44 1422 85 1440 ιι.
85 1397 281 1446 'eamcam-,-

12 1470 15 1474 ’
64 1449 200 1494 αιωμο

0 2133 7 2146 a
61 2113 73 2124 ⁸
89 2119 120 2136 u:
133 2118 189 2135 ene
197 2113 278 2142 potio-

1059 273 1169 309 CAP.
1200 274 1337 320 xxiv,

362 351 398 387 6.
429 350 611 397 Quintam
642 350 828 387 rationem
856 351 963 399 ponit
1000 351 1071 387 ibi:
1100 351 1273 399 Amplius
1305 364 1371 388 au-

307 409 380 440 tem
409 409 445 440 et
470 404 523 440 sic
552 411 642 451 etc.,
679 416 777 452 quae
805 404 886 440 talis
916 411 981 440 est.
1013 404 1166 450 Quanto
1201 404 1371 441 medium

308 456 639 493 demonstrationis
668 464 723 493 est
745 456 996 505 propinquius
1024 457 1149 505 primo
1174 457 1370 516 principio,

65 521 242 574 s¹iiff¹⁰⁰⁶d⁴
251 530 279 570 ἓ.
306 517 410 546 tanto
428 509 699 546 demonstratio
717 516 772 546 est
785 509 922 558 potior.
940 510 1101 546 Et*hoc
1119 511 1267 558 probat,
1285 510 1372 569 quia

70 554 114 596 1120
121 555 234 602 'pringi'
264 549 283 570 ²
307 562 338 599 si
371 563 431 599 illa
461 562 745 608 demonstratio,
775 574 872 611 quae
909 563 1082 611 procedit
1110 575 1154 599 ex
1187 563 1370 612 principio

163 625 181 641 π
307 615 542 662 immediato,
564 623 619 652 est
647 615 783 652 certior
803 628 847 651 ea
867 621 885 636 π
905 628 1002 664 quae
1031 628 1110 652 non
1138 616 1308 664 procedit
1328 629 1372 652 ex

307 668 492 717 principio
512 667 747 715 immediato,
764 668 831 704 sed
852 680 897 705 ex
916 669 1082 706 mediato
1101 669 1131 715 *,
1143 681 1297 705 necesse
1319 677 1373 706 est

308 721 413 770 quod
433 729 574 769 quanto
595 721 720 780 aliqua
740 721 1012 758 demonstratio
1038 722 1209 770 procedit
1230 735 1274 758 ex
1294 735 1372 758 me-

308 773 371 810 dio
399 774 663 823 propinquiori
696 774 881 823 principio
917 775 1159 819 immediato,
1195 783 1298 812 tanto
1328 775 1374 812 sit

66 835 129 882 235⁶:
141 836 224 862 pou-or
243 835 281 856 01-
306 826 433 875 potior
452 827 484 864 *.
507 827 584 864 Sed
603 828 826 864 universalis
846 828 1118 865 demonstratio
1139 828 1182 849 *ἥ*
1202 828 1374 877 procedit

66 886 236 935 Zo‘ssmomtr
252 894 280 909 ex
309 891 354 916 ex
368 880 496 917 medio
510 880 774 930 propinquiori
789 880 986 930 principio,
1003 881 1108 930 quod
1128 888 1183 918 est
1200 881 1372 929 proposi-

165 950 178 975 ρ
307 932 359 969 tio
378 932 599 970 immediata
617 940 643 970 Ρ.
674 935 723 971 Et
740 935 815 971 hoc
834 934 1048 980 manifestat
1066 934 1105 971 in
1125 933 1304 971 terminis.
1334 934 1373 970 Si

115 983 119 988 “
309 985 411 1022 enim
431 994 604 1034 oporteat
632 986 893 1024 demonstrare
913 989 959 1034 A,
981 987 1085 1036 quod
1106 995 1161 1024 est
1178 986 1373 1023 universa-

307 1037 506 1086 lissimum,
528 1039 575 1076 de
604 1041 651 1086 D,
674 1040 777 1088 quod
800 1047 854 1076 est
872 1039 1261 1088 particularissimum,
1281 1046 1374 1087 puta

64 1098 161 1122 'uedta
175 1100 280 1122 excodd
307 1091 556 1128 substantiam
587 1092 633 1129 de
652 1092 821 1151 homine,
844 1100 880 1129 et
898 1093 1130 1141 accipiantur
1158 1091 1286 1128 media
1302 1093 1322 1113 '¹‘
1342 1093 1372 1128 B

65 1151 167 1207 {5122
173 1153 280 1205 {2325
309 1151 344 1180 et
357 1144 378 1165 ³²
398 1144 442 1190 C,
457 1152 550 1192 puta
569 1144 708 1181 animal
729 1153 764 1181 et
782 1145 929 1191 vivum,
949 1145 999 1182 ita
1023 1145 1128 1194 quod
1147 1145 1178 1180 B
1198 1144 1244 1180 sit
1263 1156 1373 1192 supe-

306 1195 384 1233 rius
403 1209 520 1245 quarn
550 1198 599 1243 C,
625 1198 720 1234 sicut
746 1198 880 1235 vivum
900 1210 1016 1247 quam
1036 1197 1197 1242 animal;
1217 1197 1374 1233 manife—

306 1256 407 1286 stum
424 1257 480 1287 est
499 1250 604 1310 quod
619 1252 662 1298 B,
681 1251 784 1299 quod
805 1258 860 1287 est
878 1250 1139 1296 universalius,
1157 1249 1225 1286 erit
1239 1249 1373 1286 imme-

66 678 78 688 ·
98 683 244 703 Λωικιιορετ
254 685 259 699 :

67 703 186 725 mediatis.

66 1231 122 1254 nal.

14 1323 25 1354 g
63 1310 224 1335 *code-vs:
231 1318 279 1334 me·
307 1301 452 1339 diatum
472 1303 581 1353 *ipsi
601 1305 647 1351 A,
669 1311 706 1341 et
723 1316 793 1352 per
811 1305 885 1341 hoc
913 1303 1033 1350 magis
1059 1310 1308 1350 cognoscetur
1335 1303 1375 1324 *²¹³

63 1337 172 1392 ’Ὃοᾱάἶ
107 1371 287 1420 muge-3¹3?-
303 1367 437 1445 {luam
443 1369 513 1405 per
530 1357 575 1403 C,
597 1357 702 1406 quod
722 1363 777 1393 est
795 1356 922 1393 minus
939 1356 1166 1392 universale.
1188 1356 1298 1392 Unde
1319 1368 1374 1392 re-

318 1416 485 1458 inquitur
505 1409 609 1458 quod
634 1409 906 1447 demonstratio
936 1409 1158 1446 universalis
1176 1409 1302 1458 potior
1330 1409 1376 1446 sit

306 1473 423 1511 quam
451 1462 695 1511 particularis.
726 1462 843 1500 Addit
868 1470 995 1499 autem
1016 1462 1202 1511 quasdam
1227 1462 1375 1511 praedi-

63 1521 128 1547 ’ut-
141 1524 195 1547 ba
201 1530 278 1553 mv,
306 1521 452 1552 ctarum
481 1515 672 1552 rationum
690 1515 833 1565 logicas
852 1528 933 1553 esse
953 1517 988 1552 *ε
1018 1515 1106 1564 quia
1130 1515 1268 1552 scilicet
1286 1528 1373 1564 pro-

121 1449 280 1473 matere-

63 1565 174 1622 ’9³⁰⁴-
193 1582 256 1608 inc.
271 1588 279 1604 ι
306 1568 447 1605 cedunt
467 1580 512 1604 ex
532 1569 835 1606 communibus*
855 1569 1058 1618 principiis,
1077 1581 1174 1628 quae
1189 1581 1268 1605 non
1288 1576 1375 1605 sunt

101 1608 279 1663 wo·
306 1620 657 1660 demonstrationiss
675 1621 846 1682 propria;
868 1622 963 1659 sicut
980 1621 1183 1670 praecipue
1207 1622 1314 1658 tertia
1339 1629 1375 1658 et

65 1687 119 1708 ὀ.
133 1685 269 1710 mmm.
306 1682 454 1723 quarta,
485 1687 582 1723 quae
621 1675 810 1724 accipiunt
842 1688 913 1724 pro
947 1675 1076 1712 medio
1105 1675 1143 1712 id
1178 1675 1282 1724 quod
1319 1683 1374 1712 est

307 1739 514 1765 commune
544 1728 650 1765 omni
676 1728 891 1776 cognitioni.
921 1728 1026 1765 Aliae
1045 1741 1139 1766 vero
1167 1736 1242 1765 tres
1265 1740 1373 1776 prae-

307 1779 492 1818 dictarum
525 1781 734 1828 rationum,
774 1781 912 1818 scilicet
948 1781 1092 1830 prima,
1132 1781 1299 1818 secunda
1337 1788 1373 1818 et

306 1833 447 1882 quinta,
464 1834 584 1882 magis
602 1834 780 1871 videntur
800 1846 881 1871 esse
901 1834 1120 1882 analyticae,
1132 1842 1263 1883 utpote
1283 1846 1370 1882 pro-

307 1886 483 1924 cedentes
512 1898 557 1923 ex
583 1886 747 1936 propriis
775 1887 967 1936 principiis
997 1887 1339 1925 demonstrationis.

359 1952 395 1988 7.
417 1941 572 1977 Sextam
601 1940 788 1977 rationem
817 1940 924 1989 ponit
951 1940 1019 1977 ibi:
1039 1941 1219 1978 Maxime
1246 1946 1370 1977 autem

305 1994 546 2042 manifestum
575 1999 630 2030 est
655 2001 747 2041 etc.,
777 2002 813 2030 et
841 1993 928 2031 dicit
956 1994 1060 2042 quod
1097 1994 1261 2031 maxime
1296 1994 1372 2030 evi-

305 2047 400 2085 dens
425 2054 480 2083 est
505 2046 762 2084 universalem
792 2046 1156 2084 demonstrationem
1184 2046 1371 2096 principa-

304 2099 474 2138 liorem*
493 2112 575 2137 esse
604 2112 650 2136 ex
677 2100 769 2149 ipsis
796 2100 1132 2149 propositionibus,
1160 2113 1205 2137 ex
1234 2100 1371 2149 quibus

303 2161 464 2202 utraque
481 2153 502 2174 *
521 2150 793 2191 demonstratio
812 2154 995 2202 procedit.
1017 2154 1121 2190 Nam
1147 2153 1372 2190 universalis

305 2206 578 2244 demonstratio
607 2207 779 2255 procedit
813 2219 857 2243 ex
889 2207 1166 2244 universalibus
1198 2207 1371 2256 proposi-

304 2356 406 2381 videtur
429 2355 594 2388 incompleta.
613 2355 678 2380 Cod.
691 2356 728 2380 A:
748 2362 801 2387 per
818 2362 898 2387 quam
919 2355 1016 2388 (marg.
1035 2355 1109 2379 addi:
1128 2355 1297 2388 cognoscitur
1317 2354 1375 2378 uni-

306 2391 413 2421 versale,
428 2391 464 2416 sit
471 2390 565 2423 potior
578 2391 672 2424 quam)
682 2390 858 2423 particulare,
874 2390 966 2423 (marg.
977 2390 1035 2415 add.
1049 2389 1204 2422 quia)sacit
1212 2391 1295 2422 plura
1307 2389 1375 2414 scire

304 2434 384 2459 quam
398 2426 584 2459 particularis.
604 2426 680 2459 Ergo
699 2425 816 2459 dignior.
837 2426 963 2456 Quintam
983 2430 1030 2450 etc.

359 2462 388 2495 π)
409 2462 458 2487 Est
475 2461 575 2487 certior
593 2468 625 2486 ea
643 2466 692 2486 etc.
705 2475 724 2479 -
739 2462 778 2485 H:
797 2464 837 2486 est
854 2461 954 2485 certior
972 2468 1050 2493 quam
1070 2460 1118 2485 illa
1140 2467 1208 2492 quae
1214 2467 1223 2489 ;
1241 2460 1372 2490 ABKLQ:

305 2504 373 2530 quae
386 2497 525 2529 procedit:
544 2504 611 2529 quae
630 2497 714 2527 lectio,
733 2504 840 2521 erronea
858 2497 884 2520 in
904 2501 1024 2520 contextu
1044 2496 1078 2526 P,
1097 2503 1148 2520 non
1164 2503 1272 2520 erronea
1291 2500 1331 2519 est
1349 2495 1375 2519 in

305 2532 426 2566 praefatis
450 2532 543 2562 codd.;
569 2540 630 2557 narn
653 2532 688 2557 ita
707 2536 916 2564 prosequuntur:
939 2538 1006 2564 quae
1026 2531 1151 2563 procedit
1178 2538 1216 2555 ex
1238 2530 1374 2563 principio

306 2568 422 2593 mediato
428 2575 438 2598 ‚·
456 2572 482 2592 et
505 2574 543 2592 ex
562 2567 699 2599 principio
718 2566 834 2591 mediato
852 2567 942 2600 legunt
960 2566 1037 2591 etiarn
1056 2567 1091 2597 E,
1110 2575 1131 2591 s.
1151 2574 1187 2591 m.
1206 2566 1227 2590 C
1250 2571 1275 2590 et
1299 2574 1324 2598 p.
1340 2574 1375 2590 m.

305 2603 362 2634 DS,
375 2603 420 2636 qui
438 2608 526 2628 tamen
544 2602 640 2627 habent
658 2610 710 2628 non
726 2602 858 2634 procedit.
878 2602 932 2633 ET,
950 2602 984 2626 ob
1003 2601 1180 2634 repetitionem
1194 2601 1313 2626 vocabuli
1327 2601 1375 2626 im-

306 2639 431 2668 mediato,
450 2638 573 2663 omittunt
595 2638 642 2663 sed
664 2645 702 2663 ex
726 2638 843 2663 mediato
867 2643 928 2668 etc.,
947 2645 976 2662 ac
995 2637 1142 2662 immediate
1166 2641 1375 2670 prosequuntur,

307 2677 383 2699 tanto
401 2674 445 2699 sit.

359 2708 385 2743 ρ)
411 2709 490 2740 Quod
513 2712 554 2734 est
572 2709 723 2741 propositio
747 2708 910 2733 immediata.
925 2723 946 2727 -
961 2709 996 2733 B:
1015 2716 1094 2741 quam
1114 2707 1265 2740 propositio
1285 2707 1375 2732 imme-

308 2744 400 2770 alata.-
417 2744 493 2769 Icctio
512 2745 670 2778 seponenda.
689 2745 724 2769 L:
738 2743 874 2776 principio
893 2743 1056 2768 immediato.
1076 2743 1113 2768 Et
1130 2743 1179 2768 hoc
1197 2748 1245 2767 etc.

361 2778 388 2814 σ)
408 2779 480 2804 Nam
498 2780 525 2804 in
545 2779 690 2805 universali
708 2784 756 2804 etc.
771 2793 791 2799 -
807 2779 842 2804 C:
861 2779 932 2804 Nam
959 2779 1116 2804 universalis
1139 2781 1179 2803 est
1204 2778 1230 2803 in
1252 2778 1376 2810 potentia

304 2815 480 2847 particulare.
489 2815 540 2840 Alii
553 2815 670 2840 codices:
684 2815 755 2840 Nam
770 2815 797 2840 in
813 2814 957 2839 universali
970 2817 1010 2840 est
1022 2814 1049 2839 in
1058 2814 1183 2846 potentia
1192 2814 1377 2846 particulare:

309 2857 405 2883 nempe
422 2854 491 2875 stant
507 2858 556 2883 pro
575 2851 662 2882 Pinna,
682 2855 781 2875 mutato
802 2850 925 2882 singulari
943 2850 970 2884 in
988 2850 1089 2883 plurale
1095 2857 1103 2880 3
1120 2849 1144 2874 T
1163 2854 1188 2874 et
1206 2858 1232 2882 p.
1245 2857 1281 2874 m.
1295 2849 1374 2873 DKS:

251 2897 254 2900 >
309 2885 347 2910 ad
359 2885 535 2918 particulare,
555 2886 602 2911 sed
620 2885 646 2910 in
665 2886 708 2910 DS
725 2886 762 2911 ad
781 2885 942 2918 expungitur,
962 2890 988 2910 et
1005 2885 1106 2910 merito.

363 2919 389 2981 9
411 2921 489 2951 Quod
506 2920 571 2946 haec
595 2921 666 2946 ratio
685 2928 738 2945 non
758 2921 849 2955 differt
867 2926 915 2945 etc.
933 2935 952 2939 —
970 2920 1054 2945 BKO:
1073 2920 1144 2952 quod
1162 2920 1234 2944 ratio
1253 2919 1319 2949 ista,·
1338 2920 1375 2944 H:

310 2963 362 2989 quo
394 2955 447 2980 ista
461 2955 531 2980 ratio
536 2963 546 2986 ‚-
565 2956 589 2980 1:
608 2956 681 2988 quod
694 2963 746 2980 non
762 2956 853 2990 differt
865 2956 930 2981 haec
944 2956 1015 2980 ratio
1029 2963 1047 2980 a
1061 2956 1166 2980 ratione
1179 2958 1278 2987 quarta
1283 2963 1292 2985 ,·
1307 2964 1329 2980 s.
1340 2962 1375 2979 m.

310 2991 367 3016 DSz
379 2991 451 3022 quod
463 2991 528 3016 haec
541 2991 621 3016 ratio.
639 2991 767 3016 Addimus
786 2991 866 3016 ratio.
880 2991 912 3015 P:
929 2991 1001 3023 quod
1014 2991 1079 3016 haec
1095 2998 1148 3015 non
1168 2990 1265 3024 differt.
1278 2990 1313 3015 C:
1328 2991 1375 3015 Fst

459 3609 527 3641 Opp.
547 3608 578 3632 D.
593 3608 707 3632 Tuomut
725 3606 757 3631 T.
772 3607 790 3631 1.

1368 273 1517 310 LECT.
1547 273 1744 310 XXXVIII

2414 286 2486 323 297

1427 351 1603 388 tionibus.
1625 351 1862 388 Particularis
1882 359 2009 388 autem
2030 352 2300 389 demonstratio
2320 354 2490 401 procedit

1429 417 1474 440 ex
1493 405 1617 453 aliqua
1637 404 1850 453 particulari
1878 404 2149 453 propositione.
2179 405 2488 454 Propositionum

1428 465 1555 494 autem
1574 457 1797 494 universalis
1826 465 1862 493 et
1887 457 2119 506 particularis
2147 457 2228 494 talis
2257 465 2311 498 est
2336 471 2489 507 compa-

1428 510 1534 557 ratio,
1564 510 1668 559 quod
1697 511 1755 547 ille
1785 510 1849 559 qui
1877 511 1991 547 habet
2020 507 2273 558 cognitionem
2295 511 2341 547 de
2359 512 2487 560 priori,

1428 563 1566 599 scilicet
1586 563 1631 599 de
1651 563 1866 611 universali,
1897 563 2089 611 cognoscit
2108 564 2397 612 quodammodo
2421 577 2489 613 po-

1429 616 1637 663 steriorem,
1654 616 1791 652 scilicet
1810 616 1848 652 in
1867 616 2035 664 potentia
2053 617 2083 652 ³¹².
2105 617 2208 653 Nam
2228 617 2267 653 in
2285 616 2489 654 universali

1429 676 1515 705 sunt
1534 669 1571 705 in
1593 670 1612 690 '¹‘
1631 669 1799 717 potentia
1816 668 2054 717 particularia
2072 675 2098 715 ⁰,
2119 669 2214 705 sicut
2242 669 2279 705 in
2299 676 2378 706 toto
2403 678 2490 707 sunt

1428 721 1466 758 in
1480 722 1649 769 potentia
1662 729 1798 770 partes.
1825 723 1920 758 Puta
1936 722 1966 758 si
1986 722 2118 770 aliquis
2139 722 2365 770 cognoscit*
2385 723 2488 772 quod
2516 738 2527 748 *

1429 774 1554 810 omnis
1573 774 1777 822 triangulus
1795 774 1910 811 habet
1928 782 2002 811 tres
2022 776 2179 822 angulos
2199 776 2375 823 aequales
2395 777 2489 813 duo-

1429 828 1500 863 bus
1520 827 1640 874 rectis,
1661 828 1737 863 iam
1754 828 1773 848 ²¹²
1794 827 1831 863 in
1850 827 2018 875 potentia
2047 827 2239 875 cognoscit
2256 829 2331 865 hoc
2351 829 2397 866 de
2417 829 2490 866 iso-
2517 838 2527 848 ⁸

1429 881 1538 916 scele.
1557 880 1633 917 Sed
1651 880 1710 916 ille
1727 880 1790 928 qui
1807 880 1999 926 cognoscit
2013 880 2152 928 aliquid
2171 880 2208 917 in
2225 882 2245 902 ‘¹‘
2263 882 2487 930 particulari,

1428 945 1507 969 non
1534 940 1690 981 propter
1716 933 1791 969 hoc
1820 933 2012 979 cognoscit
2040 933 2077 969 in
2105 933 2328 981 universali,
2364 948 2488 984 neque

1428 985 1466 1021 in
1486 993 1571 1021 actu
1590 997 1714 1033 neque
1734 985 1772 1021 in
1791 985 1960 1033 potentia
1980 986 2009 1021 ²¹⁸.
2037 985 2127 1022 Non
2148 986 2248 1022 enim
2268 987 2490 1025 universalis

1428 1037 1637 1086 propositio
1664 1037 1874 1074 continetur
1892 1038 1930 1074 in
1949 1038 2173 1086 particulari,
2195 1051 2318 1087 neque
2347 1041 2385 1077 in
2406 1049 2490 1078 actu

1429 1102 1554 1138 neque
1583 1090 1622 1126 in
1640 1090 1819 1139 potentia.
1851 1090 1890 1126 Si
1919 1090 2028 1138 igitur
2057 1091 2327 1129 demonstratio
2349 1101 2404 1130 est
2421 1107 2489 1144 po-

1429 1142 1512 1190 tior,
1525 1154 1621 1191 quae
1634 1155 1678 1179 ex
1689 1142 1899 1191 potioribus
1909 1143 2231 1192 propositionibus
2241 1146 2421 1194 procedit,
2434 1160 2490 1184 se-

2518 624 2525 631 ¹
2541 623 2576 644 Cf.
2587 624 2638 645 lect.
2653 631 2691 652 tn,
2707 630 2729 648 et

2517 656 2542 670 su
2562 656 2586 671 ra
2600 657 2652 678 n.5.

2517 676 2527 686 ⁸
2552 682 2566 697 n
2581 683 2608 698 ex
2623 678 2692 699 codd.

2615 715 2630 730 σ

2542 744 2556 758 o
2566 745 2571 758 z
2591 742 2730 766 cognoscat.

2541 838 2589 859 Iam
2604 845 2652 860 orn.
2663 845 2679 861 1.

2517 891 2526 901 ⁴
2543 891 2675 913 Codri-p:
2691 892 2728 913 de.

2519 997 2526 1004 ”
2541 996 2576 1018 Cf.
2587 1002 2639 1024 sup.
2650 1003 2672 1018 n.
2682 1003 2701 1024 5.

1430 1195 1555 1243 quitur
1570 1195 1675 1244 quod
1691 1195 1961 1232 demonstratio
1976 1196 2198 1234 universalis
2213 1197 2258 1234 sit
2271 1199 2406 1247 potior.
2423 1201 2491 1237 Est
2540 1212 2542 1214 ’

1430 1255 1558 1284 autem
1583 1248 1854 1285 attendendum
1881 1249 1985 1297 quod
2003 1250 2097 1286 haec
2117 1250 2209 1287 ratio
2229 1263 2306 1287 non
2336 1252 2458 1289 differt
2475 1259 2490 1274 τ

1430 1313 1453 1337 a
1471 1309 1604 1350 quarta
1623 1301 1872 1350 supraposita,
1901 1302 1971 1338 nisi
2000 1302 2105 1351 quod
2133 1303 2183 1339 ibi
2203 1304 2319 1340 fiebat
2338 1317 2491 1354 compa-

1430 1354 1523 1391 ratio
1555 1354 1863 1402 conclusionum,
1899 1367 1995 1403 quae
2025 1364 2305 1403 cognoscuntur
2331 1370 2399 1406 per
2428 1358 2490 1395 de-

1430 1407 1757 1455 monstrationem,
1786 1408 1848 1444 hic
1867 1416 1994 1445 autem
2023 1409 2066 1445 fit
2094 1409 2326 1458 comparatio
2351 1423 2491 1459 propo-

1430 1461 1622 1509 sitionum,
1653 1473 1697 1497 ex
1726 1461 1863 1510 quibus
1893 1461 2164 1498 demonstratio
2193 1463 2374 1511 procedit.

1485 1515 1519 1550 8.
1542 1514 1753 1562 Septimam
1783 1514 1969 1551 rationem
1988 1515 2096 1563 ponit
2113 1515 2182 1551 ibi:
2201 1517 2253 1552 Et
2271 1517 2492 1554 universalis

1429 1568 1578 1615 quidem
1609 1575 1699 1614 etc.,
1730 1580 1827 1616 quae
1855 1568 1937 1605 talis
1966 1575 2031 1604 est.
2071 1568 2303 1606 Universalis
2333 1569 2491 1607 demon-

1430 1620 1556 1657 stratio
1595 1620 1830 1669 intelligibilis
1869 1629 1938 1669 est,
1978 1621 2074 1658 idest
2113 1621 2151 1658 in
2186 1622 2268 1670 ipso
2303 1622 2492 1660 intellectu

1427 1674 1660 1721 terminatur,
1682 1674 1770 1723 quia
1798 1674 1926 1711 finitur
1954 1675 2002 1711 ad
2029 1674 2254 1722 universale,
2284 1676 2388 1723 quod
2408 1677 2490 1712 solo

1427 1726 1619 1764 intellectu·
1636 1727 1876 1775 cognoscitur
1891 1729 1922 1764 *.
1945 1728 2022 1765 Sed
2043 1727 2314 1764 demonstratio
2329 1729 2489 1777 particu-

1428 1780 1513 1817 laris
1533 1780 1570 1817 in
1586 1780 1773 1817 intellectu
1788 1781 1970 1829 incipiens
1985 1787 1998 1801 υ
2017 1781 2239 1818 terminatur
2258 1781 2306 1818 ad
2321 1794 2488 1830 sensum,

1428 1833 1516 1882 quia
1536 1834 1726 1870 concludit
1743 1834 1979 1882 particulare,
2001 1834 2104 1883 quod
2126 1834 2263 1871 directe
2282 1847 2351 1883 per
2366 1837 2385 1855 ⁴*
2406 1848 2489 1872 sen·
2517 1850 2526 1859 ·

1428 1899 1514 1924 sum
1543 1887 1798 1935 cognoscitur;
1821 1894 1856 1924 et
1873 1900 1942 1936 per
1961 1887 2169 1936 quamdam
2185 1887 2488 1936 applicationem,

1428 1953 1496 1977 seu
1531 1940 1778 1977 reflexionem
1802 1946 1834 1987 Ρ,
1865 1940 1958 1977 ratio
1993 1940 2259 1977 demonstrans
2291 1953 2412 1990 usque
2441 1942 2489 1978 ad

1427 1993 1651 2042 particulare
1679 1993 1911 2042 producitur.
1943 1994 2043 2030 Cum
2071 1993 2181 2042 igitur
2209 1994 2416 2031 intellectus
2445 1994 2490 2031 sit

1427 2047 1554 2095 potior
1573 2059 1699 2093 sensu,
1724 2046 1892 2095 sequitur
1918 2047 2023 2095 quod
2042 2047 2313 2084 demonstratio
2339 2047 2489 2084 univer-

1429 2100 1515 2137 salis
1528 2100 1655 2149 potior
1678 2099 1724 2136 sit
1747 2112 1863 2148 quam
1883 2100 2158 2148 particularis.-
2174 2100 2315 2137 Ultimo
2337 2102 2356 2120 ³⁶¹
2373 2100 2488 2149 epilo-

1428 2153 1553 2201 gando
1584 2153 1772 2190 concludit
1790 2154 1864 2189 hoc
1884 2165 1966 2189 esse
1987 2153 2227 2190 manifestum
2242 2166 2311 2201 per
2330 2153 2490 2190 omnia*

1429 2219 1544 2255 supra
1573 2206 1680 2243 dicta.

1430 2358 1518 2379 autem
1538 2354 1728 2379 attendendum
1744 2361 1795 2378 non
1815 2353 1989 2386 differendum
2004 2354 2075 2386 quod
2087 2352 2169 2386 (quod
2182 2354 2302 2386 expung.)
2315 2357 2412 2386 quarta
2430 2362 2492 2386 sup-

1426 2390 1524 2421 posita,
1545 2390 1597 2414 nisi
1615 2394 1662 2414 etc.
1669 2398 1676 2420 ;
1696 2390 1770 2414 lectio
1789 2389 1910 2413 intricata.
1930 2389 1976 2413 ET
1995 2394 2020 2413 et
2038 2397 2063 2421 p.
2083 2397 2119 2413 m.
2139 2389 2181 2413 DS
2200 2390 2326 2413 mendose
2344 2397 2397 2413 om.
2413 2390 2491 2414 verba

1430 2425 1501 2457 quod
1525 2425 1589 2450 haec
1607 2425 1677 2450 ratio
1683 2433 1692 2455 ‚·
1711 2425 1745 2449 L:
1765 2424 1836 2457 quod
1854 2431 1906 2449 non
1930 2424 2020 2457 differt
2038 2428 2135 2456 quarta
2158 2424 2340 2456 supraposita,
2361 2424 2412 2448 nisi
2431 2430 2491 2454 etc.;

1430 2461 1470 2485 M:
1483 2461 1555 2493 quod
1569 2460 1641 2485 ratio
1654 2463 1751 2493 quarta
1765 2466 1848 2491 supra
1862 2459 1953 2491 posita
1972 2467 2023 2484 non
2044 2459 2146 2492 differt,
2173 2459 2226 2484 nisi
2244 2464 2300 2489 etc.;
2320 2459 2358 2483 O:
2374 2466 2425 2484 non
2440 2460 2492 2493 dif—

1424 2495 1483 2529 sert
1501 2503 1518 2520 a
1536 2499 1646 2528 quarta,
1666 2500 1692 2520 et
1709 2503 1762 2520 om.
1781 2502 1864 2527 supra
1877 2495 1977 2526 posita.

1484 2531 1509 2565 υ)
1522 2531 1552 2555 In
1563 2531 1694 2556 intellectu
1708 2531 1843 2562 incipiens.
1852 2545 1873 2549 —
1882 2531 1952 2554 Haec
1964 2530 2043 2554 verba
2060 2530 2142 2554 omitt.
2156 2538 2170 2554 a
2182 2530 2257 2554 codd.
2270 2535 2295 2554 et
2309 2530 2391 2554 omitti
2403 2537 2492 2554 revera

1431 2571 1548 2598 possunt,
1559 2566 1695 2599 praecipue
1705 2567 1726 2590 si
1735 2566 1847 2590 formam
1858 2565 1996 2590 adhibitam
2010 2573 2024 2590 a
2038 2573 2060 2590 s.
2068 2565 2171 2590 Thoma
2183 2566 2208 2589 in
2220 2566 2259 2595 iis,
2270 2573 2336 2597 quae
2346 2565 2492 2589 immediate

1430 2601 1569 2634 praemittit
1587 2602 1619 2626 de
1638 2601 1856 2626 demonstratione
1880 2600 2030 2630 universali,
2050 2601 2220 2625 attendamus.
2239 2601 2332 2625 Utrum
2356 2608 2419 2625 vero
2442 2601 2493 2624 sint

1422 2637 1606 2670 expungenda,
1620 2642 1646 2661 et
1663 2636 1885 2668 subintelligenda,
1899 2643 1979 2668 penes
1992 2619 2116 2660 lec'torem
2135 2637 2167 2660 sit
2185 2636 2314 2660 iudicium.

1484 2671 1512 2706 φ)
1533 2672 1585 2697 Seu
1605 2672 1775 2706 reflexionem
1795 2677 1870 2696 etc.-
1878 2670 2151 2697 ACDEHKLMOST:
2175 2678 2219 2696 seu
2239 2671 2285 2703 (K,
2304 2669 2347 2704 et)
2367 2670 2492 2704 reflexio-

1431 2715 1498 2737 nem,
1519 2715 1570 2732 non
1590 2707 1631 2740 (in
1645 2708 1668 2731 K
1682 2715 1738 2740 exp.
1753 2707 1816 2739 non)
1836 2707 2021 2732 demonstrans
2039 2712 2095 2737 etc.;
2115 2707 2148 2730 B:
2167 2714 2212 2731 seu
2227 2706 2405 2740 reflexionem,
2421 2706 2492 2730 ratio

1431 2743 1616 2768 demonstrans
1636 2750 1718 2775 neque
1736 2741 1779 2775 (Ξ)
1800 2740 1916 2776 (usque)
1936 2742 1973 2766 ad
1985 2742 2153 2774 particulare
2172 2746 2233 2771 etc.;
2253 2742 2275 2765 1:
2295 2741 2349 2766 sive
2368 2741 2492 2775 reflexio-

1431 2785 1504 2803 nem:
1523 2786 1585 2803 nam
1604 2778 1789 2803 demonstrans
1814 2784 1895 2810 usque
1912 2777 1950 2802 ad
1963 2777 2130 2809 particulare
2149 2760 2286 2802 reducitur
2304 2776 2352 2808 (Η,
2367 2776 2491 2807 procedi-

1431 2814 1506 2846 tur),·
1525 2813 1560 2843 Q:
1580 2813 1635 2838 sive
1650 2814 1821 2848 reflexionem
1831 2820 1884 2845 per
1898 2812 2072 2841 intellectum
2084 2815 2110 2837 et
2122 2812 2160 2836 ita
2175 2820 2226 2837 non
2236 2811 2357 2843 proprie.
2375 2811 2492 2843 Cumque

1432 2850 1576 2874 intellectus
1590 2849 1626 2874 sit
1635 2849 1728 2889 potior
1741 2856 1818 2873 sensu
1832 2854 1878 2873 etc.
1894 2848 1961 2872 Vera
1974 2848 2049 2872 lectio
2058 2848 2158 2871 videtur
2173 2855 2202 2872 ea
2215 2855 2293 2879 quarn
2308 2846 2384 2870 habet
2394 2846 2451 2870 cod.
2462 2847 2491 2876 B,

1432 2889 1458 2909 et
1471 2892 1550 2917 quam
1569 2885 1647 2909 textui
1666 2884 1833 2908 inseruimus:
1849 2884 1927 2908 Piana
1946 2883 2014 2908 enim
2033 2883 2153 2907 sustineri
2172 2890 2224 2906 non
2237 2887 2335 2914 potest:
2354 2887 2399 2905 seu
2418 2881 2492 2914 refle-

1431 2920 1553 2949 xionem,
1573 2926 1634 2944 vere
1653 2927 1704 2944 non
1719 2919 1911 2947 demonstrans,
1928 2925 2008 2950 usque
2025 2917 2063 2942 ad
2076 2918 2243 2949 particulare
2256 2922 2304 2941 etc.
2319 2916 2393 2940 Unde
2408 2916 2491 2940 conie-

1432 2955 1492 2980 ctari
1511 2959 1596 2987 potest
1615 2959 1733 2987 corrupte
1752 2954 1778 2979 in
1796 2954 1870 2978 codd.
1883 2952 1919 2979 ηδ
1938 2961 1985 2986 pro
2004 2952 2037 2978 νδ
2055 2953 2177 2985 scriptum
2195 2960 2260 2983 esse,
2274 2958 2367 2983 nempe
2379 2958 2430 2976 non
2445 2958 2492 2983 pro

1431 2990 1510 3015 ratio.
1531 2989 1580 3024 (Cf.
1595 2990 1605 3014 1
1624 2990 1660 3019 P„
1676 2997 1720 3022 qu.
1734 2997 1831 3020 Lxxxw,
1845 2994 1891 3014 art.
1904 2990 1934 3022 ι).

2297 3597 2353 3623 38*

2518 1746 2731 1793 “iturcomprehen-

2617 1810 2631 1824 υ

2541 1854 2570 1869 o:
2585 1848 2625 1869 ad.

2615 1959 2630 1984 Ψ

2519 2109 2619 2131 ‘Codch
2636 2112 2692 2134 (exc.
2710 2117 2731 2131 s.

2518 2142 2548 2157 m.
2556 2138 2585 2162 nl:
2591 2136 2623 2157 Et
2629 2137 2728 2158 ultimo.-

2518 2169 2540 2183 m
2555 2169 2602 2184 orn.
2615 2163 2702 2190 epilog.

2519 2189 2605 2210 ‘Omn.
2621 2195 2668 2210 om.
2683 2195 2706 2210 u.
