2788 4204
348 253 422 288 380

921 244 1303 283 POSTERIORUM
1331 243 1764 280 ANALYTICORUM
1793 243 1886 279 LlB.
1919 243 1951 278 11

946 505 1248 561 LECTIO
1287 500 1928 582 DECIMAQUINTA

407 648 536 690 DUO
570 644 850 687 ERRORES
884 643 1586 695 EXCLUDUNTUR.-QUAE
1621 642 1961 683 SECUNDUM
1994 643 2094 684 REI
2117 644 2480 685 VERITATEM

636 719 1079 773 REQUIRANTUR
1113 719 1199 759 AD
1235 718 1765 759 CONSTITUENDAM
1798 718 2244 761 DEFINITIONEM
2294 724 2296 726 ’

1102 794 1220 834 PER
1253 794 1408 834 VIAM

343 913 446 952 Οὐδὲν
471 912 508 948 δὲ
532 911 584 947 δεῖ
607 915 665 948 τὸν
699 914 889 959 ὁριζόμενον
914 917 972 946 καὶ
998 909 1232 958 διαιρούμενον
1265 913 1409 946 ἅπαντα

411 957 535 993 εἰδέναι
561 960 607 993 τοὶ
632 960 728 992 ὄντα.

343 1010 465 1040 Καίτοι
492 1002 661 1038 ἀδύνατόν
687 1006 766 1047 φασί
793 1016 878 1041 τινες
905 1001 990 1035 εἶναι
1016 1004 1078 1041 τοὶς
1100 999 1262 1047 διαφοράς
1282 998 1408 1034 εἰδέναι

410 1052 471 1088 τοίς
497 1050 576 1095 πρὸς
603 1049 745 1082 ἕκαστον
771 1049 817 1093 μή
844 1045 966 1081 εἰδότα
994 1048 1152 1081 ἕκαστον·
1183 1047 1260 1080 ἄνευ
1285 1042 1322 1079 δὲ
1343 1049 1408 1080 τῶν

408 1093 572 1139 διαφορῶν
600 1095 658 1126 οὐκ
683 1091 768 1125 εἶναι
790 1093 936 1126 ἕκαστον
960 1089 1099 1125 εἰδέναι·
1128 1092 1164 1125 οὗ
1182 1093 1247 1138 γαρ
1269 1093 1316 1137 μή
1334 1088 1407 1138 δια-

407 1140 508 1185 φέρει,
536 1139 665 1173 ταύτὸν
692 1136 777 1170 εἶναι
808 1138 938 1180 τούτῳ,
970 1139 1008 1170 ού
1032 1134 1070 1170 δὲ
1101 1133 1265 1182 διαφέρει,
1294 1137 1408 1182 ἕτερον

409 1185 546 1219 τούτου.

341 1233 474 1276 Πρῶτον
511 1230 569 1273 μὲν
605 1226 659 1260 οὖν
692 1229 797 1260 τοῦτο
828 1222 961 1271 ψεῦδος·
998 1228 1034 1260 ού
1067 1227 1132 1274 γοὶρ
1163 1227 1259 1260 κατα
1292 1228 1408 1259 πᾶσαν

407 1271 569 1319 διαφοράν
603 1272 728 1317 ἕτερον·
767 1274 892 1304 πολλαὶ
925 1272 989 1319 γαῖρ
1021 1268 1180 1317 διαφοραὶ
1217 1273 1408 1317 ὑπάρχουσι

408 1324 478 1357 τοῖς
505 1321 621 1356 αὐτοῖς
647 1319 694 1358 τῷ
720 1311 813 1358 εἴδει,
835 1317 910 1350 ἀλλ’
934 1318 970 1350 οὐ
988 1318 1067 1350 κατ’
1097 1318 1214 1350 οὐσίαν
1233 1312 1311 1350 οὐδὲ
1328 1316 1404 1349 καθ’

410 1363 513 1398 αὑτά.

342 1407 430 1442 Εἶτα
462 1409 545 1442 ὅταν
574 1406 665 1449 λοίβῃ
696 1406 937 1449 τάντικείμενα
965 1408 1024 1437 καὶ
1056 1406 1120 1442 τήν
1155 1401 1319 1450 διαφοράν
1349 1408 1407 1438 καὶ

411 1454 463 1487 ὅτι
488 1454 555 1486 πᾶν
581 1453 743 1495 ἐμπίπτει
766 1450 916 1483 ἐνταῦθα
942 1449 963 1487 ἦ
989 1450 1154 1492 ἐνταῦθα,
1173 1454 1230 1483 καὶ
1256 1451 1347 1493 λοίβῃ
1375 1451 1407 1483 ἐν

410 1499 538 1542 θατέρῳ
565 1497 604 1531 τὸ
621 1496 827 1539 ζητούμενον
854 1493 952 1535 εἶναι,
970 1499 1028 1527 καὶ
1047 1498 1153 1529 τοῦτο
1171 1495 1333 1542 γινώσκῃ,
1354 1496 1410 1527 ού-

408 1540 463 1576 δέν
489 1540 636 1587 διαφέρει
661 1539 785 1573 εἰἷέναι
811 1539 832 1577 ἦ
853 1541 899 1584 μή
925 1536 1050 1573 εἰδέναι
1077 1542 1123 1585 ἐφ’
1155 1540 1238 1573 ὅσων
1256 1553 1410 1586 κατηγο-

409 1590 546 1634 ροῦνται
567 1587 673 1620 ἄλλων
693 1588 727 1618 αἱ
745 1581 915 1630 διαφοραίζ
933 1587 1081 1630 Φανερόν
1099 1587 1163 1633 γοὶρ
1184 1585 1237 1618 ὅτι
1258 1585 1295 1618 ὀὲν
1316 1585 1406 1618 οὕτω

410 1629 554 1677 βαδίζων
587 1631 666 1674 ἔλθῃ
697 1631 740 1668 εἰς
772 1632 889 1664 ταῦτα
916 1630 958 1661 ὦν
989 1631 1111 1675 μηκέτι
1143 1633 1215 1664 ἐστὶ
1245 1627 1405 1675 διαφοραί,

409 1678 474 1719 ἕξει
495 1678 554 1712 τόν
578 1676 679 1722 λόγον
705 1676 766 1713 τῆς
793 1676 922 1713 οὐσίας.

343 1723 388 1755 Τὸ
413 1719 441 1755 δ’
472 1723 564 1756 ἅπαν
591 1723 771 1766 ἐμπίπτειν
797 1721 841 1758 εἰς
868 1720 930 1757 τήν
953 1715 1127 1766 διαίρεσιν,
1149 1719 1187 1753 ὀὲν
1215 1719 1236 1763 ᾗ
1263 1720 1409 1753 ἀντικεί-

409 1779 492 1813 μενα
517 1767 559 1799 ὧν
585 1766 631 1810 μή
658 1767 729 1799 ἐστι
759 1765 903 1809 μεταξύ,
928 1765 986 1796 οὐκ
1008 1769 1154 1810 αἴτημα·
1183 1765 1315 1811 ἀνάγκη
1342 1765 1407 1810 γάρ

411 1812 503 1845 ἅπαν
529 1813 561 1844 ἑν
587 1810 716 1855 θατέρῳ
743 1811 856 1843 αὐτῶν
881 1808 980 1852 εἶναι,
998 1812 1236 1856 εἴπερὲκείνου
1264 1806 1411 1855 διαφοραὶ

411 1858 522 1890 ἔσται.

343 1904 397 1941 Εἰς
422 1897 459 1934 δὲ
477 1902 517 1934 τὸ
537 1898 805 1941 κατασκευάζειν
829 1899 901 1943 ὅρον
920 1896 979 1933 διαὶ
996 1901 1062 1932 τῶν
1080 1895 1288 1944 διαιρέσεων,
1309 1902 1407 1945 τριῶν

410 1942 462 1978 δεῖ
489 1943 731 1990 στοχάζεσθαι,
759 1945 820 1976 τοῦ
847 1946 964 1984 λαβεῖν
992 1945 1040 1977 τοὶ
1062 1945 1346 1991 κατηγορούμενα
1374 1947 1407 1979 ἑν

411 1993 458 2033 τῷ
483 1994 516 2024 τί
543 1991 628 2029 ἑστι,
647 1992 703 2021 καὶ
725 1990 842 2021 ταῦτα
863 1990 968 2032 τάξαι
990 1992 1022 2022 τί
1043 1991 1176 2035 πρῶτον
1194 1988 1215 2026 ἦ
1233 1986 1406 2035 δεύτερον,

410 2038 467 2068 καὶ
493 2035 546 2068 ὅτι
572 2035 688 2068 ταῦτα
714 2032 844 2065 πάντα.

338 2081 436 2113 Ἔστι
468 2076 505 2113 δὲ
531 2079 662 2112 τούτων
695 2079 726 2109 ἓν
754 2079 884 2122 πρῶτον
914 2073 973 2111 διοὶ
1005 2078 1066 2110 τοῦ
1092 2075 1271 2120 δύνασθαι,
1298 2078 1407 2123 ὥσπερ

412 2126 490 2169 πρὸς
515 2122 722 2168 συμβεβηκὸς
740 2122 1006 2169 συλλογίσασθαι
1026 2122 1078 2154 ὅτι
1098 2122 1257 2169 ύποίρχει,
1274 2126 1333 2156 καὶ
1351 2119 1409 2156 δια

411 2171 472 2202 τοῦ
496 2168 610 2214 γένους
635 2167 908 2200 κατασκευάσαι.

414 2211 451 2246 δὲ
476 2213 581 2254 τάξαι
605 2214 646 2250 ὠς
673 2208 724 2244 δεῖ
741 2212 852 2252 ἔσται,
874 2211 930 2245 ἑοὲν
950 2212 990 2243 τὸ
1010 2212 1141 2256 πρῶτον
1163 2212 1268 2254 λάβῃ.
1295 2213 1407 2246 Τοῦτο

410 2254 438 2290 δ’
461 2259 578 2299 ἔσται,
606 2257 663 2290 ἐὰν
687 2257 797 2300 ληφθῇ
828 2258 844 2289 ὃ
870 2258 971 2289 πᾶσιν
1007 2256 1202 2297 ἀκολουθεῖ,
1231 2258 1341 2298 ἐκείνῳ
1371 2252 1409 2290 δὲ

410 2303 456 2348 μή
483 2303 614 2335 πάντα·
649 2302 780 2347 ἀνάγκη
805 2302 869 2347 γάρ
895 2299 979 2333 εἷναί
1001 2314 1035 2334 τι
1060 2303 1232 2334 τοιοῦτον.
1260 2301 1409 2346 Ληφθέν-

412 2359 468 2385 τος
494 2344 531 2379 δὲ
556 2346 682 2380 τούτου
708 2343 772 2385 ἤδη
800 2349 855 2379 ἐπὶ
881 2348 946 2379 τῶν
972 2347 1068 2380 καίτω
1095 2348 1111 2379 ὁ
1138 2347 1244 2385 αὐτὸς
1268 2349 1406 2390 τρόπος.

412 2393 570 2437 Δεύτερον
595 2392 659 2438 γάρ
685 2393 725 2425 τὸ
752 2393 819 2424 τῶν
847 2392 956 2424 ἄλλων
976 2393 1108 2435 πρῶτον
1135 2392 1247 2433 ἔσται,
1265 2395 1324 2425 καὶ
1342 2406 1363 2426 τ
1383 2395 1411 2424 ί-

411 2449 470 2469 τον
488 2439 528 2471 τό
546 2438 611 2470 τῶν
638 2438 819 2483 ἐχομένων·
841 2436 1078 2481 ἀφαιρεθέντος
1103 2437 1168 2482 γοὶρ
1195 2438 1257 2471 τοῦ
1285 2405 1409 2470 &moesia

412 2482 452 2515 τὸ
478 2481 636 2527 ἐχόμενον
667 2484 732 2515 τῶν
767 2483 876 2514 ἄλλων
903 2483 1035 2526 πρῶτον
1062 2482 1175 2515 ἔσται.
1206 2484 1346 2527 Ὁμοίως
1372 2478 1410 2514 δὲ

411 2529 468 2558 καὶ
494 2529 550 2560 ἐπὶ
575 2529 640 2560 τῶν
668 2527 789 2560 ἄλλων.

341 2570 416 2605 Ὅτι
439 2568 468 2604 δ’
503 2571 643 2605 ἅπαντα
674 2574 805 2612 ταῦτα,
832 2570 970 2625 φανερὸν
998 2571 1035 2603 ἐκ
1061 2572 1123 2602 τοῦ
1154 2572 1271 2611 λαβεῖν
1302 2571 1343 2605 τό
1371 2584 1409 2604 τε

413 2618 543 2660 πρῶτον
575 2617 670 2650 κατά.
698 2613 878 2660 διαίρεσιν,
910 2628 964 2648 οτι
999 2614 1091 2647 ἅπαν
1117 2614 1137 2652 ἦ
1169 2612 1250 2648 τόδε
1281 2615 1302 2653 ἦ
1329 2613 1409 2650 τόδε

411 2661 507 2704 ζῷον,
535 2661 678 2706 ὑπάρχει
703 2662 741 2694 δὲ
765 2656 859 2702 τόδε,
886 2661 944 2692 καὶ
971 2659 1074 2692 πάλιν
1093 2660 1220 2694 τούτου
1243 2661 1320 2694 ὅλου
1346 2661 1410 2697 τήν

412 2704 587 2751 διαφοράν·
620 2708 682 2738 τοῦ
714 2702 752 2738 δὲ
785 2707 986 2738 τελευταίου
1021 2705 1145 2748 μηκέτι
1177 2704 1262 2738 εἶναι
1292 2701 1413 2749 διαφο-

413 2751 486 2796 ρσίν,
506 2750 526 2788 ἦ
551 2753 608 2783 καὶ
627 2751 721 2790 εὐθὺς
765 2751 830 2783 evol
852 2751 914 2788 τῆς
936 2751 1138 2787 τελευταίας
1163 2746 1327 2795 διαφορᾶς
1348 2752 1411 2784 τοῦ

413 2797 550 2829 συνόλου
576 2795 622 2849 μὴ
648 2792 814 2841 διαφερειν
841 2791 921 2827 εἴδει
947 2795 1065 2826 τοῦτο.

347 2843 453 2878 Δῆλον
478 2841 542 2888 γάρ
569 2842 622 2873 ὁτι
649 2841 727 2874 οὔτε
760 2842 874 2873 πλεῖον
901 2838 1114 2883 πρόσκειται·
1143 2838 1262 2871 πάντα
1286 2838 1350 2885 γὰρ
1377 2839 1410 2871 ἒν

413 2887 460 2927 τῇ
487 2889 520 2918 τί
547 2886 636 2919 ἐστιν
663 2889 825 2923 εἴληπται
858 2883 1004 2918 τούτων·
1039 2882 1120 2916 οὔτε
1148 2884 1328 2916 ἀπολείπει
1358 2884 1413 2915 οὗ-

413 2926 480 2963 δὲν·
508 2929 528 2967 ἢ
554 2931 617 2976 γοὶρ
643 2930 738 2977 γένος
763 2929 784 2967 ἦ
809 2924 957 2984 διαῗοροὶ
984 2926 1022 2960 ἂν
1048 2929 1110 2965 εἴη.
1146 2928 1242 2965 Γένος
1267 2928 1326 2972 μὲν
1355 2927 1410 2960 οὖν

345 2213 389 2247 Τὸ

414 2975 454 3008 τό
480 2988 517 3007 τε
543 2987 690 3020 πρωτον,
716 2977 774 3007 καὶ
827 2987 892 3007 ετα
917 2975 983 3005 τῶν
1009 2967 1175 3026 διαφηορῶν
1201 2984 1309 3005 τουτο
1335 2985 1414 3017 προ·
1438 2981 1440 3004 i

821 3020 958 3063 ιαφοραῑ
990 3012 1028 3048 δὲ
1054 3030 1164 3050 πασαι
1191 3017 1344 3062 ἔχονται·
1373 3017 1410 3050 ού

1074 3061 1112 3095 ἂν
1137 3057 1264 3106 διέφερε
1291 3062 1332 3096 τὸ
1358 3075 1411 3095 τε-

1053 3106 1211 3151 ιαφὲρειν.

413 3020 704 3064 σλαμβανόμενον·
733 3023 768 3051 αἱ

413 3065 477 3111 γαρ
504 3065 555 3097 ἔτι
586 3065 675 3098 ἐστὶν
703 3064 842 3108 ύστέρα·
876 3060 956 3096 εἴδει
981 3061 1048 3140 voi}

412 3112 583 3150 λευταῖον,
611 3110 717 3142 τοῦτο
742 3105 770 3141 δ’
800 3112 932 3153 εἴρηται
958 3108 1004 3151 μή

408 3200 555 3236 ὃγΝόΡειε.
575 3225 609 3229 -
638 3217 661 3235 ι.
684 3208 895 3244 Argumentum
920 3213 948 3234 et
969 3206 1072 3234 divisio
1093 3211 1195 3234 textus.
1211 3221 1231 3226 -
1252 3212 1279 3233 2.
1302 3204 1411 3241 Opinio

350 3248 503 3276 dicentium
532 3248 612 3285 quod
633 3257 693 3275 non
715 3254 809 3284 potest
837 3246 946 3283 aliquid
974 3245 1112 3284 cognosci
1135 3245 1190 3274 nisi
1212 3244 1312 3273 omnia
1334 3245 1412 3273 entia

350 3294 567 3325 cognoscantur.
584 3305 602 3309 -
619 3288 644 3315 3.
666 3288 848 3324 Improbatur
869 3287 939 3315 haec
966 3286 1076 3323 opinio.
1100 3287 1135 3313 Et
1156 3285 1251 3322 primo
1273 3285 1413 3313 refutatur

349 3327 520 3364 principium
541 3333 730 3364 assumptum,
747 3336 850 3363 nempe
872 3327 952 3363 quod
969 3335 1082 3363 semper
1097 3325 1174 3358 illud,
1190 3334 1207 3353 a
1221 3334 1280 3362 quo
1302 3325 1410 3362 aliquid

351 3367 451 3402 differt,
473 3367 507 3395 sit
528 3368 648 3396 alterum
670 3367 827 3395 secundum
851 3366 1018 3400 essentiam,
1041 3375 1129 3403 quam
1148 3364 1288 3402 significat
1310 3364 1410 3393 defini-

350 3406 405 3435 tio:
430 3416 490 3435 non
512 3407 587 3435 enim
610 3406 705 3435 omnis
726 3406 886 3434 differentia
906 3406 972 3434 facit
987 3406 1072 3434 talem
1095 3405 1348 3440 alteritatem.-4.
1365 3405 1411 3433 Ad

352 3446 541 3474 definiendum
566 3446 673 3483 aliquid
694 3456 745 3483 per
773 3446 942 3474 divisionem
972 3455 1031 3474 non
1060 3451 1175 3482 oportet
1196 3451 1227 3473 ut
1249 3445 1354 3473 sciatur
1375 3445 1411 3472 de

353 3486 455 3522 quibus
476 3486 673 3522 praedicentur
694 3486 844 3523 oppositae
860 3486 1052 3520 differentiae·‚
1074 3486 1123 3514 sed
1139 3483 1246 3513 sufficit
1260 3485 1338 3522 quod
1354 3485 1411 3513 alia

354 3525 451 3553 omnia
471 3525 499 3552 in
521 3526 667 3554 communi
689 3533 899 3563 cognoscantur
927 3525 1061 3562 distingui
1084 3534 1101 3553 a
1122 3525 1257 3559 definito;
1284 3534 1344 3553 non
1366 3534 1410 3553 re-

354 3564 472 3600 quiritur
497 3572 591 3593 autem
612 3572 643 3594 ut
664 3566 788 3594 sciantur
806 3565 834 3593 in
857 3565 981 3602 speciali.
998 3582 1016 3587 -
1034 3566 1059 3593 5.
1081 3565 1163 3593 Alius
1185 3574 1264 3593 error
1285 3564 1411 3593 excludi-

354 3609 408 3631 tur.
431 3603 460 3631 Si
475 3604 615 3640 opposita,
630 3614 681 3641 per
694 3614 767 3642 quae
789 3605 819 3633 fit
840 3605 951 3640 divisio,
967 3605 1022 3633 sint
1036 3605 1212 3641 immediata,
1228 3611 1256 3633 et
1270 3604 1294 3632 si
1316 3604 1411 3633 cuius-

1441 793 1766 835 DIVISIONIS

1463 914 1480 934 *
1499 915 1586 945 Nihil
1615 922 1723 946 autem
1753 921 1882 955 oportet
1911 914 2115 946 definientem
2145 922 2175 946 et
2204 916 2398 947 dividentem
2430 918 2541 949 omnia

1531 960 1608 990 scire
1631 970 1714 1000 quae
1737 967 1821 991 sunt.

1463 1005 1505 1035 Et
1527 1011 1633 1035 tamen
1657 1004 1854 1045 impossibile
1881 1003 2014 1044 quidam
2045 1004 2156 1035 dicunt
2183 1014 2251 1035 esse
2275 1004 2462 1037 differentias
2487 1017 2539 1038 co·

1530 1059 1692 1090 gnoscere,
1709 1059 1790 1090 quae
1815 1055 1889 1080 sunt
1909 1049 1949 1079 ad
1969 1050 2239 1090 unumquodque,
2259 1059 2326 1080 non
2346 1060 2539 1091 cognoscen-

1530 1102 1595 1124 tem
1626 1093 1902 1135 unumquodque;
1931 1093 1998 1125 sine
2027 1101 2135 1125 autem
2165 1093 2346 1125 differentiis
2375 1105 2440 1126 non
2473 1099 2540 1127 esse

1531 1139 1789 1180 unumquodque
1809 1138 1902 1168 scire:
1924 1148 1941 1168 a
1958 1148 2024 1179 quo
2044 1138 2130 1169 enim
2147 1149 2213 1169 non
2233 1138 2345 1178 differt,
2366 1139 2453 1170 idem
2472 1150 2539 1172 esse

1530 1184 1619 1223 huic,
1644 1194 1662 1214 a
1685 1194 1752 1224 quo
1776 1190 1884 1213 autem
1908 1183 2020 1222 differt,
2045 1184 2180 1214 alterum
2203 1184 2242 1214 ab
2266 1184 2338 1215 hoc.

1462 1229 1607 1260 Primum
1631 1229 1762 1269 quidem
1785 1228 1881 1268 igitur
1903 1227 1965 1258 hoc
1994 1227 2110 1258 falsum
2134 1235 2199 1259 est:
2226 1238 2293 1258 non
2318 1228 2404 1259 enim
2427 1239 2539 1266 secun—

1531 1274 1610 1304 dum
1625 1283 1758 1304 omnem
1773 1272 1982 1303 differentiam
1998 1273 2133 1304 alterum
2153 1279 2209 1304 est.
2226 1273 2346 1304 Multae
2362 1274 2449 1305 enim
2464 1281 2540 1306 sunt

1531 1318 1722 1349 differentiae
1745 1318 1777 1348 in
1802 1317 1914 1348 eadem
1944 1318 2064 1358 specie,
2091 1318 2146 1348 sed
2170 1327 2237 1348 non
2261 1319 2440 1350 secundum
2463 1319 2538 1350 sub-

1531 1363 1690 1402 stantiam,
1708 1373 1812 1403 neque
1836 1372 1892 1402 per
1915 1372 1957 1392 se.

1462 1408 1576 1438 Postea
1600 1417 1674 1438 cum
1691 1407 1823 1447 accipiat
1839 1407 1988 1446 opposita
2004 1413 2035 1437 et
2051 1406 2268 1446 differentiam,
2286 1414 2317 1438 et
2333 1408 2423 1448 quod
2440 1417 2538 1438 omne

1529 1452 1639 1482 incidit
1662 1452 1736 1482 hinc
1752 1458 1807 1482 aut
1830 1451 1915 1489 inde,
1940 1458 1971 1482 et
1994 1451 2126 1491 accipiat
2148 1451 2181 1482 in
2205 1452 2303 1482 altero
2327 1453 2417 1493 quod
2441 1462 2538 1493 quae·

1529 1496 1608 1527 ritur
1631 1506 1708 1535 esse,
1733 1503 1764 1526 et
1786 1496 1848 1526 hoc
1871 1503 2053 1536 cognoscat,
2079 1496 2158 1526 nihil
2181 1496 2282 1527 differt
2306 1497 2382 1528 scire
2407 1504 2463 1528 aut
2485 1507 2539 1528 ne-

1531 1541 1608 1572 scire
1637 1541 1676 1571 de
1707 1541 1954 1581 quibuscunque
1984 1541 2206 1581 praedicantur
2235 1541 2304 1571 aliis
2335 1542 2536 1573 differentiae.

1530 1585 1737 1616 Manifestum
1761 1585 1847 1615 enirn
1871 1585 2025 1626 quoniam
2042 1585 2068 1615 si
2087 1585 2130 1615 sic
2145 1586 2263 1616 vadens
2279 1586 2385 1617 veniat
2399 1586 2431 1617 in
2447 1587 2538 1626 haec,

1530 1641 1672 1671 quorum
1696 1640 1762 1660 non
1787 1629 1925 1670 amplius
1950 1636 1996 1661 est
2019 1629 2207 1669 differentia,
2231 1630 2359 1661 habebit
2381 1631 2540 1669 rationem

1530 1675 1732 1706 substantiae.

2567 925 2578 936 ⁸
2593 924 2650 953 Seq.
2659 931 2710 954 αφ.
2720 931 2763 948 xn.

2567 951 2637 974 Text.
2653 958 2690 974 20.

1463 1721 1570 1752 Omne
1594 1727 1702 1751 autem
1725 1719 1862 1749 incidere
1886 1719 1918 1749 in
1942 1718 2143 1757 divisionem,
2160 1719 2186 1749 si
2210 1718 2273 1750 sint
2296 1719 2445 1760 opposita
2468 1720 2541 1762 qui—
2574 1714 2579 1720 ’

1532 1766 1591 1796 bus
1619 1765 1699 1795 nihil
1726 1764 1874 1802 interest,
1900 1774 1967 1794 non
1992 1770 2039 1794 est
2066 1763 2187 1804 petitio.
2219 1763 2354 1798 Necesse
2382 1764 2470 1795 enim
2493 1772 2540 1797 est

1531 1820 1629 1841 omne
1652 1810 1685 1846 in
1709 1809 1808 1840 altero
1831 1808 1977 1849 ipsorum
1999 1818 2078 1847 esse,
2094 1808 2120 1838 si
2136 1808 2269 1850 quidem
2291 1808 2376 1840 illius
2395 1809 2538 1841 differen-

1530 1855 1573 1886 tia
1597 1861 1652 1885 est.

1462 1905 1479 1924 *
1502 1904 1553 1935 Ad
1578 1903 1830 1934 construendum
1860 1909 1968 1933 autem
1995 1901 2170 1933 terminum
2198 1912 2255 1943 per
2287 1902 2457 1934 divisiones
2480 1903 2540 1935 tria

1531 1955 1658 1989 oportet
1686 1947 1919 1985 coniecturare;
1947 1953 1984 1977 ut
2007 1946 2200 1987 accipiantur
2233 1947 2411 1988 praedicata
2441 1948 2475 1979 in
2498 1958 2538 1980 eo

1531 1993 1621 2034 quod
1644 1993 1723 2034 quid
1748 1998 1804 2030 est,
1822 1999 1853 2022 et
1874 1991 1951 2022 haec
1975 1991 2121 2022 ordinare
2145 1991 2223 2032 quid
2246 1992 2389 2032 primum
2412 1999 2468 2024 aut
2490 2003 2538 2024 se-

1531 2038 1690 2076 cundum)
1715 2043 1746 2068 et
1768 2036 1924 2077 quoniam
1947 2036 2024 2066 haec
2047 2036 2158 2067 omnia
2180 2036 2252 2067 sint.

1463 2084 1520 2114 Est
1543 2090 1651 2114 autem
1675 2082 1793 2112 horum
1819 2091 1920 2112 unum
1944 2081 2086 2121 primum
2110 2091 2166 2122 per
2188 2080 2232 2120 id,
2252 2082 2342 2122 quod
2363 2091 2538 2122 possumus

1531 2127 1612 2158 sicut
1635 2127 1676 2158 ad
1699 2126 1842 2158 accidens
1867 2125 2053 2167 syllogizare
2077 2125 2232 2167 quoniam
2249 2133 2306 2166 est,
2324 2133 2355 2158 et
2368 2136 2426 2168 per
2438 2137 2539 2167 genus

1531 2173 1675 2213 probare.

1464 2217 1619 2249 Ordinare
1642 2223 1750 2247 autem
1769 2215 1851 2246 sicut
1873 2221 2000 2256 oportet
2015 2214 2082 2253 erit,
2099 2214 2124 2245 si
2140 2214 2281 2256 primum
2305 2215 2448 2256 accipiat.
2465 2215 2540 2247 Hoc

1531 2269 1639 2293 autem
1663 2261 1731 2299 erit,
1749 2260 1773 2291 si
1790 2260 1931 2301 primum
1955 2259 2127 2300 accipiatur
2149 2260 2239 2301 quod
2263 2259 2414 2291 omnibus
2434 2261 2538 2302 sequi-

1531 2314 1599 2346 tur,
1622 2305 1668 2337 illi
1691 2313 1799 2337 autem
1832 2315 1899 2335 non
1923 2304 2042 2335 omnia.
2069 2305 2204 2335 Necesse
2228 2311 2275 2336 est
2298 2304 2384 2335 enim
2407 2305 2540 2346 aliquod

1532 2361 1599 2383 esse
1622 2350 1820 2382 huiusmodi.
1843 2352 1985 2390 Accepto
2009 2356 2116 2380 autem
2133 2349 2207 2387 hoc,
2226 2349 2291 2380 iam
2315 2349 2373 2381 erit
2396 2349 2483 2381 idem
2505 2350 2539 2381 in

1532 2396 1684 2427 omnibus
1707 2394 1908 2426 inferioribus
1932 2392 2061 2425 modus.
2086 2394 2271 2425 Secundum
2291 2394 2378 2425 euim
2400 2395 2539 2426 aliorum

1532 2441 1674 2482 primurn
1690 2440 1757 2479 erit,
1779 2447 1809 2471 et
1825 2439 1954 2470 tertium
1970 2439 2163 2470 habitorum.
2180 2439 2319 2470 Remoto
2340 2438 2426 2470 enim
2449 2440 2539 2481 quod

1533 2492 1579 2516 est
1607 2495 1751 2523 sursum,
1782 2484 1929 2515 habitum
1959 2483 2096 2514 aliorum
2119 2483 2262 2524 primum
2291 2483 2358 2515 erit.
2390 2483 2540 2516 Similiter

1533 2537 1640 2560 autem
1665 2536 1711 2560 est
1735 2536 1765 2560 et
1787 2529 1819 2559 in
1844 2528 1921 2559 aliis.

1466 2575 1565 2612 Quod
1582 2581 1689 2605 autem
1706 2574 1782 2604 haec
1807 2573 1916 2604 omnia
1932 2572 2004 2611 sint,
2029 2572 2234 2604 manifestum
2258 2579 2304 2603 est
2320 2583 2357 2604 ex
2371 2572 2434 2604 hoc
2449 2573 2539 2614 quod

1533 2619 1702 2659 recipimus
1726 2618 1868 2659 primum
1891 2618 2023 2659 quidem
2039 2618 2217 2648 secundum
2238 2617 2440 2657 divisionem,
2456 2627 2538 2659 quo-

1533 2663 1620 2694 niam
1643 2673 1740 2694 omne
1769 2662 1886 2693 animal
1917 2668 1963 2692 est
1986 2668 2041 2692 aut
2065 2662 2126 2692 hoc
2157 2668 2212 2692 aut
2241 2661 2337 2700 illud,
2362 2668 2409 2692 est
2431 2669 2540 2694 autem

1532 2708 1611 2746 hoc;
1635 2714 1666 2738 et
1688 2707 1803 2738 iterum
1826 2707 1923 2737 huius
1946 2706 2045 2737 totius
2075 2705 2298 2744 differentiam3
2323 2706 2452 2737 extremi
2483 2717 2538 2738 au-

1533 2759 1599 2783 tem
1622 2762 1688 2782 non
1720 2751 1858 2791 amplius
1888 2760 1956 2781 esse
1986 2750 2213 2789 differentiam,
2237 2749 2287 2780 vel
2310 2750 2406 2781 etiam
2430 2750 2538 2782 statim

1534 2806 1609 2828 cum
1632 2795 1744 2827 ultima
1763 2794 1936 2825 differentia
1951 2805 1969 2825 a
1987 2801 2057 2826 toto
2081 2794 2126 2825 nil
2141 2794 2262 2826 differre
2279 2795 2382 2835 specie
2405 2795 2478 2827 hoc.

1466 2841 1670 2872 Manifestum
1695 2839 1781 2870 enirn
1805 2846 1851 2870 est
1880 2839 2035 2880 quoniam
2054 2849 2158 2880 neque
2174 2840 2246 2880 plus
2265 2839 2326 2870 hoc
2350 2840 2538 2881 apponitur:

1534 2885 1643 2916 omnia
1667 2884 1752 2914 enim
1775 2884 1808 2914 in
1832 2893 1871 2914 eo
1895 2885 1985 2925 quod
2009 2883 2087 2925 quid
2114 2891 2161 2915 est
2184 2884 2382 2924 accipiuntur
2409 2884 2538 2916 horum.

1533 2930 1645 2970 Neque
1669 2928 1774 2960 deficit
1796 2928 1886 2959 nihil.
1910 2931 1978 2959 Aut
2000 2938 2116 2969 genus,
2140 2935 2196 2960 aut
2225 2928 2398 2960 differentia
2426 2929 2539 2971 utique

1534 2980 1624 3005 esset.
1641 2973 1750 3004 Genus
1774 2973 1906 3014 quidem
1928 2973 2024 3013 igitur
2047 2979 2094 3004 est
2116 2973 2278 3014 primum,
2300 2980 2331 3004 et
2354 2983 2430 3004 cum
2453 2973 2539 3005 diffe-

1534 3018 1639 3049 rentiis
1659 3018 1720 3048 hoc
1735 3024 1901 3058 acceptum
1918 3024 1973 3048 est.
1990 3017 2190 3049 Differentiae
2207 3025 2315 3049 autem
2334 3028 2447 3049 omnes
2463 3027 2539 3050 con-

1534 3062 1686 3094 tinentur:
1711 3072 1777 3092 non
1803 3062 1887 3093 enim
1911 3062 2049 3103 amplius
2073 3069 2120 3093 est
2136 3063 2309 3103 posterior;
2334 3062 2437 3103 specie
2453 3062 2540 3094 enim

1534 3107 1670 3139 differret
1685 3113 1716 3138 et
1733 3106 1901 3145 ultimum}
1918 3107 1979 3138 hoc
1995 3114 2102 3138 autem
2120 3114 2167 3138 est
2182 3107 2304 3138 dictum
2323 3117 2390 3139 non
2405 3106 2537 3139 differre.

1467 3213 1523 3241 que
1544 3204 1656 3242 generis
1684 3204 1861 3241 accipiantur
1886 3204 1997 3242 primae
2026 3205 2222 3241 differentiae,
2250 3214 2368 3234 necesse
2394 3211 2437 3234 est
2457 3205 2540 3243 quod

1466 3251 1561 3273 totum
1583 3244 1707 3273 divisum
1735 3245 1918 3273 contineatur
1943 3246 1996 3273 sub
2025 3245 2163 3274 membris
2191 3245 2351 3274 divisionis.
2376 3245 2461 3274 Unde
2489 3245 2540 3283 qui

1465 3284 1555 3313 utitur
1570 3284 1711 3313 divisione
1731 3285 1769 3313 ad
1790 3284 1998 3320 definiendum,
2020 3285 2050 3313 in
2072 3286 2128 3314 hoc
2149 3294 2211 3314 non
2231 3285 2302 3322 petit
2323 3285 2540 3323 principium.-

1467 3325 1494 3353 6.
1516 3325 1586 3353 Tria
1607 3324 1745 3362 requisita
1766 3325 1803 3353 ad
1825 3325 2051 3354 construendam
2075 3325 2275 3354 definitionem
2297 3335 2349 3363 per
2368 3325 2446 3354 viam
2467 3324 2539 3354 divi·

1467 3364 1564 3393 sionis.
1595 3366 1727 3399 Quarum
1753 3364 1880 3402 primum
1909 3371 1966 3400 est,
1995 3371 2027 3394 ut
2052 3374 2087 3394 ea
2114 3374 2190 3403 quae
2217 3365 2398 3402 accipiuntur
2425 3365 2540 3403 praedi-

1467 3411 1567 3433 centur
1595 3405 1624 3433 in
1646 3405 1726 3442 quod
1753 3404 1823 3442 quid
1852 3411 1910 3440 est;
1939 3405 2077 3440 alterum,
2099 3411 2131 3434 ut
2157 3405 2213 3434 sint
2241 3405 2391 3440 ordinata3
2412 3404 2538 3441 tertium,

1466 3451 1498 3473 ut
1512 3444 1688 3482 accipiantur
1702 3445 1803 3473 omnia
1818 3454 1892 3482 quae
1914 3445 2058 3482 pertinent
2079 3446 2117 3474 ad
2134 3445 2215 3483 quod
2230 3445 2300 3483 quid
2315 3451 2366 3474 est.
2382 3462 2402 3467 —
2413 3454 2439 3482 7.
2456 3445 2538 3480 Quo-

1467 3485 1557 3513 modo
1579 3485 1748 3513 observetur
1769 3484 1905 3522 primum.
1921 3502 1940 3506 —
1955 3486 1982 3514 8.
2006 3486 2166 3520 Quomodo
2188 3486 2358 3514 secundum.
2374 3502 2393 3507 -
2408 3494 2436 3522 9.
2457 3485 2539 3520 Quo-

1467 3525 1558 3553 modo
1584 3524 1709 3553 tertium.
1726 3542 1745 3546 -
1763 3534 1807 3553 10.
1831 3522 1945 3553 Sufficit
1965 3525 2020 3554 tria
2040 3525 2187 3562 praedicta
2207 3526 2245 3554 ad
2266 3525 2464 3554 definiendum
2485 3524 2539 3552 ob-

1467 3564 1588 3633 {ergagiz
1611 3564 1652 3593 sic
1671 3564 1748 3593 enim
1766 3562 1897 3594 definitio
1918 3574 2014 3602 neque
2035 3565 2224 3602 superfluum,
2246 3573 2341 3602 neque
2362 3563 2538 3593 diminutum

1487 3614 1504 3633 a
1526 3614 1541 3633 e
1563 3611 1593 3633 it.
2004 3621 2007 3623 -

2565 1914 2574 1923 ·
2589 1911 2657 1935 Text.
2666 1917 2698 1935 ιι.
